4014 6230
587 320 678 378 351

1380 319 1708 376 ᾹΡΡΕΝΒΙΧ
1748 319 1835 374 ΑΙ)
1872 319 2092 374 OPERA
2132 317 2225 373 SAI

2345 315 2364 370 l
2403 315 2701 373 GERMANI
2741 317 3168 375 PARISIENSIS.
3882 310 3960 368 335

581 430 731 488 bona
754 429 916 497 sunt;
937 426 1038 486 ubi
1065 426 1311 498 sinistra,
1334 429 1392 485 id
1421 433 1505 485 est
1534 428 1683 484 mala
1708 443 2015 500 possumus
2041 427 2218 499 suspi-
2241 435 2298 510 Α
2318 407 2510 481 nistris
2559 425 2730 483 illius.
2790 427 2878 482 Hii
2933 432 3180 500 quatuor
3242 425 3343 484 has
3393 422 3605 499 ﬁguras
3660 418 3960 504 habentes,

584 539 710 583 care
719 565 733 580 .

652 618 804 682 Inde,
829 618 1038 690 inquit,
1065 623 1321 674 venturus
1329 616 1582 686 judicare
1606 619 1754 672 vivos
1780 619 1831 672 et
1859 620 2111 673 mortuos.

658 713 825 770 Credo
855 715 914 767 in
940 716 1184 767 sanctum
1203 713 1488 781 Spiritum.
1513 710 1596 764 Ad
1625 711 1974 766 excludenda
2001 710 2224 764 haereti-

584 822 783 863 corum
811 805 1068 860 omnium
1099 803 1419 858 calamitosa
1458 807 1798 870 commenta,
1828 804 2027 859 eodem
2053 803 2223 858 verbo

585 899 933 954 credulitatis
963 914 1076 970 quo
1107 896 1167 951 in
1193 896 1472 968 principio
1511 897 1598 952 sui
1634 897 1967 969 Symbolum
2001 900 2224 953 Patrem

583 992 884 1049 honoravit
907 993 964 1047 et
990 991 1216 1062 Filium,
1249 992 1308 1046 in
1337 991 1696 1047 conclusione
1741 996 1929 1047 textus
1957 991 2041 1046 sui
2069 1007 2226 1046 nunc

586 1087 826 1141 honorat
839 1084 1113 1156 Spiritum
1133 1090 1412 1154 sanctum,
1436 1101 1566 1139 cum
1589 1085 1667 1139 ait
1692 1101 1706 1139 :
1729 1086 1894 1143 Credo
1907 1087 1965 1139 in
1980 1090 2225 1140 sanctum

581 1181 866 1249 Spiritum.
905 1179 983 1233 Ne
1030 1178 1314 1233 inferioris
1359 1194 1496 1249 ergo
1543 1179 1776 1233 fortasse
1819 1178 2224 1232 contumeliam

585 1270 779 1344 342
805 1276 1116 1343 pateretur,
1139 1271 1271 1342 jure
1297 1287 1430 1326 eum
1475 1271 1582 1326 sibi
1622 1272 1916 1343 aequaliter
1942 1271 2224 1326 vindicare

584 1368 643 1419 et
682 1365 916 1420 Deitatis
953 1365 1197 1420 ostendit
1236 1364 1669 1435 plenitudinem,
1701 1369 1757 1419 et
1794 1364 1975 1418 Patris
2010 1381 2074 1419 ac
2101 1364 2223 1418 Filii

584 1458 956 1529 dignitatem;
985 1458 1120 1529 quia
1160 1458 1220 1512 in
1260 1457 1532 1513 Trinitate
1571 1458 1763 1513 divina
1799 1474 1915 1512 non
1954 1462 2038 1512 est
2073 1458 2223 1528 quod

584 1553 770 1622 majus
817 1551 1074 1606 minusve
1119 1552 1432 1607 credendus
1476 1552 1566 1617 sit,
1612 1551 1893 1622 siquidem
1931 1551 2032 1605 ubi
2080 1566 2228 1605 unus

585 1644 772 1715 major
797 1644 1021 1713 dicitur,
1054 1645 1246 1699 deesse
1277 1645 1465 1700 minor
1491 1645 1695 1716 aliquis
1714 1644 2016 1699 indicatur.
2043 1645 2102 1698 In
2125 1644 2230 1698 hac

587 1753 725 1808 ergo
755 1737 875 1808 ipsa
901 1737 1220 1807 Divinitate,
1239 1738 1286 1792 si
1304 1738 1458 1793 aliud
1487 1737 1671 1808 majus
1689 1737 1834 1809 quis,
1857 1737 2011 1791 aliud
2035 1737 2224 1790 minus

585 1830 826 1899 adserat,
854 1830 905 1884 ei
943 1830 1062 1901 ipse
1108 1830 1387 1901 majestati
1425 1808 1830 1886 contumeliam
1870 1829 2019 1899 facit,
2052 1808 2302 1900 quamB

585 1923 862 1994 majorem
889 1927 1084 1995 putat:
1109 1924 1241 1995 quia
1263 1941 1393 1979 cum
1423 1924 1655 1996 aequalis
1683 1927 1925 1995 potestas
1950 1939 2014 1978 ac
2042 1922 2226 1992 digni-

586 2021 671 2071 tas
712 2017 1002 2072 Trinitatis
1038 2017 1129 2086 sit,
1177 2018 1454 2090 quidquid
1499 2017 1599 2072 uni
1639 2017 1975 2085 detrahitur,
2009 2021 2227 2072 cunctae

586 2112 782 2180 procul
807 2111 980 2165 dubio
1006 2112 1211 2166 Deitati
1237 2112 1534 2184 aequaliter
1560 2111 1888 2182 derogatur.

661 2206 848 2268 Credo,
874 2205 1080 2276 inquit,
1109 2210 1355 2260 sanctam
1390 2206 1681 2261 Eeclesiam
1710 2205 2050 2260 catholicam.
2080 2206 2222 2261 San-

588 2302 794 2353 etorum
838 2301 1274 2354 communionem.
1315 2301 1505 2356 Carnis
1546 2301 2003 2354 resurrectionem.
2043 2301 2226 2354 Vitam

587 2396 863 2447 aeternam.
894 2395 1082 2448 Amen.
1105 2393 1393 2448 .Eternam
1414 2393 1586 2446 vitam
1611 2392 1756 2447 bene
1781 2392 1841 2446 in
1866 2391 2224 2447 conclusione

589 2485 838 2555 Symboli
887 2485 1185 2557 coaptavit,
1225 2485 1358 2557 quia
1392 2486 1566 2557 ipsius
1601 2485 1847 2556 Symboli
1889 2485 2026 2540 ﬁdes
2072 2502 2222 2556 pra:-

589 2579 773 2632 mium
807 2582 889 2633 est
925 2579 1276 2634 aeternitatis.
1304 2581 1381 2634 Ac
1411 2596 1514 2651 per
1547 2580 1653 2634 hoc
1692 2580 1830 2634 ordo
1861 2579 2110 2650 Symboli
2135 2596 2223 2633 sa-

591 2673 725 2727 lutis
752 2674 1002 2728 ascensio
1029 2678 1148 2742 est;
1181 2673 1315 2744 quia
1341 2674 1386 2728 si
1425 2673 1669 2728 ﬁdeliter
1707 2673 1945 2744 quisque
1970 2673 2040 2727 ad
2065 2689 2223 2727 sum—

591 2768 846 2822 mitatem
895 2767 1046 2821 illius
1098 2767 1333 2833 venerit,
1395 2767 1703 2822 certissime
1750 2767 1946 2822 salutis
1998 2770 2226 2822 aeternze

591 2864 880 2918 cardinem
915 2862 1242 2935 possidebit,
1283 2865 1562 2933 regnante
1600 2862 1839 2917 Domino
1874 2867 2066 2938 nostro
2098 2863 2226 2916 Jesu

590 2958 832 3027 Christo,
864 2958 1026 3028 cujus
1067 2963 1152 3012 est
1197 2958 1380 3012 honor
1427 2961 1482 3011 et
1531 2957 1838 3028 imperium
1886 2973 1991 3028 per
2040 2957 2229 3012 omnia

590 3052 796 3106 szecula
823 3051 1173 3108 saeculorum.

1282 3123 1551 3174 Collectio.

2322 519 2690 592 evangelistas
2731 537 2851 576 esse
2887 538 3004 576 non
3041 521 3282 578 dubium
3315 523 3435 590 est;
3464 520 3560 576 sed
3589 517 3848 575 nomina
3886 533 3960 572 eo-

2322 630 2471 683 rum,
2495 613 2593 686 qui
2613 615 2912 686 Evangelia
2933 615 3300 688 scripserunt,
3323 615 3445 670 haec
3465 618 3619 685 sunt,
3643 611 3960 679 Matthmus,

2321 710 2554 778 Marcus,
2585 709 2781 778 Lucas,
2809 709 3114 765 Iohannes.

2392 805 2517 857 Post
2544 803 2654 856 haec
2682 803 2811 872 legit
2839 803 3096 859 diaconus
3123 805 3342 858 initium
3368 803 3656 873 Evangelii
3680 800 3960 856 secundum

2323 898 2661 952 Mattha’um.
2689 899 2761 952 Et
2778 901 3068 968 postquam
3097 898 3304 968 legerit,
3334 900 3538 952 tractat
3568 897 3875 968 presbyter
3901 896 3960 950 hi1

2323 990 2516 1045 verbis.

2398 1083 2521 1138 Filii
2546 1083 2841 1154 carissimi,
2872 1100 2945 1140 ne
2980 1084 3192 1140 diutius
3218 1099 3354 1156 ergo
3395 1100 3490 1139 vos
3516 1088 3849 1151 teneamus,
3878 1099 3960 1137 ex-

2324 1194 2602 1248 ponamus
2645 1179 2801 1233 vobis
2851 1194 3024 1250 quam
3067 1178 3347 1234 rationem
3397 1182 3454 1233 et
3497 1194 3674 1250 quam
3723 1176 3960 1247 ﬁguram

2325 1271 2715 1343 unusquisque
2742 1272 2802 1326 in
2837 1289 2894 1327 se
2933 1273 3249 1341 contineat;
3278 1276 3334 1327 et
3372 1287 3547 1342 quare
3580 1271 3887 1326 Matthaaus
3915 1272 3960 1324 in

2327 1381 2384 1420 se
2409 1365 2655 1435 ﬁguram
2679 1365 2928 1420 hominis
2953 1366 3178 1435 habeat,
3197 1365 3330 1437 quia
3348 1365 3511 1420 initio
3529 1381 3631 1419 suo
3646 1364 3802 1420 nihil
3822 1363 3960 1417 aliud

2327 1458 2466 1529 agit,
2497 1457 2608 1512 nisi
2643 1459 2995 1514 nativitatem
3032 1459 3327 1514 Salvatoris
3366 1459 3532 1530 pleno
3561 1457 3770 1513 ordine
3802 1474 3960 1529 gene-

2328 1551 2567 1606 rationis
2594 1556 2840 1607 enarrat.
2869 1552 2956 1608 Sic
2988 1553 3141 1608 enim
3171 1553 3341 1625 coepit
3371 1569 3384 1606 :
3414 1553 3571 1607 Liber
3607 1554 3960 1621 generationis

2327 1647 2452 1700 Jesu
2497 1646 2698 1704 Christi
2738 1647 2842 1715 ﬁlii
2878 1647 3076 1709 David,
3117 1647 3221 1715 ﬁlii
3260 1646 3556 1701 Abraham.
3591 1644 3810 1698 Videtis
3843 1646 3960 1716 quia

2329 1755 2445 1810 non
2485 1738 2769 1794 immerito
2809 1739 2942 1794 huic
2973 1739 3222 1794 hominis
3257 1740 3551 1810 adsignata
3583 1754 3834 1809 persona
3871 1743 3960 1805 est,

2327 1832 2552 1904 quando
2577 1832 2648 1886 ab
2676 1832 2924 1887 hominis
2949 1834 3241 1889 nativitate
3265 1833 3492 1888 initium
3514 1831 3959 1903 comprehendit,

2325 1941 2429 1980 nec
2454 1925 2741 1980 immerito
2773 1926 2858 1996 (ut
2897 1925 3162 1998 diximus)
3190 1927 3324 1982 huic
3364 1925 3638 1997 mysterio
3674 1925 3960 1997 adsignata

2327 2023 2411 2074 est
2435 2019 2679 2075 Matthaai
2707 2035 2968 2091 persona.
2999 2022 3246 2091 Emplecit
3273 2020 3563 2076 secundum
3587 2020 3792 2076 Matth.

2745 2111 2934 2176 Incipit
2964 2113 3252 2163 secundum
3287 2114 3539 2162 Marcum.

2397 2195 2549 2263 Legit
2577 2193 2836 2248 diaconus
2854 2194 3072 2248 initium
3093 2194 3381 2264 Evangelii
3396 2192 3686 2248 secundum
3705 2192 3950 2248 Marcum.

2326 2289 2565 2356 Exponit
2588 2287 2868 2356 presbyter
2895 2306 2910 2340 :

2399 2379 2612 2434 Marcus
2639 2379 2982 2451 evangelista
3008 2379 3186 2435 leonis
3215 2395 3418 2452 gerens
3437 2379 3706 2452 ﬁguram,
3727 2397 3761 2434 a
3779 2379 3953 2433 solitu-

2325 2471 2456 2527 dine
2474 2472 2676 2544 incipit
2700 2474 2923 2529 dicere:
2950 2476 3065 2528 Vox
3086 2474 3378 2528 clamantis
3402 2475 3460 2528 in
3492 2475 3718 2529 deserto
3743 2491 3756 2527 :
3779 2476 3952 2528 Parate

2325 2565 2477 2620 viam
2521 2566 2766 2632 Domini,
2816 2567 3032 2622 scilicet
3076 2567 3211 2638 quia
3255 2572 3456 2638 regnat
3495 2567 3759 2621 invictus.
3799 2566 3952 2636 Hujus

2326 2659 2504 2713 leonis
2547 2659 2860 2714 multifaria
2900 2661 3220 2716 invenimus
3260 2661 3538 2732 exempla,
3571 2666 3635 2715 ut
3673 2677 3788 2717 non
3816 2663 3950 2712 vacet

2327 2751 2542 2806 dictum
2586 2752 2756 2807 illut:
2790 2753 2931 2807 Juda
2977 2752 3125 2807 ﬁlius
3169 2769 3349 2819 meus,
3397 2754 3617 2810 catulus
3660 2753 3855 2820 leonis,
3893 2752 3947 2804 de

2329 2845 2584 2915 germine
2613 2846 2756 2900 mihi
2785 2847 3085 2902 ascendisti
3117 2865 3130 2900 :
3161 2848 3439 2902 recubans
3467 2847 3730 2902 dormisti
3761 2850 3823 2900 ut
3857 2847 3942 2910 leo,

2328 2941 2386 2994 et
2411 2938 2555 2994 sicut
2578 2940 2795 2994 catulus
2821 2939 3029 3009 leonis;
3061 2940 3189 3011 quis
3219 2940 3486 2995 excitabit
3510 2942 3689 2995 eum?

2781 3032 2969 3095 Incipit
2993 3033 3284 3083 secundum
3308 3033 3516 3083 Lucam.

2400 3115 2549 3183 Legit
2578 3114 2836 3169 diaconus
2863 3117 3082 3169 initium
3110 3115 3398 3186 Evangelii
3425 3115 3716 3170 secundum
3754 3115 3941 3169 Lucam.

664 3209 899 3276 Exaudi,
935 3208 1196 3276 Domine,
1219 3209 1686 3280 supplicationem
1712 3207 1942 3263 familiae
1967 3212 2102 3278 tuae,
2131 3207 2230 3280 qui
2249 3175 2304 3250 Ο
2335 3175 2552 3261 Tractat
2571 3209 2851 3278 presbyter
2876 3227 2892 3261 :

590 3301 846 3357 ﬁdelium
883 3307 1113 3356 tuorum
1160 3303 1445 3356 consortio
1484 3302 1807 3357 desiderant
1831 3301 2050 3369 sociari,
2078 3306 2143 3357 ut
2171 3303 2229 3357 in

593 3395 683 3450 die
709 3397 914 3449 sanctae
944 3394 1356 3463 sollemnitatis,
1387 3394 1685 3450 clementia
1719 3399 1819 3450 tua
1847 3396 2060 3450 donum
2084 3396 2224 3467 bap-

592 3489 835 3543 tismatis
877 3488 1169 3559 percipere
1210 3492 1558 3544 mereantur.
1589 3491 1695 3544 Per
1733 3490 1896 3544 Dom.
1969 3492 2226 3545 nostrum

590 3585 782 3639 Jesum
811 3583 1123 3638 Christum.

626 3701 734 3754 XII.
780 3715 1064 3756 EXPOSITIO
1103 3715 1517 3758 EVANGELIORUM
1556 3716 1609 3756 IN
1648 3715 1853 3756 AURIUM
1889 3715 2191 3756 APERTIONE

1224 3789 1294 3828 ΑΙ)
1334 3787 1588 3827 ELECTOS.

661 3874 964 3944 Aperturi‘
991 3874 1166 3944 vobis,
1207 3874 1308 3929 ﬁlii
1348 3875 1642 3944 carissimi,
1688 3874 2012 3944 Evangelia,
2045 3874 2101 3928 id
2143 3877 2228 3929 est

593 3967 796 4038 gaudia
824 3968 1032 4035 divina,
1061 3968 1220 4038 prius
1248 3969 1445 4023 ordine
1472 3968 1762 4023 insinuare
1791 3969 2059 4023 debemus
2090 3968 2226 4038 quid

593 4027 625 4038 ’³
761 4027 789 4072 .l
843 4060 852 4070 .
1019 4027 1030 4035 '
1063 4027 1082 4038 ‘
1768 4061 1778 4071 .
1883 4061 1892 4071 .
2107 4027 2127 4038 ‘

592 4060 980 4130 Evangehum,
1011 4065 1066 4115 et
1089 4060 1242 4115 unde
1270 4060 1587 4128 descendat,
1611 4065 1667 4115 et
1693 4077 1853 4130 cujus
1878 4077 1940 4114 1n
1967 4076 2032 4114 eo
2057 4061 2228 4116 verba

589 4155 895 4222 ponantur,
926 4156 984 4206 et
1012 4167 1186 4222 quare
1212 4157 1456 4223 quatuor
1484 4153 1597 4206 sint
1630 4153 1729 4223 qui
1757 4153 1880 4207 hzec
1907 4157 2063 4224 gesta
2089 4154 2222 4208 scri-

589 4249 856 4316 pserunt;
879 4245 966 4299 vel
993 4244 1091 4316 qui
1119 4249 1250 4300 sunt
1275 4245 1385 4315 ipsi
1405 4245 1488 4300 hii
1506 4249 1751 4316 quatuor
1774 4245 1870 4317 qui
1899 4246 2087 4301 divino
2109 4247 2227 4317 Spi-

590 4338 726 4406 ritu,
772 4338 1150 4393 adnunciante
1201 4339 1498 4410 prepheta,
1543 4342 1674 4395 ante
1720 4340 1928 4410 signati
1977 4339 2109 4409 sint,
2153 4356 2226 4395 ne

589 4432 734 4486 forte
774 4431 893 4486 sine
935 4432 1040 4486 hac
1087 4431 1300 4487 ordinis
1344 4432 1560 4487 ratione
1602 4432 1689 4486 vel
1734 4449 1900 4487 causa
1935 4437 2226 4503 stuporem

2399 3301 2573 3354 Lucas
2616 3301 2957 3371 evangelista
2995 3301 3240 3373 speciem
3278 3301 3439 3355 vituli
3481 3305 3686 3372 gestat,
3715 3301 3783 3354 ad
3806 3299 3943 3368 cujus

2330 3393 2504 3447 instar
2520 3394 2774 3449 Salvator
2791 3398 2984 3449 noster
3003 3399 3085 3449 est
3104 3395 3446 3449 immolatus.
3471 3395 3567 3449 Hic
3589 3395 3747 3448 enim
3764 3391 3940 3446 Christi

2331 3487 2698 3557 Evangelium
2751 3488 3063 3556 locuturus,
3113 3488 3190 3542 sic
3242 3489 3410 3559 coepit
3457 3489 3526 3542 de
3569 3486 3856 3542 Zaccharia
3898 3488 3943 3536 et

2329 3579 2628 3649 Helisabet,
2661 3581 2730 3634 de
2775 3581 2981 3652 quibus
3030 3582 3313 3636 Johannes
3358 3581 3606 3653 Baptista
3657 3581 3716 3636 in
3752 3593 3935 3633 summa

2325 3677 2492 3727 natus
2533 3677 2617 3728 est
2652 3677 2962 3729 senectute.
2993 3677 3059 3729 Et
3096 3675 3224 3729 ideo
3258 3676 3431 3729 Lucas
3472 3674 3652 3729 vitulo
3681 3687 3930 3743 compar-1-

2326 3769 2440 3834 tur,
2471 3765 2605 3837 quia
2643 3767 2755 3820 duo
2791 3783 3022 3834 cornua,
3055 3768 3168 3822 duo
3206 3769 3597 3836 Testamenta;
3639 3773 3697 3823 et
3732 3769 3935 3838 quatuor

2327 3859 2540 3929 pedum
2570 3861 2828 3931 angulas,
2863 3864 2919 3914 et
2963 3865 3210 3932 quatuor
3237 3861 3541 3931 Evangelia
3582 3861 3742 3932 quasi
3777 3866 3936 3912 tenera

2328 3951 2655 4008 inﬁrmitate
2682 3953 2992 4023 nascentia,
3021 3953 3080 4008 in
3111 3970 3169 4009 se
3197 3954 3527 4026 plenissime
3556 3953 3877 4009 continebat.

2398 4049 2532 4102 Item
2586 4048 2715 4116 legit
2766 4048 3023 4102 diaconus
3074 4049 3290 4102 initium
3345 4049 3634 4118 Evangelii
3683 4045 3934 4104 secundum

2323 4141 2637 4195 Iohannem.
2673 4143 2895 4195 Tractat
2915 4141 3196 4210 presbyter
3223 4142 3305 4195 his
3332 4143 3507 4195 verbis
3529 4161 3545 4194 :

2396 4233 2680 4287 Johannes
2706 4233 2877 4287 habet
2903 4232 3336 4288 similitudinem
3361 4234 3588 4305 aquilae,
3615 4233 3768 4305 quod
3792 4229 3929 4285 nimis

2324 4324 2437 4378 alta
2463 4325 2708 4396 petierit.
2735 4325 2827 4380 Ait
2856 4325 3013 4380 enim
3045 4343 3057 4380 :
3087 4329 3149 4382 In
3171 4329 3444 4398 principio
3474 4332 3592 4382 erat
3632 4327 3872 4387 Verbum;
3893 4324 3931 4373 et

2332 4420 2564 4473 Verbum
2606 4423 2724 4473 erat
2763 4420 2915 4490 apud
2943 4423 3132 4482 Deum,
3167 4425 3218 4474 et
3255 4423 3391 4475 Deus
3425 4425 3542 4474 erat
3583 4422 3822 4476 Verbum.
3845 4418 3928 4469 Hoc

588 4526 877 4581 vobiscum
903 4526 965 4580 in
997 4525 1283 4580 mentibus
1316 4526 1727 4597 relinquamus.
1762 4527 1829 4579 Et
1857 4525 1990 4597 quia
2019 4526 2090 4580 ad
2120 4525 2225 4580 hoc

2341 4515 2442 4565 erat
2481 4513 2539 4565 in
2563 4513 2835 4581 principio
2871 4513 3022 4582 apud
3064 4515 3249 4567 Deum.
3285 4513 3354 4566 Et
3393 4513 3570 4566 David
3613 4527 3687 4566 ex
3727 4519 3926 4582 persona

587 4619 819 4674 venistis
842 4624 908 4674 ut
933 4635 1098 4674 aures
1123 4619 1278 4674 vobis
1305 4619 1654 4690 aperiantur,
1686 4635 1758 4674 ne
1782 4619 2016 4690 incipiat
2034 4635 2228 4674 sensus

587 4717 773 4768 vester
798 4712 1056 4781 obtundi,
1081 4713 1452 4783 Evangelium
1478 4712 1686 4768 dicitur
1710 4712 1937 4784 pr0prie
1962 4713 2111 4766 bona
2135 4712 2230 4767 ad-

588 4805 896 4859 nunciatio.
928 4806 1065 4869 Qum
1111 4806 1309 4877 utique
1349 4805 1714 4860 adnunciatio
1744 4810 1829 4859 est
1866 4807 1996 4860 Jesu
2021 4805 2228 4860 Christi

589 4897 812 4951 Domini
841 4897 940 4951 Dei
965 4898 1163 4953 nostri.
1193 4899 1492 4954 Descendit
1525 4903 1716 4953 autem
1750 4897 2121 4969 Evangelium
2157 4898 2227 4952 ab

588 5007 654 5044 eo
684 4990 836 5060 quod
865 4989 1171 5046 adnunciet
1196 4996 1252 5046 et
1277 4992 1553 5060 ostendat,
1583 4991 1734 5061 quod
1760 4991 1808 5044 is
1838 4991 1937 5062 qui
1966 5007 2070 5061 per
2093 5007 2226 5061 pro-

588 5083 785 5155 phetas
803 5099 931 5138 suos
949 5083 1305 5154 loquebatur,
1322 5084 1476 5138 venit
1495 5084 1554 5138 in
1575 5100 1764 5150 carne,
1789 5085 1935 5138 sicut
1956 5083 2228 5155 scriptum

587 5181 672 5233 est
702 5196 715 5232 :
748 5176 854 5242 Qui
902 5177 1190 5248 loquebar,
1241 5193 1366 5232 ecce
1417 5177 1638 5231 adsum.
1688 5177 2042 5248 Explicantes
2092 5193 2229 5249 ergo

585 5270 834 5325 breviter
860 5269 997 5340 quid
1035 5270 1107 5324 sit
1144 5269 1534 5340 Evangelium,
1565 5269 1650 5324 vel
1678 5271 1777 5341 qui
1815 5275 1948 5325 sunt
1976 5269 2055 5324 hii
2083 5286 2226 5340 qua-

584 5369 737 5430 tuor,
770 5363 867 5434 qui
906 5378 1010 5433 per
1046 5363 1387 5434 pr0phetam
1413 5367 1542 5417 ante
1573 5363 1870 5419 monstrati
1897 5367 2048 5431 sunt,
2077 5377 2229 5416 nunc

586 5457 800 5526 ﬁguras
828 5456 1012 5527 adque
1038 5455 1273 5510 nomina
1313 5455 1550 5525 singulis
1589 5456 1956 5528 adsignemus
1982 5454 2225 5509 indiciis.

588 5547 680 5601 Ait
717 5548 871 5602 enim
910 5549 1190 5620 propheta
1229 5548 1540 5602 Hezechiel.
1580 5551 1647 5604 Et
1693 5547 2002 5602 similitudo
2043 5547 2231 5601 vultus

588 5655 787 5695 eorum
824 5646 891 5696 ut
933 5641 1100 5697 facies
1134 5640 1402 5710 hominis,
1440 5647 1504 5696 ut
1543 5641 1712 5696 facies
1756 5639 1932 5695 leonis
1975 5638 2168 5713 343
2198 5657 2232 5694 a

587 5733 799 5789 dextris
827 5733 1002 5802 illius;
1033 5737 1089 5789 et
1121 5733 1289 5791 facies
1324 5734 1506 5803 vituli,
1545 5739 1601 5790 et
1639 5733 1807 5790 facies
1844 5733 2049 5806 aquilae
2091 5750 2124 5788 a
2151 5732 2226 5787 si-

2326 4603 2531 4658 Christi
2556 4603 2692 4658 dicit
2719 4621 2732 4658 :
2764 4604 3146 4660 Removebitur
3171 4605 3318 4660 sicut
3340 4605 3545 4676 aquilas
3559 4605 3816 4676 juventus
3832 4604 3920 4656 tua.

2328 4696 2386 4750 id
2423 4700 2508 4751 est
2551 4698 2679 4751 Jesu
2719 4697 2925 4753 Christi
2967 4697 3190 4752 Domini
3233 4698 3432 4768 nostri,
3462 4698 3558 4769 qui
3601 4707 3873 4766 resurgens
3898 4705 3921 4739 ει

2328 4790 2589 4857 mortuis,
2615 4791 2869 4846 ascendit
2893 4791 2954 4845 in
2974 4791 3168 4860 caelos;
3199 4791 3350 4846 unde
3369 4792 3488 4862 jam
3512 4791 3670 4846 vobis
3691 4782 3916 4854 concepti5

2326 4898 2575 4953 regnans
2621 4883 2898 4953 gloriatur
2939 4884 3202 4952 Ecclesia,
3232 4882 3424 4956 344
3464 4884 3622 4938 omni
3674 4878 3915 4939 festivitate

2327 4980 2587 5029 votorum
2628 4976 2699 5030 ad
2734 4992 2882 5030 nova
2909 4977 3141 5031 tendere
3179 4977 3512 5033 Christianae
3537 4977 3681 5048 legis
3708 4969 3910 5030 exordia;

2327 5071 2392 5122 ut
2435 5067 2767 5122 adveniente
2817 5069 2909 5123 die
2956 5069 3296 5124 venerabilis
3335 5071 3581 5138 Paschae,
3612 5070 3814 5123 lavacro
3843 5062 3912 5114 ba-

2331 5160 2606 5230 ptismatis
2635 5166 3009 5228 renascentes,
3039 5163 3183 5217 sicut
3211 5163 3389 5217 sancti
3419 5179 3618 5217 omnes
3649 5165 3913 5218 mereamur

2328 5252 2494 5308 ﬁdele
2519 5269 2730 5308 munus
2754 5254 3009 5309 infantiae
3035 5272 3065 5308 a
3095 5255 3316 5310 Christo
3351 5257 3481 5310 Jesu
3518 5256 3752 5311 Domino
3773 5251 3912 5307 nostra

2328 5346 2642 5417 percipere.
2671 5347 2779 5411 Qui
2805 5347 2940 5402 vivit
2968 5352 3023 5402 et
3047 5352 3249 5420 regnat
3277 5349 3445 5403 Deus.

2615 5448 2749 5501 Xlll.
2791 5463 3194 5505 ranmssmnrs
3231 5467 3302 5505 AD
3344 5465 3685 5508 scamnum.

2401 5547 2494 5613 Te,
2528 5545 2784 5615 Domine,
2823 5546 3192 5618 deprecamur
3222 5553 3279 5602 et
3317 5548 3624 5618 poscimus,
3659 5552 3721 5602 ut
3742 5545 3823 5600 hos
3849 5536 3907 5590 ἴδ-

2331 5640 2516 5694 mulos
2544 5644 2671 5694 tuos
2699 5639 2940 5695 ﬁrmiter
2966 5641 3215 5696 stabilire
3234 5641 3509 5713 digneris.
3533 5641 3706 5713 Aperi
3725 5638 3792 5694 eis
3807 5635 3911 5686 totos

2331 5733 2515 5789 aditus
2540 5731 2692 5801 ﬁdei,
2720 5738 2784 5787 ut
2807 5733 3150 5789 credulitatis
3184 5733 3403 5807 possint
3435 5735 3619 5790 muris
3646 5725 3850 5793 includi;
3873 5721 3909 5772 el

660 5868 684 5894 ³
719 5857 904 5909 Exsta.
937 5855 995 5908 in
1024 5857 1236 5910 Ordine
1263 5858 1544 5923 Romano,
1575 5860 1633 5910 et
1660 5873 1787 5928 quae
1816 5861 2153 5929 sequuntur,
2190 5873 2368 5928 usque
2402 5857 2474 5911 ad
2504 5873 2662 5912 num.
2698 5860 3059 5928 sequentem.
