  <div class='ocr_page' id='page_1' title='image "/cluster/home/n/w/nwhite01/storage/ocr_20150623/72/uva.x000827084/213.png"; bbox 0 0 4014 6230; ppageno 0'>
   <div class='ocr_carea' id='block_1_1' title="bbox 613 329 3953 397">
    <p class='ocr_par' dir='ltr' id='par_1_1' title="bbox 613 329 3953 397">
     <span class='ocr_line' id='line_1_1' title="bbox 613 329 3953 397; baseline -0.004 0"><span class='ocrx_word' id='word_1_1' title='bbox 613 342 714 397; x_wconf 69' lang='grc' dir='ltr'><strong>3ὅῦ</strong></span> <span class='ocrx_word' id='word_1_2' title='bbox 1408 335 1736 389; x_wconf 74' lang='lat' dir='ltr'><strong>APPENDIX</strong></span> <span class='ocrx_word' id='word_1_3' title='bbox 1778 333 1862 385; x_wconf 77' lang='lat' dir='ltr'><strong>Al)</strong></span> <span class='ocrx_word' id='word_1_4' title='bbox 1898 332 2118 386; x_wconf 81' lang='lat' dir='ltr'><strong>()PERA</strong></span> <span class='ocrx_word' id='word_1_5' title='bbox 2157 329 2389 385; x_wconf 74' lang='lat' dir='ltr'><strong>SANCTI</strong></span> <span class='ocrx_word' id='word_1_6' title='bbox 2426 331 2723 384; x_wconf 77' lang='lat' dir='ltr'><strong>GERMANI</strong></span> <span class='ocrx_word' id='word_1_7' title='bbox 2762 330 3187 384; x_wconf 75' lang='lat' dir='ltr'><strong>PARISIENSlS.</strong></span> <span class='ocrx_word' id='word_1_8' title='bbox 3881 336 3953 385; x_wconf 64' lang='lat' dir='ltr'><strong>33f;</strong></span> 
     </span>
    </p>
   </div>
   <div class='ocr_carea' id='block_1_2' title="bbox 1238 445 1610 494">
    <p class='ocr_par' dir='ltr' id='par_1_2' title="bbox 1238 445 1610 494">
     <span class='ocr_line' id='line_1_2' title="bbox 1238 445 1610 494; baseline -0.008 0"><span class='ocrx_word' id='word_1_9' title='bbox 1238 446 1360 494; x_wconf 83' lang='lat' dir='ltr'><strong>Post</strong></span> <span class='ocrx_word' id='word_1_10' title='bbox 1391 445 1610 492; x_wconf 88' lang='lat' dir='ltr'><strong>secreta.</strong></span> 
     </span>
    </p>
   </div>
   <div class='ocr_carea' id='block_1_3' title="bbox 2260 436 3954 524">
    <p class='ocr_par' dir='ltr' id='par_1_3' title="bbox 2260 436 3954 524">
     <span class='ocr_line' id='line_1_3' title="bbox 2260 436 3954 524; baseline -0.002 -30"><span class='ocrx_word' id='word_1_11' title='bbox 2260 439 2545 524; x_wconf 72' lang='lat' dir='ltr'><strong>Aﬁdueia</strong></span> <span class='ocrx_word' id='word_1_12' title='bbox 2585 439 2943 510; x_wconf 89' lang='lat' dir='ltr'><strong>resurgendi.</strong></span> <span class='ocrx_word' id='word_1_13' title='bbox 2984 438 3164 510; x_wconf 82' lang='lat' dir='ltr'><strong>Digne</strong></span> <span class='ocrx_word' id='word_1_14' title='bbox 3211 454 3350 511; x_wconf 87' lang='lat' dir='ltr'><strong>ergo</strong></span> <span class='ocrx_word' id='word_1_15' title='bbox 3380 436 3731 494; x_wconf 77' lang='lat' dir='ltr'><strong>adtentiores</strong></span> <span class='ocrx_word' id='word_1_16' title='bbox 3772 442 3830 491; x_wconf 89' lang='lat' dir='ltr'><strong>et</strong></span> <span class='ocrx_word' id='word_1_17' title='bbox 3866 438 3954 491; x_wconf 68' lang='lat' dir='ltr'><strong>fre</strong></span> 
     </span>
    </p>
   </div>
   <div class='ocr_carea' id='block_1_4' title="bbox 680 522 3954 606">
    <p class='ocr_par' dir='ltr' id='par_1_4' title="bbox 680 522 3954 606">
     <span class='ocr_line' id='line_1_4' title="bbox 680 522 3954 606; baseline -0.005 -5"><span class='ocrx_word' id='word_1_18' title='bbox 680 530 882 601; x_wconf 74' lang='grc' dir='ltr'><strong>ΑδΡίεθ</strong></span> <span class='ocrx_word' id='word_1_19' title='bbox 902 540 927 570; x_wconf 77' lang='grc'><strong>⁸</strong></span> <span class='ocrx_word' id='word_1_20' title='bbox 955 528 1172 584; x_wconf 68' lang='lat' dir='ltr'><strong>Since&quot;)</strong></span> <span class='ocrx_word' id='word_1_21' title='bbox 1191 528 1371 593; x_wconf 69' lang='grc' dir='ltr'><strong>νιιιῐιιν</strong></span> <span class='ocrx_word' id='word_1_22' title='bbox 1392 526 1486 596; x_wconf 71' lang='lat' dir='ltr'><strong>Die</strong></span> <span class='ocrx_word' id='word_1_23' title='bbox 1501 524 1817 594; x_wconf 54' lang='lat' dir='ltr'><strong>miserat“,</strong></span> <span class='ocrx_word' id='word_1_24' title='bbox 1831 522 1956 578; x_wconf 66' lang='lat'><strong>11330</strong></span> <span class='ocrx_word' id='word_1_25' title='bbox 1975 538 2236 593; x_wconf 66' lang='lat' dir='ltr'><strong>munera,</strong></span> <span class='ocrx_word' id='word_1_26' title='bbox 2263 522 2317 524; x_wconf 33' lang='grc' dir='ltr'><em>Ὗ</em></span> <span class='ocrx_word' id='word_1_27' title='bbox 2343 532 2669 606; x_wconf 88' lang='lat' dir='ltr'><strong>quentiores</strong></span> <span class='ocrx_word' id='word_1_28' title='bbox 2705 549 2808 604; x_wconf 90' lang='lat' dir='ltr'><strong>pro</strong></span> <span class='ocrx_word' id='word_1_29' title='bbox 2837 532 3057 588; x_wconf 84' lang='lat' dir='ltr'><strong>ratione</strong></span> <span class='ocrx_word' id='word_1_30' title='bbox 3084 532 3355 604; x_wconf 89' lang='lat' dir='ltr'><strong>temporis</strong></span> <span class='ocrx_word' id='word_1_31' title='bbox 3389 531 3585 604; x_wconf 87' lang='lat' dir='ltr'><strong>ipsius,</strong></span> <span class='ocrx_word' id='word_1_32' title='bbox 3614 530 3882 604; x_wconf 86' lang='lat' dir='ltr'><strong>puriores</strong></span> <span class='ocrx_word' id='word_1_33' title='bbox 3908 532 3954 586; x_wconf 86' lang='lat' dir='ltr'><strong>ad</strong></span> 
     </span>
    </p>
   </div>
   <div class='ocr_carea' id='block_1_5' title="bbox 609 618 2239 696">
    <p class='ocr_par' dir='ltr' id='par_1_5' title="bbox 609 618 2239 696">
     <span class='ocr_line' id='line_1_5' title="bbox 609 618 2239 696; baseline -0.005 -17"><span class='ocrx_word' id='word_1_34' title='bbox 609 625 707 696; x_wconf 86' lang='lat' dir='ltr'><strong>qui</strong></span> <span class='ocrx_word' id='word_1_35' title='bbox 736 640 963 695; x_wconf 86' lang='lat' dir='ltr'><strong>semper</strong></span> <span class='ocrx_word' id='word_1_36' title='bbox 986 639 1044 677; x_wconf 91' lang='lat' dir='ltr'><strong>es</strong></span> <span class='ocrx_word' id='word_1_37' title='bbox 1081 636 1395 693; x_wconf 81' lang='lat' dir='ltr'><strong>propensus</strong></span> <span class='ocrx_word' id='word_1_38' title='bbox 1419 618 1489 673; x_wconf 90' lang='lat' dir='ltr'><strong>ad</strong></span> <span class='ocrx_word' id='word_1_39' title='bbox 1518 619 1699 687; x_wconf 88' lang='lat' dir='ltr'><strong>dona;</strong></span> <span class='ocrx_word' id='word_1_40' title='bbox 1739 621 1802 673; x_wconf 93' lang='lat' dir='ltr'><strong>ut</strong></span> <span class='ocrx_word' id='word_1_41' title='bbox 1825 618 1949 689; x_wconf 91' lang='lat' dir='ltr'><strong>ipsa</strong></span> <span class='ocrx_word' id='word_1_42' title='bbox 1983 621 2239 673; x_wconf 87' lang='lat' dir='ltr'><strong>contem-</strong></span> 
     </span>
    </p>
   </div>
   <div class='ocr_carea' id='block_1_6' title="bbox 609 712 2243 791">
    <p class='ocr_par' dir='ltr' id='par_1_6' title="bbox 609 712 2243 791">
     <span class='ocr_line' id='line_1_6' title="bbox 609 712 2243 791; baseline -0.004 -18"><span class='ocrx_word' id='word_1_43' title='bbox 609 718 857 791; x_wconf 88' lang='lat' dir='ltr'><strong>platione</strong></span> <span class='ocrx_word' id='word_1_44' title='bbox 918 717 1102 770; x_wconf 85' lang='lat' dir='ltr'><strong>oblata</strong></span> <span class='ocrx_word' id='word_1_45' title='bbox 1149 712 1458 769; x_wconf 89' lang='lat' dir='ltr'><strong>sanctiﬁces</strong></span> <span class='ocrx_word' id='word_1_46' title='bbox 1500 713 1748 768; x_wconf 85' lang='lat' dir='ltr'><strong>naturali</strong></span> <span class='ocrx_word' id='word_1_47' title='bbox 1785 712 2097 783; x_wconf 82' lang='lat' dir='ltr'><strong>majestate,</strong></span> <span class='ocrx_word' id='word_1_48' title='bbox 2142 712 2243 782; x_wconf 85' lang='lat' dir='ltr'><strong>qui</strong></span> 
     </span>
    </p>
   </div>
   <div class='ocr_carea' id='block_1_7' title="bbox 608 806 2242 884">
    <p class='ocr_par' dir='ltr' id='par_1_7' title="bbox 608 806 2242 884">
     <span class='ocr_line' id='line_1_7' title="bbox 608 806 2242 884; baseline -0.004 -17"><span class='ocrx_word' id='word_1_49' title='bbox 608 815 883 884; x_wconf 88' lang='lat' dir='ltr'><strong>perpetue</strong></span> <span class='ocrx_word' id='word_1_50' title='bbox 903 812 1126 863; x_wconf 90' lang='lat' dir='ltr'><strong>sanctus</strong></span> <span class='ocrx_word' id='word_1_51' title='bbox 1148 824 1226 875; x_wconf 89' lang='lat' dir='ltr'><strong>es,</strong></span> <span class='ocrx_word' id='word_1_52' title='bbox 1251 811 1307 862; x_wconf 90' lang='lat' dir='ltr'><strong>et</strong></span> <span class='ocrx_word' id='word_1_53' title='bbox 1326 810 1521 861; x_wconf 90' lang='lat' dir='ltr'><strong>sancta</strong></span> <span class='ocrx_word' id='word_1_54' title='bbox 1546 806 1791 878; x_wconf 84' lang='lat' dir='ltr'><strong>largiris.</strong></span> <span class='ocrx_word' id='word_1_55' title='bbox 1809 808 1914 862; x_wconf 91' lang='lat' dir='ltr'><strong>Per</strong></span> <span class='ocrx_word' id='word_1_56' title='bbox 1937 806 2242 862; x_wconf 92' lang='lat' dir='ltr'><strong>Dominum</strong></span> 
     </span>
    </p>
   </div>
   <div class='ocr_carea' id='block_1_8' title="bbox 610 901 1835 960">
    <p class='ocr_par' dir='ltr' id='par_1_8' title="bbox 610 901 1835 960">
     <span class='ocr_line' id='line_1_8' title="bbox 610 901 1835 960; baseline -0.003 0"><span class='ocrx_word' id='word_1_57' title='bbox 610 909 869 960; x_wconf 91' lang='lat' dir='ltr'><strong>nostrum</strong></span> <span class='ocrx_word' id='word_1_58' title='bbox 892 905 1082 958; x_wconf 87' lang='lat' dir='ltr'><strong>Jesum</strong></span> <span class='ocrx_word' id='word_1_59' title='bbox 1108 901 1395 957; x_wconf 86' lang='lat' dir='ltr'><strong>Christum</strong></span> <span class='ocrx_word' id='word_1_60' title='bbox 1415 901 1620 955; x_wconf 88' lang='lat' dir='ltr'><strong>Filium</strong></span> <span class='ocrx_word' id='word_1_61' title='bbox 1648 905 1835 956; x_wconf 92' lang='lat' dir='ltr'><strong>tuum.</strong></span> 
     </span>
    </p>
   </div>
   <div class='ocr_carea' id='block_1_9' title="bbox 1045 998 1801 1050">
    <p class='ocr_par' dir='ltr' id='par_1_9' title="bbox 1045 998 1801 1050">
     <span class='ocr_line' id='line_1_9' title="bbox 1045 998 1801 1050; baseline -0.001 0"><span class='ocrx_word' id='word_1_62' title='bbox 1045 998 1293 1050; x_wconf 90' lang='lat' dir='ltr'><strong>Collectio</strong></span> <span class='ocrx_word' id='word_1_63' title='bbox 1333 1001 1451 1049; x_wconf 81' lang='lat' dir='ltr'><strong>ante</strong></span> <span class='ocrx_word' id='word_1_64' title='bbox 1492 999 1801 1049; x_wconf 87' lang='lat' dir='ltr'><strong>orationem.</strong></span> 
     </span>
    </p>
   </div>
   <div class='ocr_carea' id='block_1_10' title="bbox 678 1080 2239 1153">
    <p class='ocr_par' dir='ltr' id='par_1_10' title="bbox 678 1080 2239 1153">
     <span class='ocr_line' id='line_1_10' title="bbox 678 1080 2239 1153; baseline -0.001 -17"><span class='ocrx_word' id='word_1_65' title='bbox 678 1081 1100 1137; x_wconf 81' lang='lat' dir='ltr'><strong>Venerabilibus</strong></span> <span class='ocrx_word' id='word_1_66' title='bbox 1126 1081 1415 1137; x_wconf 82' lang='lat' dir='ltr'><strong>informati</strong></span> <span class='ocrx_word' id='word_1_67' title='bbox 1434 1082 1749 1153; x_wconf 76' lang='lat' dir='ltr'><strong>praeceptis,</strong></span> <span class='ocrx_word' id='word_1_68' title='bbox 1764 1080 1979 1136; x_wconf 84' lang='lat' dir='ltr'><strong>incitati</strong></span> <span class='ocrx_word' id='word_1_69' title='bbox 2002 1095 2239 1136; x_wconf 89' lang='lat' dir='ltr'><strong>munere</strong></span> 
     </span>
    </p>
   </div>
   <div class='ocr_carea' id='block_1_11' title="bbox 605 1174 2240 1247">
    <p class='ocr_par' dir='ltr' id='par_1_11' title="bbox 605 1174 2240 1247">
     <span class='ocr_line' id='line_1_11' title="bbox 605 1174 2240 1247; baseline 0 -19"><span class='ocrx_word' id='word_1_70' title='bbox 605 1175 847 1247; x_wconf 89' lang='lat' dir='ltr'><strong>pietatis,</strong></span> <span class='ocrx_word' id='word_1_71' title='bbox 875 1176 975 1247; x_wconf 90' lang='lat' dir='ltr'><strong>qui</strong></span> <span class='ocrx_word' id='word_1_72' title='bbox 1001 1176 1187 1231; x_wconf 65' lang='lat' dir='ltr'><strong>Marite</strong></span> <span class='ocrx_word' id='word_1_73' title='bbox 1213 1176 1401 1230; x_wconf 89' lang='lat' dir='ltr'><strong>ﬂentis</strong></span> <span class='ocrx_word' id='word_1_74' title='bbox 1426 1175 1705 1247; x_wconf 86' lang='lat' dir='ltr'><strong>lacrymas</strong></span> <span class='ocrx_word' id='word_1_75' title='bbox 1728 1192 1843 1230; x_wconf 91' lang='lat' dir='ltr'><strong>non</strong></span> <span class='ocrx_word' id='word_1_76' title='bbox 1872 1174 2112 1246; x_wconf 84' lang='lat' dir='ltr'><strong>spernis,</strong></span> <span class='ocrx_word' id='word_1_77' title='bbox 2142 1175 2240 1229; x_wconf 89' lang='lat' dir='ltr'><strong>La-</strong></span> 
     </span>
    </p>
   </div>
   <div class='ocr_carea' id='block_1_12' title="bbox 605 1268 2240 1341">
    <p class='ocr_par' dir='ltr' id='par_1_12' title="bbox 605 1268 2240 1341">
     <span class='ocr_line' id='line_1_12' title="bbox 605 1268 2240 1341; baseline -0.001 -18"><span class='ocrx_word' id='word_1_78' title='bbox 605 1285 730 1324; x_wconf 88' lang='lat' dir='ltr'><strong>zaro</strong></span> <span class='ocrx_word' id='word_1_79' title='bbox 761 1269 1063 1340; x_wconf 82' lang='lat' dir='ltr'><strong>dignanter</strong></span> <span class='ocrx_word' id='word_1_80' title='bbox 1082 1274 1530 1341; x_wconf 81' lang='lat' dir='ltr'><strong>cognomentum</strong></span> <span class='ocrx_word' id='word_1_81' title='bbox 1558 1269 1746 1325; x_wconf 88' lang='lat' dir='ltr'><strong>fratris</strong></span> <span class='ocrx_word' id='word_1_82' title='bbox 1771 1268 2035 1340; x_wconf 87' lang='lat' dir='ltr'><strong>imponis,</strong></span> <span class='ocrx_word' id='word_1_83' title='bbox 2058 1268 2240 1323; x_wconf 90' lang='lat' dir='ltr'><strong>Eccle-</strong></span> 
     </span>
    </p>
   </div>
   <div class='ocr_carea' id='block_1_13' title="bbox 604 1363 2235 1435">
    <p class='ocr_par' dir='ltr' id='par_1_13' title="bbox 604 1363 2235 1435">
     <span class='ocr_line' id='line_1_13' title="bbox 604 1363 2235 1435; baseline 0 -17"><span class='ocrx_word' id='word_1_84' title='bbox 604 1365 702 1419; x_wconf 80' lang='lat' dir='ltr'><strong>siae</strong></span> <span class='ocrx_word' id='word_1_85' title='bbox 739 1364 955 1419; x_wconf 84' lang='lat' dir='ltr'><strong>soboles</strong></span> <span class='ocrx_word' id='word_1_86' title='bbox 987 1364 1237 1435; x_wconf 85' lang='lat' dir='ltr'><strong>appellas</strong></span> <span class='ocrx_word' id='word_1_87' title='bbox 1264 1380 1360 1419; x_wconf 90' lang='lat' dir='ltr'><strong>ore</strong></span> <span class='ocrx_word' id='word_1_88' title='bbox 1388 1364 1584 1434; x_wconf 60' lang='lat' dir='ltr'><strong>gratiae</strong></span> <span class='ocrx_word' id='word_1_89' title='bbox 1610 1364 1936 1435; x_wconf 87' lang='lat' dir='ltr'><strong>coheredes,</strong></span> <span class='ocrx_word' id='word_1_90' title='bbox 1967 1363 2071 1419; x_wconf 87' lang='lat' dir='ltr'><strong>tibi</strong></span> <span class='ocrx_word' id='word_1_91' title='bbox 2099 1379 2235 1434; x_wconf 89' lang='lat' dir='ltr'><strong>sup-</strong></span> 
     </span>
    </p>
   </div>
   <div class='ocr_carea' id='block_1_14' title="bbox 602 1457 1932 1530">
    <p class='ocr_par' dir='ltr' id='par_1_14' title="bbox 602 1457 1932 1530">
     <span class='ocr_line' id='line_1_14' title="bbox 602 1457 1932 1530; baseline -0.001 -17"><span class='ocrx_word' id='word_1_92' title='bbox 602 1458 775 1530; x_wconf 90' lang='lat' dir='ltr'><strong>plices</strong></span> <span class='ocrx_word' id='word_1_93' title='bbox 801 1458 1108 1513; x_wconf 90' lang='lat' dir='ltr'><strong>clamamus</strong></span> <span class='ocrx_word' id='word_1_94' title='bbox 1136 1467 1191 1514; x_wconf 88' lang='lat' dir='ltr'><strong>et</strong></span> <span class='ocrx_word' id='word_1_95' title='bbox 1221 1457 1460 1512; x_wconf 89' lang='lat' dir='ltr'><strong>dicimus</strong></span> <span class='ocrx_word' id='word_1_96' title='bbox 1488 1476 1502 1512; x_wconf 89' lang='lat'>:</span> <span class='ocrx_word' id='word_1_97' title='bbox 1528 1459 1696 1513; x_wconf 90' lang='lat' dir='ltr'><strong>Pater</strong></span> <span class='ocrx_word' id='word_1_98' title='bbox 1720 1461 1932 1514; x_wconf 91' lang='lat' dir='ltr'><strong>noster.</strong></span> 
     </span>
    </p>
   </div>
   <div class='ocr_carea' id='block_1_15' title="bbox 1024 1555 1830 1606">
    <p class='ocr_par' dir='ltr' id='par_1_15' title="bbox 1024 1555 1830 1606">
     <span class='ocr_line' id='line_1_15' title="bbox 1024 1555 1830 1606; baseline 0 -1"><span class='ocrx_word' id='word_1_99' title='bbox 1024 1558 1148 1605; x_wconf 91' lang='lat' dir='ltr'><strong>Post</strong></span> <span class='ocrx_word' id='word_1_100' title='bbox 1170 1555 1459 1606; x_wconf 88' lang='lat' dir='ltr'><strong>orationem</strong></span> <span class='ocrx_word' id='word_1_101' title='bbox 1485 1555 1830 1606; x_wconf 89' lang='lat' dir='ltr'><strong>Dominicam.</strong></span> 
     </span>
    </p>
   </div>
   <div class='ocr_carea' id='block_1_16' title="bbox 674 1636 2233 1709">
    <p class='ocr_par' dir='ltr' id='par_1_16' title="bbox 674 1636 2233 1709">
     <span class='ocr_line' id='line_1_16' title="bbox 674 1636 2233 1709; baseline -0.001 -16"><span class='ocrx_word' id='word_1_102' title='bbox 674 1638 904 1705; x_wconf 84' lang='lat' dir='ltr'><strong>Exerce,</strong></span> <span class='ocrx_word' id='word_1_103' title='bbox 937 1637 1226 1705; x_wconf 86' lang='lat' dir='ltr'><strong>liberator,</strong></span> <span class='ocrx_word' id='word_1_104' title='bbox 1255 1638 1317 1692; x_wconf 92' lang='lat' dir='ltr'><strong>in</strong></span> <span class='ocrx_word' id='word_1_105' title='bbox 1353 1637 1515 1692; x_wconf 89' lang='lat' dir='ltr'><strong>nobis</strong></span> <span class='ocrx_word' id='word_1_106' title='bbox 1556 1638 1704 1708; x_wconf 87' lang='lat' dir='ltr'><strong>juris</strong></span> <span class='ocrx_word' id='word_1_107' title='bbox 1738 1636 1955 1709; x_wconf 86' lang='lat' dir='ltr'><strong>proprii</strong></span> <span class='ocrx_word' id='word_1_108' title='bbox 2000 1636 2233 1692; x_wconf 88' lang='lat' dir='ltr'><strong>faculta-</strong></span> 
     </span>
    </p>
   </div>
   <div class='ocr_carea' id='block_1_17' title="bbox 601 1731 2237 1804">
    <p class='ocr_par' dir='ltr' id='par_1_17' title="bbox 601 1731 2237 1804">
     <span class='ocr_line' id='line_1_17' title="bbox 601 1731 2237 1804; baseline 0 -17"><span class='ocrx_word' id='word_1_109' title='bbox 601 1737 742 1801; x_wconf 85' lang='lat' dir='ltr'><strong>tem,</strong></span> <span class='ocrx_word' id='word_1_110' title='bbox 772 1732 869 1804; x_wconf 87' lang='lat' dir='ltr'><strong>qui</strong></span> <span class='ocrx_word' id='word_1_111' title='bbox 896 1732 1166 1786; x_wconf 86' lang='lat' dir='ltr'><strong>Lazarum</strong></span> <span class='ocrx_word' id='word_1_112' title='bbox 1190 1731 1417 1801; x_wconf 86' lang='lat' dir='ltr'><strong>virtute,</strong></span> <span class='ocrx_word' id='word_1_113' title='bbox 1446 1731 1675 1786; x_wconf 88' lang='lat' dir='ltr'><strong>Mariam</strong></span> <span class='ocrx_word' id='word_1_114' title='bbox 1701 1731 1933 1802; x_wconf 83' lang='lat' dir='ltr'><strong>pietate,</strong></span> <span class='ocrx_word' id='word_1_115' title='bbox 1962 1731 2237 1787; x_wconf 81' lang='lat' dir='ltr'><strong>Martham</strong></span> 
     </span>
    </p>
   </div>
   <div class='ocr_carea' id='block_1_18' title="bbox 600 1823 2311 1898">
    <p class='ocr_par' dir='ltr' id='par_1_18' title="bbox 600 1823 2311 1898">
     <span class='ocr_line' id='line_1_18' title="bbox 600 1823 2311 1898; baseline 0 -18"><span class='ocrx_word' id='word_1_116' title='bbox 600 1825 796 1880; x_wconf 89' lang='lat' dir='ltr'><strong>labore</strong></span> <span class='ocrx_word' id='word_1_117' title='bbox 822 1842 1178 1894; x_wconf 89' lang='lat' dir='ltr'><strong>remuneras;</strong></span> <span class='ocrx_word' id='word_1_118' title='bbox 1207 1825 1458 1880; x_wconf 81' lang='lat' dir='ltr'><strong>favorem</strong></span> <span class='ocrx_word' id='word_1_119' title='bbox 1498 1824 1679 1895; x_wconf 90' lang='lat' dir='ltr'><strong>plebis</strong></span> <span class='ocrx_word' id='word_1_120' title='bbox 1709 1823 1939 1895; x_wconf 84' lang='lat' dir='ltr'><strong>excipis,</strong></span> <span class='ocrx_word' id='word_1_121' title='bbox 1993 1830 2049 1880; x_wconf 92' lang='lat' dir='ltr'><strong>et</strong></span> <span class='ocrx_word' id='word_1_122' title='bbox 2083 1825 2235 1896; x_wconf 88' lang='lat' dir='ltr'><strong>pacis</strong></span> <span class='ocrx_word' id='word_1_123' title='bbox 2254 1826 2311 1898; x_wconf 87' lang='lat' dir='ltr'><strong>B</strong></span> 
     </span>
    </p>
   </div>
   <div class='ocr_carea' id='block_1_19' title="bbox 600 1919 1944 1990">
    <p class='ocr_par' dir='ltr' id='par_1_19' title="bbox 600 1919 1944 1990">
     <span class='ocr_line' id='line_1_19' title="bbox 600 1919 1944 1990; baseline -0.001 -16"><span class='ocrx_word' id='word_1_124' title='bbox 600 1936 733 1974; x_wconf 87' lang='lat' dir='ltr'><strong>voce</strong></span> <span class='ocrx_word' id='word_1_125' title='bbox 764 1920 1006 1974; x_wconf 89' lang='lat' dir='ltr'><strong>concina</strong></span> <span class='ocrx_word' id='word_1_126' title='bbox 1032 1919 1309 1990; x_wconf 86' lang='lat' dir='ltr'><strong>gloriaris.</strong></span> <span class='ocrx_word' id='word_1_127' title='bbox 1340 1920 1445 1974; x_wconf 89' lang='lat' dir='ltr'><strong>Per</strong></span> <span class='ocrx_word' id='word_1_128' title='bbox 1473 1919 1632 1972; x_wconf 89' lang='lat' dir='ltr'><strong>Dom.</strong></span> <span class='ocrx_word' id='word_1_129' title='bbox 1663 1922 1944 1973; x_wconf 88' lang='lat' dir='ltr'><strong>nostrum.</strong></span> 
     </span>
    </p>
   </div>
   <div class='ocr_carea' id='block_1_20' title="bbox 1151 2016 1674 2080">
    <p class='ocr_par' dir='ltr' id='par_1_20' title="bbox 1151 2016 1674 2080">
     <span class='ocr_line' id='line_1_20' title="bbox 1151 2016 1674 2080; baseline 0 -14"><span class='ocrx_word' id='word_1_130' title='bbox 1151 2016 1453 2066; x_wconf 84' lang='lat' dir='ltr'><strong>Benedictio</strong></span> <span class='ocrx_word' id='word_1_131' title='bbox 1476 2016 1674 2080; x_wconf 79' lang='lat' dir='ltr'><strong>papuli.</strong></span> 
     </span>
    </p>
   </div>
   <div class='ocr_carea' id='block_1_21' title="bbox 671 2095 2231 2171">
    <p class='ocr_par' dir='ltr' id='par_1_21' title="bbox 671 2095 2231 2171">
     <span class='ocr_line' id='line_1_21' title="bbox 671 2095 2231 2171; baseline -0.003 -14"><span class='ocrx_word' id='word_1_132' title='bbox 671 2095 861 2170; x_wconf 81' lang='grc'><strong>347</strong></span> <span class='ocrx_word' id='word_1_133' title='bbox 887 2099 1216 2157; x_wconf 90' lang='lat' dir='ltr'><strong>Perseveret</strong></span> <span class='ocrx_word' id='word_1_134' title='bbox 1242 2098 1300 2151; x_wconf 92' lang='lat' dir='ltr'><strong>in</strong></span> <span class='ocrx_word' id='word_1_135' title='bbox 1329 2098 1439 2167; x_wconf 87' lang='lat' dir='ltr'><strong>his,</strong></span> <span class='ocrx_word' id='word_1_136' title='bbox 1480 2098 1735 2166; x_wconf 89' lang='lat' dir='ltr'><strong>Domine,</strong></span> <span class='ocrx_word' id='word_1_137' title='bbox 1777 2099 1999 2155; x_wconf 68' lang='lat' dir='ltr'><strong>caaleste</strong></span> <span class='ocrx_word' id='word_1_138' title='bbox 2039 2099 2231 2171; x_wconf 84' lang='lat' dir='ltr'><strong>signa-</strong></span> 
     </span>
    </p>
   </div>
   <div class='ocr_carea' id='block_1_22' title="bbox 597 2190 2230 2265">
    <p class='ocr_par' dir='ltr' id='par_1_22' title="bbox 597 2190 2230 2265">
     <span class='ocr_line' id='line_1_22' title="bbox 597 2190 2230 2265; baseline 0.001 -19"><span class='ocrx_word' id='word_1_139' title='bbox 597 2190 811 2260; x_wconf 87' lang='lat' dir='ltr'><strong>culum,</strong></span> <span class='ocrx_word' id='word_1_140' title='bbox 842 2192 998 2262; x_wconf 92' lang='lat' dir='ltr'><strong>quod</strong></span> <span class='ocrx_word' id='word_1_141' title='bbox 1025 2191 1086 2245; x_wconf 90' lang='lat' dir='ltr'><strong>in</strong></span> <span class='ocrx_word' id='word_1_142' title='bbox 1116 2190 1196 2246; x_wconf 90' lang='lat' dir='ltr'><strong>eis</strong></span> <span class='ocrx_word' id='word_1_143' title='bbox 1224 2190 1483 2246; x_wconf 90' lang='lat' dir='ltr'><strong>conferre</strong></span> <span class='ocrx_word' id='word_1_144' title='bbox 1515 2191 1783 2262; x_wconf 88' lang='lat' dir='ltr'><strong>dignatus</strong></span> <span class='ocrx_word' id='word_1_145' title='bbox 1815 2208 1874 2247; x_wconf 89' lang='lat' dir='ltr'><strong>es</strong></span> <span class='ocrx_word' id='word_1_146' title='bbox 1905 2192 1973 2263; x_wconf 81' lang='lat' dir='ltr'><strong>-l-;</strong></span> <span class='ocrx_word' id='word_1_147' title='bbox 2002 2197 2069 2247; x_wconf 91' lang='lat' dir='ltr'><strong>ut</strong></span> <span class='ocrx_word' id='word_1_148' title='bbox 2094 2210 2230 2265; x_wconf 84' lang='lat' dir='ltr'><strong>pro-</strong></span> 
     </span>
    </p>
   </div>
   <div class='ocr_carea' id='block_1_23' title="bbox 597 2283 2231 2356">
    <p class='ocr_par' dir='ltr' id='par_1_23' title="bbox 597 2283 2231 2356">
     <span class='ocr_line' id='line_1_23' title="bbox 597 2283 2231 2356; baseline 0.001 -16"><span class='ocrx_word' id='word_1_149' title='bbox 597 2286 730 2340; x_wconf 91' lang='lat' dir='ltr'><strong>tecti</strong></span> <span class='ocrx_word' id='word_1_150' title='bbox 782 2284 995 2356; x_wconf 86' lang='lat' dir='ltr'><strong>Spiritu</strong></span> <span class='ocrx_word' id='word_1_151' title='bbox 1046 2288 1260 2355; x_wconf 88' lang='lat' dir='ltr'><strong>sancto,</strong></span> <span class='ocrx_word' id='word_1_152' title='bbox 1310 2283 1730 2341; x_wconf 89' lang='lat' dir='ltr'><strong>incrementum</strong></span> <span class='ocrx_word' id='word_1_153' title='bbox 1781 2285 1933 2355; x_wconf 90' lang='lat' dir='ltr'><strong>ﬁdei,</strong></span> <span class='ocrx_word' id='word_1_154' title='bbox 1994 2287 2231 2342; x_wconf 84' lang='lat' dir='ltr'><strong>tutelam</strong></span> 
     </span>
    </p>
   </div>
   <div class='ocr_carea' id='block_1_24' title="bbox 595 2377 2228 2452">
    <p class='ocr_par' dir='ltr' id='par_1_24' title="bbox 595 2377 2228 2452">
     <span class='ocr_line' id='line_1_24' title="bbox 595 2377 2228 2452; baseline 0.002 -20"><span class='ocrx_word' id='word_1_155' title='bbox 595 2378 897 2447; x_wconf 90' lang='lat' dir='ltr'><strong>mentium,</strong></span> <span class='ocrx_word' id='word_1_156' title='bbox 952 2377 1250 2432; x_wconf 87' lang='lat' dir='ltr'><strong>sanitatem</strong></span> <span class='ocrx_word' id='word_1_157' title='bbox 1294 2394 1601 2451; x_wconf 88' lang='lat' dir='ltr'><strong>corporum</strong></span> <span class='ocrx_word' id='word_1_158' title='bbox 1652 2379 1921 2452; x_wconf 89' lang='lat' dir='ltr'><strong>consequi</strong></span> <span class='ocrx_word' id='word_1_159' title='bbox 1968 2396 2228 2436; x_wconf 89' lang='lat' dir='ltr'><strong>merean-</strong></span> 
     </span>
    </p>
   </div>
   <div class='ocr_carea' id='block_1_25' title="bbox 600 2474 781 2536">
    <p class='ocr_par' dir='ltr' id='par_1_25' title="bbox 600 2474 781 2536">
     <span class='ocr_line' id='line_1_25' title="bbox 600 2474 781 2536; baseline -0.017 -10"><span class='ocrx_word' id='word_1_160' title='bbox 600 2476 697 2526; x_wconf 87' lang='lat' dir='ltr'><strong>tur</strong></span> <span class='ocrx_word' id='word_1_161' title='bbox 723 2474 781 2536; x_wconf 73' lang='lat'><strong>+.</strong></span> 
     </span>
    </p>
   </div>
   <div class='ocr_carea' id='block_1_26' title="bbox 667 2563 2230 2639">
    <p class='ocr_par' dir='ltr' id='par_1_26' title="bbox 667 2563 2230 2639">
     <span class='ocr_line' id='line_1_26' title="bbox 667 2563 2230 2639; baseline 0.004 -21"><span class='ocrx_word' id='word_1_162' title='bbox 667 2564 920 2619; x_wconf 88' lang='lat' dir='ltr'><strong>Concede</strong></span> <span class='ocrx_word' id='word_1_163' title='bbox 942 2563 1004 2618; x_wconf 89' lang='lat' dir='ltr'><strong>in</strong></span> <span class='ocrx_word' id='word_1_164' title='bbox 1032 2563 1121 2618; x_wconf 90' lang='lat' dir='ltr'><strong>his</strong></span> <span class='ocrx_word' id='word_1_165' title='bbox 1162 2564 1545 2621; x_wconf 84' lang='lat' dir='ltr'><strong>immaculatae</strong></span> <span class='ocrx_word' id='word_1_166' title='bbox 1591 2567 1721 2622; x_wconf 59' lang='lat' dir='ltr'><strong>vitae</strong></span> <span class='ocrx_word' id='word_1_167' title='bbox 1769 2566 2011 2639; x_wconf 78' lang='lat' dir='ltr'><strong>divitias,</strong></span> <span class='ocrx_word' id='word_1_168' title='bbox 2057 2568 2230 2624; x_wconf 88' lang='lat' dir='ltr'><strong>ﬁdem</strong></span> 
     </span>
    </p>
   </div>
   <div class='ocr_carea' id='block_1_27' title="bbox 594 2658 2229 2732">
    <p class='ocr_par' dir='ltr' id='par_1_27' title="bbox 594 2658 2229 2732">
     <span class='ocr_line' id='line_1_27' title="bbox 594 2658 2229 2732; baseline 0.003 -19"><span class='ocrx_word' id='word_1_169' title='bbox 594 2662 831 2724; x_wconf 86' lang='lat' dir='ltr'><strong>rectam,</strong></span> <span class='ocrx_word' id='word_1_170' title='bbox 849 2673 1047 2729; x_wconf 89' lang='lat' dir='ltr'><strong>pacem</strong></span> <span class='ocrx_word' id='word_1_171' title='bbox 1056 2658 1356 2729; x_wconf 88' lang='lat' dir='ltr'><strong>sinceram,</strong></span> <span class='ocrx_word' id='word_1_172' title='bbox 1368 2660 1701 2732; x_wconf 82' lang='lat' dir='ltr'><strong>patientiam</strong></span> <span class='ocrx_word' id='word_1_173' title='bbox 1713 2665 1984 2730; x_wconf 88' lang='lat' dir='ltr'><strong>sanctam,</strong></span> <span class='ocrx_word' id='word_1_174' title='bbox 2001 2663 2229 2718; x_wconf 90' lang='lat' dir='ltr'><strong>humili-</strong></span> 
     </span>
    </p>
   </div>
   <div class='ocr_carea' id='block_1_28' title="bbox 592 2752 2225 2829">
    <p class='ocr_par' dir='ltr' id='par_1_28' title="bbox 592 2752 2225 2829">
     <span class='ocr_line' id='line_1_28' title="bbox 592 2752 2225 2829; baseline 0.003 -22"><span class='ocrx_word' id='word_1_175' title='bbox 592 2755 766 2807; x_wconf 87' lang='lat' dir='ltr'><strong>tatem</strong></span> <span class='ocrx_word' id='word_1_176' title='bbox 792 2752 1134 2823; x_wconf 80' lang='lat' dir='ltr'><strong>religiosam,</strong></span> <span class='ocrx_word' id='word_1_177' title='bbox 1165 2759 1223 2808; x_wconf 87' lang='lat' dir='ltr'><strong>et</strong></span> <span class='ocrx_word' id='word_1_178' title='bbox 1251 2754 1655 2809; x_wconf 89' lang='lat' dir='ltr'><strong>conscientiam</strong></span> <span class='ocrx_word' id='word_1_179' title='bbox 1680 2772 1885 2827; x_wconf 90' lang='lat' dir='ltr'><strong>puram</strong></span> <span class='ocrx_word' id='word_1_180' title='bbox 1899 2753 1958 2816; x_wconf 58' lang='lat' dir='ltr'><strong>in</strong></span> <span class='ocrx_word' id='word_1_181' title='bbox 1987 2758 2225 2829; x_wconf 89' lang='lat' dir='ltr'><strong>Prospe-</strong></span> 
     </span>
    </p>
   </div>
   <div class='ocr_carea' id='block_1_29' title="bbox 590 2845 2223 2923">
    <p class='ocr_par' dir='ltr' id='par_1_29' title="bbox 590 2845 2223 2923">
     <span class='ocr_line' id='line_1_29' title="bbox 590 2845 2223 2923; baseline 0.003 -22"><span class='ocrx_word' id='word_1_182' title='bbox 590 2850 679 2901; x_wconf 90' lang='lat' dir='ltr'><strong>ret</strong></span> <span class='ocrx_word' id='word_1_183' title='bbox 706 2845 785 2900; x_wconf 90' lang='lat' dir='ltr'><strong>eis</strong></span> <span class='ocrx_word' id='word_1_184' title='bbox 811 2846 1063 2900; x_wconf 83' lang='lat' dir='ltr'><strong>sanitatis</strong></span> <span class='ocrx_word' id='word_1_185' title='bbox 1104 2846 1321 2916; x_wconf 79' lang='lat' dir='ltr'><strong>laetitia,</strong></span> <span class='ocrx_word' id='word_1_186' title='bbox 1354 2848 1521 2918; x_wconf 89' lang='lat' dir='ltr'><strong>plena</strong></span> <span class='ocrx_word' id='word_1_187' title='bbox 1564 2848 1967 2904; x_wconf 85' lang='lat' dir='ltr'><strong>incolumitatis</strong></span> <span class='ocrx_word' id='word_1_188' title='bbox 1995 2851 2223 2923; x_wconf 85' lang='lat' dir='ltr'><strong>gaudia,</strong></span> 
     </span>
    </p>
   </div>
   <div class='ocr_carea' id='block_1_30' title="bbox 589 2940 2225 3016">
    <p class='ocr_par' dir='ltr' id='par_1_30' title="bbox 589 2940 2225 3016">
     <span class='ocr_line' id='line_1_30' title="bbox 589 2940 2225 3016; baseline 0.003 -20"><span class='ocrx_word' id='word_1_189' title='bbox 589 2944 646 2996; x_wconf 92' lang='lat' dir='ltr'><strong>et</strong></span> <span class='ocrx_word' id='word_1_190' title='bbox 681 2940 1123 2996; x_wconf 90' lang='lat' dir='ltr'><strong>inluminatione</strong></span> <span class='ocrx_word' id='word_1_191' title='bbox 1170 2945 1385 2996; x_wconf 71' lang='lat' dir='ltr'><strong>azterna</strong></span> <span class='ocrx_word' id='word_1_192' title='bbox 1406 2945 1475 3013; x_wconf 58' lang='grc' dir='ltr'><strong>ἧος</strong></span> <span class='ocrx_word' id='word_1_193' title='bbox 1516 2946 1582 2997; x_wconf 90' lang='lat' dir='ltr'><strong>ut</strong></span> <span class='ocrx_word' id='word_1_194' title='bbox 1616 2947 1805 2998; x_wconf 88' lang='lat' dir='ltr'><strong>sancte</strong></span> <span class='ocrx_word' id='word_1_195' title='bbox 1847 2943 2117 3016; x_wconf 80' lang='lat' dir='ltr'><strong>viventes,</strong></span> <span class='ocrx_word' id='word_1_196' title='bbox 2156 2946 2225 3001; x_wconf 89' lang='lat' dir='ltr'><strong>de</strong></span> 
     </span>
    </p>
   </div>
   <div class='ocr_carea' id='block_1_31' title="bbox 560 3033 2228 3111">
    <p class='ocr_par' dir='ltr' id='par_1_31' title="bbox 560 3033 2228 3111">
     <span class='ocr_line' id='line_1_31' title="bbox 560 3033 2228 3111; baseline 0.004 -22"><span class='ocrx_word' id='word_1_197' title='bbox 560 3034 694 3111; x_wconf 42' lang='lat' dir='ltr'><strong>‘hac</strong></span> <span class='ocrx_word' id='word_1_198' title='bbox 713 3033 918 3089; x_wconf 90' lang='lat' dir='ltr'><strong>humili</strong></span> <span class='ocrx_word' id='word_1_199' title='bbox 941 3036 1283 3107; x_wconf 89' lang='lat' dir='ltr'><strong>terrenaque</strong></span> <span class='ocrx_word' id='word_1_200' title='bbox 1322 3036 1579 3108; x_wconf 89' lang='lat' dir='ltr'><strong>prosapia</strong></span> <span class='ocrx_word' id='word_1_201' title='bbox 1613 3037 1852 3093; x_wconf 87' lang='lat' dir='ltr'><strong>heredes</strong></span> <span class='ocrx_word' id='word_1_202' title='bbox 1890 3039 2138 3095; x_wconf 79' lang='lat' dir='ltr'><strong>caelestes</strong></span> <span class='ocrx_word' id='word_1_203' title='bbox 2165 3039 2228 3095; x_wconf 90' lang='lat' dir='ltr'><strong>in</strong></span> 
     </span>
    </p>
   </div>
   <div class='ocr_carea' id='block_1_32' title="bbox 587 3128 2222 3206">
    <p class='ocr_par' dir='ltr' id='par_1_32' title="bbox 587 3128 2222 3206">
     <span class='ocr_line' id='line_1_32' title="bbox 587 3128 2222 3206; baseline 0.003 -23"><span class='ocrx_word' id='word_1_204' title='bbox 587 3128 684 3183; x_wconf 89' lang='lat' dir='ltr'><strong>illo</strong></span> <span class='ocrx_word' id='word_1_205' title='bbox 708 3128 888 3185; x_wconf 83' lang='lat' dir='ltr'><strong>beatae</strong></span> <span class='ocrx_word' id='word_1_206' title='bbox 921 3128 1119 3201; x_wconf 85' lang='lat' dir='ltr'><strong>gloriae</strong></span> <span class='ocrx_word' id='word_1_207' title='bbox 1147 3145 1325 3201; x_wconf 90' lang='lat' dir='ltr'><strong>regno</strong></span> <span class='ocrx_word' id='word_1_208' title='bbox 1352 3146 1485 3185; x_wconf 90' lang='lat' dir='ltr'><strong>cum</strong></span> <span class='ocrx_word' id='word_1_209' title='bbox 1518 3129 1711 3187; x_wconf 89' lang='lat' dir='ltr'><strong>electis</strong></span> <span class='ocrx_word' id='word_1_210' title='bbox 1753 3132 1970 3204; x_wconf 81' lang='lat' dir='ltr'><strong>angelis</strong></span> <span class='ocrx_word' id='word_1_211' title='bbox 2011 3138 2069 3188; x_wconf 90' lang='lat' dir='ltr'><strong>te</strong></span> <span class='ocrx_word' id='word_1_212' title='bbox 2115 3134 2222 3206; x_wconf 87' lang='lat' dir='ltr'><strong>hy-</strong></span> 
     </span>
    </p>
   </div>
   <div class='ocr_carea' id='block_1_33' title="bbox 586 3222 2226 3284">
    <p class='ocr_par' dir='ltr' id='par_1_33' title="bbox 586 3222 2226 3284">
     <span class='ocr_line' id='line_1_33' title="bbox 586 3222 2226 3284; baseline 0.004 -6"><span class='ocrx_word' id='word_1_213' title='bbox 586 3237 722 3278; x_wconf 91' lang='lat' dir='ltr'><strong>mno</strong></span> <span class='ocrx_word' id='word_1_214' title='bbox 750 3222 1110 3279; x_wconf 87' lang='lat' dir='ltr'><strong>confessionis</strong></span> <span class='ocrx_word' id='word_1_215' title='bbox 1136 3223 1257 3278; x_wconf 90' lang='lat' dir='ltr'><strong>sine</strong></span> <span class='ocrx_word' id='word_1_216' title='bbox 1275 3222 1388 3280; x_wconf 88' lang='lat' dir='ltr'><strong>ﬁne</strong></span> <span class='ocrx_word' id='word_1_217' title='bbox 1408 3226 1767 3283; x_wconf 90' lang='lat' dir='ltr'><strong>conlaudent.</strong></span> <span class='ocrx_word' id='word_1_218' title='bbox 1791 3228 1896 3283; x_wconf 89' lang='lat' dir='ltr'><strong>Per</strong></span> <span class='ocrx_word' id='word_1_219' title='bbox 1921 3228 2226 3284; x_wconf 90' lang='lat' dir='ltr'><strong>Dominum</strong></span> 
     </span>
    </p>
   </div>
   <div class='ocr_carea' id='block_1_34' title="bbox 585 3321 868 3372">
    <p class='ocr_par' dir='ltr' id='par_1_34' title="bbox 585 3321 868 3372">
     <span class='ocr_line' id='line_1_34' title="bbox 585 3321 868 3372; baseline 0.004 -1"><span class='ocrx_word' id='word_1_220' title='bbox 585 3321 868 3372; x_wconf 88' lang='lat' dir='ltr'><strong>nostrum.</strong></span> 
     </span>
    </p>
   </div>
   <div class='ocr_carea' id='block_1_35' title="bbox 988 3387 1806 3453">
    <p class='ocr_par' dir='ltr' id='par_1_35' title="bbox 988 3387 1806 3453">
     <span class='ocr_line' id='line_1_35' title="bbox 988 3387 1806 3453; baseline 0.002 -16"><span class='ocrx_word' id='word_1_221' title='bbox 988 3387 1223 3438; x_wconf 60' lang='lat' dir='ltr'><strong>Praefatio</strong></span> <span class='ocrx_word' id='word_1_222' title='bbox 1256 3392 1375 3453; x_wconf 85' lang='lat' dir='ltr'><strong>post</strong></span> <span class='ocrx_word' id='word_1_223' title='bbox 1407 3389 1806 3440; x_wconf 85' lang='lat' dir='ltr'><strong>Eucharistiam.</strong></span> 
     </span>
    </p>
   </div>
   <div class='ocr_carea' id='block_1_36' title="bbox 656 3468 2225 3543">
    <p class='ocr_par' dir='ltr' id='par_1_36' title="bbox 656 3468 2225 3543">
     <span class='ocr_line' id='line_1_36' title="bbox 656 3468 2225 3543; baseline 0.005 -20"><span class='ocrx_word' id='word_1_224' title='bbox 656 3468 930 3540; x_wconf 78' lang='lat' dir='ltr'><strong>Acceptis,</strong></span> <span class='ocrx_word' id='word_1_225' title='bbox 985 3469 1187 3525; x_wconf 88' lang='lat' dir='ltr'><strong>fratres</strong></span> <span class='ocrx_word' id='word_1_226' title='bbox 1228 3469 1522 3540; x_wconf 87' lang='lat' dir='ltr'><strong>carissimi,</strong></span> <span class='ocrx_word' id='word_1_227' title='bbox 1576 3471 1921 3543; x_wconf 90' lang='lat' dir='ltr'><strong>spiritalibus</strong></span> <span class='ocrx_word' id='word_1_228' title='bbox 1963 3472 2121 3542; x_wconf 87' lang='lat' dir='ltr'><strong>cibis,</strong></span> <span class='ocrx_word' id='word_1_229' title='bbox 2168 3479 2225 3531; x_wconf 89' lang='lat' dir='ltr'><strong>et</strong></span> 
     </span>
    </p>
   </div>
   <div class='ocr_carea' id='block_1_37' title="bbox 583 3561 2220 3640">
    <p class='ocr_par' dir='ltr' id='par_1_37' title="bbox 583 3561 2220 3640">
     <span class='ocr_line' id='line_1_37' title="bbox 583 3561 2220 3640; baseline 0.005 -25"><span class='ocrx_word' id='word_1_230' title='bbox 583 3561 791 3617; x_wconf 88' lang='lat' dir='ltr'><strong>Christi</strong></span> <span class='ocrx_word' id='word_1_231' title='bbox 852 3579 1049 3617; x_wconf 90' lang='lat' dir='ltr'><strong>cruore</strong></span> <span class='ocrx_word' id='word_1_232' title='bbox 1098 3566 1343 3635; x_wconf 85' lang='lat' dir='ltr'><strong>gustato,</strong></span> <span class='ocrx_word' id='word_1_233' title='bbox 1386 3568 1648 3635; x_wconf 88' lang='lat' dir='ltr'><strong>petamus</strong></span> <span class='ocrx_word' id='word_1_234' title='bbox 1698 3569 1764 3620; x_wconf 92' lang='lat' dir='ltr'><strong>ut</strong></span> <span class='ocrx_word' id='word_1_235' title='bbox 1798 3565 2079 3637; x_wconf 87' lang='lat' dir='ltr'><strong>possideat</strong></span> <span class='ocrx_word' id='word_1_236' title='bbox 2116 3584 2220 3640; x_wconf 91' lang='lat' dir='ltr'><strong>pe-</strong></span> 
     </span>
    </p>
   </div>
   <div class='ocr_carea' id='block_1_38' title="bbox 582 3656 2223 3733">
    <p class='ocr_par' dir='ltr' id='par_1_38' title="bbox 582 3656 2223 3733">
     <span class='ocr_line' id='line_1_38' title="bbox 582 3656 2223 3733; baseline 0.004 -23"><span class='ocrx_word' id='word_1_237' title='bbox 582 3659 755 3727; x_wconf 89' lang='lat' dir='ltr'><strong>ctora,</strong></span> <span class='ocrx_word' id='word_1_238' title='bbox 783 3656 882 3729; x_wconf 91' lang='lat' dir='ltr'><strong>qui</strong></span> <span class='ocrx_word' id='word_1_239' title='bbox 921 3660 1115 3712; x_wconf 90' lang='lat' dir='ltr'><strong>nostra</strong></span> <span class='ocrx_word' id='word_1_240' title='bbox 1155 3674 1253 3713; x_wconf 90' lang='lat' dir='ltr'><strong>ora</strong></span> <span class='ocrx_word' id='word_1_241' title='bbox 1303 3658 1571 3729; x_wconf 86' lang='lat' dir='ltr'><strong>dignatus</strong></span> <span class='ocrx_word' id='word_1_242' title='bbox 1614 3662 1699 3713; x_wconf 91' lang='lat' dir='ltr'><strong>est</strong></span> <span class='ocrx_word' id='word_1_243' title='bbox 1733 3659 2077 3716; x_wconf 87' lang='lat' dir='ltr'><strong>sanctiﬁcare</strong></span> <span class='ocrx_word' id='word_1_244' title='bbox 2118 3678 2223 3733; x_wconf 90' lang='lat' dir='ltr'><strong>per</strong></span> 
     </span>
    </p>
   </div>
   <div class='ocr_carea' id='block_1_39' title="bbox 578 3751 2216 3827">
    <p class='ocr_par' dir='ltr' id='par_1_39' title="bbox 578 3751 2216 3827">
     <span class='ocr_line' id='line_1_39' title="bbox 578 3751 2216 3827; baseline 0.002 -21"><span class='ocrx_word' id='word_1_245' title='bbox 578 3767 862 3806; x_wconf 89' lang='lat' dir='ltr'><strong>munera:</strong></span> <span class='ocrx_word' id='word_1_246' title='bbox 910 3751 1029 3824; x_wconf 89' lang='lat' dir='ltr'><strong>ipse</strong></span> <span class='ocrx_word' id='word_1_247' title='bbox 1081 3751 1329 3824; x_wconf 90' lang='lat' dir='ltr'><strong>corporis</strong></span> <span class='ocrx_word' id='word_1_248' title='bbox 1385 3752 1563 3807; x_wconf 90' lang='lat' dir='ltr'><strong>nostri</strong></span> <span class='ocrx_word' id='word_1_249' title='bbox 1616 3757 1824 3824; x_wconf 84' lang='lat' dir='ltr'><strong>purget</strong></span> <span class='ocrx_word' id='word_1_250' title='bbox 1863 3754 2216 3827; x_wconf 81' lang='lat' dir='ltr'><strong>hospitium;</strong></span> 
     </span>
    </p>
   </div>
   <div class='ocr_carea' id='block_1_40' title="bbox 578 3845 2215 3918">
    <p class='ocr_par' dir='ltr' id='par_1_40' title="bbox 578 3845 2215 3918">
     <span class='ocr_line' id='line_1_40' title="bbox 578 3845 2215 3918; baseline 0.002 -18"><span class='ocrx_word' id='word_1_251' title='bbox 578 3847 811 3918; x_wconf 88' lang='lat' dir='ltr'><strong>totoque</strong></span> <span class='ocrx_word' id='word_1_252' title='bbox 836 3845 1136 3901; x_wconf 89' lang='lat' dir='ltr'><strong>intrisecus</strong></span> <span class='ocrx_word' id='word_1_253' title='bbox 1151 3846 1382 3901; x_wconf 88' lang='lat' dir='ltr'><strong>homine</strong></span> <span class='ocrx_word' id='word_1_254' title='bbox 1397 3846 1638 3917; x_wconf 89' lang='lat' dir='ltr'><strong>deterso,</strong></span> <span class='ocrx_word' id='word_1_255' title='bbox 1658 3848 2012 3903; x_wconf 86' lang='lat' dir='ltr'><strong>sanctiﬁcatis</strong></span> <span class='ocrx_word' id='word_1_256' title='bbox 2034 3866 2215 3906; x_wconf 89' lang='lat' dir='ltr'><strong>mem-</strong></span> 
     </span>
    </p>
   </div>
   <div class='ocr_carea' id='block_1_41' title="bbox 581 3938 1638 4011">
    <p class='ocr_par' dir='ltr' id='par_1_41' title="bbox 581 3938 1638 4011">
     <span class='ocr_line' id='line_1_41' title="bbox 581 3938 1638 4011; baseline 0.002 -17"><span class='ocrx_word' id='word_1_257' title='bbox 581 3938 701 3994; x_wconf 90' lang='lat' dir='ltr'><strong>bris</strong></span> <span class='ocrx_word' id='word_1_258' title='bbox 727 3940 957 3994; x_wconf 88' lang='lat' dir='ltr'><strong>innovet</strong></span> <span class='ocrx_word' id='word_1_259' title='bbox 983 3939 1247 4011; x_wconf 90' lang='lat' dir='ltr'><strong>spiritum</strong></span> <span class='ocrx_word' id='word_1_260' title='bbox 1278 3940 1638 3996; x_wconf 88' lang='lat' dir='ltr'><strong>sanctiorem.</strong></span> 
     </span>
    </p>
   </div>
   <div class='ocr_carea' id='block_1_42' title="bbox 1268 4038 1537 4089">
    <p class='ocr_par' dir='ltr' id='par_1_42' title="bbox 1268 4038 1537 4089">
     <span class='ocr_line' id='line_1_42' title="bbox 1268 4038 1537 4089; baseline -0.007 -1"><span class='ocrx_word' id='word_1_261' title='bbox 1268 4038 1537 4089; x_wconf 90' lang='lat' dir='ltr'><strong>Collectio.</strong></span> 
     </span>
    </p>
   </div>
   <div class='ocr_carea' id='block_1_43' title="bbox 650 4117 2214 4191">
    <p class='ocr_par' dir='ltr' id='par_1_43' title="bbox 650 4117 2214 4191">
     <span class='ocr_line' id='line_1_43' title="bbox 650 4117 2214 4191; baseline 0.005 -20"><span class='ocrx_word' id='word_1_262' title='bbox 650 4118 815 4172; x_wconf 89' lang='lat' dir='ltr'><strong>Panis</strong></span> <span class='ocrx_word' id='word_1_263' title='bbox 840 4117 967 4173; x_wconf 71' lang='lat' dir='ltr'><strong>vitaz</strong></span> <span class='ocrx_word' id='word_1_264' title='bbox 994 4123 1199 4174; x_wconf 62' lang='lat' dir='ltr'><strong>nostrae</strong></span> <span class='ocrx_word' id='word_1_265' title='bbox 1227 4119 1433 4191; x_wconf 86' lang='lat' dir='ltr'><strong>aspice,</strong></span> <span class='ocrx_word' id='word_1_266' title='bbox 1469 4120 1617 4174; x_wconf 89' lang='lat' dir='ltr'><strong>Deus</strong></span> <span class='ocrx_word' id='word_1_267' title='bbox 1647 4136 1661 4173; x_wconf 87' lang='lat'><strong>:</strong></span> <span class='ocrx_word' id='word_1_268' title='bbox 1693 4120 1768 4175; x_wconf 92' lang='lat' dir='ltr'><strong>sis</strong></span> <span class='ocrx_word' id='word_1_269' title='bbox 1804 4121 2055 4177; x_wconf 90' lang='lat' dir='ltr'><strong>custodia</strong></span> <span class='ocrx_word' id='word_1_270' title='bbox 2088 4140 2214 4179; x_wconf 92' lang='lat' dir='ltr'><strong>cor-</strong></span> 
     </span>
    </p>
   </div>
   <div class='ocr_carea' id='block_1_44' title="bbox 574 4210 2216 4286">
    <p class='ocr_par' dir='ltr' id='par_1_44' title="bbox 574 4210 2216 4286">
     <span class='ocr_line' id='line_1_44' title="bbox 574 4210 2216 4286; baseline 0.004 -20"><span class='ocrx_word' id='word_1_271' title='bbox 574 4225 807 4283; x_wconf 90' lang='lat' dir='ltr'><strong>porum,</strong></span> <span class='ocrx_word' id='word_1_272' title='bbox 837 4211 911 4265; x_wconf 89' lang='lat' dir='ltr'><strong>sis</strong></span> <span class='ocrx_word' id='word_1_273' title='bbox 938 4210 1273 4267; x_wconf 85' lang='lat' dir='ltr'><strong>salviﬁcator</strong></span> <span class='ocrx_word' id='word_1_274' title='bbox 1291 4211 1634 4284; x_wconf 85' lang='lat' dir='ltr'><strong>animarum,</strong></span> <span class='ocrx_word' id='word_1_275' title='bbox 1665 4218 1727 4269; x_wconf 89' lang='lat' dir='ltr'><strong>ut</strong></span> <span class='ocrx_word' id='word_1_276' title='bbox 1759 4220 1987 4286; x_wconf 88' lang='lat' dir='ltr'><strong>pectora</strong></span> <span class='ocrx_word' id='word_1_277' title='bbox 2024 4222 2216 4273; x_wconf 90' lang='lat' dir='ltr'><strong>nostra</strong></span> 
     </span>
    </p>
   </div>
   <div class='ocr_carea' id='block_1_45' title="bbox 572 4305 2209 4379">
    <p class='ocr_par' dir='ltr' id='par_1_45' title="bbox 572 4305 2209 4379">
     <span class='ocr_line' id='line_1_45' title="bbox 572 4305 2209 4379; baseline 0.005 -19"><span class='ocrx_word' id='word_1_278' title='bbox 572 4309 730 4360; x_wconf 87' lang='lat' dir='ltr'><strong>tanto</strong></span> <span class='ocrx_word' id='word_1_279' title='bbox 753 4305 958 4377; x_wconf 92' lang='lat' dir='ltr'><strong>poculo</strong></span> <span class='ocrx_word' id='word_1_280' title='bbox 993 4305 1231 4379; x_wconf 88' lang='lat' dir='ltr'><strong>ciboque</strong></span> <span class='ocrx_word' id='word_1_281' title='bbox 1270 4305 1512 4377; x_wconf 88' lang='lat' dir='ltr'><strong>ﬁrmata,</strong></span> <span class='ocrx_word' id='word_1_282' title='bbox 1558 4306 1789 4363; x_wconf 89' lang='lat' dir='ltr'><strong>inimica</strong></span> <span class='ocrx_word' id='word_1_283' title='bbox 1833 4309 2052 4365; x_wconf 91' lang='lat' dir='ltr'><strong>subdoli</strong></span> <span class='ocrx_word' id='word_1_284' title='bbox 2090 4328 2209 4368; x_wconf 90' lang='lat' dir='ltr'><strong>ser-</strong></span> 
     </span>
    </p>
   </div>
   <div class='ocr_carea' id='block_1_46' title="bbox 573 4396 2212 4473">
    <p class='ocr_par' dir='ltr' id='par_1_46' title="bbox 573 4396 2212 4473">
     <span class='ocr_line' id='line_1_46' title="bbox 573 4396 2212 4473; baseline 0.005 -19"><span class='ocrx_word' id='word_1_285' title='bbox 573 4396 761 4471; x_wconf 88' lang='lat' dir='ltr'><strong>pentis</strong></span> <span class='ocrx_word' id='word_1_286' title='bbox 784 4399 1175 4456; x_wconf 89' lang='lat' dir='ltr'><strong>blandimenta</strong></span> <span class='ocrx_word' id='word_1_287' title='bbox 1192 4418 1310 4455; x_wconf 92' lang='lat' dir='ltr'><strong>non</strong></span> <span class='ocrx_word' id='word_1_288' title='bbox 1328 4400 1604 4473; x_wconf 85' lang='lat' dir='ltr'><strong>quatiant.</strong></span> <span class='ocrx_word' id='word_1_289' title='bbox 1628 4403 1734 4458; x_wconf 91' lang='lat' dir='ltr'><strong>Per</strong></span> <span class='ocrx_word' id='word_1_290' title='bbox 1759 4403 1923 4459; x_wconf 87' lang='lat' dir='ltr'><strong>Dom.</strong></span> <span class='ocrx_word' id='word_1_291' title='bbox 1950 4409 2212 4462; x_wconf 90' lang='lat' dir='ltr'><strong>nostrum</strong></span> 
     </span>
    </p>
   </div>
   <div class='ocr_carea' id='block_1_47' title="bbox 571 4492 1334 4551">
    <p class='ocr_par' dir='ltr' id='par_1_47' title="bbox 571 4492 1334 4551">
     <span class='ocr_line' id='line_1_47' title="bbox 571 4492 1334 4551; baseline 0.001 -1"><span class='ocrx_word' id='word_1_292' title='bbox 571 4492 763 4550; x_wconf 84' lang='lat' dir='ltr'><strong>Jesum</strong></span> <span class='ocrx_word' id='word_1_293' title='bbox 790 4493 1080 4551; x_wconf 88' lang='lat' dir='ltr'><strong>Christum</strong></span> <span class='ocrx_word' id='word_1_294' title='bbox 1108 4495 1334 4551; x_wconf 88' lang='lat' dir='ltr'><strong>Filium.</strong></span> 
     </span>
    </p>
   </div>
   <div class='ocr_carea' id='block_1_48' title="bbox 867 4600 1901 4663">
    <p class='ocr_par' dir='ltr' id='par_1_48' title="bbox 867 4600 1901 4663">
     <span class='ocr_line' id='line_1_48' title="bbox 867 4600 1901 4663; baseline 0.006 -8"><span class='ocrx_word' id='word_1_295' title='bbox 867 4600 998 4655; x_wconf 85' lang='lat' dir='ltr'><strong>XVI.</strong></span> <span class='ocrx_word' id='word_1_296' title='bbox 1026 4601 1065 4663; x_wconf 56' lang='lat' dir='ltr'><strong>J;</strong></span> <span class='ocrx_word' id='word_1_297' title='bbox 1101 4617 1295 4657; x_wconf 83' lang='lat' dir='ltr'><strong>INCIPIT</strong></span> <span class='ocrx_word' id='word_1_298' title='bbox 1335 4616 1606 4658; x_wconf 81' lang='lat' dir='ltr'><strong>EXPOSITIO</strong></span> <span class='ocrx_word' id='word_1_299' title='bbox 1646 4617 1901 4661; x_wconf 74' lang='lat' dir='ltr'><strong>srnmom.</strong></span> 
     </span>
    </p>
   </div>
   <div class='ocr_carea' id='block_1_49' title="bbox 642 4695 2203 4770">
    <p class='ocr_par' dir='ltr' id='par_1_49' title="bbox 642 4695 2203 4770">
     <span class='ocr_line' id='line_1_49' title="bbox 642 4695 2203 4770; baseline 0.003 -17"><span class='ocrx_word' id='word_1_300' title='bbox 642 4695 865 4755; x_wconf 86' lang='lat' dir='ltr'><strong>Fratres</strong></span> <span class='ocrx_word' id='word_1_301' title='bbox 893 4698 1263 4770; x_wconf 88' lang='lat' dir='ltr'><strong>dilectissimi,</strong></span> <span class='ocrx_word' id='word_1_302' title='bbox 1293 4700 1471 4756; x_wconf 88' lang='lat' dir='ltr'><strong>virtus</strong></span> <span class='ocrx_word' id='word_1_303' title='bbox 1499 4706 1584 4757; x_wconf 91' lang='lat' dir='ltr'><strong>est</strong></span> <span class='ocrx_word' id='word_1_304' title='bbox 1608 4703 1945 4758; x_wconf 89' lang='lat' dir='ltr'><strong>sacramenti</strong></span> <span class='ocrx_word' id='word_1_305' title='bbox 1972 4702 2203 4758; x_wconf 86' lang='lat' dir='ltr'><strong>inlumi-</strong></span> 
     </span>
    </p>
   </div>
   <div class='ocr_carea' id='block_1_50' title="bbox 570 4791 2204 4869">
    <p class='ocr_par' dir='ltr' id='par_1_50' title="bbox 570 4791 2204 4869">
     <span class='ocr_line' id='line_1_50' title="bbox 570 4791 2204 4869; baseline 0.004 -23"><span class='ocrx_word' id='word_1_306' title='bbox 570 4791 723 4847; x_wconf 89' lang='lat' dir='ltr'><strong>natio</strong></span> <span class='ocrx_word' id='word_1_307' title='bbox 750 4793 991 4863; x_wconf 65' lang='lat' dir='ltr'><strong>animae;</strong></span> <span class='ocrx_word' id='word_1_308' title='bbox 1019 4794 1312 4866; x_wconf 89' lang='lat' dir='ltr'><strong>plenitudo</strong></span> <span class='ocrx_word' id='word_1_309' title='bbox 1337 4800 1422 4851; x_wconf 89' lang='lat' dir='ltr'><strong>est</strong></span> <span class='ocrx_word' id='word_1_310' title='bbox 1454 4796 1718 4850; x_wconf 89' lang='lat' dir='ltr'><strong>credendi</strong></span> <span class='ocrx_word' id='word_1_311' title='bbox 1744 4796 1805 4851; x_wconf 90' lang='lat' dir='ltr'><strong>in</strong></span> <span class='ocrx_word' id='word_1_312' title='bbox 1849 4813 1935 4868; x_wconf 90' lang='lat' dir='ltr'><strong>eo,</strong></span> <span class='ocrx_word' id='word_1_313' title='bbox 1963 4798 2065 4869; x_wconf 90' lang='lat' dir='ltr'><strong>qui</strong></span> <span class='ocrx_word' id='word_1_314' title='bbox 2103 4798 2204 4853; x_wconf 83' lang='lat' dir='ltr'><strong>do-</strong></span> 
     </span>
    </p>
   </div>
   <div class='ocr_carea' id='block_1_51' title="bbox 568 4886 2203 4963">
    <p class='ocr_par' dir='ltr' id='par_1_51' title="bbox 568 4886 2203 4963">
     <span class='ocr_line' id='line_1_51' title="bbox 568 4886 2203 4963; baseline 0.004 -23"><span class='ocrx_word' id='word_1_315' title='bbox 568 4888 755 4963; x_wconf 77' lang='lat' dir='ltr'><strong>cetur,</strong></span> <span class='ocrx_word' id='word_1_316' title='bbox 779 4903 844 4941; x_wconf 91' lang='lat' dir='ltr'><strong>ac</strong></span> <span class='ocrx_word' id='word_1_317' title='bbox 874 4886 1109 4944; x_wconf 89' lang='lat' dir='ltr'><strong>discitur</strong></span> <span class='ocrx_word' id='word_1_318' title='bbox 1134 4907 1150 4958; x_wconf 92' lang='lat'><strong>;</strong></span> <span class='ocrx_word' id='word_1_319' title='bbox 1185 4895 1241 4944; x_wconf 90' lang='lat' dir='ltr'><strong>et</strong></span> <span class='ocrx_word' id='word_1_320' title='bbox 1269 4890 1462 4947; x_wconf 87' lang='lat' dir='ltr'><strong>Unitas</strong></span> <span class='ocrx_word' id='word_1_321' title='bbox 1490 4894 1573 4945; x_wconf 88' lang='lat' dir='ltr'><strong>est</strong></span> <span class='ocrx_word' id='word_1_322' title='bbox 1600 4890 1905 4958; x_wconf 89' lang='lat' dir='ltr'><strong>Trinitatis,</strong></span> <span class='ocrx_word' id='word_1_323' title='bbox 1935 4896 1992 4947; x_wconf 90' lang='lat' dir='ltr'><strong>et</strong></span> <span class='ocrx_word' id='word_1_324' title='bbox 2020 4892 2203 4947; x_wconf 88' lang='lat' dir='ltr'><strong>Trini-</strong></span> 
     </span>
    </p>
   </div>
   <div class='ocr_carea' id='block_1_52' title="bbox 567 4979 2206 5057">
    <p class='ocr_par' dir='ltr' id='par_1_52' title="bbox 567 4979 2206 5057">
     <span class='ocr_line' id='line_1_52' title="bbox 567 4979 2206 5057; baseline 0.005 -23"><span class='ocrx_word' id='word_1_325' title='bbox 567 4984 654 5034; x_wconf 87' lang='lat' dir='ltr'><strong>tas</strong></span> <span class='ocrx_word' id='word_1_326' title='bbox 696 4979 957 5036; x_wconf 89' lang='lat' dir='ltr'><strong>distincta</strong></span> <span class='ocrx_word' id='word_1_327' title='bbox 1022 4982 1297 5053; x_wconf 89' lang='lat' dir='ltr'><strong>personis,</strong></span> <span class='ocrx_word' id='word_1_328' title='bbox 1353 4989 1411 5039; x_wconf 89' lang='lat' dir='ltr'><strong>et</strong></span> <span class='ocrx_word' id='word_1_329' title='bbox 1461 4985 1749 5056; x_wconf 88' lang='lat' dir='ltr'><strong>opulentia</strong></span> <span class='ocrx_word' id='word_1_330' title='bbox 1798 4986 2093 5057; x_wconf 89' lang='lat' dir='ltr'><strong>Creatoris,</strong></span> <span class='ocrx_word' id='word_1_331' title='bbox 2149 4989 2206 5042; x_wconf 89' lang='lat' dir='ltr'><strong>et</strong></span> 
     </span>
    </p>
   </div>
   <div class='ocr_carea' id='block_1_53' title="bbox 566 5073 2200 5146">
    <p class='ocr_par' dir='ltr' id='par_1_53' title="bbox 566 5073 2200 5146">
     <span class='ocr_line' id='line_1_53' title="bbox 566 5073 2200 5146; baseline 0.006 -18"><span class='ocrx_word' id='word_1_332' title='bbox 566 5073 885 5146; x_wconf 89' lang='lat' dir='ltr'><strong>redemptio</strong></span> <span class='ocrx_word' id='word_1_333' title='bbox 910 5075 1207 5146; x_wconf 89' lang='lat' dir='ltr'><strong>passionis.</strong></span> <span class='ocrx_word' id='word_1_334' title='bbox 1236 5078 1349 5133; x_wconf 87' lang='lat' dir='ltr'><strong>Hoc</strong></span> <span class='ocrx_word' id='word_1_335' title='bbox 1378 5094 1558 5134; x_wconf 90' lang='lat' dir='ltr'><strong>nexus</strong></span> <span class='ocrx_word' id='word_1_336' title='bbox 1587 5079 1936 5137; x_wconf 88' lang='lat' dir='ltr'><strong>inﬁdelitatis</strong></span> <span class='ocrx_word' id='word_1_337' title='bbox 1960 5082 2200 5138; x_wconf 91' lang='lat' dir='ltr'><strong>absolvi-</strong></span> 
     </span>
    </p>
   </div>
   <div class='ocr_carea' id='block_1_54' title="bbox 520 5169 2203 5247">
    <p class='ocr_par' dir='ltr' id='par_1_54' title="bbox 520 5169 2203 5247">
     <span class='ocr_line' id='line_1_54' title="bbox 520 5169 2203 5247; baseline 0.006 -25"><span class='ocrx_word' id='word_1_338' title='bbox 520 5246 523 5247; x_wconf 13' lang='grc' dir='ltr'><em>ν</em></span> <span class='ocrx_word' id='word_1_339' title='bbox 566 5170 681 5240; x_wconf 89' lang='lat' dir='ltr'><strong>tur,</strong></span> <span class='ocrx_word' id='word_1_340' title='bbox 708 5169 815 5225; x_wconf 92' lang='lat' dir='ltr'><strong>hoc</strong></span> <span class='ocrx_word' id='word_1_341' title='bbox 840 5169 970 5225; x_wconf 73' lang='lat' dir='ltr'><strong>vitm</strong></span> <span class='ocrx_word' id='word_1_342' title='bbox 988 5171 1169 5242; x_wconf 88' lang='lat' dir='ltr'><strong>janua</strong></span> <span class='ocrx_word' id='word_1_343' title='bbox 1194 5171 1483 5242; x_wconf 87' lang='lat' dir='ltr'><strong>panditur,</strong></span> <span class='ocrx_word' id='word_1_344' title='bbox 1508 5173 1613 5228; x_wconf 90' lang='lat' dir='ltr'><strong>hoc</strong></span> <span class='ocrx_word' id='word_1_345' title='bbox 1633 5174 1814 5245; x_wconf 84' lang='lat' dir='ltr'><strong>gloria</strong></span> <span class='ocrx_word' id='word_1_346' title='bbox 1839 5176 2203 5233; x_wconf 85' lang='lat' dir='ltr'><strong>confessionis</strong></span> 
     </span>
    </p>
   </div>
   <div class='ocr_carea' id='block_1_55' title="bbox 563 5264 2199 5342">
    <p class='ocr_par' dir='ltr' id='par_1_55' title="bbox 563 5264 2199 5342">
     <span class='ocr_line' id='line_1_55' title="bbox 563 5264 2199 5342; baseline 0.004 -22"><span class='ocrx_word' id='word_1_347' title='bbox 563 5264 900 5321; x_wconf 88' lang='lat' dir='ltr'><strong>ostenditur.</strong></span> <span class='ocrx_word' id='word_1_348' title='bbox 929 5265 1247 5337; x_wconf 84' lang='lat' dir='ltr'><strong>Symbolus,</strong></span> <span class='ocrx_word' id='word_1_349' title='bbox 1277 5265 1642 5338; x_wconf 81' lang='lat' dir='ltr'><strong>dilectissimi,</strong></span> <span class='ocrx_word' id='word_1_350' title='bbox 1675 5269 1859 5325; x_wconf 88' lang='lat' dir='ltr'><strong>brevis</strong></span> <span class='ocrx_word' id='word_1_351' title='bbox 1886 5275 1971 5327; x_wconf 87' lang='lat' dir='ltr'><strong>est</strong></span> <span class='ocrx_word' id='word_1_352' title='bbox 1994 5271 2199 5342; x_wconf 88' lang='lat' dir='ltr'><strong>verbis,</strong></span> 
     </span>
    </p>
   </div>
   <div class='ocr_carea' id='block_1_56' title="bbox 564 5358 2199 5433">
    <p class='ocr_par' dir='ltr' id='par_1_56' title="bbox 564 5358 2199 5433">
     <span class='ocr_line' id='line_1_56' title="bbox 564 5358 2199 5433; baseline 0.006 -21"><span class='ocrx_word' id='word_1_353' title='bbox 564 5358 663 5414; x_wconf 90' lang='lat' dir='ltr'><strong>sed</strong></span> <span class='ocrx_word' id='word_1_354' title='bbox 688 5374 933 5430; x_wconf 85' lang='lat' dir='ltr'><strong>magnus</strong></span> <span class='ocrx_word' id='word_1_355' title='bbox 959 5363 1044 5414; x_wconf 89' lang='lat' dir='ltr'><strong>est</strong></span> <span class='ocrx_word' id='word_1_356' title='bbox 1067 5360 1467 5431; x_wconf 83' lang='lat' dir='ltr'><strong>sacramentis;</strong></span> <span class='ocrx_word' id='word_1_357' title='bbox 1496 5379 1701 5433; x_wconf 88' lang='lat' dir='ltr'><strong>parum</strong></span> <span class='ocrx_word' id='word_1_358' title='bbox 1746 5365 2047 5420; x_wconf 87' lang='lat' dir='ltr'><strong>ostendens</strong></span> <span class='ocrx_word' id='word_1_359' title='bbox 2087 5366 2199 5420; x_wconf 84' lang='lat' dir='ltr'><strong>im-</strong></span> 
     </span>
    </p>
   </div>
   <div class='ocr_carea' id='block_1_57' title="bbox 561 5451 2197 5531">
    <p class='ocr_par' dir='ltr' id='par_1_57' title="bbox 561 5451 2197 5531">
     <span class='ocr_line' id='line_1_57' title="bbox 561 5451 2197 5531; baseline 0.006 -25"><span class='ocrx_word' id='word_1_360' title='bbox 561 5451 882 5509; x_wconf 87' lang='lat' dir='ltr'><strong>minutione</strong></span> <span class='ocrx_word' id='word_1_361' title='bbox 899 5452 1237 5521; x_wconf 89' lang='lat' dir='ltr'><strong>latitudinis,</strong></span> <span class='ocrx_word' id='word_1_362' title='bbox 1265 5455 1363 5510; x_wconf 90' lang='lat' dir='ltr'><strong>sed</strong></span> <span class='ocrx_word' id='word_1_363' title='bbox 1387 5460 1571 5511; x_wconf 87' lang='lat' dir='ltr'><strong>totum</strong></span> <span class='ocrx_word' id='word_1_364' title='bbox 1601 5458 1895 5512; x_wconf 89' lang='lat' dir='ltr'><strong>continens</strong></span> <span class='ocrx_word' id='word_1_365' title='bbox 1927 5474 2197 5531; x_wconf 88' lang='lat' dir='ltr'><strong>compen-</strong></span> 
     </span>
    </p>
   </div>
   <div class='ocr_carea' id='block_1_58' title="bbox 562 5543 2196 5625">
    <p class='ocr_par' dir='ltr' id='par_1_58' title="bbox 562 5543 2196 5625">
     <span class='ocr_line' id='line_1_58' title="bbox 562 5543 2196 5625; baseline 0.006 -26"><span class='ocrx_word' id='word_1_366' title='bbox 562 5543 655 5600; x_wconf 92' lang='lat' dir='ltr'><strong>dio</strong></span> <span class='ocrx_word' id='word_1_367' title='bbox 683 5546 1003 5603; x_wconf 86' lang='lat' dir='ltr'><strong>brevitatis:</strong></span> <span class='ocrx_word' id='word_1_368' title='bbox 1051 5548 1292 5621; x_wconf 87' lang='lat' dir='ltr'><strong>exiguus</strong></span> <span class='ocrx_word' id='word_1_369' title='bbox 1341 5553 1407 5605; x_wconf 91' lang='lat' dir='ltr'><strong>ut</strong></span> <span class='ocrx_word' id='word_1_370' title='bbox 1447 5550 1783 5605; x_wconf 88' lang='lat' dir='ltr'><strong>memoriam</strong></span> <span class='ocrx_word' id='word_1_371' title='bbox 1823 5568 1938 5606; x_wconf 92' lang='lat' dir='ltr'><strong>non</strong></span> <span class='ocrx_word' id='word_1_372' title='bbox 1973 5553 2196 5625; x_wconf 89' lang='lat' dir='ltr'><strong>obruat,</strong></span> 
     </span>
    </p>
   </div>
   <div class='ocr_carea' id='block_1_59' title="bbox 560 5636 2200 5716">
    <p class='ocr_par' dir='ltr' id='par_1_59' title="bbox 560 5636 2200 5716">
     <span class='ocr_line' id='line_1_59' title="bbox 560 5636 2200 5716; baseline 0.007 -23"><span class='ocrx_word' id='word_1_373' title='bbox 560 5636 799 5695; x_wconf 83' lang='lat' dir='ltr'><strong>diﬁ‘usus</strong></span> <span class='ocrx_word' id='word_1_374' title='bbox 831 5646 896 5697; x_wconf 91' lang='lat' dir='ltr'><strong>ut</strong></span> <span class='ocrx_word' id='word_1_375' title='bbox 945 5642 1383 5714; x_wconf 87' lang='lat' dir='ltr'><strong>intelligentiam</strong></span> <span class='ocrx_word' id='word_1_376' title='bbox 1433 5645 1802 5716; x_wconf 89' lang='lat' dir='ltr'><strong>supercedat;</strong></span> <span class='ocrx_word' id='word_1_377' title='bbox 1858 5645 2200 5704; x_wconf 89' lang='lat' dir='ltr'><strong>conﬁrmans</strong></span> 
     </span>
    </p>
   </div>
   <div class='ocr_carea' id='block_1_60' title="bbox 564 5736 2195 5815">
    <p class='ocr_par' dir='ltr' id='par_1_60' title="bbox 564 5736 2195 5815">
     <span class='ocr_line' id='line_1_60' title="bbox 564 5736 2195 5815; baseline 0.007 -26"><span class='ocrx_word' id='word_1_378' title='bbox 564 5748 763 5790; x_wconf 91' lang='lat' dir='ltr'><strong>omnes</strong></span> <span class='ocrx_word' id='word_1_379' title='bbox 797 5736 1145 5808; x_wconf 87' lang='lat' dir='ltr'><strong>perfectione</strong></span> <span class='ocrx_word' id='word_1_380' title='bbox 1192 5736 1481 5811; x_wconf 89' lang='lat' dir='ltr'><strong>credendi,</strong></span> <span class='ocrx_word' id='word_1_381' title='bbox 1536 5738 1815 5798; x_wconf 87' lang='lat' dir='ltr'><strong>desiderio</strong></span> <span class='ocrx_word' id='word_1_382' title='bbox 1853 5742 2157 5800; x_wconf 88' lang='lat' dir='ltr'><strong>conﬁtendi</strong></span> <span class='ocrx_word' id='word_1_383' title='bbox 2181 5786 2195 5815; x_wconf 88' lang='lat'><strong>,</strong></span> 
     </span>
    </p>
   </div>
   <div class='ocr_carea' id='block_1_61' title="bbox 631 5862 1943 5937">
    <p class='ocr_par' dir='ltr' id='par_1_61' title="bbox 631 5862 1943 5937">
     <span class='ocr_line' id='line_1_61' title="bbox 631 5862 1943 5937; baseline 0.011 -23"><span class='ocrx_word' id='word_1_384' title='bbox 631 5872 654 5903; x_wconf 77' lang='grc' dir='ltr'>ι</span> <span class='ocrx_word' id='word_1_385' title='bbox 694 5862 820 5917; x_wconf 83' lang='lat' dir='ltr'><strong>Haec</strong></span> <span class='ocrx_word' id='word_1_386' title='bbox 838 5865 895 5918; x_wconf 89' lang='lat' dir='ltr'><strong>et</strong></span> <span class='ocrx_word' id='word_1_387' title='bbox 923 5862 1049 5917; x_wconf 78' lang='lat' dir='ltr'><strong>duae</strong></span> <span class='ocrx_word' id='word_1_388' title='bbox 1075 5870 1373 5937; x_wconf 86' lang='lat' dir='ltr'><strong>sequentes</strong></span> <span class='ocrx_word' id='word_1_389' title='bbox 1397 5866 1679 5925; x_wconf 88' lang='lat' dir='ltr'><strong>orationes</strong></span> <span class='ocrx_word' id='word_1_390' title='bbox 1709 5867 1943 5928; x_wconf 88' lang='lat' dir='ltr'><strong>ibidem.</strong></span> 
     </span>
    </p>
   </div>
   <div class='ocr_carea' id='block_1_62' title="bbox 2341 624 3954 698">
    <p class='ocr_par' dir='ltr' id='par_1_62' title="bbox 2341 624 3954 698">
     <span class='ocr_line' id='line_1_62' title="bbox 2341 624 3954 698; baseline -0.002 -17"><span class='ocrx_word' id='word_1_391' title='bbox 2341 627 2687 683; x_wconf 89' lang='lat' dir='ltr'><strong>audiendum</strong></span> <span class='ocrx_word' id='word_1_392' title='bbox 2739 626 3071 698; x_wconf 83' lang='lat' dir='ltr'><strong>Symbolum</strong></span> <span class='ocrx_word' id='word_1_393' title='bbox 3111 625 3442 682; x_wconf 86' lang='lat' dir='ltr'><strong>convenitis.</strong></span> <span class='ocrx_word' id='word_1_394' title='bbox 3502 624 3793 696; x_wconf 88' lang='lat' dir='ltr'><strong>Quicquid</strong></span> <span class='ocrx_word' id='word_1_395' title='bbox 3832 625 3954 679; x_wconf 87' lang='lat' dir='ltr'><strong>enim</strong></span> 
     </span>
    </p>
   </div>
   <div class='ocr_carea' id='block_1_63' title="bbox 2340 718 3954 793">
    <p class='ocr_par' dir='ltr' id='par_1_63' title="bbox 2340 718 3954 793">
     <span class='ocr_line' id='line_1_63' title="bbox 2340 718 3954 793; baseline -0.002 -17"><span class='ocrx_word' id='word_1_396' title='bbox 2340 721 2769 793; x_wconf 65' lang='lat' dir='ltr'><strong>praeformatum</strong></span> <span class='ocrx_word' id='word_1_397' title='bbox 2795 724 2879 776; x_wconf 89' lang='lat' dir='ltr'><strong>est</strong></span> <span class='ocrx_word' id='word_1_398' title='bbox 2902 722 2963 775; x_wconf 91' lang='lat' dir='ltr'><strong>in</strong></span> <span class='ocrx_word' id='word_1_399' title='bbox 2988 720 3344 793; x_wconf 87' lang='lat' dir='ltr'><strong>patriarchis,</strong></span> <span class='ocrx_word' id='word_1_400' title='bbox 3377 719 3649 792; x_wconf 87' lang='lat' dir='ltr'><strong>quicquid</strong></span> <span class='ocrx_word' id='word_1_401' title='bbox 3676 718 3954 774; x_wconf 86' lang='lat' dir='ltr'><strong>denuncia-</strong></span> 
     </span>
    </p>
   </div>
   <div class='ocr_carea' id='block_1_64' title="bbox 2339 813 3954 887">
    <p class='ocr_par' dir='ltr' id='par_1_64' title="bbox 2339 813 3954 887">
     <span class='ocr_line' id='line_1_64' title="bbox 2339 813 3954 887; baseline -0.002 -16"><span class='ocrx_word' id='word_1_402' title='bbox 2339 820 2466 871; x_wconf 93' lang='lat' dir='ltr'><strong>tum</strong></span> <span class='ocrx_word' id='word_1_403' title='bbox 2495 819 2581 871; x_wconf 87' lang='lat' dir='ltr'><strong>est</strong></span> <span class='ocrx_word' id='word_1_404' title='bbox 2605 815 2665 870; x_wconf 91' lang='lat' dir='ltr'><strong>in</strong></span> <span class='ocrx_word' id='word_1_405' title='bbox 2691 814 3014 886; x_wconf 89' lang='lat' dir='ltr'><strong>Scripturis,</strong></span> <span class='ocrx_word' id='word_1_406' title='bbox 3053 814 3325 887; x_wconf 90' lang='lat' dir='ltr'><strong>quicquid</strong></span> <span class='ocrx_word' id='word_1_407' title='bbox 3368 813 3750 886; x_wconf 59' lang='lat' dir='ltr'><strong>praedicatum</strong></span> <span class='ocrx_word' id='word_1_408' title='bbox 3797 816 3877 868; x_wconf 89' lang='lat' dir='ltr'><strong>est</strong></span> <span class='ocrx_word' id='word_1_409' title='bbox 3918 813 3954 867; x_wconf 82' lang='lat' dir='ltr'><strong>in</strong></span> 
     </span>
    </p>
   </div>
   <div class='ocr_carea' id='block_1_65' title="bbox 2339 906 3954 982">
    <p class='ocr_par' dir='ltr' id='par_1_65' title="bbox 2339 906 3954 982">
     <span class='ocr_line' id='line_1_65' title="bbox 2339 906 3954 982; baseline -0.003 -17"><span class='ocrx_word' id='word_1_410' title='bbox 2339 909 2652 982; x_wconf 88' lang='lat' dir='ltr'><strong>prophetis,</strong></span> <span class='ocrx_word' id='word_1_411' title='bbox 2674 909 2761 964; x_wconf 91' lang='lat' dir='ltr'><strong>vel</strong></span> <span class='ocrx_word' id='word_1_412' title='bbox 2788 909 2856 964; x_wconf 91' lang='lat' dir='ltr'><strong>de</strong></span> <span class='ocrx_word' id='word_1_413' title='bbox 2883 911 2995 964; x_wconf 92' lang='lat' dir='ltr'><strong>Deo</strong></span> <span class='ocrx_word' id='word_1_414' title='bbox 3020 908 3298 981; x_wconf 87' lang='lat' dir='ltr'><strong>ingenito,</strong></span> <span class='ocrx_word' id='word_1_415' title='bbox 3327 908 3415 963; x_wconf 89' lang='lat' dir='ltr'><strong>vel</strong></span> <span class='ocrx_word' id='word_1_416' title='bbox 3440 924 3511 963; x_wconf 88' lang='lat' dir='ltr'><strong>ex</strong></span> <span class='ocrx_word' id='word_1_417' title='bbox 3536 908 3649 962; x_wconf 91' lang='lat' dir='ltr'><strong>Deo</strong></span> <span class='ocrx_word' id='word_1_418' title='bbox 3702 906 3768 961; x_wconf 89' lang='lat' dir='ltr'><strong>in</strong></span> <span class='ocrx_word' id='word_1_419' title='bbox 3808 907 3954 961; x_wconf 89' lang='lat' dir='ltr'><strong>Deum</strong></span> 
     </span>
    </p>
   </div>
   <div class='ocr_carea' id='block_1_66' title="bbox 2338 1001 3954 1075">
    <p class='ocr_par' dir='ltr' id='par_1_66' title="bbox 2338 1001 3954 1075">
     <span class='ocr_line' id='line_1_66' title="bbox 2338 1001 3954 1075; baseline -0.003 -17"><span class='ocrx_word' id='word_1_420' title='bbox 2338 1008 2493 1072; x_wconf 91' lang='lat' dir='ltr'><strong>nato,</strong></span> <span class='ocrx_word' id='word_1_421' title='bbox 2523 1004 2611 1059; x_wconf 91' lang='lat' dir='ltr'><strong>vcl</strong></span> <span class='ocrx_word' id='word_1_422' title='bbox 2640 1003 2708 1059; x_wconf 90' lang='lat' dir='ltr'><strong>de</strong></span> <span class='ocrx_word' id='word_1_423' title='bbox 2739 1002 2948 1075; x_wconf 86' lang='lat' dir='ltr'><strong>Spiritu</strong></span> <span class='ocrx_word' id='word_1_424' title='bbox 2974 1007 3165 1058; x_wconf 86' lang='lat' dir='ltr'><strong>sancto</strong></span> <span class='ocrx_word' id='word_1_425' title='bbox 3197 1001 3472 1075; x_wconf 89' lang='lat' dir='ltr'><strong>(quamvis</strong></span> <span class='ocrx_word' id='word_1_426' title='bbox 3497 1001 3755 1057; x_wconf 86' lang='lat' dir='ltr'><strong>latenter</strong></span> <span class='ocrx_word' id='word_1_427' title='bbox 3795 1004 3954 1054; x_wconf 48' lang='lat' dir='ltr'><strong>osten.</strong></span> 
     </span>
    </p>
   </div>
   <div class='ocr_carea' id='block_1_67' title="bbox 2339 1093 3954 1169">
    <p class='ocr_par' dir='ltr' id='par_1_67' title="bbox 2339 1093 3954 1169">
     <span class='ocr_line' id='line_1_67' title="bbox 2339 1093 3954 1169; baseline -0.002 -17"><span class='ocrx_word' id='word_1_428' title='bbox 2339 1114 2465 1152; x_wconf 89' lang='lat' dir='ltr'><strong>sum</strong></span> <span class='ocrx_word' id='word_1_429' title='bbox 2495 1098 2583 1169; x_wconf 90' lang='lat' dir='ltr'><strong>sit)</strong></span> <span class='ocrx_word' id='word_1_430' title='bbox 2609 1098 2696 1152; x_wconf 90' lang='lat' dir='ltr'><strong>vel</strong></span> <span class='ocrx_word' id='word_1_431' title='bbox 2721 1097 2791 1152; x_wconf 92' lang='lat' dir='ltr'><strong>de</strong></span> <span class='ocrx_word' id='word_1_432' title='bbox 2817 1095 3160 1167; x_wconf 89' lang='lat' dir='ltr'><strong>suscipiendi</strong></span> <span class='ocrx_word' id='word_1_433' title='bbox 3184 1096 3435 1151; x_wconf 89' lang='lat' dir='ltr'><strong>hominis</strong></span> <span class='ocrx_word' id='word_1_434' title='bbox 3469 1097 3854 1162; x_wconf 90' lang='lat' dir='ltr'><strong>sacramento,</strong></span> <span class='ocrx_word' id='word_1_435' title='bbox 3892 1093 3954 1148; x_wconf 85' lang='lat' dir='ltr'><strong>vel</strong></span> 
     </span>
    </p>
   </div>
   <div class='ocr_carea' id='block_1_68' title="bbox 2340 1186 3954 1262">
    <p class='ocr_par' dir='ltr' id='par_1_68' title="bbox 2340 1186 3954 1262">
     <span class='ocr_line' id='line_1_68' title="bbox 2340 1186 3954 1262; baseline -0.004 -16"><span class='ocrx_word' id='word_1_436' title='bbox 2340 1191 2408 1246; x_wconf 90' lang='lat' dir='ltr'><strong>de</strong></span> <span class='ocrx_word' id='word_1_437' title='bbox 2434 1196 2615 1246; x_wconf 90' lang='lat' dir='ltr'><strong>morte</strong></span> <span class='ocrx_word' id='word_1_438' title='bbox 2642 1190 2888 1261; x_wconf 89' lang='lat' dir='ltr'><strong>Domini,</strong></span> <span class='ocrx_word' id='word_1_439' title='bbox 2912 1189 3453 1261; x_wconf 87' lang='lat' dir='ltr'><strong>resurrectionisque</strong></span> <span class='ocrx_word' id='word_1_440' title='bbox 3471 1186 3670 1262; x_wconf 77' lang='grc'><strong>348</strong></span> <span class='ocrx_word' id='word_1_441' title='bbox 3687 1188 3954 1259; x_wconf 80' lang='lat' dir='ltr'><strong>mysterio,</strong></span> 
     </span>
    </p>
   </div>
   <div class='ocr_carea' id='block_1_69' title="bbox 2336 1280 3954 1355">
    <p class='ocr_par' dir='ltr' id='par_1_69' title="bbox 2336 1280 3954 1355">
     <span class='ocr_line' id='line_1_69' title="bbox 2336 1280 3954 1355; baseline -0.003 -15"><span class='ocrx_word' id='word_1_442' title='bbox 2336 1287 2522 1340; x_wconf 88' lang='lat' dir='ltr'><strong>totum</strong></span> <span class='ocrx_word' id='word_1_443' title='bbox 2550 1286 2656 1340; x_wconf 91' lang='lat' dir='ltr'><strong>hoc</strong></span> <span class='ocrx_word' id='word_1_444' title='bbox 2684 1286 2854 1340; x_wconf 87' lang='lat' dir='ltr'><strong>breve</strong></span> <span class='ocrx_word' id='word_1_445' title='bbox 2897 1288 3120 1339; x_wconf 89' lang='lat' dir='ltr'><strong>tantum</strong></span> <span class='ocrx_word' id='word_1_446' title='bbox 3150 1285 3317 1355; x_wconf 88' lang='lat' dir='ltr'><strong>juxta</strong></span> <span class='ocrx_word' id='word_1_447' title='bbox 3355 1283 3652 1338; x_wconf 87' lang='lat' dir='ltr'><strong>oraculum</strong></span> <span class='ocrx_word' id='word_1_448' title='bbox 3689 1280 3954 1354; x_wconf 79' lang='lat' dir='ltr'><strong>prepheti-</strong></span> 
     </span>
    </p>
   </div>
   <div class='ocr_carea' id='block_1_70' title="bbox 2339 1375 3954 1455">
    <p class='ocr_par' dir='ltr' id='par_1_70' title="bbox 2339 1375 3954 1455">
     <span class='ocr_line' id='line_1_70' title="bbox 2339 1375 3954 1455; baseline -0.004 -21"><span class='ocrx_word' id='word_1_449' title='bbox 2339 1396 2471 1434; x_wconf 90' lang='lat' dir='ltr'><strong>cum</strong></span> <span class='ocrx_word' id='word_1_450' title='bbox 2498 1378 2796 1451; x_wconf 79' lang='lat' dir='ltr'><strong>Symbolus</strong></span> <span class='ocrx_word' id='word_1_451' title='bbox 2824 1378 2884 1433; x_wconf 92' lang='lat' dir='ltr'><strong>in</strong></span> <span class='ocrx_word' id='word_1_452' title='bbox 2910 1394 2967 1433; x_wconf 91' lang='lat' dir='ltr'><strong>se</strong></span> <span class='ocrx_word' id='word_1_453' title='bbox 2993 1378 3262 1446; x_wconf 89' lang='lat' dir='ltr'><strong>continet,</strong></span> <span class='ocrx_word' id='word_1_454' title='bbox 3285 1376 3626 1455; x_wconf 79' lang='lat' dir='ltr'><strong>continendo</strong></span> <span class='ocrx_word' id='word_1_455' title='bbox 3654 1379 3715 1431; x_wconf 89' lang='lat' dir='ltr'><strong>et</strong></span> <span class='ocrx_word' id='word_1_456' title='bbox 3743 1375 3954 1429; x_wconf 86' lang='lat' dir='ltr'><strong>salutem</strong></span> 
     </span>
    </p>
   </div>
   <div class='ocr_carea' id='block_1_71' title="bbox 2338 1469 3954 1543">
    <p class='ocr_par' dir='ltr' id='par_1_71' title="bbox 2338 1469 3954 1543">
     <span class='ocr_line' id='line_1_71' title="bbox 2338 1469 3954 1543; baseline -0.002 -16"><span class='ocrx_word' id='word_1_457' title='bbox 2338 1477 2614 1543; x_wconf 88' lang='lat' dir='ltr'><strong>nostram,</strong></span> <span class='ocrx_word' id='word_1_458' title='bbox 2649 1472 3023 1528; x_wconf 89' lang='lat' dir='ltr'><strong>conlationem</strong></span> <span class='ocrx_word' id='word_1_459' title='bbox 3060 1471 3211 1539; x_wconf 88' lang='lat' dir='ltr'><strong>ﬁdei,</strong></span> <span class='ocrx_word' id='word_1_460' title='bbox 3255 1476 3312 1526; x_wconf 91' lang='lat' dir='ltr'><strong>et</strong></span> <span class='ocrx_word' id='word_1_461' title='bbox 3354 1471 3618 1543; x_wconf 85' lang='lat' dir='ltr'><strong>gratiam,</strong></span> <span class='ocrx_word' id='word_1_462' title='bbox 3665 1469 3954 1542; x_wconf 79' lang='lat' dir='ltr'><strong>professio-</strong></span> 
     </span>
    </p>
   </div>
   <div class='ocr_carea' id='block_1_72' title="bbox 2337 1563 3953 1638">
    <p class='ocr_par' dir='ltr' id='par_1_72' title="bbox 2337 1563 3953 1638">
     <span class='ocr_line' id='line_1_72' title="bbox 2337 1563 3953 1638; baseline -0.003 -16"><span class='ocrx_word' id='word_1_463' title='bbox 2337 1584 2472 1622; x_wconf 91' lang='lat' dir='ltr'><strong>nem</strong></span> <span class='ocrx_word' id='word_1_464' title='bbox 2497 1566 2750 1638; x_wconf 87' lang='lat' dir='ltr'><strong>mysterii</strong></span> <span class='ocrx_word' id='word_1_465' title='bbox 2778 1565 3076 1621; x_wconf 67' lang='lat' dir='ltr'><strong>memoria:</strong></span> <span class='ocrx_word' id='word_1_466' title='bbox 3102 1566 3390 1621; x_wconf 90' lang='lat' dir='ltr'><strong>instruens</strong></span> <span class='ocrx_word' id='word_1_467' title='bbox 3432 1563 3953 1620; x_wconf 37' lang='lat' dir='ltr'><strong>commendandam.</strong></span> 
     </span>
    </p>
   </div>
   <div class='ocr_carea' id='block_1_73' title="bbox 2336 1657 3954 1731">
    <p class='ocr_par' dir='ltr' id='par_1_73' title="bbox 2336 1657 3954 1731">
     <span class='ocr_line' id='line_1_73' title="bbox 2336 1657 3954 1731; baseline -0.003 -15"><span class='ocrx_word' id='word_1_468' title='bbox 2336 1659 2444 1716; x_wconf 90' lang='lat' dir='ltr'><strong>Sed</strong></span> <span class='ocrx_word' id='word_1_469' title='bbox 2464 1660 2587 1731; x_wconf 88' lang='lat' dir='ltr'><strong>jam</strong></span> <span class='ocrx_word' id='word_1_470' title='bbox 2614 1660 2685 1716; x_wconf 91' lang='lat' dir='ltr'><strong>ad</strong></span> <span class='ocrx_word' id='word_1_471' title='bbox 2705 1660 2864 1716; x_wconf 88' lang='lat' dir='ltr'><strong>istius</strong></span> <span class='ocrx_word' id='word_1_472' title='bbox 2900 1659 3235 1715; x_wconf 90' lang='lat' dir='ltr'><strong>sacramenti</strong></span> <span class='ocrx_word' id='word_1_473' title='bbox 3268 1657 3686 1731; x_wconf 89' lang='lat' dir='ltr'><strong>plenitudinem</strong></span> <span class='ocrx_word' id='word_1_474' title='bbox 3728 1661 3954 1712; x_wconf 67' lang='lat' dir='ltr'><strong>textum</strong></span> 
     </span>
    </p>
   </div>
   <div class='ocr_carea' id='block_1_74' title="bbox 2336 1751 3631 1827">
    <p class='ocr_par' dir='ltr' id='par_1_74' title="bbox 2336 1751 3631 1827">
     <span class='ocr_line' id='line_1_74' title="bbox 2336 1751 3631 1827; baseline 0 -19"><span class='ocrx_word' id='word_1_475' title='bbox 2336 1771 2446 1827; x_wconf 92' lang='lat' dir='ltr'><strong>que</strong></span> <span class='ocrx_word' id='word_1_476' title='bbox 2468 1753 2783 1820; x_wconf 85' lang='lat' dir='ltr'><strong>veniamus,</strong></span> <span class='ocrx_word' id='word_1_477' title='bbox 2811 1754 2963 1827; x_wconf 91' lang='lat' dir='ltr'><strong>quod</strong></span> <span class='ocrx_word' id='word_1_478' title='bbox 2991 1754 3052 1808; x_wconf 92' lang='lat' dir='ltr'><strong>in</strong></span> <span class='ocrx_word' id='word_1_479' title='bbox 3078 1754 3185 1809; x_wconf 89' lang='lat' dir='ltr'><strong>hoc</strong></span> <span class='ocrx_word' id='word_1_480' title='bbox 3213 1753 3385 1808; x_wconf 90' lang='lat' dir='ltr'><strong>modo</strong></span> <span class='ocrx_word' id='word_1_481' title='bbox 3408 1751 3631 1823; x_wconf 90' lang='lat' dir='ltr'><strong>incipit.</strong></span> 
     </span>
    </p>
   </div>
   <div class='ocr_carea' id='block_1_75' title="bbox 2407 1845 3954 1919">
    <p class='ocr_par' dir='ltr' id='par_1_75' title="bbox 2407 1845 3954 1919">
     <span class='ocr_line' id='line_1_75' title="bbox 2407 1845 3954 1919; baseline -0.004 -15"><span class='ocrx_word' id='word_1_482' title='bbox 2407 1849 2585 1904; x_wconf 89' lang='lat' dir='ltr'><strong>Credo</strong></span> <span class='ocrx_word' id='word_1_483' title='bbox 2612 1848 2671 1903; x_wconf 93' lang='lat' dir='ltr'><strong>in</strong></span> <span class='ocrx_word' id='word_1_484' title='bbox 2688 1849 2870 1904; x_wconf 89' lang='lat' dir='ltr'><strong>Deum</strong></span> <span class='ocrx_word' id='word_1_485' title='bbox 2897 1850 3124 1904; x_wconf 89' lang='lat' dir='ltr'><strong>Patrem</strong></span> <span class='ocrx_word' id='word_1_486' title='bbox 3149 1847 3623 1919; x_wconf 89' lang='lat' dir='ltr'><strong>omnipotentem,</strong></span> <span class='ocrx_word' id='word_1_487' title='bbox 3650 1845 3954 1901; x_wconf 86' lang='lat' dir='ltr'><strong>Creatorem</strong></span> 
     </span>
    </p>
   </div>
   <div class='ocr_carea' id='block_1_76' title="bbox 2334 1938 3954 2009">
    <p class='ocr_par' dir='ltr' id='par_1_76' title="bbox 2334 1938 3954 2009">
     <span class='ocr_line' id='line_1_76' title="bbox 2334 1938 3954 2009; baseline -0.002 -11"><span class='ocrx_word' id='word_1_488' title='bbox 2334 1943 2456 1998; x_wconf 84' lang='lat' dir='ltr'><strong>caeli</strong></span> <span class='ocrx_word' id='word_1_489' title='bbox 2506 1947 2562 1999; x_wconf 91' lang='lat' dir='ltr'><strong>et</strong></span> <span class='ocrx_word' id='word_1_490' title='bbox 2595 1948 2784 1999; x_wconf 74' lang='lat' dir='ltr'><strong>terrae:</strong></span> <span class='ocrx_word' id='word_1_491' title='bbox 2837 1945 2905 1999; x_wconf 87' lang='lat' dir='ltr'><strong>Et</strong></span> <span class='ocrx_word' id='word_1_492' title='bbox 2944 1942 3007 1997; x_wconf 90' lang='lat' dir='ltr'><strong>in</strong></span> <span class='ocrx_word' id='word_1_493' title='bbox 3037 1943 3227 1998; x_wconf 77' lang='lat' dir='ltr'><strong>Iesum</strong></span> <span class='ocrx_word' id='word_1_494' title='bbox 3261 1941 3550 1997; x_wconf 88' lang='lat' dir='ltr'><strong>Christum</strong></span> <span class='ocrx_word' id='word_1_495' title='bbox 3602 1938 3816 1995; x_wconf 89' lang='lat' dir='ltr'><strong>Filium</strong></span> <span class='ocrx_word' id='word_1_496' title='bbox 3859 1941 3954 2009; x_wconf 73' lang='lat' dir='ltr'><strong>ejus</strong></span> 
     </span>
    </p>
   </div>
   <div class='ocr_carea' id='block_1_77' title="bbox 2333 2033 3954 2108">
    <p class='ocr_par' dir='ltr' id='par_1_77' title="bbox 2333 2033 3954 2108">
     <span class='ocr_line' id='line_1_77' title="bbox 2333 2033 3954 2108; baseline -0.003 -16"><span class='ocrx_word' id='word_1_497' title='bbox 2333 2037 2588 2108; x_wconf 89' lang='lat' dir='ltr'><strong>unicum,</strong></span> <span class='ocrx_word' id='word_1_498' title='bbox 2618 2036 2923 2093; x_wconf 90' lang='lat' dir='ltr'><strong>Dominum</strong></span> <span class='ocrx_word' id='word_1_499' title='bbox 2956 2040 3236 2092; x_wconf 89' lang='lat' dir='ltr'><strong>nostrum.</strong></span> <span class='ocrx_word' id='word_1_500' title='bbox 3283 2035 3389 2100; x_wconf 86' lang='lat' dir='ltr'><strong>Qui</strong></span> <span class='ocrx_word' id='word_1_501' title='bbox 3428 2038 3741 2106; x_wconf 89' lang='lat' dir='ltr'><strong>conceptus</strong></span> <span class='ocrx_word' id='word_1_502' title='bbox 3788 2038 3869 2088; x_wconf 88' lang='lat' dir='ltr'><strong>est</strong></span> <span class='ocrx_word' id='word_1_503' title='bbox 3906 2033 3954 2087; x_wconf 78' lang='lat' dir='ltr'><strong>de</strong></span> 
     </span>
    </p>
   </div>
   <div class='ocr_carea' id='block_1_78' title="bbox 2333 2126 3954 2203">
    <p class='ocr_par' dir='ltr' id='par_1_78' title="bbox 2333 2126 3954 2203">
     <span class='ocr_line' id='line_1_78' title="bbox 2333 2126 3954 2203; baseline -0.004 -17"><span class='ocrx_word' id='word_1_504' title='bbox 2333 2129 2547 2203; x_wconf 88' lang='lat' dir='ltr'><strong>Spiritu</strong></span> <span class='ocrx_word' id='word_1_505' title='bbox 2575 2135 2801 2202; x_wconf 88' lang='lat' dir='ltr'><strong>sancto;</strong></span> <span class='ocrx_word' id='word_1_506' title='bbox 2831 2135 3000 2186; x_wconf 87' lang='lat' dir='ltr'><strong>natus</strong></span> <span class='ocrx_word' id='word_1_507' title='bbox 3025 2147 3094 2185; x_wconf 90' lang='lat' dir='ltr'><strong>ex</strong></span> <span class='ocrx_word' id='word_1_508' title='bbox 3117 2130 3289 2185; x_wconf 87' lang='lat' dir='ltr'><strong>Maria</strong></span> <span class='ocrx_word' id='word_1_509' title='bbox 3326 2128 3588 2201; x_wconf 86' lang='lat' dir='ltr'><strong>Virgine;</strong></span> <span class='ocrx_word' id='word_1_510' title='bbox 3629 2144 3835 2200; x_wconf 88' lang='lat' dir='ltr'><strong>passus</strong></span> <span class='ocrx_word' id='word_1_511' title='bbox 3875 2126 3954 2181; x_wconf 69' lang='lat' dir='ltr'><strong>sul:</strong></span> 
     </span>
    </p>
   </div>
   <div class='ocr_carea' id='block_1_79' title="bbox 2331 2221 3954 2295">
    <p class='ocr_par' dir='ltr' id='par_1_79' title="bbox 2331 2221 3954 2295">
     <span class='ocr_line' id='line_1_79' title="bbox 2331 2221 3954 2295; baseline -0.005 -14"><span class='ocrx_word' id='word_1_512' title='bbox 2331 2226 2527 2281; x_wconf 89' lang='lat' dir='ltr'><strong>Pontio</strong></span> <span class='ocrx_word' id='word_1_513' title='bbox 2582 2225 2793 2294; x_wconf 89' lang='lat' dir='ltr'><strong>Pilato;</strong></span> <span class='ocrx_word' id='word_1_514' title='bbox 2844 2223 3167 2295; x_wconf 84' lang='lat' dir='ltr'><strong>cruciﬁxus,</strong></span> <span class='ocrx_word' id='word_1_515' title='bbox 3221 2227 3501 2292; x_wconf 86' lang='lat' dir='ltr'><strong>mortuus,</strong></span> <span class='ocrx_word' id='word_1_516' title='bbox 3559 2225 3621 2277; x_wconf 87' lang='lat' dir='ltr'><strong>et</strong></span> <span class='ocrx_word' id='word_1_517' title='bbox 3680 2221 3954 2293; x_wconf 82' lang='lat' dir='ltr'><strong>sepultus;</strong></span> 
     </span>
    </p>
   </div>
   <div class='ocr_carea' id='block_1_80' title="bbox 2331 2314 3954 2388">
    <p class='ocr_par' dir='ltr' id='par_1_80' title="bbox 2331 2314 3954 2388">
     <span class='ocr_line' id='line_1_80' title="bbox 2331 2314 3954 2388; baseline -0.006 -11"><span class='ocrx_word' id='word_1_518' title='bbox 2331 2320 2496 2377; x_wconf 90' lang='lat' dir='ltr'><strong>tertia</strong></span> <span class='ocrx_word' id='word_1_519' title='bbox 2523 2320 2613 2376; x_wconf 89' lang='lat' dir='ltr'><strong>die</strong></span> <span class='ocrx_word' id='word_1_520' title='bbox 2638 2319 2950 2375; x_wconf 84' lang='lat' dir='ltr'><strong>resurrexit</strong></span> <span class='ocrx_word' id='word_1_521' title='bbox 2990 2336 3024 2372; x_wconf 90' lang='lat' dir='ltr'><strong>a</strong></span> <span class='ocrx_word' id='word_1_522' title='bbox 3068 2317 3341 2388; x_wconf 85' lang='lat' dir='ltr'><strong>mortuis;</strong></span> <span class='ocrx_word' id='word_1_523' title='bbox 3385 2315 3641 2371; x_wconf 90' lang='lat' dir='ltr'><strong>ascendit</strong></span> <span class='ocrx_word' id='word_1_524' title='bbox 3687 2315 3867 2369; x_wconf 87' lang='lat' dir='ltr'><strong>victor</strong></span> <span class='ocrx_word' id='word_1_525' title='bbox 3903 2314 3954 2368; x_wconf 82' lang='lat' dir='ltr'><strong>ad</strong></span> 
     </span>
    </p>
   </div>
   <div class='ocr_carea' id='block_1_81' title="bbox 2332 2408 3954 2484">
    <p class='ocr_par' dir='ltr' id='par_1_81' title="bbox 2332 2408 3954 2484">
     <span class='ocr_line' id='line_1_81' title="bbox 2332 2408 3954 2484; baseline -0.005 -15"><span class='ocrx_word' id='word_1_526' title='bbox 2332 2414 2529 2484; x_wconf 64' lang='lat' dir='ltr'><strong>caelos;</strong></span> <span class='ocrx_word' id='word_1_527' title='bbox 2559 2413 2704 2469; x_wconf 90' lang='lat' dir='ltr'><strong>sedit</strong></span> <span class='ocrx_word' id='word_1_528' title='bbox 2727 2412 2800 2469; x_wconf 92' lang='lat' dir='ltr'><strong>ad</strong></span> <span class='ocrx_word' id='word_1_529' title='bbox 2828 2413 3120 2468; x_wconf 83' lang='lat' dir='ltr'><strong>dexteram</strong></span> <span class='ocrx_word' id='word_1_530' title='bbox 3162 2411 3262 2466; x_wconf 90' lang='lat' dir='ltr'><strong>Dei</strong></span> <span class='ocrx_word' id='word_1_531' title='bbox 3300 2410 3480 2465; x_wconf 88' lang='lat' dir='ltr'><strong>Patris</strong></span> <span class='ocrx_word' id='word_1_532' title='bbox 3521 2408 3954 2480; x_wconf 83' lang='lat' dir='ltr'><strong>omnipotentis;</strong></span> 
     </span>
    </p>
   </div>
   <div class='ocr_carea' id='block_1_82' title="bbox 2329 2502 3954 2578">
    <p class='ocr_par' dir='ltr' id='par_1_82' title="bbox 2329 2502 3954 2578">
     <span class='ocr_line' id='line_1_82' title="bbox 2329 2502 3954 2578; baseline -0.004 -16"><span class='ocrx_word' id='word_1_533' title='bbox 2329 2509 2461 2564; x_wconf 92' lang='lat' dir='ltr'><strong>inde</strong></span> <span class='ocrx_word' id='word_1_534' title='bbox 2488 2512 2762 2563; x_wconf 91' lang='lat' dir='ltr'><strong>venturus</strong></span> <span class='ocrx_word' id='word_1_535' title='bbox 2787 2506 3044 2578; x_wconf 85' lang='lat' dir='ltr'><strong>judicare</strong></span> <span class='ocrx_word' id='word_1_536' title='bbox 3072 2506 3226 2561; x_wconf 88' lang='lat' dir='ltr'><strong>vivos</strong></span> <span class='ocrx_word' id='word_1_537' title='bbox 3266 2510 3323 2560; x_wconf 90' lang='lat' dir='ltr'><strong>et</strong></span> <span class='ocrx_word' id='word_1_538' title='bbox 3360 2507 3640 2558; x_wconf 87' lang='lat' dir='ltr'><strong>mortuos.</strong></span> <span class='ocrx_word' id='word_1_539' title='bbox 3690 2502 3872 2557; x_wconf 88' lang='lat' dir='ltr'><strong>Credo</strong></span> <span class='ocrx_word' id='word_1_540' title='bbox 3909 2503 3954 2556; x_wconf 87' lang='lat' dir='ltr'><strong>in</strong></span> 
     </span>
    </p>
   </div>
   <div class='ocr_carea' id='block_1_83' title="bbox 2329 2594 3954 2674">
    <p class='ocr_par' dir='ltr' id='par_1_83' title="bbox 2329 2594 3954 2674">
     <span class='ocr_line' id='line_1_83' title="bbox 2329 2594 3954 2674; baseline -0.006 -16"><span class='ocrx_word' id='word_1_541' title='bbox 2329 2606 2521 2659; x_wconf 90' lang='lat' dir='ltr'><strong>sancto</strong></span> <span class='ocrx_word' id='word_1_542' title='bbox 2552 2601 2783 2674; x_wconf 91' lang='lat' dir='ltr'><strong>Spiritu,</strong></span> <span class='ocrx_word' id='word_1_543' title='bbox 2815 2605 3005 2656; x_wconf 87' lang='lat' dir='ltr'><strong>sancta</strong></span> <span class='ocrx_word' id='word_1_544' title='bbox 3035 2599 3278 2655; x_wconf 89' lang='lat' dir='ltr'><strong>Ecclesia</strong></span> <span class='ocrx_word' id='word_1_545' title='bbox 3306 2594 3602 2668; x_wconf 74' lang='lat' dir='ltr'><strong>catholica,</strong></span> <span class='ocrx_word' id='word_1_546' title='bbox 3640 2601 3954 2651; x_wconf 89' lang='lat' dir='ltr'><strong>sanctorum</strong></span> 
     </span>
    </p>
   </div>
   <div class='ocr_carea' id='block_1_84' title="bbox 2327 2690 3954 2766">
    <p class='ocr_par' dir='ltr' id='par_1_84' title="bbox 2327 2690 3954 2766">
     <span class='ocr_line' id='line_1_84' title="bbox 2327 2690 3954 2766; baseline -0.006 -14"><span class='ocrx_word' id='word_1_547' title='bbox 2327 2694 2809 2766; x_wconf 90' lang='lat' dir='ltr'><strong>communionem,</strong></span> <span class='ocrx_word' id='word_1_548' title='bbox 2842 2712 2906 2749; x_wconf 90' lang='lat' dir='ltr'><strong>ac</strong></span> <span class='ocrx_word' id='word_1_549' title='bbox 2939 2694 3333 2749; x_wconf 89' lang='lat' dir='ltr'><strong>remissionem</strong></span> <span class='ocrx_word' id='word_1_550' title='bbox 3358 2696 3747 2765; x_wconf 88' lang='lat' dir='ltr'><strong>peccatorum,</strong></span> <span class='ocrx_word' id='word_1_551' title='bbox 3794 2690 3954 2745; x_wconf 79' lang='lat' dir='ltr'><strong>carnis</strong></span> 
     </span>
    </p>
   </div>
   <div class='ocr_carea' id='block_1_85' title="bbox 2326 2788 3341 2860">
    <p class='ocr_par' dir='ltr' id='par_1_85' title="bbox 2326 2788 3341 2860">
     <span class='ocr_line' id='line_1_85' title="bbox 2326 2788 3341 2860; baseline -0.003 -15"><span class='ocrx_word' id='word_1_552' title='bbox 2326 2789 2820 2860; x_wconf 89' lang='lat' dir='ltr'><strong>resurrectionem,</strong></span> <span class='ocrx_word' id='word_1_553' title='bbox 2849 2788 3021 2844; x_wconf 86' lang='lat' dir='ltr'><strong>vitam</strong></span> <span class='ocrx_word' id='word_1_554' title='bbox 3048 2794 3341 2845; x_wconf 66' lang='lat' dir='ltr'><strong>aeternam.</strong></span> 
     </span>
    </p>
   </div>
   <div class='ocr_carea' id='block_1_86' title="bbox 2400 2879 3951 2956">
    <p class='ocr_par' dir='ltr' id='par_1_86' title="bbox 2400 2879 3951 2956">
     <span class='ocr_line' id='line_1_86' title="bbox 2400 2879 3951 2956; baseline -0.003 -17"><span class='ocrx_word' id='word_1_555' title='bbox 2400 2883 2729 2956; x_wconf 88' lang='lat' dir='ltr'><strong>Symbolum</strong></span> <span class='ocrx_word' id='word_1_556' title='bbox 2756 2882 2927 2953; x_wconf 90' lang='lat' dir='ltr'><strong>istud,</strong></span> <span class='ocrx_word' id='word_1_557' title='bbox 2968 2882 3336 2950; x_wconf 87' lang='lat' dir='ltr'><strong>dilectissimi,</strong></span> <span class='ocrx_word' id='word_1_558' title='bbox 3362 2897 3478 2937; x_wconf 89' lang='lat' dir='ltr'><strong>non</strong></span> <span class='ocrx_word' id='word_1_559' title='bbox 3514 2883 3840 2936; x_wconf 88' lang='lat' dir='ltr'><strong>atramento</strong></span> <span class='ocrx_word' id='word_1_560' title='bbox 3870 2879 3951 2934; x_wconf 84' lang='lat' dir='ltr'><strong>de-</strong></span> 
     </span>
    </p>
   </div>
   <div class='ocr_carea' id='block_1_87' title="bbox 2325 2974 3954 3050">
    <p class='ocr_par' dir='ltr' id='par_1_87' title="bbox 2325 2974 3954 3050">
     <span class='ocr_line' id='line_1_87' title="bbox 2325 2974 3954 3050; baseline -0.003 -17"><span class='ocrx_word' id='word_1_561' title='bbox 2325 2977 2603 3050; x_wconf 89' lang='lat' dir='ltr'><strong>pingitur,</strong></span> <span class='ocrx_word' id='word_1_562' title='bbox 2634 2977 2731 3033; x_wconf 91' lang='lat' dir='ltr'><strong>sed</strong></span> <span class='ocrx_word' id='word_1_563' title='bbox 2757 2975 3024 3032; x_wconf 87' lang='lat' dir='ltr'><strong>humanis</strong></span> <span class='ocrx_word' id='word_1_564' title='bbox 3065 2976 3329 3032; x_wconf 88' lang='lat' dir='ltr'><strong>cordibus</strong></span> <span class='ocrx_word' id='word_1_565' title='bbox 3364 2975 3644 3031; x_wconf 89' lang='lat' dir='ltr'><strong>insertum</strong></span> <span class='ocrx_word' id='word_1_566' title='bbox 3693 2974 3954 3030; x_wconf 83' lang='lat' dir='ltr'><strong>memoria</strong></span> 
     </span>
    </p>
   </div>
   <div class='ocr_carea' id='block_1_88' title="bbox 2324 3070 2928 3143">
    <p class='ocr_par' dir='ltr' id='par_1_88' title="bbox 2324 3070 2928 3143">
     <span class='ocr_line' id='line_1_88' title="bbox 2324 3070 2928 3143; baseline -0.002 -16"><span class='ocrx_word' id='word_1_567' title='bbox 2324 3071 2625 3127; x_wconf 89' lang='lat' dir='ltr'><strong>retinetur.</strong></span> <span class='ocrx_word' id='word_1_568' title='bbox 2661 3079 2705 3143; x_wconf 58' lang='lat' dir='ltr'><strong>ii}</strong></span> <span class='ocrx_word' id='word_1_569' title='bbox 2731 3070 2928 3126; x_wconf 88' lang='lat' dir='ltr'><strong>Credo.</strong></span> 
     </span>
    </p>
   </div>
   <div class='ocr_carea' id='block_1_89' title="bbox 2399 3161 3953 3241">
    <p class='ocr_par' dir='ltr' id='par_1_89' title="bbox 2399 3161 3953 3241">
     <span class='ocr_line' id='line_1_89' title="bbox 2399 3161 3953 3241; baseline -0.001 -20"><span class='ocrx_word' id='word_1_570' title='bbox 2399 3168 2604 3222; x_wconf 88' lang='lat' dir='ltr'><strong>Iterato</strong></span> <span class='ocrx_word' id='word_1_571' title='bbox 2632 3166 2788 3222; x_wconf 88' lang='lat' dir='ltr'><strong>vobis</strong></span> <span class='ocrx_word' id='word_1_572' title='bbox 2813 3163 3147 3237; x_wconf 91' lang='lat' dir='ltr'><strong>repetimus,</strong></span> <span class='ocrx_word' id='word_1_573' title='bbox 3190 3179 3303 3236; x_wconf 93' lang='lat' dir='ltr'><strong>quo</strong></span> <span class='ocrx_word' id='word_1_574' title='bbox 3341 3161 3563 3219; x_wconf 87' lang='lat' dir='ltr'><strong>facilius</strong></span> <span class='ocrx_word' id='word_1_575' title='bbox 3600 3179 3743 3218; x_wconf 90' lang='lat' dir='ltr'><strong>eum</strong></span> <span class='ocrx_word' id='word_1_576' title='bbox 3780 3168 3953 3241; x_wconf 78' lang='lat' dir='ltr'><strong>tenere</strong></span> 
     </span>
    </p>
   </div>
   <div class='ocr_carea' id='block_1_90' title="bbox 2325 3259 2874 3333">
    <p class='ocr_par' dir='ltr' id='par_1_90' title="bbox 2325 3259 2874 3333">
     <span class='ocr_line' id='line_1_90' title="bbox 2325 3259 2874 3333; baseline 0 -18"><span class='ocrx_word' id='word_1_577' title='bbox 2325 3260 2569 3333; x_wconf 89' lang='lat' dir='ltr'><strong>possitis.</strong></span> <span class='ocrx_word' id='word_1_578' title='bbox 2603 3263 2647 3330; x_wconf 72' lang='grc' dir='ltr'><strong>η)</strong></span> <span class='ocrx_word' id='word_1_579' title='bbox 2677 3259 2874 3315; x_wconf 92' lang='lat' dir='ltr'><strong>Credo.</strong></span> 
     </span>
    </p>
   </div>
   <div class='ocr_carea' id='block_1_91' title="bbox 2399 3352 3954 3426">
    <p class='ocr_par' dir='ltr' id='par_1_91' title="bbox 2399 3352 3954 3426">
     <span class='ocr_line' id='line_1_91' title="bbox 2399 3352 3954 3426; baseline -0.004 -14"><span class='ocrx_word' id='word_1_580' title='bbox 2399 3356 2564 3412; x_wconf 76' lang='lat' dir='ltr'><strong>Credo</strong></span> <span class='ocrx_word' id='word_1_581' title='bbox 2590 3356 2647 3409; x_wconf 76' lang='lat' dir='ltr'><strong>in</strong></span> <span class='ocrx_word' id='word_1_582' title='bbox 2682 3358 2850 3411; x_wconf 86' lang='lat' dir='ltr'><strong>Deum</strong></span> <span class='ocrx_word' id='word_1_583' title='bbox 2873 3357 3109 3410; x_wconf 83' lang='lat' dir='ltr'><strong>Patrem.</strong></span> <span class='ocrx_word' id='word_1_584' title='bbox 3140 3356 3207 3410; x_wconf 92' lang='lat' dir='ltr'><strong>Et</strong></span> <span class='ocrx_word' id='word_1_585' title='bbox 3231 3353 3366 3426; x_wconf 91' lang='lat' dir='ltr'><strong>quia</strong></span> <span class='ocrx_word' id='word_1_586' title='bbox 3388 3352 3479 3408; x_wconf 90' lang='lat' dir='ltr'><strong>lex</strong></span> <span class='ocrx_word' id='word_1_587' title='bbox 3503 3354 3720 3408; x_wconf 63' lang='lat' dir='ltr'><strong>nostra:</strong></span> <span class='ocrx_word' id='word_1_588' title='bbox 3750 3352 3882 3407; x_wconf 87' lang='lat' dir='ltr'><strong>ﬁdei</strong></span> <span class='ocrx_word' id='word_1_589' title='bbox 3906 3352 3954 3406; x_wconf 91' lang='lat' dir='ltr'><strong>in</strong></span> 
     </span>
    </p>
   </div>
   <div class='ocr_carea' id='block_1_92' title="bbox 2323 3447 3949 3521">
    <p class='ocr_par' dir='ltr' id='par_1_92' title="bbox 2323 3447 3949 3521">
     <span class='ocr_line' id='line_1_92' title="bbox 2323 3447 3949 3521; baseline -0.002 -16"><span class='ocrx_word' id='word_1_590' title='bbox 2323 3448 2596 3505; x_wconf 91' lang='lat' dir='ltr'><strong>Trinitate</strong></span> <span class='ocrx_word' id='word_1_591' title='bbox 2626 3448 2899 3519; x_wconf 91' lang='lat' dir='ltr'><strong>consistit,</strong></span> <span class='ocrx_word' id='word_1_592' title='bbox 2935 3448 3102 3504; x_wconf 91' lang='lat' dir='ltr'><strong>tertio</strong></span> <span class='ocrx_word' id='word_1_593' title='bbox 3135 3448 3467 3521; x_wconf 88' lang='lat' dir='ltr'><strong>repetimus,</strong></span> <span class='ocrx_word' id='word_1_594' title='bbox 3497 3451 3563 3501; x_wconf 93' lang='lat' dir='ltr'><strong>ut</strong></span> <span class='ocrx_word' id='word_1_595' title='bbox 3600 3447 3726 3517; x_wconf 87' lang='lat' dir='ltr'><strong>ipse</strong></span> <span class='ocrx_word' id='word_1_596' title='bbox 3763 3462 3949 3502; x_wconf 79' lang='lat' dir='ltr'><strong>nume-</strong></span> 
     </span>
    </p>
   </div>
   <div class='ocr_carea' id='block_1_93' title="bbox 2323 3540 3954 3616">
    <p class='ocr_par' dir='ltr' id='par_1_93' title="bbox 2323 3540 3954 3616">
     <span class='ocr_line' id='line_1_93' title="bbox 2323 3540 3954 3616; baseline -0.003 -19"><span class='ocrx_word' id='word_1_597' title='bbox 2323 3559 2421 3598; x_wconf 90' lang='lat' dir='ltr'><strong>rus</strong></span> <span class='ocrx_word' id='word_1_598' title='bbox 2453 3542 2802 3614; x_wconf 89' lang='lat' dir='ltr'><strong>repetitionis</strong></span> <span class='ocrx_word' id='word_1_599' title='bbox 2850 3559 2980 3600; x_wconf 90' lang='lat' dir='ltr'><strong>cum</strong></span> <span class='ocrx_word' id='word_1_600' title='bbox 3022 3543 3185 3616; x_wconf 90' lang='lat' dir='ltr'><strong>signo</strong></span> <span class='ocrx_word' id='word_1_601' title='bbox 3226 3541 3412 3598; x_wconf 89' lang='lat' dir='ltr'><strong>veniat</strong></span> <span class='ocrx_word' id='word_1_602' title='bbox 3446 3540 3762 3595; x_wconf 82' lang='lat' dir='ltr'><strong>Trinitatis.</strong></span> <span class='ocrx_word' id='word_1_603' title='bbox 3804 3540 3954 3598; x_wconf 72' lang='lat' dir='ltr'><strong>Credo</strong></span> 
     </span>
    </p>
   </div>
   <div class='ocr_carea' id='block_1_94' title="bbox 2321 3633 3953 3715">
    <p class='ocr_par' dir='ltr' id='par_1_94' title="bbox 2321 3633 3953 3715">
     <span class='ocr_line' id='line_1_94' title="bbox 2321 3633 3953 3715; baseline -0.004 -24"><span class='ocrx_word' id='word_1_604' title='bbox 2321 3639 2382 3691; x_wconf 73' lang='lat' dir='ltr'><strong>in</strong></span> <span class='ocrx_word' id='word_1_605' title='bbox 2406 3641 2573 3693; x_wconf 83' lang='lat' dir='ltr'><strong>Deum</strong></span> <span class='ocrx_word' id='word_1_606' title='bbox 2592 3639 2830 3692; x_wconf 80' lang='lat' dir='ltr'><strong>Patrem.</strong></span> <span class='ocrx_word' id='word_1_607' title='bbox 2862 3637 3009 3708; x_wconf 86' lang='lat' dir='ltr'><strong>Ergo</strong></span> <span class='ocrx_word' id='word_1_608' title='bbox 3035 3637 3097 3691; x_wconf 93' lang='lat' dir='ltr'><strong>in</strong></span> <span class='ocrx_word' id='word_1_609' title='bbox 3122 3637 3311 3715; x_wconf 85' lang='lat' dir='ltr'><strong>primo</strong></span> <span class='ocrx_word' id='word_1_610' title='bbox 3339 3635 3512 3690; x_wconf 89' lang='lat' dir='ltr'><strong>habet</strong></span> <span class='ocrx_word' id='word_1_611' title='bbox 3553 3636 3752 3693; x_wconf 84' lang='lat' dir='ltr'><strong>Credo.</strong></span> <span class='ocrx_word' id='word_1_612' title='bbox 3805 3633 3953 3687; x_wconf 76' lang='lat' dir='ltr'><strong>Vides</strong></span> 
     </span>
    </p>
   </div>
   <div class='ocr_carea' id='block_1_95' title="bbox 2321 3726 3953 3803">
    <p class='ocr_par' dir='ltr' id='par_1_95' title="bbox 2321 3726 3953 3803">
     <span class='ocr_line' id='line_1_95' title="bbox 2321 3726 3953 3803; baseline -0.005 -17"><span class='ocrx_word' id='word_1_613' title='bbox 2321 3731 2474 3803; x_wconf 93' lang='lat' dir='ltr'><strong>quod</strong></span> <span class='ocrx_word' id='word_1_614' title='bbox 2510 3731 2659 3785; x_wconf 88' lang='lat' dir='ltr'><strong>Deus</strong></span> <span class='ocrx_word' id='word_1_615' title='bbox 2703 3735 2895 3786; x_wconf 90' lang='lat' dir='ltr'><strong>noster</strong></span> <span class='ocrx_word' id='word_1_616' title='bbox 2934 3747 3050 3786; x_wconf 92' lang='lat' dir='ltr'><strong>non</strong></span> <span class='ocrx_word' id='word_1_617' title='bbox 3094 3747 3191 3785; x_wconf 87' lang='lat' dir='ltr'><strong>vos</strong></span> <span class='ocrx_word' id='word_1_618' title='bbox 3229 3730 3396 3802; x_wconf 90' lang='lat' dir='ltr'><strong>jubet</strong></span> <span class='ocrx_word' id='word_1_619' title='bbox 3431 3728 3721 3784; x_wconf 89' lang='lat' dir='ltr'><strong>discutere</strong></span> <span class='ocrx_word' id='word_1_620' title='bbox 3755 3726 3953 3799; x_wconf 85' lang='lat' dir='ltr'><strong>judicia</strong></span> 
     </span>
    </p>
   </div>
   <div class='ocr_carea' id='block_1_96' title="bbox 2321 3819 3953 3896">
    <p class='ocr_par' dir='ltr' id='par_1_96' title="bbox 2321 3819 3953 3896">
     <span class='ocr_line' id='line_1_96' title="bbox 2321 3819 3953 3896; baseline -0.005 -16"><span class='ocrx_word' id='word_1_621' title='bbox 2321 3824 2529 3896; x_wconf 88' lang='lat' dir='ltr'><strong>divina,</strong></span> <span class='ocrx_word' id='word_1_622' title='bbox 2574 3825 2673 3880; x_wconf 91' lang='lat' dir='ltr'><strong>sed</strong></span> <span class='ocrx_word' id='word_1_623' title='bbox 2715 3825 2983 3894; x_wconf 88' lang='lat' dir='ltr'><strong>credere;</strong></span> <span class='ocrx_word' id='word_1_624' title='bbox 3030 3841 3136 3880; x_wconf 92' lang='lat' dir='ltr'><strong>nec</strong></span> <span class='ocrx_word' id='word_1_625' title='bbox 3172 3823 3452 3879; x_wconf 91' lang='lat' dir='ltr'><strong>rationem</strong></span> <span class='ocrx_word' id='word_1_626' title='bbox 3493 3821 3814 3893; x_wconf 88' lang='lat' dir='ltr'><strong>requirere,</strong></span> <span class='ocrx_word' id='word_1_627' title='bbox 3866 3819 3953 3873; x_wconf 87' lang='lat' dir='ltr'><strong>sed</strong></span> 
     </span>
    </p>
   </div>
   <div class='ocr_carea' id='block_1_97' title="bbox 2318 3916 3949 3991">
    <p class='ocr_par' dir='ltr' id='par_1_97' title="bbox 2318 3916 3949 3991">
     <span class='ocr_line' id='line_1_97' title="bbox 2318 3916 3949 3991; baseline -0.004 -19"><span class='ocrx_word' id='word_1_628' title='bbox 2318 3919 2492 3975; x_wconf 85' lang='lat' dir='ltr'><strong>ﬁdem</strong></span> <span class='ocrx_word' id='word_1_629' title='bbox 2519 3918 2847 3991; x_wconf 90' lang='lat' dir='ltr'><strong>simpliciter</strong></span> <span class='ocrx_word' id='word_1_630' title='bbox 2874 3922 2931 3974; x_wconf 86' lang='lat' dir='ltr'><strong>et</strong></span> <span class='ocrx_word' id='word_1_631' title='bbox 2954 3917 3325 3974; x_wconf 89' lang='lat' dir='ltr'><strong>immobiliter</strong></span> <span class='ocrx_word' id='word_1_632' title='bbox 3357 3916 3656 3972; x_wconf 89' lang='lat' dir='ltr'><strong>adhibere.</strong></span> <span class='ocrx_word' id='word_1_633' title='bbox 3699 3919 3765 3972; x_wconf 84' lang='lat' dir='ltr'><strong>In</strong></span> <span class='ocrx_word' id='word_1_634' title='bbox 3800 3918 3949 3970; x_wconf 80' lang='lat' dir='ltr'><strong>Deum</strong></span> 
     </span>
    </p>
   </div>
   <div class='ocr_carea' id='block_1_98' title="bbox 2316 4008 3949 4084">
    <p class='ocr_par' dir='ltr' id='par_1_98' title="bbox 2316 4008 3949 4084">
     <span class='ocr_line' id='line_1_98' title="bbox 2316 4008 3949 4084; baseline -0.004 -15"><span class='ocrx_word' id='word_1_635' title='bbox 2316 4014 2555 4070; x_wconf 76' lang='lat' dir='ltr'><strong>Patrem.</strong></span> <span class='ocrx_word' id='word_1_636' title='bbox 2589 4013 2876 4068; x_wconf 87' lang='lat' dir='ltr'><strong>Advertite</strong></span> <span class='ocrx_word' id='word_1_637' title='bbox 2911 4012 3065 4084; x_wconf 92' lang='lat' dir='ltr'><strong>quod</strong></span> <span class='ocrx_word' id='word_1_638' title='bbox 3102 4012 3240 4067; x_wconf 91' lang='lat' dir='ltr'><strong>dum</strong></span> <span class='ocrx_word' id='word_1_639' title='bbox 3279 4011 3378 4066; x_wconf 93' lang='lat' dir='ltr'><strong>Dei</strong></span> <span class='ocrx_word' id='word_1_640' title='bbox 3416 4009 3595 4065; x_wconf 90' lang='lat' dir='ltr'><strong>Patris</strong></span> <span class='ocrx_word' id='word_1_641' title='bbox 3644 4025 3861 4064; x_wconf 88' lang='lat' dir='ltr'><strong>nomen</strong></span> <span class='ocrx_word' id='word_1_642' title='bbox 3900 4008 3949 4061; x_wconf 89' lang='lat' dir='ltr'><strong>in</strong></span> 
     </span>
    </p>
   </div>
   <div class='ocr_carea' id='block_1_99' title="bbox 2316 4104 3949 4178">
    <p class='ocr_par' dir='ltr' id='par_1_99' title="bbox 2316 4104 3949 4178">
     <span class='ocr_line' id='line_1_99' title="bbox 2316 4104 3949 4178; baseline -0.004 -17"><span class='ocrx_word' id='word_1_643' title='bbox 2316 4107 2663 4163; x_wconf 88' lang='lat' dir='ltr'><strong>confessione</strong></span> <span class='ocrx_word' id='word_1_644' title='bbox 2699 4106 3019 4178; x_wconf 86' lang='lat' dir='ltr'><strong>conjungit,</strong></span> <span class='ocrx_word' id='word_1_645' title='bbox 3053 4105 3298 4172; x_wconf 82' lang='lat' dir='ltr'><strong>ostendit</strong></span> <span class='ocrx_word' id='word_1_646' title='bbox 3336 4105 3487 4177; x_wconf 92' lang='lat' dir='ltr'><strong>quod</strong></span> <span class='ocrx_word' id='word_1_647' title='bbox 3512 4120 3629 4160; x_wconf 93' lang='lat' dir='ltr'><strong>non</strong></span> <span class='ocrx_word' id='word_1_648' title='bbox 3656 4107 3795 4159; x_wconf 81' lang='lat' dir='ltr'><strong>ante</strong></span> <span class='ocrx_word' id='word_1_649' title='bbox 3821 4104 3949 4157; x_wconf 85' lang='lat' dir='ltr'><strong>Deus</strong></span> 
     </span>
    </p>
   </div>
   <div class='ocr_carea' id='block_1_100' title="bbox 2315 4197 3949 4273">
    <p class='ocr_par' dir='ltr' id='par_1_100' title="bbox 2315 4197 3949 4273">
     <span class='ocr_line' id='line_1_100' title="bbox 2315 4197 3949 4273; baseline -0.003 -17"><span class='ocrx_word' id='word_1_650' title='bbox 2315 4217 2434 4256; x_wconf 87' lang='lat' dir='ltr'><strong>esse</strong></span> <span class='ocrx_word' id='word_1_651' title='bbox 2461 4200 2712 4273; x_wconf 86' lang='lat' dir='ltr'><strong>coeperit,</strong></span> <span class='ocrx_word' id='word_1_652' title='bbox 2742 4205 2799 4256; x_wconf 88' lang='lat' dir='ltr'><strong>et</strong></span> <span class='ocrx_word' id='word_1_653' title='bbox 2833 4204 3026 4272; x_wconf 90' lang='lat' dir='ltr'><strong>postea</strong></span> <span class='ocrx_word' id='word_1_654' title='bbox 3050 4202 3235 4271; x_wconf 91' lang='lat' dir='ltr'><strong>Pater,</strong></span> <span class='ocrx_word' id='word_1_655' title='bbox 3268 4200 3363 4254; x_wconf 90' lang='lat' dir='ltr'><strong>sed</strong></span> <span class='ocrx_word' id='word_1_656' title='bbox 3391 4198 3510 4253; x_wconf 90' lang='lat' dir='ltr'><strong>sine</strong></span> <span class='ocrx_word' id='word_1_657' title='bbox 3537 4198 3660 4253; x_wconf 91' lang='lat' dir='ltr'><strong>ullo</strong></span> <span class='ocrx_word' id='word_1_658' title='bbox 3702 4197 3867 4253; x_wconf 92' lang='lat' dir='ltr'><strong>initio</strong></span> <span class='ocrx_word' id='word_1_659' title='bbox 3904 4200 3949 4251; x_wconf 85' lang='lat' dir='ltr'><strong>et</strong></span> 
     </span>
    </p>
   </div>
   <div class='ocr_carea' id='block_1_101' title="bbox 2315 4293 3943 4367">
    <p class='ocr_par' dir='ltr' id='par_1_101' title="bbox 2315 4293 3943 4367">
     <span class='ocr_line' id='line_1_101' title="bbox 2315 4293 3943 4367; baseline -0.002 -17"><span class='ocrx_word' id='word_1_660' title='bbox 2315 4296 2460 4351; x_wconf 90' lang='lat' dir='ltr'><strong>Deus</strong></span> <span class='ocrx_word' id='word_1_661' title='bbox 2490 4311 2712 4367; x_wconf 89' lang='lat' dir='ltr'><strong>semper</strong></span> <span class='ocrx_word' id='word_1_662' title='bbox 2738 4299 2795 4350; x_wconf 92' lang='lat' dir='ltr'><strong>et</strong></span> <span class='ocrx_word' id='word_1_663' title='bbox 2823 4295 3007 4349; x_wconf 87' lang='lat' dir='ltr'><strong>Pater.</strong></span> <span class='ocrx_word' id='word_1_664' title='bbox 3039 4295 3181 4359; x_wconf 88' lang='lat' dir='ltr'><strong>Quia</strong></span> <span class='ocrx_word' id='word_1_665' title='bbox 3209 4310 3346 4367; x_wconf 87' lang='lat' dir='ltr'><strong>ergo</strong></span> <span class='ocrx_word' id='word_1_666' title='bbox 3374 4309 3598 4364; x_wconf 89' lang='lat' dir='ltr'><strong>semper</strong></span> <span class='ocrx_word' id='word_1_667' title='bbox 3620 4293 3739 4348; x_wconf 87' lang='lat' dir='ltr'><strong>fuit</strong></span> <span class='ocrx_word' id='word_1_668' title='bbox 3778 4295 3943 4359; x_wconf 84' lang='lat' dir='ltr'><strong>Pater,</strong></span> 
     </span>
    </p>
   </div>
   <div class='ocr_carea' id='block_1_102' title="bbox 2314 4388 3944 4461">
    <p class='ocr_par' dir='ltr' id='par_1_102' title="bbox 2314 4388 3944 4461">
     <span class='ocr_line' id='line_1_102' title="bbox 2314 4388 3944 4461; baseline -0.002 -17"><span class='ocrx_word' id='word_1_669' title='bbox 2314 4406 2539 4461; x_wconf 90' lang='lat' dir='ltr'><strong>semper</strong></span> <span class='ocrx_word' id='word_1_670' title='bbox 2563 4389 2762 4444; x_wconf 87' lang='lat' dir='ltr'><strong>habuit</strong></span> <span class='ocrx_word' id='word_1_671' title='bbox 2781 4388 2985 4443; x_wconf 89' lang='lat' dir='ltr'><strong>Filium</strong></span> <span class='ocrx_word' id='word_1_672' title='bbox 3011 4389 3174 4459; x_wconf 91' lang='lat' dir='ltr'><strong>cujus</strong></span> <span class='ocrx_word' id='word_1_673' title='bbox 3193 4390 3357 4445; x_wconf 85' lang='lat' dir='ltr'><strong>Pater</strong></span> <span class='ocrx_word' id='word_1_674' title='bbox 3386 4391 3491 4444; x_wconf 90' lang='lat' dir='ltr'><strong>est.</strong></span> <span class='ocrx_word' id='word_1_675' title='bbox 3529 4388 3944 4458; x_wconf 75' lang='lat' dir='ltr'><strong>Omnipotentem</strong></span> 
     </span>
    </p>
   </div>
   <div class='ocr_carea' id='block_1_103' title="bbox 2311 4481 3943 4555">
    <p class='ocr_par' dir='ltr' id='par_1_103' title="bbox 2311 4481 3943 4555">
     <span class='ocr_line' id='line_1_103' title="bbox 2311 4481 3943 4555; baseline -0.002 -17"><span class='ocrx_word' id='word_1_676' title='bbox 2311 4500 2444 4539; x_wconf 87' lang='lat' dir='ltr'><strong>vero</strong></span> <span class='ocrx_word' id='word_1_677' title='bbox 2480 4483 2607 4538; x_wconf 91' lang='lat' dir='ltr'><strong>ideo</strong></span> <span class='ocrx_word' id='word_1_678' title='bbox 2634 4482 2793 4553; x_wconf 89' lang='lat' dir='ltr'><strong>dixit,</strong></span> <span class='ocrx_word' id='word_1_679' title='bbox 2823 4482 2960 4554; x_wconf 91' lang='lat' dir='ltr'><strong>quia</strong></span> <span class='ocrx_word' id='word_1_680' title='bbox 2984 4482 3175 4537; x_wconf 90' lang='lat' dir='ltr'><strong>omnia</strong></span> <span class='ocrx_word' id='word_1_681' title='bbox 3199 4487 3415 4555; x_wconf 88' lang='lat' dir='ltr'><strong>potest;</strong></span> <span class='ocrx_word' id='word_1_682' title='bbox 3444 4482 3653 4554; x_wconf 89' lang='lat' dir='ltr'><strong>cuique</strong></span> <span class='ocrx_word' id='word_1_683' title='bbox 3684 4482 3831 4537; x_wconf 89' lang='lat' dir='ltr'><strong>nihil</strong></span> <span class='ocrx_word' id='word_1_684' title='bbox 3856 4481 3943 4535; x_wconf 85' lang='lat' dir='ltr'><strong>im—</strong></span> 
     </span>
    </p>
   </div>
   <div class='ocr_carea' id='block_1_104' title="bbox 2228 4576 3936 4650">
    <p class='ocr_par' dir='ltr' id='par_1_104' title="bbox 2228 4576 3936 4650">
     <span class='ocr_line' id='line_1_104' title="bbox 2228 4576 3936 4650; baseline -0.001 -18"><span class='ocrx_word' id='word_1_685' title='bbox 2228 4576 2288 4650; x_wconf 88' lang='lat' dir='ltr'><strong>D</strong></span> <span class='ocrx_word' id='word_1_686' title='bbox 2311 4577 2576 4650; x_wconf 88' lang='lat' dir='ltr'><strong>possibile</strong></span> <span class='ocrx_word' id='word_1_687' title='bbox 2606 4582 2688 4633; x_wconf 89' lang='lat' dir='ltr'><strong>est</strong></span> <span class='ocrx_word' id='word_1_688' title='bbox 2716 4595 2729 4632; x_wconf 89' lang='lat'><strong>:</strong></span> <span class='ocrx_word' id='word_1_689' title='bbox 2765 4576 2897 4649; x_wconf 89' lang='lat' dir='ltr'><strong>quia</strong></span> <span class='ocrx_word' id='word_1_690' title='bbox 2915 4576 3139 4649; x_wconf 59' lang='lat' dir='ltr'><strong>caelum,</strong></span> <span class='ocrx_word' id='word_1_691' title='bbox 3166 4581 3399 4647; x_wconf 90' lang='lat' dir='ltr'><strong>terram,</strong></span> <span class='ocrx_word' id='word_1_692' title='bbox 3436 4592 3618 4647; x_wconf 88' lang='lat' dir='ltr'><strong>mare,</strong></span> <span class='ocrx_word' id='word_1_693' title='bbox 3666 4577 3936 4645; x_wconf 83' lang='lat' dir='ltr'><strong>homines,</strong></span> 
     </span>
    </p>
   </div>
   <div class='ocr_carea' id='block_1_105' title="bbox 2307 4669 3937 4743">
    <p class='ocr_par' dir='ltr' id='par_1_105' title="bbox 2307 4669 3937 4743">
     <span class='ocr_line' id='line_1_105' title="bbox 2307 4669 3937 4743; baseline -0.002 -17"><span class='ocrx_word' id='word_1_694' title='bbox 2307 4672 2492 4743; x_wconf 91' lang='lat' dir='ltr'><strong>adque</strong></span> <span class='ocrx_word' id='word_1_695' title='bbox 2519 4671 2711 4726; x_wconf 79' lang='lat' dir='ltr'><strong>onmia</strong></span> <span class='ocrx_word' id='word_1_696' title='bbox 2739 4669 3029 4740; x_wconf 87' lang='lat' dir='ltr'><strong>animalia,</strong></span> <span class='ocrx_word' id='word_1_697' title='bbox 3074 4686 3189 4726; x_wconf 89' lang='lat' dir='ltr'><strong>non</strong></span> <span class='ocrx_word' id='word_1_698' title='bbox 3231 4670 3420 4743; x_wconf 91' lang='lat' dir='ltr'><strong>aliquo</strong></span> <span class='ocrx_word' id='word_1_699' title='bbox 3461 4670 3650 4742; x_wconf 87' lang='lat' dir='ltr'><strong>operis</strong></span> <span class='ocrx_word' id='word_1_700' title='bbox 3687 4675 3819 4726; x_wconf 87' lang='lat' dir='ltr'><strong>actu</strong></span> <span class='ocrx_word' id='word_1_701' title='bbox 3852 4676 3937 4724; x_wconf 86' lang='lat' dir='ltr'><strong>aut</strong></span> 
     </span>
    </p>
   </div>
   <div class='ocr_carea' id='block_1_106' title="bbox 2305 4763 3933 4837">
    <p class='ocr_par' dir='ltr' id='par_1_106' title="bbox 2305 4763 3933 4837">
     <span class='ocr_line' id='line_1_106' title="bbox 2305 4763 3933 4837; baseline -0.003 -16"><span class='ocrx_word' id='word_1_702' title='bbox 2305 4765 2562 4837; x_wconf 88' lang='lat' dir='ltr'><strong>artiﬁcio,</strong></span> <span class='ocrx_word' id='word_1_703' title='bbox 2594 4766 2691 4821; x_wconf 90' lang='lat' dir='ltr'><strong>sed</strong></span> <span class='ocrx_word' id='word_1_704' title='bbox 2722 4766 2839 4821; x_wconf 89' lang='lat' dir='ltr'><strong>solo</strong></span> <span class='ocrx_word' id='word_1_705' title='bbox 2866 4764 3077 4821; x_wconf 87' lang='lat' dir='ltr'><strong>creavit</strong></span> <span class='ocrx_word' id='word_1_706' title='bbox 3103 4764 3362 4837; x_wconf 90' lang='lat' dir='ltr'><strong>imperio.</strong></span> <span class='ocrx_word' id='word_1_707' title='bbox 3405 4765 3473 4820; x_wconf 90' lang='lat' dir='ltr'><strong>Et</strong></span> <span class='ocrx_word' id='word_1_708' title='bbox 3494 4763 3623 4819; x_wconf 92' lang='lat' dir='ltr'><strong>ideo</strong></span> <span class='ocrx_word' id='word_1_709' title='bbox 3652 4782 3774 4821; x_wconf 91' lang='lat' dir='ltr'><strong>non</strong></span> <span class='ocrx_word' id='word_1_710' title='bbox 3798 4764 3933 4819; x_wconf 86' lang='lat' dir='ltr'><strong>venit</strong></span> 
     </span>
    </p>
   </div>
   <div class='ocr_carea' id='block_1_107' title="bbox 2303 4858 3927 4933">
    <p class='ocr_par' dir='ltr' id='par_1_107' title="bbox 2303 4858 3927 4933">
     <span class='ocr_line' id='line_1_107' title="bbox 2303 4858 3927 4933; baseline -0.001 -19"><span class='ocrx_word' id='word_1_711' title='bbox 2303 4859 2364 4914; x_wconf 91' lang='lat' dir='ltr'><strong>in</strong></span> <span class='ocrx_word' id='word_1_712' title='bbox 2389 4860 2755 4933; x_wconf 88' lang='lat' dir='ltr'><strong>cogitatione,</strong></span> <span class='ocrx_word' id='word_1_713' title='bbox 2790 4860 3077 4933; x_wconf 91' lang='lat' dir='ltr'><strong>quomodo</strong></span> <span class='ocrx_word' id='word_1_714' title='bbox 3104 4860 3210 4914; x_wconf 90' lang='lat' dir='ltr'><strong>hoc</strong></span> <span class='ocrx_word' id='word_1_715' title='bbox 3236 4864 3335 4915; x_wconf 89' lang='lat' dir='ltr'><strong>aut</strong></span> <span class='ocrx_word' id='word_1_716' title='bbox 3358 4858 3500 4914; x_wconf 91' lang='lat' dir='ltr'><strong>illud</strong></span> <span class='ocrx_word' id='word_1_717' title='bbox 3522 4861 3781 4931; x_wconf 89' lang='lat' dir='ltr'><strong>potuerit</strong></span> <span class='ocrx_word' id='word_1_718' title='bbox 3805 4858 3927 4925; x_wconf 87' lang='lat' dir='ltr'><strong>ﬁeri,</strong></span> 
     </span>
    </p>
   </div>
   <div class='ocr_carea' id='block_1_108' title="bbox 2304 4947 3927 5027">
    <p class='ocr_par' dir='ltr' id='par_1_108' title="bbox 2304 4947 3927 5027">
     <span class='ocr_line' id='line_1_108' title="bbox 2304 4947 3927 5027; baseline -0.001 -18"><span class='ocrx_word' id='word_1_719' title='bbox 2304 4954 2407 5025; x_wconf 91' lang='lat' dir='ltr'><strong>qui</strong></span> <span class='ocrx_word' id='word_1_720' title='bbox 2456 4947 2921 5027; x_wconf 83' lang='lat' dir='ltr'><strong>Omnipotentem</strong></span> <span class='ocrx_word' id='word_1_721' title='bbox 2957 4968 3261 5027; x_wconf 89' lang='lat' dir='ltr'><strong>precamur</strong></span> <span class='ocrx_word' id='word_1_722' title='bbox 3300 4953 3578 5009; x_wconf 86' lang='lat' dir='ltr'><strong>conﬁteri.</strong></span> <span class='ocrx_word' id='word_1_723' title='bbox 3643 4956 3927 5013; x_wconf 74' lang='lat' dir='ltr'><strong>Creatorem</strong></span> 
     </span>
    </p>
   </div>
   <div class='ocr_carea' id='block_1_109' title="bbox 2306 5047 3929 5122">
    <p class='ocr_par' dir='ltr' id='par_1_109' title="bbox 2306 5047 3929 5122">
     <span class='ocr_line' id='line_1_109' title="bbox 2306 5047 3929 5122; baseline -0.002 -21"><span class='ocrx_word' id='word_1_724' title='bbox 2306 5049 2424 5104; x_wconf 67' lang='lat' dir='ltr'><strong>caeli</strong></span> <span class='ocrx_word' id='word_1_725' title='bbox 2464 5053 2516 5104; x_wconf 83' lang='lat' dir='ltr'><strong>et</strong></span> <span class='ocrx_word' id='word_1_726' title='bbox 2568 5054 2743 5106; x_wconf 58' lang='lat' dir='ltr'><strong>terra}.</strong></span> <span class='ocrx_word' id='word_1_727' title='bbox 2793 5050 2904 5104; x_wconf 85' lang='lat' dir='ltr'><strong>Hoc</strong></span> <span class='ocrx_word' id='word_1_728' title='bbox 2936 5049 3032 5119; x_wconf 90' lang='lat' dir='ltr'><strong>ait,</strong></span> <span class='ocrx_word' id='word_1_729' title='bbox 3090 5049 3243 5122; x_wconf 90' lang='lat' dir='ltr'><strong>quod</strong></span> <span class='ocrx_word' id='word_1_730' title='bbox 3285 5048 3546 5121; x_wconf 90' lang='lat' dir='ltr'><strong>superius</strong></span> <span class='ocrx_word' id='word_1_731' title='bbox 3596 5048 3768 5117; x_wconf 84' lang='lat' dir='ltr'><strong>dixit,</strong></span> <span class='ocrx_word' id='word_1_732' title='bbox 3816 5047 3929 5119; x_wconf 83' lang='lat' dir='ltr'><strong>quia</strong></span> 
     </span>
    </p>
   </div>
   <div class='ocr_carea' id='block_1_110' title="bbox 2302 5142 3384 5215">
    <p class='ocr_par' dir='ltr' id='par_1_110' title="bbox 2302 5142 3384 5215">
     <span class='ocr_line' id='line_1_110' title="bbox 2302 5142 3384 5215; baseline 0.001 -19"><span class='ocrx_word' id='word_1_733' title='bbox 2302 5142 2495 5197; x_wconf 90' lang='lat' dir='ltr'><strong>omnia</strong></span> <span class='ocrx_word' id='word_1_734' title='bbox 2522 5143 2640 5198; x_wconf 90' lang='lat' dir='ltr'><strong>sola</strong></span> <span class='ocrx_word' id='word_1_735' title='bbox 2663 5142 2821 5198; x_wconf 86' lang='lat' dir='ltr'><strong>verbi</strong></span> <span class='ocrx_word' id='word_1_736' title='bbox 2846 5147 3120 5215; x_wconf 87' lang='lat' dir='ltr'><strong>potestate</strong></span> <span class='ocrx_word' id='word_1_737' title='bbox 3144 5142 3384 5215; x_wconf 87' lang='lat' dir='ltr'><strong>perﬁcit.</strong></span> 
     </span>
    </p>
   </div>
   <div class='ocr_carea' id='block_1_111' title="bbox 2375 5236 3925 5309">
    <p class='ocr_par' dir='ltr' id='par_1_111' title="bbox 2375 5236 3925 5309">
     <span class='ocr_line' id='line_1_111' title="bbox 2375 5236 3925 5309; baseline -0.003 -15"><span class='ocrx_word' id='word_1_738' title='bbox 2375 5239 2542 5296; x_wconf 79' lang='lat' dir='ltr'><strong>Credo</strong></span> <span class='ocrx_word' id='word_1_739' title='bbox 2568 5241 2627 5293; x_wconf 74' lang='lat' dir='ltr'><strong>in</strong></span> <span class='ocrx_word' id='word_1_740' title='bbox 2670 5239 2866 5294; x_wconf 76' lang='lat' dir='ltr'><strong>Filium</strong></span> <span class='ocrx_word' id='word_1_741' title='bbox 2904 5238 3033 5309; x_wconf 71' lang='lat' dir='ltr'><strong>eius.</strong></span> <span class='ocrx_word' id='word_1_742' title='bbox 3077 5237 3363 5293; x_wconf 82' lang='lat' dir='ltr'><strong>Advertite</strong></span> <span class='ocrx_word' id='word_1_743' title='bbox 3402 5237 3698 5309; x_wconf 90' lang='lat' dir='ltr'><strong>quomodo</strong></span> <span class='ocrx_word' id='word_1_744' title='bbox 3735 5236 3793 5293; x_wconf 90' lang='lat' dir='ltr'><strong>in</strong></span> <span class='ocrx_word' id='word_1_745' title='bbox 3838 5237 3925 5291; x_wconf 88' lang='lat' dir='ltr'><strong>Pa-</strong></span> 
     </span>
    </p>
   </div>
   <div class='ocr_carea' id='block_1_112' title="bbox 2300 5331 3924 5405">
    <p class='ocr_par' dir='ltr' id='par_1_112' title="bbox 2300 5331 3924 5405">
     <span class='ocr_line' id='line_1_112' title="bbox 2300 5331 3924 5405; baseline -0.001 -18"><span class='ocrx_word' id='word_1_746' title='bbox 2300 5336 2469 5401; x_wconf 90' lang='lat' dir='ltr'><strong>trem,</strong></span> <span class='ocrx_word' id='word_1_747' title='bbox 2498 5333 2577 5388; x_wconf 91' lang='lat' dir='ltr'><strong>sic</strong></span> <span class='ocrx_word' id='word_1_748' title='bbox 2613 5337 2670 5389; x_wconf 91' lang='lat' dir='ltr'><strong>et</strong></span> <span class='ocrx_word' id='word_1_749' title='bbox 2692 5332 2753 5388; x_wconf 93' lang='lat' dir='ltr'><strong>in</strong></span> <span class='ocrx_word' id='word_1_750' title='bbox 2780 5331 2986 5388; x_wconf 92' lang='lat' dir='ltr'><strong>Filium</strong></span> <span class='ocrx_word' id='word_1_751' title='bbox 3019 5331 3092 5389; x_wconf 88' lang='lat' dir='ltr'><strong>sit</strong></span> <span class='ocrx_word' id='word_1_752' title='bbox 3125 5331 3513 5388; x_wconf 88' lang='lat' dir='ltr'><strong>credendum:</strong></span> <span class='ocrx_word' id='word_1_753' title='bbox 3571 5336 3628 5388; x_wconf 90' lang='lat' dir='ltr'><strong>et</strong></span> <span class='ocrx_word' id='word_1_754' title='bbox 3669 5332 3770 5405; x_wconf 88' lang='lat' dir='ltr'><strong>qui</strong></span> <span class='ocrx_word' id='word_1_755' title='bbox 3812 5345 3924 5386; x_wconf 90' lang='lat' dir='ltr'><strong>cum</strong></span> 
     </span>
    </p>
   </div>
   <div class='ocr_carea' id='block_1_113' title="bbox 2299 5429 3919 5485">
    <p class='ocr_par' dir='ltr' id='par_1_113' title="bbox 2299 5429 3919 5485">
     <span class='ocr_line' id='line_1_113' title="bbox 2299 5429 3919 5485; baseline -0.001 -2"><span class='ocrx_word' id='word_1_756' title='bbox 2299 5429 3919 5485; x_wconf 88' lang='lat' dir='ltr'><strong>Patre.........................</strong></span> 
     </span>
    </p>
   </div>
   <div class='ocr_carea' id='block_1_114' title="bbox 2369 5586 3057 5653">
    <p class='ocr_par' dir='ltr' id='par_1_114' title="bbox 2369 5586 3057 5653">
     <span class='ocr_line' id='line_1_114' title="bbox 2369 5586 3057 5653; baseline -0.001 -12"><span class='ocrx_word' id='word_1_757' title='bbox 2369 5587 2572 5641; x_wconf 81' lang='lat' dir='ltr'><strong>Desunt</strong></span> <span class='ocrx_word' id='word_1_758' title='bbox 2595 5588 2759 5641; x_wconf 78' lang='lat' dir='ltr'><strong>etiam</strong></span> <span class='ocrx_word' id='word_1_759' title='bbox 2784 5586 2869 5640; x_wconf 74' lang='lat' dir='ltr'><strong>hic</strong></span> <span class='ocrx_word' id='word_1_760' title='bbox 2896 5587 3057 5653; x_wconf 74' lang='lat' dir='ltr'><strong>folia.</strong></span> 
     </span>
    </p>
   </div>
   <div class='ocr_carea' id='block_1_115' title="bbox 2636 5679 3600 5757">
    <p class='ocr_par' dir='ltr' id='par_1_115' title="bbox 2636 5679 3600 5757">
     <span class='ocr_line' id='line_1_115' title="bbox 2636 5679 3600 5757; baseline 0.004 -22"><span class='ocrx_word' id='word_1_761' title='bbox 2636 5679 2787 5757; x_wconf 48' lang='lat' dir='ltr'><strong>XVlll.</strong></span> <span class='ocrx_word' id='word_1_762' title='bbox 2831 5695 2986 5736; x_wconf 73' lang='lat' dir='ltr'><strong>ream</strong></span> <span class='ocrx_word' id='word_1_763' title='bbox 3024 5695 3057 5734; x_wconf 89' lang='lat' dir='ltr'><strong>v</strong></span> <span class='ocrx_word' id='word_1_764' title='bbox 3096 5695 3151 5738; x_wconf 80' lang='lat' dir='ltr'><strong>IN</strong></span> <span class='ocrx_word' id='word_1_765' title='bbox 3192 5696 3345 5739; x_wconf 71' lang='lat' dir='ltr'><strong>cum</strong></span> <span class='ocrx_word' id='word_1_766' title='bbox 3384 5696 3600 5739; x_wconf 73' lang='lat' dir='ltr'><strong>conm.</strong></span> 
     </span>
    </p>
   </div>
   <div class='ocr_carea' id='block_1_116' title="bbox 2305 5792 3919 5812">
    <p class='ocr_par' dir='ltr' id='par_1_116' title="bbox 2305 5792 3919 5812">
     <span class='ocr_line' id='line_1_116' title="bbox 2305 5792 3919 5812; baseline 0.002 -4"><span class='ocrx_word' id='word_1_767' title='bbox 2305 5792 2316 5808; x_wconf 86' lang='lat'><strong>0</strong></span> <span class='ocrx_word' id='word_1_768' title='bbox 2365 5794 2376 5808; x_wconf 98' lang='lat'><strong>0</strong></span> <span class='ocrx_word' id='word_1_769' title='bbox 2414 5792 2426 5808; x_wconf 86' lang='lat'><strong>0</strong></span> <span class='ocrx_word' id='word_1_770' title='bbox 2474 5792 2486 5808; x_wconf 82' lang='lat'><strong>0</strong></span> <span class='ocrx_word' id='word_1_771' title='bbox 2533 5792 2544 5806; x_wconf 97' lang='lat'><strong>0</strong></span> <span class='ocrx_word' id='word_1_772' title='bbox 2596 5794 2608 5808; x_wconf 89' lang='lat'><strong>0</strong></span> <span class='ocrx_word' id='word_1_773' title='bbox 2656 5792 2668 5808; x_wconf 87' lang='lat'><strong>0</strong></span> <span class='ocrx_word' id='word_1_774' title='bbox 2720 5793 2731 5809; x_wconf 72' lang='grc' dir='ltr'>ι</span> <span class='ocrx_word' id='word_1_775' title='bbox 2778 5792 2790 5808; x_wconf 90' lang='lat'><strong>0</strong></span> <span class='ocrx_word' id='word_1_776' title='bbox 2837 5793 2849 5807; x_wconf 91' lang='lat'><strong>0</strong></span> <span class='ocrx_word' id='word_1_777' title='bbox 2902 5792 2913 5807; x_wconf 91' lang='lat'><strong>0</strong></span> <span class='ocrx_word' id='word_1_778' title='bbox 2962 5792 2974 5806; x_wconf 78' lang='grc' dir='ltr'><strong><em>ο</em></strong></span> <span class='ocrx_word' id='word_1_779' title='bbox 3020 5793 3031 5808; x_wconf 90' lang='lat'><strong>0</strong></span> <span class='ocrx_word' id='word_1_780' title='bbox 3077 5792 3090 5808; x_wconf 73' lang='grc' dir='ltr'><strong>ο</strong></span> <span class='ocrx_word' id='word_1_781' title='bbox 3138 5793 3150 5808; x_wconf 85' lang='lat'><strong>0</strong></span> <span class='ocrx_word' id='word_1_782' title='bbox 3196 5792 3209 5808; x_wconf 80' lang='grc' dir='ltr'><strong>ο</strong></span> <span class='ocrx_word' id='word_1_783' title='bbox 3259 5793 3273 5809; x_wconf 74' lang='grc' dir='ltr'><strong><em>ο</em></strong></span> <span class='ocrx_word' id='word_1_784' title='bbox 3318 5795 3332 5807; x_wconf 75' lang='lat' dir='ltr'><strong>l</strong></span> <span class='ocrx_word' id='word_1_785' title='bbox 3377 5793 3391 5809; x_wconf 77' lang='grc' dir='ltr'><strong><em>ο</em></strong></span> <span class='ocrx_word' id='word_1_786' title='bbox 3438 5794 3451 5810; x_wconf 74' lang='grc' dir='ltr'><strong><em>ο</em></strong></span> <span class='ocrx_word' id='word_1_787' title='bbox 3499 5793 3514 5810; x_wconf 79' lang='grc' dir='ltr'><strong>ο</strong></span> <span class='ocrx_word' id='word_1_788' title='bbox 3560 5792 3577 5809; x_wconf 77' lang='grc' dir='ltr'><strong>ο</strong></span> <span class='ocrx_word' id='word_1_789' title='bbox 3627 5797 3640 5812; x_wconf 84' lang='lat'><strong>0</strong></span> <span class='ocrx_word' id='word_1_790' title='bbox 3683 5794 3700 5812; x_wconf 75' lang='grc' dir='ltr'><strong>ο</strong></span> <span class='ocrx_word' id='word_1_791' title='bbox 3748 5796 3762 5812; x_wconf 81' lang='grc' dir='ltr'><strong>ο</strong></span> <span class='ocrx_word' id='word_1_792' title='bbox 3807 5796 3820 5811; x_wconf 79' lang='lat'><strong>0</strong></span> <span class='ocrx_word' id='word_1_793' title='bbox 3860 5792 3874 5809; x_wconf 68' lang='grc' dir='ltr'><strong>θ</strong></span> <span class='ocrx_word' id='word_1_794' title='bbox 3911 5792 3919 5805; x_wconf 70' lang='grc'><strong><em>⁸</em></strong></span> 
     </span>
    </p>
   </div>
  </div>
