4014 6230
135 312 220 362 357
1182 307 1269 362 DE
1308 307 1620 364 LITURGIA
1654 309 2028 366 GALLICANA
2067 311 2264 368 LIBER
2304 311 2391 366 Ill.
3374 321 3476 373 358

134 411 307 486 349
329 409 584 481 gratiam
621 409 878 466 utilitatis
918 411 1188 478 indulsit;
1225 417 1282 467 et
1323 415 1744 485 plenitudinem
1768 429 2050 502 Acruore
2076 424 2324 490 gustato,
2360 421 2624 490 petamus
2664 423 2728 474 ut
2767 418 3059 491 possideat
3092 423 3346 492 pectora,
3379 426 3478 495 qui

135 512 228 561 tua.
242 503 656 560 benedictionis
672 504 902 575 adjecit.
921 507 1031 560 Per
1049 506 1203 578 hunc
1224 523 1363 578 ergo
1389 511 1462 575 te,
1479 510 1741 576 Domine,
1847 517 2044 568 nostra
2075 530 2177 569 ora
2205 513 2475 585 dignatus
2501 517 2614 581 est;
2642 513 2764 585 ipse
2786 513 3041 586 corporis
3066 515 3246 580 nostri
3271 520 3480 589 purget

133 615 219 670 per
235 613 398 668 quem
417 614 649 662 omnes,
669 597 802 652 licet
816 597 1216 670 indignorum,
1237 603 1494 655 attamen
1511 602 1746 656 creden-
1846 609 2056 664 ostium
2078 625 2090 672 ;
2121 611 2358 679 totoque
2378 607 2722 666 intrinsecus
2741 607 2980 664 homine
3003 608 3250 677 deterso,
3274 611 3480 666 sancti-

135 693 258 746 tium
281 708 477 762 preces
507 689 775 762 placabili
807 708 945 746 aure
977 694 1231 759 exaudis,
1262 695 1595 766 suppliciter
1624 712 1720 750 ora

1888 701 2028 756 catis
2067 701 2346 756 membris
2379 701 2616 757 innovet
2646 702 2912 774 spiritum
2947 703 3316 759 sanctiorem.
3348 706 3473 760 Per.

133 803 256 852 mus,
286 788 344 838 ut
367 783 522 852 huic,
559 786 716 856 quod
747 785 1067 853 offerimus,
1099 792 1396 857 unguento
1424 805 1490 842 ex
1515 805 1743 843 aroma-
2402 791 2654 840 Collectio
2667 790 2916 856 sequitur.

132 880 258 934 tibus
281 877 426 934 horti
458 878 546 932 tui
578 882 635 934 et
658 879 906 951 paradisi
933 881 1014 934 tui
1035 881 1178 935 ﬂore
1200 885 1479 952 perpetuo
1502 882 1743 938 odorem
1915 870 2082 925 Panis
2107 869 2234 924 vita:
2263 873 2473 926 nostra:
2503 871 2712 943 aspice,
2743 872 2892 926 Deus
2917 888 2930 927 :
2957 871 3031 926 sis
3056 873 3316 928 custodia
3351 891 3474 929 cor-

134 972 392 1026 suavitatis
413 971 671 1042 injicias;
701 974 1030 1028 accumules
1059 974 1296 1045 insuper
1316 991 1446 1029 eam
1472 975 1719 1044 gratiam

1893 981 2076 1031 orum,
2096 965 2171 1018 sis
2193 965 2535 1019 salviﬁcator
2555 965 2884 1021 animarum
2907 983 2920 1032 ;
2945 969 3006 1020 ut
3025 970 3258 1038 pectora
3281 972 3478 1024 nostra

135 1081 348 1136 eamque
374 1064 672 1130 virtutem,
705 1084 820 1137 qua
850 1067 1148 1138 quondam
1177 1085 1362 1138 reges,
1395 1069 1742 1136 sacerdotes,
1847 1062 2008 1114 tanto
2039 1059 2244 1129 poculo
2284 1058 2525 1130 ciboque
2557 1059 2806 1126 firmata,
2837 1059 3070 1114 inimica
3103 1060 3329 1116 subdoli
3359 1078 3476 1116 ser-

134 1159 430 1230 prophetas,
461 1175 647 1214 cornu
677 1177 710 1214 a
737 1160 1046 1215 dilectione
1077 1165 1176 1215 tua
1204 1162 1530 1238 exundante
1560 1163 1747 1232 perfu-
1845 1151 2036 1224 Penus
2060 1150 2463 1206 blandimenta
2487 1169 2603 1206 non
2631 1152 2912 1222 quatiant.
2941 1155 3049 1207 Per
3074 1154 3403 1210 Dominum.

131 1269 224 1316 sos,
245 1253 439 1322 plenus
469 1253 800 1308 officiorum
825 1271 1062 1309 suorum
1085 1254 1461 1325 dignitatibus
1485 1255 1742 1321 induisti,
2127 1246 2304 1300 XVI'I-
2347 1261 2547 1301 INCIPIT
2585 1262 2782 1302 ORATIO
2822 1263 2874 1302 IN
2912 1263 2964 1301 Π
3013 1263 3187 1304 FERIA-

131 1351 182 1398 ut
223 1362 344 1400 cum
389 1345 601 1400 exinde
651 1364 862 1402 novam
907 1348 1010 1402 tibi
1053 1348 1340 1403 familiam
1394 1348 1742 1415 unxerimus,
1846 1338 2048 1394 Eadem
2085 1355 2208 1394 vero
2242 1340 2329 1393 die
2356 1356 2462 1394 non
2496 1339 2723 1403 salutat,
2755 1355 2860 1394 non
2877 1341 3091 1411 psallit.
3119 1345 3337 1413 Legitur
3359 1345 3479 1400 Lec-

132 1439 511 1510 superveniens
541 1439 602 1494 in
640 1457 757 1506 eos,
792 1441 1203 1512 cooperatione
1235 1442 1481 1512 Spiritus
1505 1443 1586 1497 tui
1613 1460 1714 1497 san

1919 1430 1993 1483 tio
2020 1429 2163 1485 Osee.
2193 1431 2350 1498 Resp.
2383 1428 2628 1484 Domine
2669 1428 2880 1484 audivi.
2921 1433 3055 1485 Item
3087 1432 3206 1486 alia
3233 1433 3477 1488 :Mensis

133 1534 210 1596 eti,
242 1550 372 1586 aura
409 1533 614 1602 gratiae
660 1535 903 1587 caelestis
947 1534 1230 1606 adspiret;
1278 1539 1340 1589 ut
1383 1536 1471 1590 his
1516 1553 1718 1607 quoqun

1108 1539 1230 1598 ret;
1278 1539 1340 1589 ιιι
1383 1536 1471 1590 his
1516 1553 1744 1607 quoque
1917 1517 2024 1570 iste
2051 1515 2417 1587 principium.
2454 1520 2693 1576 Cantat:

132 1643 242 1680 vere
265 1625 468 1679 Christi
515 1627 599 1680 tui
637 1631 692 1680 et
730 1627 850 1682 Filii
893 1627 996 1695 tui,
1030 1629 1214 1682 sancti
1245 1629 1488 1700 Spiritus
1525 1629 1747 1700 inlapsa
1917 1611 2066 1664 Deus
2093 1627 2126 1664 ει
2153 1627 2267 1682 quo
2295 1613 2352 1664 et
2377 1611 2552 1665 Iudas
2592 1615 2786 1665 reatus
2821 1611 2904 1665 sui
2934 1611 3195 1682 proditor
3221 1629 3476 1685 poenam.

133 1721 330 1783 virtute,
363 1720 692 1774 efficiantur
724 1721 893 1791 hujus
933 1739 1163 1792 semper
1209 1723 1461 1777 nominis
1507 1723 1743 1777 cobere-
1847 1705 1905 1757 et
1919 1703 2298 1758 confeSSionis
2314 1721 2428 1758 sua?
2451 1705 2596 1758 latro
2615 1704 2918 1775 Pl‘mmium
2943 1707 3207 1777 sumPSit:
3230 1707 3480 1762 concede

134 1813 232 1868 des.
260 1814 361 1867 per
390 1815 708 1869 Dominum
739 1818 999 1870 nostrum
1023 1817 1239 1870 josum.
1766 1795 1820 1868 Β
1846 1797 2011 1850 nobis
2051 1798 2158 1868 pia:
2196 1798 2492 1868 petitionis
2535 1798 2836 1864 effectum;
2866 1802 2929 1852 ut
2954 1799 3099 1853 sicut
3130 1800 3186 1853 in
3214 1799 3494 1856 Passione-

573 1898 696 1947 Post
719 1898 955 1956 Sanctus,
990 1898 1051 1946 Te
1079 1896 1269 1961 igitur.
1845 1907 1946 1944 sua
1975 1891 2136 1945 Iesus
2162 1891 2418 1945 Christus
2447 1890 2726 1945 Dominus
2752 1894 2950 1946 noster
2973 1891 3197 1946 diversa
3228 1893 3480 1965 utrisque

189 1969 721 2036 communicantes:
771 1973 829 2023 et
881 1969 1036 2023 diem
1088 1969 1540 2025 sacratis-ﬁmum
1593 1972 1740 2025 celer
1843 1983 2037 2038 intulit
2061 1983 2347 2054 stipendia
2381 1984 2745 2052 meritorum,
2775 1984 2874 2052 ita,
2902 2001 2936 2039 a
2976 1986 3141 2041 nobis
3167 1986 3359 2042 ablato
3383 2003 3478 2042 ve-

135 2062 353 2131 ὶντῖιυὶθδ,
401 2081 518 2135 (Ιυο
574 2063 820 2117 traditus
873 2066 959 2117 est
1007 2063 1288 2118 Dominus
1337 2067 1534 2120 noster
1584 2067 1744 2120 105113
1845 2076 2073 2131 tustatis
2113 2091 2330 2142 errore,
2362 2079 2421 2130 et
2464 2077 2902 2132 resurrectionis
2939 2095 3055 2133 sua:
3092 2079 3341 2149 gratiam
3365 2081 3477 2136 lar-

136 2156 382 2221 Christus;
414 2157 517 2210 sed
551 2161 610 2211 et
636 2156 986 2211 memoriam
1013 2161 1376 2212 venerantes.
1845 2170 2055 2241 είδιυιι,
2086 2171 2212 2225 per,

191 2250 328 2304 Hanc
369 2250 549 2321 igitur
595 2251 974 2318 oblationem,
1007 2268 1182 2322 quam
1213 2251 1314 2306 tibi
1345 2249 1641 2306 offerimus
1672 2253 1743 2306 ob
1925 2262 2050 2308 Item
2077 2262 2195 2324 post
2217 2259 2498 2309 lectionem
2526 2257 2795 2322 Evangelii
2821 2259 3083 2310 orationes
3105 2260 3403 2313 sollemnes.

139 2341 265 2396 diem
285 2344 488 2414 jejunii
515 2345 709 2399 Coena:
739 2345 1075 2411 Dominicrr,
1109 2344 1168 2399 in
1190 2361 1305 2416 qua
1331 2345 1612 2400 Dominus
1639 2363 1742 2400 no-
1915 2339 2175 2408 Oremus,
2205 2339 2558 2394 dilectissimi
2589 2339 2775 2406 nobis,
2801 2338 2857 2392 in
2886 2340 3087 2410 primis
3107 2358 3211 2412 pro
3231 2342 3480 2402 Ecclesia

138 2441 232 2491 ster
250 2439 401 2493 Jesus
439 2438 704 2494 Christus
735 2439 906 2493 Filius
939 2442 1069 2493 tuus
1109 2439 1168 2492 in
1200 2455 1347 2494 novo
1375 2441 1743 2493 Testamento
1845 2437 2042 2487 Sancta
2073 2433 2202 2498 Dei;
2234 2436 2295 2486 ut
2337 2449 2468 2486 eam
2505 2433 2653 2486 Deus
2699 2436 2756 2486 εί
2798 2432 3075 2487 Dominus
3105 2438 3302 2489 noster
3324 2436 3479 2506 pilei-

139 2532 459 2586 sacrificandi
505 2532 686 2586 ritum
729 2532 996 2598 instituit,
1029 2532 1168 2586 dum
1206 2549 1421 2603 panem
1453 2550 1518 2587 ac
1543 2532 1742 2586 vinum
1845 2525 2037 2594 ficare,
2066 2525 2448 2597 multiplicare
2476 2529 2534 2580 et
2564 2525 2852 2580 custodire
2893 2526 3166 2597 dignetur
3189 2531 3313 2585 toto
3344 2530 3481 2585 orbe

141 2633 260 2694 (quae
284 2625 657 2680 Melchisedec
684 2627 744 2680 in
779 2625 1250 2696 przrflguratione
1279 2626 1456 2680 futuri
1485 2626 1744 2696 mystcrii
1845 2621 2152 2687 terrarum,
2195 2618 2502 2690 subjiciens
2547 2619 2601 2672 ei
2642 2619 2998 2691 principatus
3046 2623 3104 2676 et
3147 2625 3480 2692 potestates,

141 2719 369 2774 sacerdos
395 2720 712 2791 obtulerat)
739 2719 799 2774 in
829 2723 1196 2774 sacramento
1231 2719 1375 2791 [Leg.
1412 2736 1740 2775 sacramen-
1845 2712 2069 2784 detque
2086 2713 2252 2768 nobis
2280 2712 2656 2783 tranquillam
2689 2716 2748 2766 et
2777 2713 3036 2784 quietam
3065 2714 3242 2770 vitam
3271 2715 3484 2786 degen-

142 2813 258 2881 tum]
282 2813 364 2867 sui
389 2814 654 2884 corporis
685 2817 742 2868 et
780 2813 1078 2884 sanguinis
1111 2814 1556 2881 transformavit,
1587 2831 1740 2885 quae-
1843 2807 1996 2862 tibus
2027 2807 2347 2877 gloriﬁcare
2380 2807 2564 2862 Deum
2587 2807 2818 2861 Patrem
2842 2807 3328 2878 omnipotentem.
3350 2811 3478 2866 Per.

141 2921 322 2974 sumus,
351 2907 627 2974 Domine,
669 2910 728 2961 ut
776 2908 1034 2978 placatus
1071 2906 1336 2978 accipias,
1369 2907 1606 2978 diesque
1640 2925 1742 2963 no-
2537 2901 2798 2954 Oremus.

141 3001 276 3054 suos.
1917 2978 2296 3050 Omnipotens
2326 2979 2678 3050 sempiterne
2707 2979 2876 3045 Deus,
2910 2978 3008 3050 qui
3038 2979 3286 3050 gloriam
3315 2983 3476 3036 tuam

197 3096 494 3168 Quipridie
523 3113 704 3169 quam
750 3113 854 3169 pro
900 3098 1165 3154 omnium
1206 3099 1388 3152 salute
1427 3098 1742 3169 pateretur,
1846 3072 2198 3169 omnibus
2216 3071 2440 3128 Christo
2463 3071 3284 3169 gentibus-revelasti,custodi
3304 3089 3481 3146 opera

139 3165 387 3246 hodierha
416 3191 509 3246 die
537 3165 702 3246 guns
727 3165 786 3246 ίξι
816 3193 1014 3248 medio
1043 3165 1455 3264 discipulorun',
1486 3207 1742 3258 suorum,
1766 3175 1820 3249 Ο
1844 3166 2254 3222 misericordiae
2287 3170 2418 3234 tuae,
2449 3169 2510 3221 ut
2535 3165 2784 3222 Ecclesia
2805 3168 2925 3222 toto
2953 3166 3090 3221 orbe
3119 3167 3344 3236 diffusa,
3372 3172 3481 3224 star

141 3284 325 3355 accepit
351 3302 586 3356 panem.
620 3289 690 3341 Εἰ
715 3287 812 3342 νει.
1186 3259 1204 3264 “
1845 3260 1945 3316 bili
1991 3261 2103 3316 fide
2132 3260 2203 3356 in
2246 3259 2672 3316 confessionem
2711 3259 2796 3314 tui
2835 3259 3089 3315 nominis
3130 3265 3475 3332 perseveret.

379 3374 638 3425 Collectio
661 3378 779 3424 ante
808 3375 1100 3426 orationem
1126 3373 1470 3425 Dominicam.
1845 3355 1886 3410 Ρ
1891 3372 1953 3409 91‘
1979 3354 2289 3410 Dominum
2318 3358 2600 3409 Ποδίνυῖη·

196 3445 483 3501 Precamur
512 3464 689 3515 nunc,
713 3448 958 3504 Domine
979 3451 1145 3516 Deus,
1165 3451 1228 3502 ut
1247 3447 1744 3519 quemadmodum
1917 3447 2101 3521 351
2139 3448 2383 3503 Oremus
2413 3452 2472 3503 et
2496 3465 2600 3520 pro
2627 3445 2964 3502 beatissimo
2991 3464 3142 3520 papa
3169 3452 3386 3518 nostro,
3421 3453 3483 3504 ut

144 3536 281 3593 Filius
300 3543 422 3595 tuus
443 3540 728 3596 Dominus
753 3545 948 3597 noster
971 3541 1033 3596 in
1059 3542 1157 3596 illa
1177 3541 1496 3613 gratiarum
1519 3542 1744 3598 actione
1845 3543 1996 3599 Deus
2026 3543 2414 3614 omnipotens,
2445 3542 2546 3614 qui
2572 3542 2748 3612 elegit
2774 3558 2907 3595 cum
2934 3541 2995 3595 in
3027 3541 3231 3597 ordine
3259 3543 3477 3615 episco-

146 3635 353 3688 mortem
383 3637 646 3690 nostram
693 3639 1055 3707 suscepturus
1095 3635 1325 3690 auditus
1353 3638 1458 3702 est,
1487 3635 1568 3690 ita
1593 3653 1746 3692 nunc
1845 3639 2032 3708 patus,
2059 3637 2276 3691 salvum
2305 3639 2364 3690 et
2382 3635 2735 3690 incolumem
2756 3633 3040 3689 custodiat
3065 3635 3329 3691 Ecclesia:
3356 3653 3482 3692 san-

144 3727 188 3777 et
209 3742 302 3781 nos
339 3727 433 3799 qui
471 3729 668 3801 ipsum
714 3732 772 3783 et
811 3728 988 3784 vitam
1029 3729 1152 3800 ejus
1197 3729 1527 3800 quazrimus,
1558 3729 1745 3786 audiri
1847 3734 1951 3786 etas
1982 3730 2056 3785 ad
2085 3729 2410 3801 regendum
2438 3728 2718 3801 populum
2746 3729 3008 3782 sanctum
3036 3728 3159 3783 Dei.

144 3833 435 3876 mereamur
463 3821 522 3878 in
554 3823 843 3891 oratione,
876 3839 1052 3894 quam
1081 3839 1188 3878 nos
1223 3826 1468 3893 paterno
1493 3822 1744 3895 alloquio
2537 3817 2799 3872 Oremus.

147 3927 280 3968 orare
308 3915 515 3984 docuit,
547 3915 748 3972 dicens
777 3935 792 3972 ε
827 3893 1014 3972 pater.
1628 3893 1647 3895 ί
1916 3895 2297 3969 Omnipotens
2326 3895 2680 3969 sempiterne
2713 3897 2880 3962 Deus,
2911 3895 3072 3965 cujus
3092 3897 3310 3952 interno
3333 3893 3484 3968 judi—

696 4006 819 4056 post
850 4006 1163 4055 orationem,
1845 3991 1933 4047 cio
1959 3991 2225 4046 universa
2254 3989 2843 4070 fundanturnreSpice
2878 3987 3158 4060 pr0pitius
3184 3989 3258 4044 ad
3284 4007 3484 4063 preces

201 4073 422 4131 Domine
445 4077 600 4131 Deus
631 4077 1024 4149 omnipotens,
1053 4077 1238 4132 libera
1277 4094 1382 4132 nos
1413 4095 1445 4131 a
1483 4077 1658 4145 malo,
1689 4079 1746 4132 et
1846 4088 2091 4154 nostras,
2143 4089 2200 4140 et
2246 4087 2492 4141 electum
2541 4083 2705 4139 nobis
2755 4082 3074 4138 antistitem
3123 4086 3222 4139 tua
3269 4084 3481 4156 pietate

148 4163 194 4220 in
217 4171 452 4242 tempore
484 4175 723 4243 accepto
757 4173 910 4226 salva
939 4189 1070 4236 n08;
1100 4174 1162 4225 ut
1201 4169 1347 4226 Sicut-
1378 4172 1439 4226 in
1467 4172 1741 4226 condem‘
1846 4196 2148 4246 conserva;
2179 4182 2241 4233 ut
2265 4177 2588 4234 Christiana
2614 4177 2796 4248 plebs,
2826 4193 2952 4248 quin
2997 4173 3096 4232 tali
3129 4178 3484 4248 gubernatur

152 4261 345 4318 natione
393 4265 469 4320 tui
530 4265 889 4338 perﬁdorum
943 4266 1231 4337 piaculum
1283 4267 1434 4320 salus
1483 4266 1745 4321 omnium
1847 4276 2100 4341 auctore,
2133 4272 2237 4327 sub
2256 4275 2419 4328 tanto
2447 4273 2717 4343 pontiﬁce
2747 4269 3102 4326 credulitatis
3123 4289 3238 4326 suae
3261 4273 3483 4329 meritis

152 4351 251 4422 fuit,
278 4357 348 4412 sic
374 4375 476 4430 pro
514 4359 916 4414 misericordia
943 4359 1270 4414 communis
1295 4359 1497 4431 gratim
1526 4360 1598 4413 sit
1627 4360 1743 4426 cul-
1846 4369 2147 4438 augeatur,
2181 4368 2306 4421 Per.
3469 4374 3476 4380 ‘

152 4447 223 4500 tus
246 4449 336 4504 iste
359 4453 745 4508 credentibus.
775 4453 921 4518 Quia
949 4451 1053 4508 tibi
1080 4456 1166 4507 est
1193 4453 1378 4526 gloria
1415 4456 1553 4525 aput
1577 4457 1741 4508 mter-
1917 4461 2158 4515 Oremus
2207 4465 2265 4514 et
2313 4476 2415 4531 pro
2462 4458 2731 4516 omnibus
2775 4457 3076 4530 episcopis,
3113 4457 3478 4530 presbyteris,

155 4555 267 4596 num
285 4544 526 4616 Patrem,
555 4564 688 4601 cum
716 4563 829 4618 quo
857 4547 1060 4603 beatus
1085 4547 1242 4602 vivis.
1762 4547 1820 4620 Ι)
1844 4553 2200 4622 diaconibus,
2232 4553 2487 4625 acolytis,
2517 4551 2828 4618 exorcistis,
2857 4550 3182 4619 lectoribus,
3211 4552 3478 4623 ostiariis,

381 4705 390 4715 '
496 4707 536 4721 ἢ
577 4634 878 4721 Benedictio
911 4635 976 4684 ad
1006 4635 1276 4721 pepulum.
1348 4710 1358 4721 Ι
1847 4659 1966 4703 conj

1895 4647 2289 4715 )nf‘essoribus,
2328 4645 2664 4716 virginibus,
2701 4643 2905 4712 viduis,
2948 4647 3004 4698 et
3041 4660 3143 4715 pro
3190 4647 3352 4702 omni
3379 4665 3480 4721 po-

209 4697 446 4773 Benedic,
495 4705 764 4772 Domine,
815 4707 964 4761 hanc
1008 4697 1294 4761 i‘ainiliam
1345 4710 1522 4774 tuam,
1572 4723 1746 4778 quam

155 4790 395 4859 plasmare
415 4799 686 4872 dignatus
707 4817 768 4854 es
785 4817 852 4854 ex
872 4817 1056 4868 coeno,
1081 4803 1140 4854 et
1160 4800 1430 4872 deinceps
1459 4798 1652 4874 350
1673 4799 1749 4854 vi-
1848 4790 1978 4814 In"
2013 4790 2200 4795 "mw
2235 4790 2269 4794 —
2543 4811 2802 4866 Oremus.

154 4883 342 4945 Vificare
366 4908 465 4963 per
492 4895 786 4949 lavacrum
811 4911 824 4948 :
851 4897 1077 4965 praesta,
1101 4897 1161 4948 ut
1189 4911 1333 4965 quos
1360 4893 1613 4965 perdidit
1631 4891 1747 4948 vita
1919 4891 2301 4964 Omnipotens
2319 4890 2668 4962 sempiterne
2687 4892 2856 4958 Deus,
2881 4889 3042 4961 cujus
3063 4891 3278 4963 Spiritu
3299 4895 3485 4954 totum

156 4990 238 5067 per
263 4988 496 5056 gustum,
526 5003 687 5043 mors
730 4986 985 5042 reddidit
1021 5004 1126 5059 per
1161 4987 1503 5060 patibulum,
1538 4987 1747 5042 merita
1847 5004 2055 5060 corpus
2080 4986 2344 5042 Ecclesia:
2375 4985 2764 5040 sanctificatur
2791 4987 2849 5039 et
2883 4984 3122 5056 regitur,
3151 4989 3359 5045 exaudi
3386 5008 3488 5046 nos

160 5071 436 5140 glorificent
476 5098 582 5153 per
620 5078 1002 5142 adventum-in
1030 5083 1103 5136 Ut
1138 5099 1257 5137 non
1284 5081 1343 5136 in
1373 5081 1456 5136 eis
1492 5081 1748 5137 inveniat
1847 5099 1952 5154 pro
1979 5081 2256 5137 universis
2288 5079 2588 5135 ordinibus
2613 5079 3021 5151 supplicantes,
3054 5084 3116 5136 ut
3145 5083 3347 5154 gratim
3377 5089 3488 5140 tua:

161 5163 350 5226 dolosus
380 5174 556 5230 hostis
596 5193 700 5247 per
740 5193 841 5231 eos
886 5175 1042 5246 quod
1077 5177 1285 5248 capiat,
1329 5175 1522 5232 divina
1565 5175 1748 5247 pietas
1849 5191 2092 5231 munere
2130 5177 2202 5230 ab
2244 5174 2512 5231 omnibus
2551 5173 2653 5229 tibi
2692 5173 2964 5246 gradibus
2991 5175 3240 5230 fideliter
3275 5177 3483 5232 servia-

161 5263 286 5328 quod
325 5269 576 5338 repellat,
625 5269 794 5324 ultrix
842 5269 1082 5324 ﬂamma
1122 5270 1277 5341 quod
1324 5269 1589 5332 saeviat-la
1634 5270 1746 5325 Sed
1849 5272 1960 5325 tur.
1988 5271 2098 5324 Per
2126 5269 2459 5324 Dominum.

165 5367 265 5409 cum
297 5361 535 5417 terribile
581 5363 718 5417 illud
751 5362 957 5434 judicii
997 5366 1228 5434 tempus
1265 5363 1582 5431 advenerit,
1609 5364 1747 5418 tuba
1921 5363 2163 5418 Oremus
2189 5365 2247 5416 et
2272 5378 2376 5433 pro
2417 5361 2920 5418 Christianissimis
2953 5360 3204 5432 regibus,
3239 5364 3300 5414 ut
3339 5357 3486 5416 Deus

165 5456 426 5508 evocentur
444 5455 516 5510 ad
531 5458 756 5525 caelum,
777 5456 1003 5512 meritis
1023 5457 1307 5511 ducantur
1320 5457 1393 5512 ad
1415 5457 1744 5529 prmmium,
1850 5459 1908 5512 et
1949 5457 2230 5512 Dominus
2256 5458 2454 5510 noster
2485 5455 2742 5511 subditas
2783 5455 2894 5510 illis
2924 5455 3097 5510 faciat
3121 5467 3326 5510 omnes
3353 5454 3484 5510 bar-

168 5539 380 5606 palmani
402 5550 680 5622 accipiant
703 5554 834 5623 post
862 5549 1242 5624 triumphum.
1273 5549 1439 5616 Quod
1469 5556 1660 5624 prsest.
1845 5549 2017 5607 haras
2048 5551 2315 5606 nationes
2337 5549 2411 5604 ad
2439 5552 2697 5605 nostram
2723 5551 3064 5620 perpetuam
3100 5563 3326 5620 pacem.
3358 5550 3482 5605 Per.

634 5646 756 5695 Post
777 5644 1225 5696 communionem.
2543 5639 2806 5694 Oremus.

223 5709 452 5787 Acceptis
465 5716 514 5788 ',
543 5719 844 5791 carissimi,
875 5719 1228 5793 spiritalibus
1259 5719 1420 5788 cibis,
1453 5723 1514 5775 et
1539 5721 1747 5777 Christi
1920 5721 2302 5795 Omnipotens
2329 5720 2688 5792 sempiterne'
2707 5719 2875 5785 Deus,
2896 5715 2955 5772 in
2976 5716 3138 5788 cujus
3157 5733 3336 5774 manu
3354 5715 3488 5778 sunt

227 5839 247 5867 '
269 5835 382 5897 Haec
409 5846 464 5899 et
488 5861 730 5921 sequens
759 5846 945 5904 oratio
975 5849 1162 5904 exstat
1183 5863 1373 5920 supra,
1397 5863 1559 5902 num.
1589 5847 1672 5904 14.
