4014 6230
482 328 582 383 359

1276 324 1606 379 APPENDIX
1644 324 1730 378 AD
1768 324 1988 380 OPERA
2026 323 2258 382 SANCTI
2297 327 2596 384 GERMANI
2635 329 3059 386 PARISIENSIS.

3764 340 3856 388 3m
3865 347 3874 382 ι

483 441 744 498 omnium
767 444 1097 512 temporum
1124 441 1452 509 potestates,
1482 443 1539 492 et
1563 437 1756 492 omnia
1767 438 1902 507 jura
1919 453 2122 510 regno-
2144 452 2201 524 Α
2221 441 2448 497 laudem
2474 444 2531 496 et
2561 442 2798 512 gloriam
2834 443 3082 497 nominis
3123 443 3227 498 tui.
3269 444 3374 499 Per
3407 444 3715 500 Dominum
3760 461 3872 499 no-

482 553 632 604 rum,
662 535 879 606 respice
920 532 1198 604 propitius
1234 531 1304 585 ad
1345 532 1667 585 Romanum
1693 530 1978 603 benignus
2005 532 2114 587 im-

481 629 726 700 perium,
771 631 835 682 ut
864 627 1079 697 'gentes
1129 640 1256 696 quas
1302 624 1362 678 in
1407 639 1508 677 sua
1543 623 1764 680 feritate
1805 624 2114 696 confidunt,

481 722 749 794 potentia:
773 725 887 776 tuae
916 720 1146 774 dextera
1169 721 1630 786 conpremantur.

556 816 793 872 Oremus
825 818 881 868 et
917 829 1019 883 pro
1061 810 1480 865 catechumenis
1522 811 1762 880 nostris;
1794 815 1860 865 ut
1888 811 2034 866 Deus
2063 816 2120 866 et

482 910 751 965 Dominus
778 910 968 961 noster
995 903 1283 975 adaperiat
1309 920 1475 958 aures
1501 905 1944 976 praecordiorum
1974 905 2117 976 ipso-

481 1018 632 1071 rum,
657 1003 1008 1074 januamque
1035 997 1457 1068 misericordia,
1486 1001 1551 1054 ut
1579 1013 1682 1069 per
1707 999 1996 1054 lavacrum
2022 1015 2113 1054 re-

483 1093 860 1171 generationis
909 1095 1135 1163 accepta
1183 1091 1514 1147 remissione
1559 1092 1817 1147 omnium
1857 1098 2115 1164 peccato-

482 1207 632 1260 rum,
670 1193 726 1244 et
772 1186 880 1260 ipsi
923 1186 1280 1242 inveniantur
1330 1185 1389 1240 in
1437 1185 1657 1242 Christo
1704 1187 1834 1242 Jesu
1876 1186 2116 1242 Domino

480 1289 694 1340 nostro.

1165 1351 1426 1405 Oremus.

2218 540 2399 591 strum
2424 537 2616 590 Jesum
2634 536 2922 592 Christum
2952 537 3156 592 Filium
3188 542 3376 608 tuum,
3405 539 3503 611 qui
3531 538 3669 593 vivit
3695 544 3760 595 et
3790 555 3878 594 re-

2219 632 2358 702 gnat
2387 628 2446 683 in
2473 629 2674 684 saecula
2703 630 3063 687 saeculorum.

2307 743 2434 796 XIX.
2466 757 2590 797 ITEM
2631 754 2970 798 ommorvasil
3009 760 3059 799 IN
3102 758 3267 800 com
3306 757 3517 813 norum,
3561 760 3684 799 sm;
3723 759 3784 799 IN

2908 830 3161 870 BIDUANA.

2289 902 2365 956 Da
2392 901 2574 970 nobis,
2605 902 2859 973 Domine,
2888 909 3180 977 perpetuae
3213 905 3622 961 benedictionis
3652 921 3877 960 munus

2217 995 2493 1066 accipere,
2521 1012 2628 1066 pro
2654 995 2862 1067 quibus
2892 998 3231 1068 Unigenitus
3261 1003 3395 1058 tuus
3432 999 3616 1070 sputis
3643 999 3874 1066 inlitus,

2215 1089 2428 1159 palmas
2449 1089 2664 1160 accepit
2689 1094 2745 1144 et
2769 1090 3056 1161 colaphos.
3087 1093 3212 1146 Per.

2765 1187 3020 1238 Collectio
3047 1188 3298 1252 sequitur.

2289 1267 2542 1338 Respice,
2577 1268 2834 1336 Domine,
2866 1269 3146 1341 propitius
3185 1286 3357 1342 super
3395 1271 3542 1325 hanc
3581 1271 3876 1326 familiam

2215 1364 2392 1427 tuam,
2429 1377 2532 1431 pro
2577 1377 2689 1432 qua
2737 1363 3010 1418 Dominus
3045 1367 3237 1419 noster
3268 1365 3427 1419 Jesus
3460 1363 3725 1420 Christus
3755 1382 3876 1420 non

552 1448 920 1519 Omnipotens
940 1443 1285 1516 sempiterne
1316 1445 1480 1513 Deus,
1504 1444 1604 1516 qui
1629 1444 1933 1500 Ecclesiam
1958 1449 2116 1500 tuam
2217 1453 2492 1508 dubitavit
2523 1454 2786 1510 manibus
2812 1457 2958 1512 tradi
3007 1462 3315 1513 nocentum
3360 1462 3416 1512 et
3454 1459 3636 1513 crucis
3679 1459 3875 1513 subire

483 1553 625 1600 nova
654 1555 878 1611 semper
913 1539 1068 1610 prole
1093 1537 1404 1606 foecundas,
1436 1554 1583 1609 auge
1611 1537 1783 1592 ﬁdem
1809 1543 1865 1592 et
1892 1539 2114 1594 intelle-

483 1641 638 1693 ctum
669 1632 1088 1689 catechumenis
1130 1631 1355 1701 nostris,
1383 1635 1450 1686 ut
1487 1632 1668 1686 renati
1709 1632 1863 1686 fonte
1905 1631 2114 1703 baptis-

483 1730 668 1798 matis,
700 1726 1013 1798 adoptionis
1043 1729 1156 1781 tuae
1191 1724 1320 1779 filiis
1355 1724 1762 1796 adgregentur.
1793 1728 1898 1780 Per
1925 1726 2114 1780 Domi-

482 1837 644 1880 num.

553 1919 809 1981 Oremus,
839 1910 1185 1967 dilectissimi
1229 1911 1414 1979 nobis,
1445 1912 1623 1966 Deum
1663 1912 1888 1967 Patrem
1927 1912 2114 1967 omni-

481 2014 802 2083 potentem,
848 2011 913 2060 ut
959 2005 1174 2059 cunctis
1221 2005 1501 2060 mundum
1551 2010 1764 2077 purget
1809 2005 2114 2077 erroribus,

482 2104 710 2161 morbos
756 2100 993 2168 auferat,
1029 2097 1242 2152 famem
1285 2098 1547 2170 depellat,
1585 2098 1805 2170 aperiat
1847 2116 2114 2170 carceres,

479 2198 666 2254 vincla
691 2193 989 2261 dissoluat;
1013 2191 1512 2264 peregrinantibus
1539 2192 1808 2264 reditum,
1830 2194 2120 2248 inﬁrman-

477 2292 628 2347 tibus
658 2289 978 2357 sanitatem,
1009 2285 1412 2356 navigantibus
1448 2290 1677 2358 portum
1707 2287 1902 2343 salutis
1926 2287 2116 2343 indul-

483 2390 630 2458 geat.

1176 2451 1436 2505 Oremus.

553 2547 925 2617 Omnipotens
967 2547 1025 2599 et
1064 2543 1385 2598 misericors
1425 2544 1590 2612 Deus,
1621 2547 1955 2599 maestorum
1982 2561 2116 2600 con-

481 2641 679 2699 solatio
705 2637 1083 2694 laborantium
1112 2637 1412 2705 fortitudo,
1442 2638 1779 2708 perveniant
1802 2639 1873 2693 ad
1902 2644 1957 2694 te
1986 2655 2117 2710 pre-

481 2753 572 2792 ces
597 2735 665 2790 de
693 2747 1052 2806 quacumque
1078 2731 1445 2786 tribulatione
1486 2731 1876 2798 clamantium,
1905 2737 1971 2788 ut
1995 2750 2117 2788 om-

481 2847 583 2886 nes
622 2828 728 2883 sibi
767 2827 826 2881 in
871 2825 1294 2880 necessitatibus
1338 2824 1458 2879 suis
1487 2824 1932 2880 misericordiam
1963 2831 2120 2882 tuam

483 2923 768 2996 gaudeant
789 2919 1053 2976 adfuisse.
1082 2920 1188 2973 Per
1218 2918 1544 2974 Dominum.

553 3008 749 3089 352
778 3014 1018 3069 Oremus
1066 3029 1172 3084 pro
1216 3011 1497 3067 haereticis
1538 3017 1596 3068 et
1625 3013 2030 3084 schismaticis;
2057 3019 2123 3070 ut

478 3109 625 3167 Deus
647 3127 710 3163 ac
736 3108 1007 3162 Dominus
1034 3110 1229 3161 noster
1258 3111 1420 3162 eruat
1447 3122 1540 3162 eos
1569 3107 1639 3161 ab
1671 3107 1961 3163 erroribus
1988 3107 2119 3163 uni-

2036 1828 2043 1834 ’
2136 1835 2192 1907 Β

2215 1550 2584 1602 tormentum.
2623 1549 2747 1602 Per.

2885 1621 3025 1670 'Item
3055 1620 3172 1669 alia.

2287 1698 2451 1764 Deus,
2493 1698 2593 1770 qui
2634 1715 2738 1769 pro
2779 1699 3170 1770 redemptione
3215 1706 3405 1756 nostra
3435 1702 3708 1775 accepisti
3740 1719 3871 1757 san-

2218 1789 2449 1860 guinem
2488 1791 2618 1846 Jesu
2660 1792 2888 1862 Christi,
2929 1793 3078 1848 solve
3107 1810 3278 1864 opera
3314 1795 3542 1862 diaboli,
3572 1801 3630 1850 et
3671 1813 3876 1850 omnes

2215 1883 2447 1954 laqueos
2479 1884 2766 1956 disrumpe
2813 1886 3046 1957 peccati,
3087 1892 3152 1942 ut
3198 1892 3514 1943 creaturam
3555 1905 3872 1961 regenera-

2216 1977 2385 2033 tionis
2411 1978 2569 2033 nulla
2593 1980 2854 2051 polluant
2882 1980 3139 2051 contagia
3164 1982 3478 2037 vetustatis.

2539 2091 2641 2146 XX.
2683 2107 2808 2146 ITEM
2849 2107 3148 2148 ORATIONES
3188 2109 3240 2147 IN
3280 2109 3534 2150 BlDUANA.

2653 2183 2826 2234 Oratio
2855 2184 2920 2233 ad
2946 2184 3188 2235 Secunda
3217 2185 3416 2249 incipit.

2293 2262 2488 2337 353
2517 2264 3052 2334 Commemorantes,
3084 2267 3372 2335 carissimi,
3403 2267 3714 2322 Dominicaa
3753 2271 3873 2322 tra-

2219 2357 2444 2412 ditionis
2469 2358 2690 2426 horam,
2718 2376 2830 2431 qua
2854 2360 2997 2414 sicut
3032 2359 3148 2414 ovis
3172 2361 3244 2416 ad
3271 2360 3610 2416 occisionem
3642 2361 3873 2426 ductus,

2219 2455 2275 2506 et
2319 2451 2464 2506 sicut
2508 2468 2690 2524 agnus
2737 2457 2932 2508 tonsus
2976 2455 3412 2510 mansuetudine
3453 2471 3513 2509 os
3551 2472 3724 2510 suum
3756 2471 3876 2509 non

2219 2545 2499 2614 aperiens,
2529 2545 2601 2600 ad
2626 2562 2852 2601 crucem
2879 2563 3052 2617 quam
3079 2564 3182 2619 pro
3211 2548 3372 2603 nobis
3391 2548 3648 2604 ascendit
3673 2549 3877 2603 volun-

2218 2637 2394 2692 tarius
2425 2637 2756 2709 ducebatur,
2785 2644 2842 2694 et
2869 2640 3087 2695 oblatus
3107 2646 3207 2711 est,
3229 2641 3362 2712 quia
3379 2641 3499 2713 ipse
3524 2642 3729 2712 voluit,
3754 2641 3876 2696 ani-

2221 2747 2341 2784 mas
2385 2735 2606 2786 nostras
2649 2732 2874 2788 Christo
2917 2733 3159 2789 Domino
3202 2735 3315 2790 Deo
3354 2735 3448 2806 pio
3493 2736 3873 2790 commende-

2221 2840 2369 2895 mus,
2392 2829 2580 2880 nostra
2607 2831 2834 2898 peccata
2853 2830 3014 2899 Agno
3034 2828 3400 2883 immaculato
3421 2828 3875 2901 (quodammodo

2221 2917 2475 2990 ﬁguralis
2512 2923 2811 2991 tangentes
2846 2921 3046 2977 hostia
3077 2924 3263 2994 caput)
3298 2922 3396 2976 illo
3441 2922 3667 2978 favente
3697 2924 3872 2996 (quod

2221 3012 2306 3066 sui
2336 3028 2475 3083 pace
2519 3013 2733 3068 dictum
2771 3015 2860 3087 sit)
2890 3015 3267 3087 imponamus,
3296 3019 3361 3070 ut
3394 3021 3616 3071 nostras
3646 3017 3870 3089 iniqui-

2221 3112 2383 3180 tates,
2426 3125 2566 3181 quas
2609 3109 2702 3164 ille
2742 3126 2860 3164 non
2902 3109 3119 3179 habuit,
3162 3112 3350 3181 portet
3391 3114 3447 3165 et
3489 3111 3715 3182 perdat.
3766 3111 3875 3175 Qui

480 3204 673 3273 versis,
704 3207 760 3256 et
783 3202 853 3255 ad
891 3203 1140 3254 sanctam
1172 3204 1410 3254 matrem
1449 3199 1752 3255 Ecclesiam
1788 3201 2115 3256 catholicam
2139 3205 2193 3279 ρ
2218 3219 2347 3259 cum
2378 3205 2542 3259 Patre
2569 3201 2721 3274 vivit,
2752 3203 3083 3258 dominatur
3109 3207 3165 3258 et
3194 3209 3416 3275 regnat.

481 3302 652 3369 atque
677 3293 1040 3366 apostolicam
1063 3309 1328 3377 revocare
1352 3292 1641 3364 dignetur.
1664 3295 1771 3349 Per
1792 3295 2115 3350 Dominum.

1181 3386 1438 3441 Oremus.

551 3481 919 3553 Omnipotens
963 3478 1306 3550 sempiterne
1351 3481 1516 3550 Deus,
1547 3480 1646 3552 qui
1684 3481 1863 3536 salvas
1899 3497 2115 3552 omnes,

481 3580 539 3636 et
562 3576 853 3634 neminem
895 3574 976 3628 vis
1013 3573 1218 3646 perire,
1251 3573 1468 3646 respice
1505 3575 1576 3629 ad
1600 3575 1816 3630 animas
1845 3575 2118 3631 diabolica

477 3672 676 3729 fraude
717 3670 1006 3741 deceptas;
1035 3672 1101 3722 ut
1141 3668 1298 3723 omni
1338 3667 1607 3724 haeretica
1645 3669 1917 3740 pravitate
1943 3669 2114 3741 depo-

480 3768 584 3823 sita
608 3764 956 3836 resipiscant,
990 3767 1046 3818 et
1070 3763 1139 3817 ad
1170 3761 1420 3817 veritatis
1457 3766 1572 3818 tuae
1606 3763 1843 3819 redeant
1879 3762 2116 3819 ﬁrmita-

539 3878 618 3916 m.
647 3861 775 3914 Per.

480 3867 504 3916 t
539 3878 618 3916 m.
647 3867 775 3914 Per.

507 3879 791 4010 eOremus
821 3954 877 4006 et
911 3966 1015 4022 pro
1053 3949 1284 4022 perfidis
1325 3947 1552 4017 Judaais,
1584 3953 1647 4003 ut
1669 3949 1817 4004 Deus
1843 3954 1900 4005 et
1925 3949 2114 4004 Domi-

478 4065 588 4106 nus
618 4048 813 4102 noster
852 4044 1071 4098 auferat
1105 4044 1359 4098 velamen
1408 4043 1478 4097 de
1517 4042 1781 4098 cordibus
1805 4059 2027 4114 eorum,
2054 4046 2120 4098 ut

480 4147 538 4200 et
563 4141 673 4213 ipsi
708 4141 1051 4210 cognoscant
1088 4138 1277 4192 Jesum
1315 4135 1599 4191 Christum
1643 4135 1946 4192 Dominum
1984 4154 2115 4192 nos-

480 4239 656 4292 trum.
686 4233 794 4298 Qui
823 4230 959 4286 vivit
982 4233 1039 4286 et
1064 4246 1187 4301 reg.

1171 4325 1429 4379 Oremus.

546 4421 914 4494 Omnipotens
943 4419 1287 4490 sempiterne
1319 4419 1488 4485 Deus,
1511 4417 1610 4488 qui
1631 4416 1804 4472 etiam
1823 4417 2118 4473 Iudaicam

479 4517 776 4592 perfidiam
806 4520 904 4570 tua
933 4512 1319 4568 misericordia
1343 4528 1459 4566 non
1487 4511 1734 4583 repellis,
1763 4512 1970 4566 exaudi
1992 4528 2116 4583 pre-

2727 3303 2855 3351 ltem
2883 3301 3047 3351 oratio
3077 3301 3141 3350 ad
3165 3301 3352 3352 Tertia.

2291 3387 2334 3443 Ο
2363 3387 2457 3459 pia
2482 3388 2581 3442 Dei
2606 3387 2717 3443 vivi
2743 3386 3048 3460 Sapientia,
3079 3403 3112 3441 o
3137 3391 3200 3442 tu
3232 3386 3425 3442 vivum
3451 3386 3654 3441 aeterni
3683 3387 3873 3442 Patris

2219 3480 2316 3536 Dei
2361 3481 2774 3553 sempiternum
2830 3481 3099 3548 Verbum,
3147 3481 3605 3553 sempiternaque
3653 3481 3870 3551 Virtus,

2218 3574 2352 3647 quia
2390 3579 2446 3630 et
2479 3575 2825 3647 sempiterna
2853 3573 3147 3645 nativitas;
3189 3575 3286 3646 qui
3321 3573 3656 3646 sempiterni
3686 3575 3872 3630 Patris

2218 3668 2595 3740 sempiternus
2620 3669 2792 3723 Filius
2820 3668 2919 3724 Dei
2947 3684 3004 3724 es
3025 3672 3081 3723 et
3103 3669 3278 3738 Deus;
3309 3673 3469 3724 extra
3494 3683 3675 3740 quem
3697 3668 3865 3739 nihil,

2219 3768 2275 3818 et
2299 3778 2402 3834 per
2428 3778 2600 3834 quem
2629 3778 2829 3831 omne;
2861 3762 2920 3817 in
2950 3779 3063 3834 quo
3093 3763 3247 3834 quod
3282 3769 3364 3819 est
3399 3766 3652 3832 constat;
3678 3763 3783 3834 qui
3813 3779 3868 3817 es

2218 3856 2364 3911 Deus
2391 3873 2562 3928 super
2580 3874 2702 3928 nos,
2723 3861 2780 3912 et
2798 3857 2972 3911 homo
2995 3861 3229 3928 propter
3248 3875 3380 3928 nos;
3401 3874 3503 3929 pro
3520 3855 3692 3911 nobis
3708 3858 3866 3912 enim

2218 3951 2371 4022 quod
2412 3968 2516 4006 nos
2558 3967 2677 4006 esse
2720 3950 2974 4021 voluisti;
3029 3950 3099 4005 da
3128 3951 3291 4006 nobis
3328 3950 3480 4023 quod
3527 3950 3866 4021 promisisti,

2218 4044 2287 4099 da
2312 4044 2493 4113 nobis,
2526 4044 2779 4116 indignis
2806 4043 2956 4112 licet,
2985 4046 3135 4117 quod
3177 4045 3445 4100 omnibus
3479 4045 3870 4101 communiter

2217 4135 2491 4207 obtulisti,
2519 4137 2840 4208 passionem
2881 4136 3088 4193 scilicet
3123 4142 3302 4207 tuam,
3334 4143 3588 4194 nostram
3629 4155 3756 4194 esse
3796 4138 3866 4193 li-

2216 4229 2513 4298 bertatem,
2543 4235 2600 4286 et
2637 4234 2797 4286 tuam
2840 4237 3085 4288 mortem
3124 4237 3374 4288 nostram
3415 4249 3536 4288 esse
3576 4234 3783 4304 vitam,
3813 4234 3867 4287 et.

2216 4329 2374 4379 tuam
2417 4341 2666 4396 crucem,
2693 4327 2944 4380 nostram
2989 4342 3108 4382 esse
3148 4326 3582 4397 redemtionem,
3612 4331 3672 4383 et
3697 4333 3866 4382 tuum

2215 4418 2422 4474 vulnus
2457 4423 2709 4474 nostram
2745 4435 2862 4474 esse
2899 4420 3232 4489 sanitatem;
3255 4425 3323 4475 ut
3362 4425 3553 4476 tecum
3579 4418 3864 4488 crucifixi,

2217 4518 2314 4566 tuo
2343 4512 2490 4568 dono
2533 4529 2755 4568 sursum
2792 4513 3109 4569 exaltemur
3139 4514 3210 4569 ad
3246 4514 3469 4570 Patrem
3496 4519 3690 4571 tuum.
3721 4516 3864 4571 Cum

479 4575 570 4667 ces
594 4616 834 4678 nostras,
862 4625 1002 4681 quas
1028 4623 1131 4680 pro
1159 4606 1308 4661 illius
1336 4605 1536 4678 populi
1564 4605 1941 4661 obcacatione
1969 4605 2117 4660 defe-
2134 4575 2194 4649 D
2216 4622 2331 4678 quo
2356 4607 2556 4662 beatus
2585 4607 2722 4662 vivis
2750 4609 2807 4661 et
2833 4623 3039 4678 regnas
3063 4606 3146 4663 in.

477 4707 686 4775 rimus;
727 4709 792 4759 ut
833 4702 1027 4774 agnita
1071 4700 1324 4756 veritatis
1361 4705 1475 4755 tuae
1521 4700 1667 4767 luce,
1696 4715 1823 4771 quas
1862 4699 2116 4756 Christus

481 4805 585 4867 est,
612 4816 645 4852 a
669 4798 784 4852 suis
811 4794 1060 4852 tenebris
1088 4797 1386 4850 eruantur.
1412 4795 1538 4848 Per.

551 4895 789 4948 Oremus
819 4895 875 4945 et
898 4905 1003 4962 pro
1027 4888 1285 4960 paganis,
1315 4891 1381 4942 ut
1407 4888 1553 4942 Deus
1583 4887 1940 4959 omnipotens
1965 4887 2117 4944 aufe-

481 4991 568 5044 rat
594 4986 791 5058 iniqua
820 4984 888 5038 de
915 4982 1176 5037 cordibus
1202 4997 1432 5051 eorum;
1464 4984 1521 5036 et
1545 4980 1753 5037 relictis
1785 4981 1950 5036 idolis
1977 4981 2112 5049 suis,

481 5083 883 5138 convertantur
909 5077 979 5132 ad
999 5078 1177 5133 Deum
1193 5091 1413 5144 verum,
1435 5078 1492 5129 et
1509 5074 1744 5130 unicum
1765 5075 1972 5130 Filium
1995 5076 2116 5146 ejus

475 5179 670 5234 Iesum
693 5174 1001 5240 Christum,
1031 5187 1162 5226 cum
1209 5187 1321 5241 quo
1357 5168 1494 5224 vivit
1527 5174 1583 5224 et
1607 5172 1810 5241 regnat
1833 5186 1961 5225 cum
1988 5169 2113 5240 Spi-

477 5272 596 5330 ritu
620 5275 811 5326 sancto
836 5268 894 5323 in
921 5265 1130 5322 saecula
1156 5264 1512 5319 saeculorum.

1178 5359 1437 5413 Oremus.

551 5456 921 5527 Omnipotens
971 5447 1314 5520 sempiterne
1360 5447 1526 5517 Deus,
1567 5446 1668 5518 qui
1712 5461 1827 5501 non
1874 5450 2117 5500 mortem

479 5553 859 5622 peccatorum,
911 5544 1011 5600 sed
1062 5542 1237 5597 vitam
1298 5557 1524 5622 semper
1576 5539 1840 5611 inquiris,
1898 5539 2116 5610 suscipe

477 5642 758 5716 propitius
793 5639 1107 5696 orationem
1143 5637 1424 5705 nostram;
1453 5640 1510 5690 et
1547 5634 1725 5689 libera
1763 5648 1857 5688 eos
1880 5632 1950 5686 ab
1991 5633 2113 5688 ido-

476 5738 665 5794 lorum
694 5735 932 5804 cultura,
972 5736 1029 5787 et
1067 5730 1317 5803 adgrega
1350 5728 1608 5786 Ecclesiae
1653 5732 1767 5782 tum
1809 5729 2016 5784 sancta
2046 5725 2118 5782 ad

552 5888 576 5919 ι
599 5874 826 5930 Eaedem
850 5868 1128 5925 orationes
1153 5869 1212 5924 in
1239 5867 1471 5923 Gothico
1499 5867 1571 5922 ad
1602 5865 1803 5922 feriam
1823 5869 1874 5923 6.

2803 4704 2975 4755 Oratio
3003 4705 3068 4756 ad
3096 4706 3265 4757 Sexta.

2283 4790 2500 4852 Christe
2523 4789 2686 4858 Deus,
2710 4790 2935 4845 Adonae
2956 4807 3184 4863 magne,
3207 4808 3310 4846 nos
3330 4796 3520 4847 tecum
3542 4791 3711 4864 quasi
3730 4792 3862 4849 huic

2215 4884 2431 4940 mundo
2457 4883 2744 4955 cruciﬁge,
2775 4887 2841 4938 ut
2867 4884 2983 4939 vita
3008 4889 3106 4940 tua
3141 4885 3203 4940 in
3227 4885 3391 4940 nobis
3417 4885 3518 4954 sit;
3551 4892 3859 4960 nostraque

2215 4982 2443 5049 peccata
2471 4993 2640 5048 super
2667 4981 2721 5033 te
2760 4994 2931 5050 pone,
2959 4983 3025 5034 ut
3049 4995 3114 5034 ea
3141 4979 3464 5052 cruciﬁgas;
3491 4996 3596 5034 nos
3632 4997 3860 5054 quoque

2217 5071 2286 5126 ad
2328 5076 2384 5127 te
2428 5071 2616 5142 ipsum
2654 5071 2834 5142 trahe,
2884 5089 3015 5127 cum
3058 5089 3160 5144 pro
3200 5073 3364 5129 nobis
3405 5073 3690 5129 exaltatus
3729 5092 3789 5130 es
3827 5093 3856 5128 a

2216 5170 2386 5229 terra,
2414 5169 2479 5220 ut
2504 5181 2607 5220 nos
2635 5165 2842 5238 eripias
2868 5166 2937 5221 ab
2965 5167 3222 5222 adultero
3249 5172 3491 5240 tyranno
3518 5185 3532 5222 ε
3566 5169 3705 5240 quia
3731 5169 3858 5224 licet

2216 5276 2384 5314 carne
2411 5264 2468 5314 et
2509 5259 2660 5315 vitiis
2697 5259 2916 5316 diabolo
2941 5261 3097 5316 noxii
3121 5279 3338 5332 sumus,
3366 5262 3472 5317 tibi
3495 5267 3713 5333 tamen,
3745 5280 3856 5318 non

2216 5354 2319 5423 illi,
2353 5356 2614 5424 optamus
2639 5354 2876 5424 servire;
2910 5360 2966 5410 et
2995 5355 3098 5410 sub
3125 5360 3224 5420 tuo
3253 5357 3386 5427 jure
3414 5357 3604 5412 vivere
3633 5357 3852 5413 deside-

2216 5463 2429 5518 ramus,
2457 5452 2514 5503 et
2535 5465 2570 5502 a
2596 5453 2651 5502 te
2678 5447 2985 5519 gubernari
3012 5465 3304 5522 rogamus,
3325 5451 3425 5522 qui
3451 5467 3558 5506 nos
3584 5452 3855 5506 mortales

2218 5545 2274 5596 et
2297 5558 2331 5595 a
2357 5546 2541 5599 morte
2580 5542 2796 5596 invasos
2830 5558 2936 5613 per
2977 5548 3222 5599 mortem
3263 5544 3446 5601 crucis
3486 5545 3733 5601 liberare
3759 5562 3853 5601 vo-

2216 5634 2390 5691 luisti.
2416 5637 2523 5690 Pro
2561 5652 2674 5708 quo
2715 5636 2992 5707 singulari
3015 5637 3290 5694 beneficio
3318 5639 3594 5695 hodierna
3618 5639 3722 5695 tibi
3753 5656 3854 5695 no-

2218 5730 2331 5784 stra
2354 5728 2662 5787 famulatur
2688 5729 2939 5802 devotio;
2968 5736 3138 5804 teque
3172 5747 3325 5789 nunc
3364 5733 3534 5792 hodie
3573 5732 3857 5809 supplices
