  <div class='ocr_page' id='page_1' title='image "/cluster/home/n/w/nwhite01/storage/ocr_20150623/72/uva.x000827084/216.png"; bbox 0 0 4014 6230; ppageno 0'>
   <div class='ocr_carea' id='block_1_1' title="bbox 105 304 1718 368">
    <p class='ocr_par' dir='ltr' id='par_1_1' title="bbox 105 304 1718 365">
     <span class='ocr_line' id='line_1_1' title="bbox 105 304 1718 365; baseline 0.001 -1"><span class='ocrx_word' id='word_1_1' title='bbox 105 308 182 365; x_wconf 78' lang='grc'><strong>361</strong></span> <span class='ocrx_word' id='word_1_2' title='bbox 1171 304 1258 363; x_wconf 82' lang='lat' dir='ltr'><strong>DE</strong></span> <span class='ocrx_word' id='word_1_3' title='bbox 1295 308 1608 365; x_wconf 83' lang='lat' dir='ltr'><strong>LITURGIA</strong></span> <span class='ocrx_word' id='word_1_4' title='bbox 1643 310 1718 365; x_wconf 70' lang='grc' dir='ltr'><strong>ΕΑ</strong></span> 
     </span>
    </p>
   </div>
   <div class='ocr_carea' id='block_1_2' title="bbox 1828 304 2381 368">
    <p class='ocr_par' dir='ltr' id='par_1_2' title="bbox 1828 310 2381 368">
     <span class='ocr_line' id='line_1_2' title="bbox 1828 310 2381 368; baseline 0.004 -3"><span class='ocrx_word' id='word_1_5' title='bbox 1828 310 2017 366; x_wconf 78' lang='lat' dir='ltr'><strong>[CANA</strong></span> <span class='ocrx_word' id='word_1_6' title='bbox 2056 311 2253 368; x_wconf 83' lang='lat' dir='ltr'><strong>LIBER</strong></span> <span class='ocrx_word' id='word_1_7' title='bbox 2292 311 2381 367; x_wconf 83' lang='lat' dir='ltr'><strong>III.</strong></span> 
     </span>
    </p>
   </div>
   <div class='ocr_carea' id='block_1_3' title="bbox 3349 319 3451 373">
    <p class='ocr_par' dir='ltr' id='par_1_3' title="bbox 3349 319 3451 373">
     <span class='ocr_line' id='line_1_3' title="bbox 3349 319 3451 373; baseline 0.01 -1"><span class='ocrx_word' id='word_1_8' title='bbox 3349 319 3451 373; x_wconf 79' lang='lat'><strong>362</strong></span> 
     </span>
    </p>
   </div>
   <div class='ocr_carea' id='block_1_4' title="bbox 102 412 3441 503">
    <p class='ocr_par' dir='ltr' id='par_1_4' title="bbox 102 412 3441 503">
     <span class='ocr_line' id='line_1_4' title="bbox 102 412 3441 503; baseline 0.002 -33"><span class='ocrx_word' id='word_1_9' title='bbox 102 417 390 482; x_wconf 76' lang='lat' dir='ltr'><strong>adoramus,</strong></span> <span class='ocrx_word' id='word_1_10' title='bbox 407 412 799 486; x_wconf 87' lang='lat' dir='ltr'><strong>imploramus,</strong></span> <span class='ocrx_word' id='word_1_11' title='bbox 824 415 1173 484; x_wconf 86' lang='lat' dir='ltr'><strong>invocamus,</strong></span> <span class='ocrx_word' id='word_1_12' title='bbox 1202 418 1267 470; x_wconf 92' lang='lat' dir='ltr'><strong>ut</strong></span> <span class='ocrx_word' id='word_1_13' title='bbox 1282 415 1353 471; x_wconf 89' lang='lat' dir='ltr'><strong>ad</strong></span> <span class='ocrx_word' id='word_1_14' title='bbox 1379 433 1484 471; x_wconf 91' lang='lat' dir='ltr'><strong>nos</strong></span> <span class='ocrx_word' id='word_1_15' title='bbox 1508 434 1709 489; x_wconf 89' lang='lat' dir='ltr'><strong>prope-</strong></span> <span class='ocrx_word' id='word_1_16' title='bbox 1730 431 1789 503; x_wconf 78' lang='grc' dir='ltr'><strong>Α</strong></span> <span class='ocrx_word' id='word_1_17' title='bbox 1809 419 2103 474; x_wconf 87' lang='lat' dir='ltr'><strong>ricorditer</strong></span> <span class='ocrx_word' id='word_1_18' title='bbox 2120 420 2349 492; x_wconf 82' lang='lat' dir='ltr'><strong>eripuit,</strong></span> <span class='ocrx_word' id='word_1_19' title='bbox 2378 436 2480 475; x_wconf 90' lang='lat' dir='ltr'><strong>nos</strong></span> <span class='ocrx_word' id='word_1_20' title='bbox 2497 420 2619 492; x_wconf 90' lang='lat' dir='ltr'><strong>ejus</strong></span> <span class='ocrx_word' id='word_1_21' title='bbox 2633 421 2805 476; x_wconf 87' lang='lat' dir='ltr'><strong>Filius</strong></span> <span class='ocrx_word' id='word_1_22' title='bbox 2828 421 2897 477; x_wconf 89' lang='lat' dir='ltr'><strong>de</strong></span> <span class='ocrx_word' id='word_1_23' title='bbox 2918 421 3038 477; x_wconf 91' lang='lat' dir='ltr'><strong>luto</strong></span> <span class='ocrx_word' id='word_1_24' title='bbox 3061 420 3217 476; x_wconf 72' lang='lat' dir='ltr'><strong>faecis</strong></span> <span class='ocrx_word' id='word_1_25' title='bbox 3243 422 3441 494; x_wconf 87' lang='lat' dir='ltr'><strong>hujus,</strong></span> 
     </span>
    </p>
   </div>
   <div class='ocr_carea' id='block_1_5' title="bbox 104 507 3451 584">
    <p class='ocr_par' dir='ltr' id='par_1_5' title="bbox 104 507 3451 584">
     <span class='ocr_line' id='line_1_5' title="bbox 104 507 3451 584; baseline 0.001 -19"><span class='ocrx_word' id='word_1_26' title='bbox 104 526 192 576; x_wconf 84' lang='lat' dir='ltr'><strong>res,</strong></span> <span class='ocrx_word' id='word_1_27' title='bbox 205 507 370 562; x_wconf 87' lang='lat' dir='ltr'><strong>virtus</strong></span> <span class='ocrx_word' id='word_1_28' title='bbox 382 512 601 562; x_wconf 72' lang='lat' dir='ltr'><strong>aeterna</strong></span> <span class='ocrx_word' id='word_1_29' title='bbox 612 510 787 563; x_wconf 88' lang='lat' dir='ltr'><strong>Deus:</strong></span> <span class='ocrx_word' id='word_1_30' title='bbox 810 510 962 581; x_wconf 91' lang='lat' dir='ltr'><strong>quod</strong></span> <span class='ocrx_word' id='word_1_31' title='bbox 979 510 1144 564; x_wconf 91' lang='lat' dir='ltr'><strong>nobis</strong></span> <span class='ocrx_word' id='word_1_32' title='bbox 1161 508 1419 582; x_wconf 83' lang='lat' dir='ltr'><strong>proﬁciat</strong></span> <span class='ocrx_word' id='word_1_33' title='bbox 1433 515 1531 565; x_wconf 87' lang='lat' dir='ltr'><strong>tua</strong></span> <span class='ocrx_word' id='word_1_34' title='bbox 1544 528 1705 582; x_wconf 87' lang='lat' dir='ltr'><strong>crux,</strong></span> <span class='ocrx_word' id='word_1_35' title='bbox 1810 512 1902 567; x_wconf 91' lang='lat' dir='ltr'><strong>cui</strong></span> <span class='ocrx_word' id='word_1_36' title='bbox 1929 513 2282 584; x_wconf 68' lang='lat' dir='ltr'><strong>inhaesimus,</strong></span> <span class='ocrx_word' id='word_1_37' title='bbox 2322 515 2439 570; x_wconf 92' lang='lat' dir='ltr'><strong>sola</strong></span> <span class='ocrx_word' id='word_1_38' title='bbox 2465 514 2853 571; x_wconf 84' lang='lat' dir='ltr'><strong>misericordia</strong></span> <span class='ocrx_word' id='word_1_39' title='bbox 2892 520 3113 571; x_wconf 88' lang='lat' dir='ltr'><strong>tantum</strong></span> <span class='ocrx_word' id='word_1_40' title='bbox 3142 515 3451 572; x_wconf 83' lang='lat' dir='ltr'><strong>clamantes</strong></span> 
     </span>
    </p>
   </div>
   <div class='ocr_carea' id='block_1_6' title="bbox 103 601 1712 675">
    <p class='ocr_par' dir='ltr' id='par_1_6' title="bbox 103 601 1712 675">
     <span class='ocr_line' id='line_1_6' title="bbox 103 601 1712 675; baseline 0.002 -19"><span class='ocrx_word' id='word_1_41' title='bbox 103 601 424 672; x_wconf 72' lang='lat' dir='ltr'><strong>triumphans</strong></span> <span class='ocrx_word' id='word_1_42' title='bbox 442 601 659 657; x_wconf 85' lang='lat' dir='ltr'><strong>scilicet</strong></span> <span class='ocrx_word' id='word_1_43' title='bbox 679 602 749 657; x_wconf 89' lang='lat' dir='ltr'><strong>de</strong></span> <span class='ocrx_word' id='word_1_44' title='bbox 768 604 984 658; x_wconf 91' lang='lat' dir='ltr'><strong>mundo</strong></span> <span class='ocrx_word' id='word_1_45' title='bbox 1005 604 1064 658; x_wconf 92' lang='lat' dir='ltr'><strong>in</strong></span> <span class='ocrx_word' id='word_1_46' title='bbox 1092 604 1255 658; x_wconf 86' lang='lat' dir='ltr'><strong>nobis</strong></span> <span class='ocrx_word' id='word_1_47' title='bbox 1269 619 1373 675; x_wconf 88' lang='lat' dir='ltr'><strong>per</strong></span> <span class='ocrx_word' id='word_1_48' title='bbox 1397 605 1577 659; x_wconf 89' lang='lat' dir='ltr'><strong>crucis</strong></span> <span class='ocrx_word' id='word_1_49' title='bbox 1602 606 1712 659; x_wconf 90' lang='lat' dir='ltr'><strong>vir-</strong></span> 
     </span>
    </p>
   </div>
   <div class='ocr_carea' id='block_1_7' title="bbox 106 696 1713 768">
    <p class='ocr_par' dir='ltr' id='par_1_7' title="bbox 106 696 1713 768">
     <span class='ocr_line' id='line_1_7' title="bbox 106 696 1713 768; baseline 0.002 -17"><span class='ocrx_word' id='word_1_50' title='bbox 106 701 283 763; x_wconf 85' lang='lat' dir='ltr'><strong>tutem;</strong></span> <span class='ocrx_word' id='word_1_51' title='bbox 299 698 471 766; x_wconf 85' lang='lat' dir='ltr'><strong>atque</strong></span> <span class='ocrx_word' id='word_1_52' title='bbox 487 700 593 750; x_wconf 89' lang='lat' dir='ltr'><strong>tua</strong></span> <span class='ocrx_word' id='word_1_53' title='bbox 602 696 781 767; x_wconf 88' lang='lat' dir='ltr'><strong>pietas</strong></span> <span class='ocrx_word' id='word_1_54' title='bbox 797 697 960 751; x_wconf 90' lang='lat' dir='ltr'><strong>nobis</strong></span> <span class='ocrx_word' id='word_1_55' title='bbox 980 697 1123 752; x_wconf 90' lang='lat' dir='ltr'><strong>illud</strong></span> <span class='ocrx_word' id='word_1_56' title='bbox 1138 697 1439 768; x_wconf 90' lang='lat' dir='ltr'><strong>antiquum</strong></span> <span class='ocrx_word' id='word_1_57' title='bbox 1452 699 1713 755; x_wconf 82' lang='lat' dir='ltr'><strong>restituat</strong></span> 
     </span>
    </p>
   </div>
   <div class='ocr_carea' id='block_1_8' title="bbox 101 788 1713 863">
    <p class='ocr_par' dir='ltr' id='par_1_8' title="bbox 101 788 1713 863">
     <span class='ocr_line' id='line_1_8' title="bbox 101 788 1713 863; baseline 0.002 -19"><span class='ocrx_word' id='word_1_58' title='bbox 101 788 424 857; x_wconf 84' lang='lat' dir='ltr'><strong>beneﬁcium,</strong></span> <span class='ocrx_word' id='word_1_59' title='bbox 441 789 717 844; x_wconf 78' lang='lat' dir='ltr'><strong>virtutem</strong></span> <span class='ocrx_word' id='word_1_60' title='bbox 730 790 960 860; x_wconf 86' lang='lat' dir='ltr'><strong>scilicet,</strong></span> <span class='ocrx_word' id='word_1_61' title='bbox 986 796 1042 845; x_wconf 92' lang='lat' dir='ltr'><strong>et</strong></span> <span class='ocrx_word' id='word_1_62' title='bbox 1070 791 1311 863; x_wconf 82' lang='lat' dir='ltr'><strong>gratiam</strong></span> <span class='ocrx_word' id='word_1_63' title='bbox 1335 807 1348 845; x_wconf 92' lang='lat'><strong>:</strong></span> <span class='ocrx_word' id='word_1_64' title='bbox 1377 792 1476 863; x_wconf 88' lang='lat' dir='ltr'><strong>qui</strong></span> <span class='ocrx_word' id='word_1_65' title='bbox 1494 807 1598 863; x_wconf 89' lang='lat' dir='ltr'><strong>per</strong></span> <span class='ocrx_word' id='word_1_66' title='bbox 1615 810 1713 863; x_wconf 89' lang='lat' dir='ltr'><strong>po-</strong></span> 
     </span>
    </p>
   </div>
   <div class='ocr_carea' id='block_1_9' title="bbox 101 882 1710 956">
    <p class='ocr_par' dir='ltr' id='par_1_9' title="bbox 101 882 1710 956">
     <span class='ocr_line' id='line_1_9' title="bbox 101 882 1710 956; baseline 0.002 -18"><span class='ocrx_word' id='word_1_67' title='bbox 101 882 300 938; x_wconf 78' lang='lat' dir='ltr'><strong>tentiam</strong></span> <span class='ocrx_word' id='word_1_68' title='bbox 327 882 525 936; x_wconf 86' lang='lat' dir='ltr'><strong>futura</strong></span> <span class='ocrx_word' id='word_1_69' title='bbox 547 884 852 954; x_wconf 59' lang='lat' dir='ltr'><strong>praeterita,</strong></span> <span class='ocrx_word' id='word_1_70' title='bbox 881 901 985 956; x_wconf 89' lang='lat' dir='ltr'><strong>per</strong></span> <span class='ocrx_word' id='word_1_71' title='bbox 1004 885 1364 956; x_wconf 83' lang='lat' dir='ltr'><strong>praesentiam</strong></span> <span class='ocrx_word' id='word_1_72' title='bbox 1390 886 1526 940; x_wconf 86' lang='lat' dir='ltr'><strong>facis</strong></span> <span class='ocrx_word' id='word_1_73' title='bbox 1552 886 1710 941; x_wconf 92' lang='lat' dir='ltr'><strong>simi-</strong></span> 
     </span>
    </p>
   </div>
   <div class='ocr_carea' id='block_1_10' title="bbox 102 976 1713 1051">
    <p class='ocr_par' dir='ltr' id='par_1_10' title="bbox 102 976 1713 1051">
     <span class='ocr_line' id='line_1_10' title="bbox 102 976 1713 1051; baseline 0.002 -21"><span class='ocrx_word' id='word_1_74' title='bbox 102 976 207 1030; x_wconf 82' lang='lat' dir='ltr'><strong>liter</strong></span> <span class='ocrx_word' id='word_1_75' title='bbox 235 976 521 1047; x_wconf 80' lang='lat' dir='ltr'><strong>praeterita</strong></span> <span class='ocrx_word' id='word_1_76' title='bbox 559 978 882 1048; x_wconf 68' lang='lat' dir='ltr'><strong>praesentia,</strong></span> <span class='ocrx_word' id='word_1_77' title='bbox 905 978 1097 1048; x_wconf 88' lang='lat' dir='ltr'><strong>redde,</strong></span> <span class='ocrx_word' id='word_1_78' title='bbox 1127 982 1193 1032; x_wconf 90' lang='lat' dir='ltr'><strong>ut</strong></span> <span class='ocrx_word' id='word_1_79' title='bbox 1216 979 1379 1033; x_wconf 89' lang='lat' dir='ltr'><strong>nobis</strong></span> <span class='ocrx_word' id='word_1_80' title='bbox 1406 984 1503 1033; x_wconf 92' lang='lat' dir='ltr'><strong>tua</strong></span> <span class='ocrx_word' id='word_1_81' title='bbox 1528 980 1713 1051; x_wconf 88' lang='lat' dir='ltr'><strong>passio</strong></span> 
     </span>
    </p>
   </div>
   <div class='ocr_carea' id='block_1_11' title="bbox 103 1067 1715 1143">
    <p class='ocr_par' dir='ltr' id='par_1_11' title="bbox 103 1067 1715 1143">
     <span class='ocr_line' id='line_1_11' title="bbox 103 1067 1715 1143; baseline 0.002 -18"><span class='ocrx_word' id='word_1_82' title='bbox 103 1067 265 1143; x_wconf 75' lang='grc'><strong>354</strong></span> <span class='ocrx_word' id='word_1_83' title='bbox 290 1069 364 1123; x_wconf 90' lang='lat' dir='ltr'><strong>sic</strong></span> <span class='ocrx_word' id='word_1_84' title='bbox 383 1069 651 1124; x_wconf 88' lang='lat' dir='ltr'><strong>salutaris</strong></span> <span class='ocrx_word' id='word_1_85' title='bbox 676 1071 768 1135; x_wconf 88' lang='lat' dir='ltr'><strong>sit,</strong></span> <span class='ocrx_word' id='word_1_86' title='bbox 798 1071 956 1142; x_wconf 88' lang='lat' dir='ltr'><strong>quasi</strong></span> <span class='ocrx_word' id='word_1_87' title='bbox 984 1088 1235 1142; x_wconf 67' lang='lat' dir='ltr'><strong>praasens</strong></span> <span class='ocrx_word' id='word_1_88' title='bbox 1252 1076 1307 1127; x_wconf 90' lang='lat' dir='ltr'><strong>et</strong></span> <span class='ocrx_word' id='word_1_89' title='bbox 1327 1072 1629 1143; x_wconf 85' lang='lat' dir='ltr'><strong>hodierna;</strong></span> <span class='ocrx_word' id='word_1_90' title='bbox 1659 1078 1715 1128; x_wconf 89' lang='lat' dir='ltr'><strong>et</strong></span> 
     </span>
    </p>
   </div>
   <div class='ocr_carea' id='block_1_12' title="bbox 102 1163 1715 1238">
    <p class='ocr_par' dir='ltr' id='par_1_12' title="bbox 102 1163 1715 1238">
     <span class='ocr_line' id='line_1_12' title="bbox 102 1163 1715 1238; baseline 0.004 -22"><span class='ocrx_word' id='word_1_91' title='bbox 102 1165 161 1217; x_wconf 87' lang='lat' dir='ltr'><strong>sic</strong></span> <span class='ocrx_word' id='word_1_92' title='bbox 184 1163 331 1217; x_wconf 90' lang='lat' dir='ltr'><strong>nobis</strong></span> <span class='ocrx_word' id='word_1_93' title='bbox 357 1163 534 1218; x_wconf 80' lang='lat' dir='ltr'><strong>hodie</strong></span> <span class='ocrx_word' id='word_1_94' title='bbox 573 1164 668 1218; x_wconf 89' lang='lat' dir='ltr'><strong>illa</strong></span> <span class='ocrx_word' id='word_1_95' title='bbox 696 1169 854 1236; x_wconf 89' lang='lat' dir='ltr'><strong>gutta</strong></span> <span class='ocrx_word' id='word_1_96' title='bbox 881 1165 1059 1220; x_wconf 84' lang='lat' dir='ltr'><strong>sancti</strong></span> <span class='ocrx_word' id='word_1_97' title='bbox 1094 1166 1387 1236; x_wconf 82' lang='lat' dir='ltr'><strong>sanguinis</strong></span> <span class='ocrx_word' id='word_1_98' title='bbox 1418 1167 1501 1221; x_wconf 92' lang='lat' dir='ltr'><strong>tui</strong></span> <span class='ocrx_word' id='word_1_99' title='bbox 1544 1183 1715 1238; x_wconf 88' lang='lat' dir='ltr'><strong>super</strong></span> 
     </span>
    </p>
   </div>
   <div class='ocr_carea' id='block_1_13' title="bbox 102 1256 1741 1326">
    <p class='ocr_par' dir='ltr' id='par_1_13' title="bbox 102 1256 1741 1326">
     <span class='ocr_line' id='line_1_13' title="bbox 102 1256 1741 1326; baseline 0.001 -15"><span class='ocrx_word' id='word_1_100' title='bbox 102 1261 278 1311; x_wconf 84' lang='lat' dir='ltr'><strong>terram</strong></span> <span class='ocrx_word' id='word_1_101' title='bbox 304 1256 441 1311; x_wconf 88' lang='lat' dir='ltr'><strong>olim</strong></span> <span class='ocrx_word' id='word_1_102' title='bbox 469 1256 545 1311; x_wconf 92' lang='lat' dir='ltr'><strong>de</strong></span> <span class='ocrx_word' id='word_1_103' title='bbox 573 1273 740 1312; x_wconf 88' lang='lat' dir='ltr'><strong>cruce</strong></span> <span class='ocrx_word' id='word_1_104' title='bbox 778 1258 1036 1313; x_wconf 82' lang='lat' dir='ltr'><strong>stillantis</strong></span> <span class='ocrx_word' id='word_1_105' title='bbox 1080 1258 1152 1313; x_wconf 89' lang='lat' dir='ltr'><strong>sit</strong></span> <span class='ocrx_word' id='word_1_106' title='bbox 1197 1260 1368 1326; x_wconf 90' lang='lat' dir='ltr'><strong>salus,</strong></span> <span class='ocrx_word' id='word_1_107' title='bbox 1418 1264 1480 1314; x_wconf 89' lang='lat' dir='ltr'><strong>ut</strong></span> <span class='ocrx_word' id='word_1_108' title='bbox 1523 1260 1741 1315; x_wconf 59' lang='lat' dir='ltr'><strong>omnia‘</strong></span> 
     </span>
    </p>
   </div>
   <div class='ocr_carea' id='block_1_14' title="bbox 101 1349 1714 1423">
    <p class='ocr_par' dir='ltr' id='par_1_14' title="bbox 101 1349 1714 1423">
     <span class='ocr_line' id='line_1_14' title="bbox 101 1349 1714 1423; baseline 0.003 -20"><span class='ocrx_word' id='word_1_109' title='bbox 101 1354 237 1403; x_wconf 70' lang='lat' dir='ltr'><strong>terra:</strong></span> <span class='ocrx_word' id='word_1_110' title='bbox 262 1355 466 1404; x_wconf 63' lang='lat' dir='ltr'><strong>nostras</strong></span> <span class='ocrx_word' id='word_1_111' title='bbox 493 1349 703 1405; x_wconf 88' lang='lat' dir='ltr'><strong>delicta</strong></span> <span class='ocrx_word' id='word_1_112' title='bbox 736 1351 948 1419; x_wconf 87' lang='lat' dir='ltr'><strong>lavans,</strong></span> <span class='ocrx_word' id='word_1_113' title='bbox 973 1355 1030 1406; x_wconf 91' lang='lat' dir='ltr'><strong>et</strong></span> <span class='ocrx_word' id='word_1_114' title='bbox 1054 1352 1308 1423; x_wconf 89' lang='lat' dir='ltr'><strong>corporis</strong></span> <span class='ocrx_word' id='word_1_115' title='bbox 1331 1352 1511 1407; x_wconf 87' lang='lat' dir='ltr'><strong>nostri</strong></span> <span class='ocrx_word' id='word_1_116' title='bbox 1537 1353 1714 1408; x_wconf 91' lang='lat' dir='ltr'><strong>humo</strong></span> 
     </span>
    </p>
   </div>
   <div class='ocr_carea' id='block_1_15' title="bbox 101 1442 1715 1515">
    <p class='ocr_par' dir='ltr' id='par_1_15' title="bbox 101 1442 1715 1515">
     <span class='ocr_line' id='line_1_15' title="bbox 101 1442 1715 1515; baseline 0.003 -19"><span class='ocrx_word' id='word_1_117' title='bbox 101 1442 486 1513; x_wconf 83' lang='lat' dir='ltr'><strong>quodammodo</strong></span> <span class='ocrx_word' id='word_1_118' title='bbox 517 1444 801 1514; x_wconf 79' lang='lat' dir='ltr'><strong>immixta,</strong></span> <span class='ocrx_word' id='word_1_119' title='bbox 824 1461 931 1499; x_wconf 90' lang='lat' dir='ltr'><strong>nos</strong></span> <span class='ocrx_word' id='word_1_120' title='bbox 953 1444 1022 1499; x_wconf 89' lang='lat' dir='ltr'><strong>de</strong></span> <span class='ocrx_word' id='word_1_121' title='bbox 1043 1450 1193 1499; x_wconf 90' lang='lat' dir='ltr'><strong>terra</strong></span> <span class='ocrx_word' id='word_1_122' title='bbox 1217 1449 1345 1500; x_wconf 89' lang='lat' dir='ltr'><strong>tuos</strong></span> <span class='ocrx_word' id='word_1_123' title='bbox 1372 1445 1593 1515; x_wconf 86' lang='lat' dir='ltr'><strong>efﬁciat,</strong></span> <span class='ocrx_word' id='word_1_124' title='bbox 1614 1463 1715 1501; x_wconf 90' lang='lat' dir='ltr'><strong>nos</strong></span> 
     </span>
    </p>
   </div>
   <div class='ocr_carea' id='block_1_16' title="bbox 101 1536 1710 1611">
    <p class='ocr_par' dir='ltr' id='par_1_16' title="bbox 101 1536 1710 1611">
     <span class='ocr_line' id='line_1_16' title="bbox 101 1536 1710 1611; baseline 0.002 -21"><span class='ocrx_word' id='word_1_125' title='bbox 101 1552 295 1608; x_wconf 85' lang='lat' dir='ltr'><strong>quoque</strong></span> <span class='ocrx_word' id='word_1_126' title='bbox 340 1536 447 1591; x_wconf 92' lang='lat' dir='ltr'><strong>tibi</strong></span> <span class='ocrx_word' id='word_1_127' title='bbox 486 1538 653 1609; x_wconf 89' lang='lat' dir='ltr'><strong>quasi</strong></span> <span class='ocrx_word' id='word_1_128' title='bbox 695 1554 902 1609; x_wconf 89' lang='lat' dir='ltr'><strong>corpus</strong></span> <span class='ocrx_word' id='word_1_129' title='bbox 936 1538 1088 1592; x_wconf 92' lang='lat' dir='ltr'><strong>idem</strong></span> <span class='ocrx_word' id='word_1_130' title='bbox 1135 1539 1483 1595; x_wconf 88' lang='lat' dir='ltr'><strong>reconciliati</strong></span> <span class='ocrx_word' id='word_1_131' title='bbox 1509 1540 1710 1611; x_wconf 90' lang='lat' dir='ltr'><strong>Capiti.</strong></span> 
     </span>
    </p>
   </div>
   <div class='ocr_carea' id='block_1_17' title="bbox 101 1630 1711 1704">
    <p class='ocr_par' dir='ltr' id='par_1_17' title="bbox 101 1630 1711 1704">
     <span class='ocr_line' id='line_1_17' title="bbox 101 1630 1711 1704; baseline 0.002 -19"><span class='ocrx_word' id='word_1_132' title='bbox 101 1630 187 1693; x_wconf 86' lang='lat' dir='ltr'><strong>Qui</strong></span> <span class='ocrx_word' id='word_1_133' title='bbox 223 1646 420 1702; x_wconf 84' lang='lat' dir='ltr'><strong>regnas</strong></span> <span class='ocrx_word' id='word_1_134' title='bbox 462 1646 599 1684; x_wconf 87' lang='lat' dir='ltr'><strong>cum</strong></span> <span class='ocrx_word' id='word_1_135' title='bbox 640 1633 806 1686; x_wconf 87' lang='lat' dir='ltr'><strong>Patre</strong></span> <span class='ocrx_word' id='word_1_136' title='bbox 856 1648 1080 1704; x_wconf 87' lang='lat' dir='ltr'><strong>semper</strong></span> <span class='ocrx_word' id='word_1_137' title='bbox 1125 1637 1183 1687; x_wconf 88' lang='lat' dir='ltr'><strong>et</strong></span> <span class='ocrx_word' id='word_1_138' title='bbox 1239 1632 1452 1704; x_wconf 86' lang='lat' dir='ltr'><strong>Spiritu</strong></span> <span class='ocrx_word' id='word_1_139' title='bbox 1500 1638 1711 1699; x_wconf 88' lang='lat' dir='ltr'><strong>sancto,</strong></span> 
     </span>
    </p>
   </div>
   <div class='ocr_carea' id='block_1_18' title="bbox 102 1724 1710 1797">
    <p class='ocr_par' dir='ltr' id='par_1_18' title="bbox 102 1724 1710 1797">
     <span class='ocr_line' id='line_1_18' title="bbox 102 1724 1710 1797; baseline 0.003 -20"><span class='ocrx_word' id='word_1_140' title='bbox 102 1739 227 1777; x_wconf 89' lang='lat' dir='ltr'><strong>nunc</strong></span> <span class='ocrx_word' id='word_1_141' title='bbox 248 1724 409 1779; x_wconf 90' lang='lat' dir='ltr'><strong>nobis</strong></span> <span class='ocrx_word' id='word_1_142' title='bbox 435 1740 683 1796; x_wconf 90' lang='lat' dir='ltr'><strong>regnare</strong></span> <span class='ocrx_word' id='word_1_143' title='bbox 710 1724 916 1797; x_wconf 90' lang='lat' dir='ltr'><strong>incipe,</strong></span> <span class='ocrx_word' id='word_1_144' title='bbox 949 1727 1126 1781; x_wconf 82' lang='lat' dir='ltr'><strong>Homo</strong></span> <span class='ocrx_word' id='word_1_145' title='bbox 1152 1727 1301 1781; x_wconf 92' lang='lat' dir='ltr'><strong>Deus</strong></span> <span class='ocrx_word' id='word_1_146' title='bbox 1327 1726 1543 1783; x_wconf 87' lang='lat' dir='ltr'><strong>Christe</strong></span> <span class='ocrx_word' id='word_1_147' title='bbox 1561 1728 1710 1796; x_wconf 79' lang='lat' dir='ltr'><strong>Jesu,</strong></span> 
     </span>
    </p>
   </div>
   <div class='ocr_carea' id='block_1_19' title="bbox 103 1817 902 1874">
    <p class='ocr_par' dir='ltr' id='par_1_19' title="bbox 103 1817 902 1874">
     <span class='ocr_line' id='line_1_19' title="bbox 103 1817 902 1874; baseline 0.003 -2"><span class='ocrx_word' id='word_1_148' title='bbox 103 1818 198 1872; x_wconf 78' lang='lat' dir='ltr'><strong>Rex</strong></span> <span class='ocrx_word' id='word_1_149' title='bbox 219 1817 275 1871; x_wconf 91' lang='lat' dir='ltr'><strong>in</strong></span> <span class='ocrx_word' id='word_1_150' title='bbox 300 1817 507 1872; x_wconf 70' lang='lat' dir='ltr'><strong>saecula</strong></span> <span class='ocrx_word' id='word_1_151' title='bbox 536 1819 902 1874; x_wconf 66' lang='lat' dir='ltr'><strong>saeculorum.</strong></span> 
     </span>
    </p>
   </div>
   <div class='ocr_carea' id='block_1_20' title="bbox 657 1921 1115 1974">
    <p class='ocr_par' dir='ltr' id='par_1_20' title="bbox 657 1921 1115 1974">
     <span class='ocr_line' id='line_1_20' title="bbox 657 1921 1115 1974; baseline 0.009 -4"><span class='ocrx_word' id='word_1_152' title='bbox 657 1921 831 1972; x_wconf 87' lang='lat' dir='ltr'><strong>Oratio</strong></span> <span class='ocrx_word' id='word_1_153' title='bbox 856 1922 922 1972; x_wconf 87' lang='lat' dir='ltr'><strong>ad</strong></span> <span class='ocrx_word' id='word_1_154' title='bbox 948 1924 1115 1974; x_wconf 82' lang='lat' dir='ltr'><strong>Nona.</strong></span> 
     </span>
    </p>
   </div>
   <div class='ocr_carea' id='block_1_21' title="bbox 158 2004 1715 2079">
    <p class='ocr_par' dir='ltr' id='par_1_21' title="bbox 158 2004 1715 2079">
     <span class='ocr_line' id='line_1_21' title="bbox 158 2004 1715 2079; baseline 0.002 -20"><span class='ocrx_word' id='word_1_155' title='bbox 158 2005 194 2058; x_wconf 89' lang='grc' dir='ltr'><strong>Ο</strong></span> <span class='ocrx_word' id='word_1_156' title='bbox 216 2004 462 2061; x_wconf 89' lang='lat' dir='ltr'><strong>salutaris</strong></span> <span class='ocrx_word' id='word_1_157' title='bbox 487 2006 639 2061; x_wconf 89' lang='lat' dir='ltr'><strong>hora</strong></span> <span class='ocrx_word' id='word_1_158' title='bbox 662 2007 938 2078; x_wconf 88' lang='lat' dir='ltr'><strong>passionis</strong></span> <span class='ocrx_word' id='word_1_159' title='bbox 965 2008 979 2061; x_wconf 77' lang='grc' dir='ltr'><em>ι</em></span> <span class='ocrx_word' id='word_1_160' title='bbox 1022 2026 1055 2063; x_wconf 93' lang='lat' dir='ltr'><strong>o</strong></span> <span class='ocrx_word' id='word_1_161' title='bbox 1094 2024 1305 2079; x_wconf 87' lang='lat' dir='ltr'><strong>magna</strong></span> <span class='ocrx_word' id='word_1_162' title='bbox 1334 2007 1715 2062; x_wconf 84' lang='lat' dir='ltr'><strong>maximarum</strong></span> 
     </span>
    </p>
   </div>
   <div class='ocr_carea' id='block_1_22' title="bbox 110 2099 1712 2171">
    <p class='ocr_par' dir='ltr' id='par_1_22' title="bbox 110 2099 1712 2171">
     <span class='ocr_line' id='line_1_22' title="bbox 110 2099 1712 2171; baseline 0.002 -19"><span class='ocrx_word' id='word_1_163' title='bbox 110 2099 416 2167; x_wconf 76' lang='lat' dir='ltr'><strong>gratiarum!</strong></span> <span class='ocrx_word' id='word_1_164' title='bbox 461 2102 627 2156; x_wconf 82' lang='lat' dir='ltr'><strong>Nona</strong></span> <span class='ocrx_word' id='word_1_165' title='bbox 650 2102 946 2171; x_wconf 90' lang='lat' dir='ltr'><strong>hodierna,</strong></span> <span class='ocrx_word' id='word_1_166' title='bbox 974 2102 1226 2157; x_wconf 88' lang='lat' dir='ltr'><strong>maxima</strong></span> <span class='ocrx_word' id='word_1_167' title='bbox 1251 2102 1523 2157; x_wconf 89' lang='lat' dir='ltr'><strong>horarum</strong></span> <span class='ocrx_word' id='word_1_168' title='bbox 1551 2102 1712 2157; x_wconf 89' lang='lat' dir='ltr'><strong>hora.</strong></span> 
     </span>
    </p>
   </div>
   <div class='ocr_carea' id='block_1_23' title="bbox 109 2191 1717 2267">
    <p class='ocr_par' dir='ltr' id='par_1_23' title="bbox 109 2191 1717 2267">
     <span class='ocr_line' id='line_1_23' title="bbox 109 2191 1717 2267; baseline 0.003 -23"><span class='ocrx_word' id='word_1_169' title='bbox 109 2191 196 2245; x_wconf 84' lang='lat' dir='ltr'><strong>Hac</strong></span> <span class='ocrx_word' id='word_1_170' title='bbox 229 2208 371 2247; x_wconf 91' lang='lat' dir='ltr'><strong>nunc</strong></span> <span class='ocrx_word' id='word_1_171' title='bbox 416 2199 504 2261; x_wconf 91' lang='lat' dir='ltr'><strong>tu,</strong></span> <span class='ocrx_word' id='word_1_172' title='bbox 563 2199 759 2251; x_wconf 85' lang='lat' dir='ltr'><strong>noster</strong></span> <span class='ocrx_word' id='word_1_173' title='bbox 812 2195 1015 2251; x_wconf 88' lang='lat' dir='ltr'><strong>dilecte</strong></span> <span class='ocrx_word' id='word_1_174' title='bbox 1066 2197 1300 2267; x_wconf 90' lang='lat' dir='ltr'><strong>Sponse,</strong></span> <span class='ocrx_word' id='word_1_175' title='bbox 1344 2196 1595 2250; x_wconf 89' lang='lat' dir='ltr'><strong>osculare</strong></span> <span class='ocrx_word' id='word_1_176' title='bbox 1648 2195 1717 2249; x_wconf 91' lang='lat' dir='ltr'><strong>de</strong></span> 
     </span>
    </p>
   </div>
   <div class='ocr_carea' id='block_1_24' title="bbox 110 2287 1713 2361">
    <p class='ocr_par' dir='ltr' id='par_1_24' title="bbox 110 2287 1713 2361">
     <span class='ocr_line' id='line_1_24' title="bbox 110 2287 1713 2361; baseline 0.003 -23"><span class='ocrx_word' id='word_1_177' title='bbox 110 2301 260 2357; x_wconf 81' lang='lat' dir='ltr'><strong>cruce,</strong></span> <span class='ocrx_word' id='word_1_178' title='bbox 286 2287 415 2344; x_wconf 90' lang='lat' dir='ltr'><strong>licet</strong></span> <span class='ocrx_word' id='word_1_179' title='bbox 443 2293 575 2361; x_wconf 90' lang='lat' dir='ltr'><strong>post</strong></span> <span class='ocrx_word' id='word_1_180' title='bbox 604 2289 788 2344; x_wconf 91' lang='lat' dir='ltr'><strong>crucis</strong></span> <span class='ocrx_word' id='word_1_181' title='bbox 816 2290 1161 2361; x_wconf 68' lang='lat' dir='ltr'><strong>traphzeum.</strong></span> <span class='ocrx_word' id='word_1_182' title='bbox 1190 2290 1475 2357; x_wconf 86' lang='lat' dir='ltr'><strong>Osculare,</strong></span> <span class='ocrx_word' id='word_1_183' title='bbox 1520 2305 1713 2360; x_wconf 90' lang='lat' dir='ltr'><strong>preca-</strong></span> 
     </span>
    </p>
   </div>
   <div class='ocr_carea' id='block_1_25' title="bbox 112 2381 1720 2455">
    <p class='ocr_par' dir='ltr' id='par_1_25' title="bbox 112 2381 1720 2455">
     <span class='ocr_line' id='line_1_25' title="bbox 112 2381 1720 2455; baseline 0.003 -23"><span class='ocrx_word' id='word_1_184' title='bbox 112 2394 244 2434; x_wconf 85' lang='lat' dir='ltr'><strong>mur:</strong></span> <span class='ocrx_word' id='word_1_185' title='bbox 280 2381 524 2438; x_wconf 86' lang='lat' dir='ltr'><strong>salutare</strong></span> <span class='ocrx_word' id='word_1_186' title='bbox 553 2387 722 2438; x_wconf 91' lang='lat' dir='ltr'><strong>tuum</strong></span> <span class='ocrx_word' id='word_1_187' title='bbox 765 2383 1060 2455; x_wconf 88' lang='lat' dir='ltr'><strong>impertire</strong></span> <span class='ocrx_word' id='word_1_188' title='bbox 1104 2383 1286 2453; x_wconf 90' lang='lat' dir='ltr'><strong>nobis,</strong></span> <span class='ocrx_word' id='word_1_189' title='bbox 1333 2383 1720 2454; x_wconf 86' lang='lat' dir='ltr'><strong>triumphator</strong></span> 
     </span>
    </p>
   </div>
   <div class='ocr_carea' id='block_1_26' title="bbox 114 2472 1719 2549">
    <p class='ocr_par' dir='ltr' id='par_1_26' title="bbox 114 2472 1719 2549">
     <span class='ocr_line' id='line_1_26' title="bbox 114 2472 1719 2549; baseline 0.002 -22"><span class='ocrx_word' id='word_1_190' title='bbox 114 2472 366 2543; x_wconf 86' lang='lat' dir='ltr'><strong>mirabilis,</strong></span> <span class='ocrx_word' id='word_1_191' title='bbox 409 2477 617 2547; x_wconf 85' lang='lat' dir='ltr'><strong>auriga</strong></span> <span class='ocrx_word' id='word_1_192' title='bbox 667 2493 952 2549; x_wconf 85' lang='lat' dir='ltr'><strong>supreme.</strong></span> <span class='ocrx_word' id='word_1_193' title='bbox 990 2478 1136 2532; x_wconf 88' lang='lat' dir='ltr'><strong>Deus</strong></span> <span class='ocrx_word' id='word_1_194' title='bbox 1166 2478 1280 2549; x_wconf 92' lang='lat' dir='ltr'><strong>pie,</strong></span> <span class='ocrx_word' id='word_1_195' title='bbox 1322 2476 1719 2548; x_wconf 87' lang='lat' dir='ltr'><strong>gloriosissime</strong></span> 
     </span>
    </p>
   </div>
   <div class='ocr_carea' id='block_1_27' title="bbox 113 2570 1721 2640">
    <p class='ocr_par' dir='ltr' id='par_1_27' title="bbox 113 2570 1721 2640">
     <span class='ocr_line' id='line_1_27' title="bbox 113 2570 1721 2640; baseline 0.004 -20"><span class='ocrx_word' id='word_1_196' title='bbox 113 2572 479 2639; x_wconf 85' lang='lat' dir='ltr'><strong>propugnator.</strong></span> <span class='ocrx_word' id='word_1_197' title='bbox 522 2573 718 2640; x_wconf 80' lang='lat' dir='ltr'><strong>Avete,</strong></span> <span class='ocrx_word' id='word_1_198' title='bbox 764 2571 966 2640; x_wconf 84' lang='lat' dir='ltr'><strong>valete,</strong></span> <span class='ocrx_word' id='word_1_199' title='bbox 1019 2570 1341 2626; x_wconf 87' lang='lat' dir='ltr'><strong>invalescite</strong></span> <span class='ocrx_word' id='word_1_200' title='bbox 1390 2575 1448 2626; x_wconf 91' lang='lat' dir='ltr'><strong>et</strong></span> <span class='ocrx_word' id='word_1_201' title='bbox 1485 2570 1721 2626; x_wconf 81' lang='lat' dir='ltr'><strong>viriliter</strong></span> 
     </span>
    </p>
   </div>
   <div class='ocr_carea' id='block_1_28' title="bbox 115 2660 1715 2737">
    <p class='ocr_par' dir='ltr' id='par_1_28' title="bbox 115 2660 1715 2737">
     <span class='ocr_line' id='line_1_28' title="bbox 115 2660 1715 2737; baseline 0.004 -25"><span class='ocrx_word' id='word_1_202' title='bbox 115 2660 248 2731; x_wconf 81' lang='lat' dir='ltr'><strong>agite,</strong></span> <span class='ocrx_word' id='word_1_203' title='bbox 275 2664 675 2719; x_wconf 83' lang='lat' dir='ltr'><strong>confortamini</strong></span> <span class='ocrx_word' id='word_1_204' title='bbox 708 2664 899 2734; x_wconf 87' lang='lat' dir='ltr'><strong>dicito,</strong></span> <span class='ocrx_word' id='word_1_205' title='bbox 931 2665 1164 2737; x_wconf 87' lang='lat' dir='ltr'><strong>loquere</strong></span> <span class='ocrx_word' id='word_1_206' title='bbox 1191 2664 1457 2720; x_wconf 89' lang='lat' dir='ltr'><strong>cordibus</strong></span> <span class='ocrx_word' id='word_1_207' title='bbox 1485 2664 1715 2734; x_wconf 89' lang='lat' dir='ltr'><strong>nostris,</strong></span> 
     </span>
    </p>
   </div>
   <div class='ocr_carea' id='block_1_29' title="bbox 115 2753 1719 2830">
    <p class='ocr_par' dir='ltr' id='par_1_29' title="bbox 115 2753 1719 2830">
     <span class='ocr_line' id='line_1_29' title="bbox 115 2753 1719 2830; baseline 0.003 -24"><span class='ocrx_word' id='word_1_208' title='bbox 115 2753 352 2825; x_wconf 88' lang='lat' dir='ltr'><strong>inspector</strong></span> <span class='ocrx_word' id='word_1_209' title='bbox 399 2758 648 2814; x_wconf 86' lang='lat' dir='ltr'><strong>Christe.</strong></span> <span class='ocrx_word' id='word_1_210' title='bbox 691 2761 778 2813; x_wconf 81' lang='lat' dir='ltr'><strong>An</strong></span> <span class='ocrx_word' id='word_1_211' title='bbox 818 2758 919 2830; x_wconf 90' lang='lat' dir='ltr'><strong>qui</strong></span> <span class='ocrx_word' id='word_1_212' title='bbox 967 2758 1105 2813; x_wconf 92' lang='lat' dir='ltr'><strong>olim</strong></span> <span class='ocrx_word' id='word_1_213' title='bbox 1139 2758 1262 2813; x_wconf 74' lang='lat' dir='ltr'><strong>haec</strong></span> <span class='ocrx_word' id='word_1_214' title='bbox 1312 2758 1515 2827; x_wconf 89' lang='lat' dir='ltr'><strong>fecisti,</strong></span> <span class='ocrx_word' id='word_1_215' title='bbox 1566 2774 1719 2813; x_wconf 91' lang='lat' dir='ltr'><strong>nunc</strong></span> 
     </span>
    </p>
   </div>
   <div class='ocr_carea' id='block_1_30' title="bbox 117 2847 1721 2925">
    <p class='ocr_par' dir='ltr' id='par_1_30' title="bbox 117 2847 1721 2925">
     <span class='ocr_line' id='line_1_30' title="bbox 117 2847 1721 2925; baseline 0.003 -25"><span class='ocrx_word' id='word_1_216' title='bbox 117 2847 273 2903; x_wconf 84' lang='lat' dir='ltr'><strong>eadem</strong></span> <span class='ocrx_word' id='word_1_217' title='bbox 297 2868 409 2906; x_wconf 91' lang='lat' dir='ltr'><strong>non</strong></span> <span class='ocrx_word' id='word_1_218' title='bbox 436 2857 604 2923; x_wconf 91' lang='lat' dir='ltr'><strong>potes</strong></span> <span class='ocrx_word' id='word_1_219' title='bbox 629 2852 814 2908; x_wconf 85' lang='lat' dir='ltr'><strong>facere</strong></span> <span class='ocrx_word' id='word_1_220' title='bbox 833 2852 861 2906; x_wconf 65' lang='grc' dir='ltr'><strong><em>Ἰ</em></strong></span> <span class='ocrx_word' id='word_1_221' title='bbox 895 2854 1055 2907; x_wconf 88' lang='lat' dir='ltr'><strong>Potes</strong></span> <span class='ocrx_word' id='word_1_222' title='bbox 1100 2853 1315 2925; x_wconf 89' lang='lat' dir='ltr'><strong>utique,</strong></span> <span class='ocrx_word' id='word_1_223' title='bbox 1354 2856 1551 2923; x_wconf 87' lang='lat' dir='ltr'><strong>potes;</strong></span> <span class='ocrx_word' id='word_1_224' title='bbox 1588 2851 1721 2923; x_wconf 88' lang='lat' dir='ltr'><strong>quia</strong></span> 
     </span>
    </p>
   </div>
   <div class='ocr_carea' id='block_1_31' title="bbox 116 2942 1718 3017">
    <p class='ocr_par' dir='ltr' id='par_1_31' title="bbox 116 2942 1718 3017">
     <span class='ocr_line' id='line_1_31' title="bbox 116 2942 1718 3017; baseline 0.002 -21"><span class='ocrx_word' id='word_1_225' title='bbox 116 2942 429 3015; x_wconf 88' lang='lat' dir='ltr'><strong>omnipotens</strong></span> <span class='ocrx_word' id='word_1_226' title='bbox 472 2962 571 3001; x_wconf 90' lang='lat' dir='ltr'><strong>es:</strong></span> <span class='ocrx_word' id='word_1_227' title='bbox 624 2951 803 3017; x_wconf 89' lang='lat' dir='ltr'><strong>potes,</strong></span> <span class='ocrx_word' id='word_1_228' title='bbox 849 2945 1256 3013; x_wconf 90' lang='lat' dir='ltr'><strong>amantissime,</strong></span> <span class='ocrx_word' id='word_1_229' title='bbox 1301 2948 1461 3017; x_wconf 83' lang='lat' dir='ltr'><strong>potes</strong></span> <span class='ocrx_word' id='word_1_230' title='bbox 1513 2945 1718 3014; x_wconf 88' lang='lat' dir='ltr'><strong>facere,</strong></span> 
     </span>
    </p>
   </div>
   <div class='ocr_carea' id='block_1_32' title="bbox 117 3024 1719 3112">
    <p class='ocr_par' dir='ltr' id='par_1_32' title="bbox 117 3024 1719 3112">
     <span class='ocr_line' id='line_1_32' title="bbox 117 3024 1719 3112; baseline 0.002 -23"><span class='ocrx_word' id='word_1_231' title='bbox 117 3036 233 3105; x_wconf 82' lang='lat' dir='ltr'><strong>quod</strong></span> <span class='ocrx_word' id='word_1_232' title='bbox 251 3054 470 3095; x_wconf 91' lang='lat' dir='ltr'><strong>nosnon</strong></span> <span class='ocrx_word' id='word_1_233' title='bbox 497 3024 809 3112; x_wconf 83' lang='lat' dir='ltr'><strong>possumus</strong></span> <span class='ocrx_word' id='word_1_234' title='bbox 836 3040 1117 3111; x_wconf 90' lang='lat' dir='ltr'><strong>cogitare;</strong></span> <span class='ocrx_word' id='word_1_235' title='bbox 1147 3040 1283 3111; x_wconf 92' lang='lat' dir='ltr'><strong>quia</strong></span> <span class='ocrx_word' id='word_1_236' title='bbox 1307 3039 1453 3095; x_wconf 90' lang='lat' dir='ltr'><strong>nihil</strong></span> <span class='ocrx_word' id='word_1_237' title='bbox 1482 3038 1583 3095; x_wconf 88' lang='lat' dir='ltr'><strong>tibi</strong></span> <span class='ocrx_word' id='word_1_238' title='bbox 1610 3039 1719 3093; x_wconf 85' lang='lat' dir='ltr'><strong>im-</strong></span> 
     </span>
    </p>
   </div>
   <div class='ocr_carea' id='block_1_33' title="bbox 117 3130 1718 3206">
    <p class='ocr_par' dir='ltr' id='par_1_33' title="bbox 117 3130 1718 3206">
     <span class='ocr_line' id='line_1_33' title="bbox 117 3130 1718 3206; baseline 0.004 -24"><span class='ocrx_word' id='word_1_239' title='bbox 117 3130 335 3196; x_wconf 85' lang='lat' dir='ltr'><strong>possibile</strong></span> <span class='ocrx_word' id='word_1_240' title='bbox 358 3138 458 3202; x_wconf 91' lang='lat' dir='ltr'><strong>est,</strong></span> <span class='ocrx_word' id='word_1_241' title='bbox 489 3135 643 3189; x_wconf 90' lang='lat' dir='ltr'><strong>Deus</strong></span> <span class='ocrx_word' id='word_1_242' title='bbox 667 3134 1049 3206; x_wconf 88' lang='lat' dir='ltr'><strong>omnipotens.</strong></span> <span class='ocrx_word' id='word_1_243' title='bbox 1086 3134 1215 3188; x_wconf 88' lang='lat' dir='ltr'><strong>Jesu</strong></span> <span class='ocrx_word' id='word_1_244' title='bbox 1254 3133 1528 3203; x_wconf 90' lang='lat' dir='ltr'><strong>osculare,</strong></span> <span class='ocrx_word' id='word_1_245' title='bbox 1562 3148 1718 3205; x_wconf 81' lang='lat' dir='ltr'><strong>quae-</strong></span> 
     </span>
    </p>
   </div>
   <div class='ocr_carea' id='block_1_34' title="bbox 1734 1807 1789 1878">
    <p class='ocr_par' dir='ltr' id='par_1_34' title="bbox 1734 1807 1789 1878">
     <span class='ocr_line' id='line_1_34' title="bbox 1734 1807 1789 1878; baseline 0 0"><span class='ocrx_word' id='word_1_246' title='bbox 1734 1807 1789 1878; x_wconf 93' lang='lat' dir='ltr'><strong>B</strong></span> 
     </span>
    </p>
   </div>
   <div class='ocr_carea' id='block_1_35' title="bbox 1811 608 3451 682">
    <p class='ocr_par' dir='ltr' id='par_1_35' title="bbox 1811 608 3451 682">
     <span class='ocr_line' id='line_1_35' title="bbox 1811 608 3451 682; baseline 0.003 -22"><span class='ocrx_word' id='word_1_247' title='bbox 1811 611 1989 661; x_wconf 89' lang='lat' dir='ltr'><strong>eruat.</strong></span> <span class='ocrx_word' id='word_1_248' title='bbox 2050 608 2368 664; x_wconf 89' lang='lat' dir='ltr'><strong>Clamamus</strong></span> <span class='ocrx_word' id='word_1_249' title='bbox 2424 625 2668 681; x_wconf 89' lang='lat' dir='ltr'><strong>namque</strong></span> <span class='ocrx_word' id='word_1_250' title='bbox 2720 613 2777 665; x_wconf 84' lang='lat' dir='ltr'><strong>et</strong></span> <span class='ocrx_word' id='word_1_251' title='bbox 2830 625 3079 680; x_wconf 89' lang='lat' dir='ltr'><strong>oramus,</strong></span> <span class='ocrx_word' id='word_1_252' title='bbox 3129 626 3202 665; x_wconf 90' lang='lat' dir='ltr'><strong>ne</strong></span> <span class='ocrx_word' id='word_1_253' title='bbox 3249 614 3451 682; x_wconf 88' lang='lat' dir='ltr'><strong>urgeat</strong></span> 
     </span>
    </p>
   </div>
   <div class='ocr_carea' id='block_1_36' title="bbox 1808 700 3448 775">
    <p class='ocr_par' dir='ltr' id='par_1_36' title="bbox 1808 700 3448 775">
     <span class='ocr_line' id='line_1_36' title="bbox 1808 700 3448 775; baseline 0.002 -20"><span class='ocrx_word' id='word_1_254' title='bbox 1808 700 2016 756; x_wconf 87' lang='lat' dir='ltr'><strong>inferni</strong></span> <span class='ocrx_word' id='word_1_255' title='bbox 2056 706 2262 774; x_wconf 90' lang='lat' dir='ltr'><strong>puteus</strong></span> <span class='ocrx_word' id='word_1_256' title='bbox 2300 718 2471 774; x_wconf 90' lang='lat' dir='ltr'><strong>super</strong></span> <span class='ocrx_word' id='word_1_257' title='bbox 2516 719 2619 757; x_wconf 89' lang='lat' dir='ltr'><strong>nos</strong></span> <span class='ocrx_word' id='word_1_258' title='bbox 2667 720 2728 758; x_wconf 91' lang='lat' dir='ltr'><strong>os</strong></span> <span class='ocrx_word' id='word_1_259' title='bbox 2769 719 2972 775; x_wconf 89' lang='lat' dir='ltr'><strong>suum;</strong></span> <span class='ocrx_word' id='word_1_260' title='bbox 3023 704 3171 760; x_wconf 91' lang='lat' dir='ltr'><strong>eruti</strong></span> <span class='ocrx_word' id='word_1_261' title='bbox 3218 704 3287 759; x_wconf 92' lang='lat' dir='ltr'><strong>de</strong></span> <span class='ocrx_word' id='word_1_262' title='bbox 3327 704 3448 759; x_wconf 89' lang='lat' dir='ltr'><strong>luto</strong></span> 
     </span>
    </p>
   </div>
   <div class='ocr_carea' id='block_1_37' title="bbox 1810 794 2663 866">
    <p class='ocr_par' dir='ltr' id='par_1_37' title="bbox 1810 794 2663 866">
     <span class='ocr_line' id='line_1_37' title="bbox 1810 794 2663 866; baseline 0.002 -16"><span class='ocrx_word' id='word_1_263' title='bbox 1810 794 2044 866; x_wconf 88' lang='lat' dir='ltr'><strong>peccati,</strong></span> <span class='ocrx_word' id='word_1_264' title='bbox 2075 811 2148 850; x_wconf 91' lang='lat' dir='ltr'><strong>ne</strong></span> <span class='ocrx_word' id='word_1_265' title='bbox 2176 794 2503 866; x_wconf 79' lang='lat' dir='ltr'><strong>infigamur.</strong></span> <span class='ocrx_word' id='word_1_266' title='bbox 2540 798 2663 852; x_wconf 89' lang='lat' dir='ltr'><strong>Per.</strong></span> 
     </span>
    </p>
   </div>
   <div class='ocr_carea' id='block_1_38' title="bbox 2367 908 2890 973">
    <p class='ocr_par' dir='ltr' id='par_1_38' title="bbox 2367 908 2890 973">
     <span class='ocr_line' id='line_1_38' title="bbox 2367 908 2890 973; baseline 0 -14"><span class='ocrx_word' id='word_1_267' title='bbox 2367 908 2617 959; x_wconf 88' lang='lat' dir='ltr'><strong>Collectio</strong></span> <span class='ocrx_word' id='word_1_268' title='bbox 2641 909 2890 973; x_wconf 87' lang='lat' dir='ltr'><strong>sequitur.</strong></span> 
     </span>
    </p>
   </div>
   <div class='ocr_carea' id='block_1_39' title="bbox 1885 1001 3452 1076">
    <p class='ocr_par' dir='ltr' id='par_1_39' title="bbox 1885 1001 3452 1076">
     <span class='ocr_line' id='line_1_39' title="bbox 1885 1001 3452 1076; baseline 0.003 -20"><span class='ocrx_word' id='word_1_269' title='bbox 1885 1001 2119 1057; x_wconf 91' lang='lat' dir='ltr'><strong>Domine</strong></span> <span class='ocrx_word' id='word_1_270' title='bbox 2166 1002 2386 1058; x_wconf 84' lang='lat' dir='ltr'><strong>Christe</strong></span> <span class='ocrx_word' id='word_1_271' title='bbox 2440 1004 2589 1072; x_wconf 73' lang='lat' dir='ltr'><strong>Iesu,</strong></span> <span class='ocrx_word' id='word_1_272' title='bbox 2632 1005 2779 1059; x_wconf 91' lang='lat' dir='ltr'><strong>Deus</strong></span> <span class='ocrx_word' id='word_1_273' title='bbox 2819 1005 2932 1076; x_wconf 89' lang='lat' dir='ltr'><strong>pie,</strong></span> <span class='ocrx_word' id='word_1_274' title='bbox 2986 1004 3189 1059; x_wconf 82' lang='lat' dir='ltr'><strong>exaudi</strong></span> <span class='ocrx_word' id='word_1_275' title='bbox 3240 1020 3346 1060; x_wconf 93' lang='lat' dir='ltr'><strong>nos</strong></span> <span class='ocrx_word' id='word_1_276' title='bbox 3395 1009 3452 1060; x_wconf 89' lang='lat' dir='ltr'><strong>et</strong></span> 
     </span>
    </p>
   </div>
   <div class='ocr_carea' id='block_1_40' title="bbox 1813 1098 3449 1169">
    <p class='ocr_par' dir='ltr' id='par_1_40' title="bbox 1813 1098 3449 1169">
     <span class='ocr_line' id='line_1_40' title="bbox 1813 1098 3449 1169; baseline 0.001 -19"><span class='ocrx_word' id='word_1_277' title='bbox 1813 1100 2040 1167; x_wconf 68' lang='lat' dir='ltr'><strong>praesta,</strong></span> <span class='ocrx_word' id='word_1_278' title='bbox 2089 1112 2409 1168; x_wconf 91' lang='lat' dir='ltr'><strong>precamur,</strong></span> <span class='ocrx_word' id='word_1_279' title='bbox 2450 1113 2579 1168; x_wconf 65' lang='lat' dir='ltr'><strong>quas</strong></span> <span class='ocrx_word' id='word_1_280' title='bbox 2622 1098 2790 1152; x_wconf 91' lang='lat' dir='ltr'><strong>corde</strong></span> <span class='ocrx_word' id='word_1_281' title='bbox 2863 1114 3166 1169; x_wconf 86' lang='lat' dir='ltr'><strong>rogamus:</strong></span> <span class='ocrx_word' id='word_1_282' title='bbox 3229 1102 3285 1152; x_wconf 90' lang='lat' dir='ltr'><strong>et</strong></span> <span class='ocrx_word' id='word_1_283' title='bbox 3342 1098 3449 1152; x_wconf 89' lang='lat' dir='ltr'><strong>hoc</strong></span> 
     </span>
    </p>
   </div>
   <div class='ocr_carea' id='block_1_41' title="bbox 1813 1188 3447 1261">
    <p class='ocr_par' dir='ltr' id='par_1_41' title="bbox 1813 1188 3447 1261">
     <span class='ocr_line' id='line_1_41' title="bbox 1813 1188 3447 1261; baseline 0.001 -18"><span class='ocrx_word' id='word_1_284' title='bbox 1813 1205 2103 1261; x_wconf 89' lang='lat' dir='ltr'><strong>rogamus,</strong></span> <span class='ocrx_word' id='word_1_285' title='bbox 2123 1192 2188 1243; x_wconf 91' lang='lat' dir='ltr'><strong>ut</strong></span> <span class='ocrx_word' id='word_1_286' title='bbox 2207 1188 2308 1243; x_wconf 89' lang='lat' dir='ltr'><strong>tibi</strong></span> <span class='ocrx_word' id='word_1_287' title='bbox 2340 1189 2683 1261; x_wconf 88' lang='lat' dir='ltr'><strong>placeamus,</strong></span> <span class='ocrx_word' id='word_1_288' title='bbox 2702 1190 2803 1244; x_wconf 84' lang='lat' dir='ltr'><strong>tibi</strong></span> <span class='ocrx_word' id='word_1_289' title='bbox 2823 1190 3142 1246; x_wconf 72' lang='lat' dir='ltr'><strong>hosreamus</strong></span> <span class='ocrx_word' id='word_1_290' title='bbox 3162 1190 3283 1245; x_wconf 89' lang='lat' dir='ltr'><strong>sine</strong></span> <span class='ocrx_word' id='word_1_291' title='bbox 3303 1189 3447 1260; x_wconf 81' lang='lat' dir='ltr'><strong>fine;</strong></span> 
     </span>
    </p>
   </div>
   <div class='ocr_carea' id='block_1_42' title="bbox 1813 1282 3447 1355">
    <p class='ocr_par' dir='ltr' id='par_1_42' title="bbox 1813 1282 3447 1355">
     <span class='ocr_line' id='line_1_42' title="bbox 1813 1282 3447 1355; baseline 0.001 -18"><span class='ocrx_word' id='word_1_292' title='bbox 1813 1288 1879 1337; x_wconf 93' lang='lat' dir='ltr'><strong>ut</strong></span> <span class='ocrx_word' id='word_1_293' title='bbox 1930 1298 2156 1354; x_wconf 90' lang='lat' dir='ltr'><strong>semper</strong></span> <span class='ocrx_word' id='word_1_294' title='bbox 2198 1282 2299 1337; x_wconf 85' lang='lat' dir='ltr'><strong>tibi</strong></span> <span class='ocrx_word' id='word_1_295' title='bbox 2355 1282 2560 1353; x_wconf 88' lang='lat' dir='ltr'><strong>gratias</strong></span> <span class='ocrx_word' id='word_1_296' title='bbox 2603 1299 2858 1354; x_wconf 89' lang='lat' dir='ltr'><strong>agamus,</strong></span> <span class='ocrx_word' id='word_1_297' title='bbox 2906 1284 3002 1355; x_wconf 91' lang='lat' dir='ltr'><strong>qui</strong></span> <span class='ocrx_word' id='word_1_298' title='bbox 3048 1290 3131 1354; x_wconf 91' lang='lat' dir='ltr'><strong>tu,</strong></span> <span class='ocrx_word' id='word_1_299' title='bbox 3188 1284 3447 1353; x_wconf 92' lang='lat' dir='ltr'><strong>Domine,</strong></span> 
     </span>
    </p>
   </div>
   <div class='ocr_carea' id='block_1_43' title="bbox 1813 1375 3449 1433">
    <p class='ocr_par' dir='ltr' id='par_1_43' title="bbox 1813 1375 3449 1433">
     <span class='ocr_line' id='line_1_43' title="bbox 1813 1375 3449 1433; baseline 0.001 -2"><span class='ocrx_word' id='word_1_300' title='bbox 1813 1376 2099 1431; x_wconf 90' lang='lat' dir='ltr'><strong>redemisti</strong></span> <span class='ocrx_word' id='word_1_301' title='bbox 2129 1393 2232 1431; x_wconf 91' lang='lat' dir='ltr'><strong>nos</strong></span> <span class='ocrx_word' id='word_1_302' title='bbox 2257 1375 2319 1431; x_wconf 90' lang='lat' dir='ltr'><strong>in</strong></span> <span class='ocrx_word' id='word_1_303' title='bbox 2346 1382 2619 1432; x_wconf 61' lang='lat' dir='ltr'><strong>aeternam</strong></span> <span class='ocrx_word' id='word_1_304' title='bbox 2649 1376 2823 1431; x_wconf 86' lang='lat' dir='ltr'><strong>vitam</strong></span> <span class='ocrx_word' id='word_1_305' title='bbox 2874 1376 2943 1431; x_wconf 92' lang='lat' dir='ltr'><strong>de</strong></span> <span class='ocrx_word' id='word_1_306' title='bbox 2991 1381 3205 1432; x_wconf 60' lang='lat' dir='ltr'><strong>aeterna</strong></span> <span class='ocrx_word' id='word_1_307' title='bbox 3245 1382 3449 1433; x_wconf 90' lang='lat' dir='ltr'><strong>morte.</strong></span> 
     </span>
    </p>
   </div>
   <div class='ocr_carea' id='block_1_44' title="bbox 1812 1469 3452 1540">
    <p class='ocr_par' dir='ltr' id='par_1_44' title="bbox 1812 1469 3452 1540">
     <span class='ocr_line' id='line_1_44' title="bbox 1812 1469 3452 1540; baseline 0.001 -17"><span class='ocrx_word' id='word_1_308' title='bbox 1812 1470 1920 1533; x_wconf 87' lang='lat' dir='ltr'><strong>Qui</strong></span> <span class='ocrx_word' id='word_1_309' title='bbox 1987 1469 2321 1524; x_wconf 88' lang='lat' dir='ltr'><strong>descendisti</strong></span> <span class='ocrx_word' id='word_1_310' title='bbox 2377 1470 2439 1524; x_wconf 91' lang='lat' dir='ltr'><strong>in</strong></span> <span class='ocrx_word' id='word_1_311' title='bbox 2500 1470 2707 1540; x_wconf 89' lang='lat' dir='ltr'><strong>lacum,</strong></span> <span class='ocrx_word' id='word_1_312' title='bbox 2762 1474 2827 1524; x_wconf 90' lang='lat' dir='ltr'><strong>ut</strong></span> <span class='ocrx_word' id='word_1_313' title='bbox 2884 1485 2951 1523; x_wconf 84' lang='lat' dir='ltr'><strong>ex</strong></span> <span class='ocrx_word' id='word_1_314' title='bbox 2990 1469 3186 1525; x_wconf 90' lang='lat' dir='ltr'><strong>inferis</strong></span> <span class='ocrx_word' id='word_1_315' title='bbox 3235 1471 3452 1525; x_wconf 89' lang='lat' dir='ltr'><strong>vinctos</strong></span> 
     </span>
    </p>
   </div>
   <div class='ocr_carea' id='block_1_45' title="bbox 1815 1562 3451 1635">
    <p class='ocr_par' dir='ltr' id='par_1_45' title="bbox 1815 1562 3451 1635">
     <span class='ocr_line' id='line_1_45' title="bbox 1815 1562 3451 1635; baseline 0 -18"><span class='ocrx_word' id='word_1_316' title='bbox 1815 1562 2101 1633; x_wconf 88' lang='lat' dir='ltr'><strong>educeres,</strong></span> <span class='ocrx_word' id='word_1_317' title='bbox 2131 1563 2400 1618; x_wconf 89' lang='lat' dir='ltr'><strong>descende</strong></span> <span class='ocrx_word' id='word_1_318' title='bbox 2427 1579 2580 1618; x_wconf 92' lang='lat' dir='ltr'><strong>nunc</strong></span> <span class='ocrx_word' id='word_1_319' title='bbox 2600 1578 2847 1635; x_wconf 90' lang='lat' dir='ltr'><strong>quoque,</strong></span> <span class='ocrx_word' id='word_1_320' title='bbox 2870 1578 3191 1633; x_wconf 88' lang='lat' dir='ltr'><strong>precamur,</strong></span> <span class='ocrx_word' id='word_1_321' title='bbox 3223 1562 3451 1617; x_wconf 91' lang='lat' dir='ltr'><strong>visceri-</strong></span> 
     </span>
    </p>
   </div>
   <div class='ocr_carea' id='block_1_46' title="bbox 1812 1655 3455 1729">
    <p class='ocr_par' dir='ltr' id='par_1_46' title="bbox 1812 1655 3455 1729">
     <span class='ocr_line' id='line_1_46' title="bbox 1812 1655 3455 1729; baseline 0 -19"><span class='ocrx_word' id='word_1_322' title='bbox 1812 1655 1920 1710; x_wconf 90' lang='lat' dir='ltr'><strong>bus</strong></span> <span class='ocrx_word' id='word_1_323' title='bbox 1946 1660 2057 1710; x_wconf 62' lang='lat' dir='ltr'><strong>tuae</strong></span> <span class='ocrx_word' id='word_1_324' title='bbox 2095 1656 2338 1727; x_wconf 85' lang='lat' dir='ltr'><strong>pietatis,</strong></span> <span class='ocrx_word' id='word_1_325' title='bbox 2379 1662 2444 1711; x_wconf 91' lang='lat' dir='ltr'><strong>ut</strong></span> <span class='ocrx_word' id='word_1_326' title='bbox 2472 1673 2542 1712; x_wconf 80' lang='lat' dir='ltr'><strong>ex</strong></span> <span class='ocrx_word' id='word_1_327' title='bbox 2572 1656 2810 1711; x_wconf 84' lang='lat' dir='ltr'><strong>vinculis</strong></span> <span class='ocrx_word' id='word_1_328' title='bbox 2836 1660 3220 1728; x_wconf 87' lang='lat' dir='ltr'><strong>peccatorum,</strong></span> <span class='ocrx_word' id='word_1_329' title='bbox 3248 1656 3455 1729; x_wconf 89' lang='lat' dir='ltr'><strong>quibus</strong></span> 
     </span>
    </p>
   </div>
   <div class='ocr_carea' id='block_1_47' title="bbox 1816 1748 3238 1822">
    <p class='ocr_par' dir='ltr' id='par_1_47' title="bbox 1816 1748 3238 1822">
     <span class='ocr_line' id='line_1_47' title="bbox 1816 1748 3238 1822; baseline 0.001 -19"><span class='ocrx_word' id='word_1_330' title='bbox 1816 1748 2202 1821; x_wconf 89' lang='lat' dir='ltr'><strong>unusquisque</strong></span> <span class='ocrx_word' id='word_1_331' title='bbox 2224 1750 2655 1822; x_wconf 87' lang='lat' dir='ltr'><strong>constringitur,</strong></span> <span class='ocrx_word' id='word_1_332' title='bbox 2675 1766 2779 1804; x_wconf 94' lang='lat' dir='ltr'><strong>nos</strong></span> <span class='ocrx_word' id='word_1_333' title='bbox 2805 1749 3081 1805; x_wconf 88' lang='lat' dir='ltr'><strong>absolvas.</strong></span> <span class='ocrx_word' id='word_1_334' title='bbox 3110 1750 3238 1804; x_wconf 89' lang='lat' dir='ltr'><strong>Per.</strong></span> 
     </span>
    </p>
   </div>
   <div class='ocr_carea' id='block_1_48' title="bbox 1920 1860 3352 1927">
    <p class='ocr_par' dir='ltr' id='par_1_48' title="bbox 1920 1860 3352 1927">
     <span class='ocr_line' id='line_1_48' title="bbox 1920 1860 3352 1927; baseline -0.002 -15"><span class='ocrx_word' id='word_1_335' title='bbox 1920 1862 2051 1912; x_wconf 91' lang='lat' dir='ltr'><strong>Item</strong></span> <span class='ocrx_word' id='word_1_336' title='bbox 2078 1862 2242 1912; x_wconf 89' lang='lat' dir='ltr'><strong>oratio</strong></span> <span class='ocrx_word' id='word_1_337' title='bbox 2268 1862 2322 1912; x_wconf 89' lang='lat' dir='ltr'><strong>in</strong></span> <span class='ocrx_word' id='word_1_338' title='bbox 2347 1862 2570 1913; x_wconf 90' lang='lat' dir='ltr'><strong>Sabbato</strong></span> <span class='ocrx_word' id='word_1_339' title='bbox 2597 1861 2799 1927; x_wconf 89' lang='lat' dir='ltr'><strong>requiei</strong></span> <span class='ocrx_word' id='word_1_340' title='bbox 2825 1861 3073 1913; x_wconf 85' lang='lat' dir='ltr'><strong>dominici</strong></span> <span class='ocrx_word' id='word_1_341' title='bbox 3099 1860 3352 1925; x_wconf 86' lang='lat' dir='ltr'><strong>corporis.</strong></span> 
     </span>
    </p>
   </div>
   <div class='ocr_carea' id='block_1_49' title="bbox 1889 1964 3456 2038">
    <p class='ocr_par' dir='ltr' id='par_1_49' title="bbox 1889 1964 3456 2038">
     <span class='ocr_line' id='line_1_49' title="bbox 1889 1964 3456 2038; baseline -0.001 -17"><span class='ocrx_word' id='word_1_342' title='bbox 1889 1965 2298 2021; x_wconf 90' lang='lat' dir='ltr'><strong>Succumbente</strong></span> <span class='ocrx_word' id='word_1_343' title='bbox 2358 1969 2523 2038; x_wconf 84' lang='lat' dir='ltr'><strong>Agno</strong></span> <span class='ocrx_word' id='word_1_344' title='bbox 2592 1970 2784 2020; x_wconf 89' lang='lat' dir='ltr'><strong>nostra</strong></span> <span class='ocrx_word' id='word_1_345' title='bbox 2840 1980 2944 2036; x_wconf 91' lang='lat' dir='ltr'><strong>pro</strong></span> <span class='ocrx_word' id='word_1_346' title='bbox 3006 1964 3182 2019; x_wconf 90' lang='lat' dir='ltr'><strong>salute</strong></span> <span class='ocrx_word' id='word_1_347' title='bbox 3207 2006 3220 2033; x_wconf 96' lang='lat'><strong>,</strong></span> <span class='ocrx_word' id='word_1_348' title='bbox 3294 1968 3456 2036; x_wconf 85' lang='lat' dir='ltr'><strong>Agno</strong></span> 
     </span>
    </p>
   </div>
   <div class='ocr_carea' id='block_1_50' title="bbox 1817 2056 3457 2131">
    <p class='ocr_par' dir='ltr' id='par_1_50' title="bbox 1817 2056 3457 2131">
     <span class='ocr_line' id='line_1_50' title="bbox 1817 2056 3457 2131; baseline 0 -18"><span class='ocrx_word' id='word_1_349' title='bbox 1817 2059 2060 2131; x_wconf 77' lang='lat' dir='ltr'><strong>figurato</strong></span> <span class='ocrx_word' id='word_1_350' title='bbox 2089 2059 2206 2129; x_wconf 90' lang='lat' dir='ltr'><strong>diu,</strong></span> <span class='ocrx_word' id='word_1_351' title='bbox 2230 2059 2463 2115; x_wconf 91' lang='lat' dir='ltr'><strong>demum</strong></span> <span class='ocrx_word' id='word_1_352' title='bbox 2493 2059 2691 2114; x_wconf 92' lang='lat' dir='ltr'><strong>eodem</strong></span> <span class='ocrx_word' id='word_1_353' title='bbox 2719 2058 2979 2114; x_wconf 84' lang='lat' dir='ltr'><strong>vincente</strong></span> <span class='ocrx_word' id='word_1_354' title='bbox 3008 2057 3209 2126; x_wconf 90' lang='lat' dir='ltr'><strong>letum,</strong></span> <span class='ocrx_word' id='word_1_355' title='bbox 3254 2056 3352 2111; x_wconf 91' lang='lat' dir='ltr'><strong>illo</strong></span> <span class='ocrx_word' id='word_1_356' title='bbox 3400 2063 3457 2113; x_wconf 88' lang='lat' dir='ltr'><strong>et</strong></span> 
     </span>
    </p>
   </div>
   <div class='ocr_carea' id='block_1_51' title="bbox 1817 2150 3456 2224">
    <p class='ocr_par' dir='ltr' id='par_1_51' title="bbox 1817 2150 3456 2224">
     <span class='ocr_line' id='line_1_51' title="bbox 1817 2150 3456 2224; baseline -0.002 -17"><span class='ocrx_word' id='word_1_357' title='bbox 1817 2153 1999 2207; x_wconf 89' lang='lat' dir='ltr'><strong>Leone</strong></span> <span class='ocrx_word' id='word_1_358' title='bbox 2022 2153 2162 2208; x_wconf 80' lang='lat' dir='ltr'><strong>Iuda</strong></span> <span class='ocrx_word' id='word_1_359' title='bbox 2177 2153 2418 2224; x_wconf 90' lang='lat' dir='ltr'><strong>veriore,</strong></span> <span class='ocrx_word' id='word_1_360' title='bbox 2440 2156 2604 2207; x_wconf 90' lang='lat' dir='ltr'><strong>antea</strong></span> <span class='ocrx_word' id='word_1_361' title='bbox 2654 2156 2876 2223; x_wconf 89' lang='lat' dir='ltr'><strong>tempus</strong></span> <span class='ocrx_word' id='word_1_362' title='bbox 2906 2150 3201 2223; x_wconf 68' lang='lat' dir='ltr'><strong>captivataa</strong></span> <span class='ocrx_word' id='word_1_363' title='bbox 3241 2150 3456 2205; x_wconf 90' lang='lat' dir='ltr'><strong>reditus</strong></span> 
     </span>
    </p>
   </div>
   <div class='ocr_carea' id='block_1_52' title="bbox 1817 2244 3453 2316">
    <p class='ocr_par' dir='ltr' id='par_1_52' title="bbox 1817 2244 3453 2316">
     <span class='ocr_line' id='line_1_52' title="bbox 1817 2244 3453 2316; baseline -0.002 -15"><span class='ocrx_word' id='word_1_364' title='bbox 1817 2247 2059 2302; x_wconf 83' lang='lat' dir='ltr'><strong>fideliter</strong></span> <span class='ocrx_word' id='word_1_365' title='bbox 2118 2247 2345 2302; x_wconf 79' lang='lat' dir='ltr'><strong>Adamae</strong></span> <span class='ocrx_word' id='word_1_366' title='bbox 2372 2289 2386 2316; x_wconf 96' lang='lat'><strong>,</strong></span> <span class='ocrx_word' id='word_1_367' title='bbox 2450 2247 2651 2301; x_wconf 88' lang='lat' dir='ltr'><strong>fratres</strong></span> <span class='ocrx_word' id='word_1_368' title='bbox 2711 2244 3021 2314; x_wconf 90' lang='lat' dir='ltr'><strong>carissimi,</strong></span> <span class='ocrx_word' id='word_1_369' title='bbox 3089 2248 3453 2315; x_wconf 84' lang='lat' dir='ltr'><strong>expectemus</strong></span> 
     </span>
    </p>
   </div>
   <div class='ocr_carea' id='block_1_53' title="bbox 1817 2336 3455 2419">
    <p class='ocr_par' dir='ltr' id='par_1_53' title="bbox 1817 2336 3455 2419">
     <span class='ocr_line' id='line_1_53' title="bbox 1817 2336 3455 2419; baseline -0.002 -24"><span class='ocrx_word' id='word_1_370' title='bbox 1817 2341 2057 2412; x_wconf 59' lang='lat' dir='ltr'><strong>praedae;</strong></span> <span class='ocrx_word' id='word_1_371' title='bbox 2099 2346 2179 2419; x_wconf 25' lang='lat' dir='ltr'><strong>ut!</strong></span> <span class='ocrx_word' id='word_1_372' title='bbox 2207 2340 2520 2412; x_wconf 90' lang='lat' dir='ltr'><strong>compilatis</strong></span> <span class='ocrx_word' id='word_1_373' title='bbox 2556 2339 2723 2394; x_wconf 90' lang='lat' dir='ltr'><strong>inferi</strong></span> <span class='ocrx_word' id='word_1_374' title='bbox 2760 2338 2972 2411; x_wconf 90' lang='lat' dir='ltr'><strong>spoliis,</strong></span> <span class='ocrx_word' id='word_1_375' title='bbox 3011 2336 3171 2408; x_wconf 88' lang='lat' dir='ltr'><strong>cujus</strong></span> <span class='ocrx_word' id='word_1_376' title='bbox 3210 2342 3455 2392; x_wconf 88' lang='lat' dir='ltr'><strong>mortem</strong></span> 
     </span>
    </p>
   </div>
   <div class='ocr_carea' id='block_1_54' title="bbox 1819 2426 3456 2500">
    <p class='ocr_par' dir='ltr' id='par_1_54' title="bbox 1819 2426 3456 2500">
     <span class='ocr_line' id='line_1_54' title="bbox 1819 2426 3456 2500; baseline -0.002 -15"><span class='ocrx_word' id='word_1_377' title='bbox 1819 2430 2411 2497; x_wconf 88' lang='lat' dir='ltr'><strong>commemoravimus,</strong></span> <span class='ocrx_word' id='word_1_378' title='bbox 2454 2429 2658 2485; x_wconf 91' lang='lat' dir='ltr'><strong>eodem</strong></span> <span class='ocrx_word' id='word_1_379' title='bbox 2692 2427 2915 2500; x_wconf 89' lang='lat' dir='ltr'><strong>pietatis</strong></span> <span class='ocrx_word' id='word_1_380' title='bbox 2959 2427 3116 2482; x_wconf 91' lang='lat' dir='ltr'><strong>cultu</strong></span> <span class='ocrx_word' id='word_1_381' title='bbox 3151 2426 3301 2481; x_wconf 90' lang='lat' dir='ltr'><strong>illius</strong></span> <span class='ocrx_word' id='word_1_382' title='bbox 3324 2443 3456 2481; x_wconf 90' lang='lat' dir='ltr'><strong>cum</strong></span> 
     </span>
    </p>
   </div>
   <div class='ocr_carea' id='block_1_55' title="bbox 1819 2520 3452 2597">
    <p class='ocr_par' dir='ltr' id='par_1_55' title="bbox 1819 2520 3452 2597">
     <span class='ocr_line' id='line_1_55' title="bbox 1819 2520 3452 2597; baseline -0.002 -17"><span class='ocrx_word' id='word_1_383' title='bbox 1819 2526 1933 2580; x_wconf 89' lang='lat' dir='ltr'><strong>suis</strong></span> <span class='ocrx_word' id='word_1_384' title='bbox 1960 2541 2281 2597; x_wconf 88' lang='lat' dir='ltr'><strong>regressum</strong></span> <span class='ocrx_word' id='word_1_385' title='bbox 2323 2541 2393 2578; x_wconf 90' lang='lat' dir='ltr'><strong>ex</strong></span> <span class='ocrx_word' id='word_1_386' title='bbox 2429 2521 2670 2578; x_wconf 90' lang='lat' dir='ltr'><strong>mortuis</strong></span> <span class='ocrx_word' id='word_1_387' title='bbox 2717 2521 3021 2593; x_wconf 89' lang='lat' dir='ltr'><strong>celebrare,</strong></span> <span class='ocrx_word' id='word_1_388' title='bbox 3066 2520 3163 2576; x_wconf 93' lang='lat' dir='ltr'><strong>illo</strong></span> <span class='ocrx_word' id='word_1_389' title='bbox 3211 2520 3452 2590; x_wconf 89' lang='lat' dir='ltr'><strong>favente,</strong></span> 
     </span>
    </p>
   </div>
   <div class='ocr_carea' id='block_1_56' title="bbox 1818 2617 2705 2691">
    <p class='ocr_par' dir='ltr' id='par_1_56' title="bbox 1818 2617 2705 2691">
     <span class='ocr_line' id='line_1_56' title="bbox 1818 2617 2705 2691; baseline -0.003 -16"><span class='ocrx_word' id='word_1_390' title='bbox 1818 2623 2076 2691; x_wconf 89' lang='lat' dir='ltr'><strong>tempore</strong></span> <span class='ocrx_word' id='word_1_391' title='bbox 2104 2618 2386 2690; x_wconf 89' lang='lat' dir='ltr'><strong>possimus</strong></span> <span class='ocrx_word' id='word_1_392' title='bbox 2411 2617 2705 2673; x_wconf 90' lang='lat' dir='ltr'><strong>redeunte.</strong></span> 
     </span>
    </p>
   </div>
   <div class='ocr_carea' id='block_1_57' title="bbox 2380 2727 2902 2792">
    <p class='ocr_par' dir='ltr' id='par_1_57' title="bbox 2380 2727 2902 2792">
     <span class='ocr_line' id='line_1_57' title="bbox 2380 2727 2902 2792; baseline 0 -15"><span class='ocrx_word' id='word_1_393' title='bbox 2380 2728 2630 2779; x_wconf 91' lang='lat' dir='ltr'><strong>Collectio</strong></span> <span class='ocrx_word' id='word_1_394' title='bbox 2650 2727 2902 2792; x_wconf 86' lang='lat' dir='ltr'><strong>sequitur.</strong></span> 
     </span>
    </p>
   </div>
   <div class='ocr_carea' id='block_1_58' title="bbox 1888 2820 3457 2892">
    <p class='ocr_par' dir='ltr' id='par_1_58' title="bbox 1888 2820 3457 2892">
     <span class='ocr_line' id='line_1_58' title="bbox 1888 2820 3457 2892; baseline -0.001 -15"><span class='ocrx_word' id='word_1_395' title='bbox 1888 2823 2109 2879; x_wconf 90' lang='lat' dir='ltr'><strong>Christe</strong></span> <span class='ocrx_word' id='word_1_396' title='bbox 2132 2824 2278 2890; x_wconf 84' lang='lat' dir='ltr'><strong>Jesu,</strong></span> <span class='ocrx_word' id='word_1_397' title='bbox 2310 2823 2578 2878; x_wconf 70' lang='lat' dir='ltr'><strong>caelorum</strong></span> <span class='ocrx_word' id='word_1_398' title='bbox 2599 2820 2874 2887; x_wconf 87' lang='lat' dir='ltr'><strong>conditor,</strong></span> <span class='ocrx_word' id='word_1_399' title='bbox 2904 2820 3069 2889; x_wconf 90' lang='lat' dir='ltr'><strong>Deus,</strong></span> <span class='ocrx_word' id='word_1_400' title='bbox 3096 2835 3202 2892; x_wconf 89' lang='lat' dir='ltr'><strong>pro</strong></span> <span class='ocrx_word' id='word_1_401' title='bbox 3225 2823 3323 2875; x_wconf 90' lang='lat' dir='ltr'><strong>tua</strong></span> <span class='ocrx_word' id='word_1_402' title='bbox 3334 2835 3457 2875; x_wconf 85' lang='lat' dir='ltr'><strong>cru-</strong></span> 
     </span>
    </p>
   </div>
   <div class='ocr_carea' id='block_1_59' title="bbox 1821 2914 3457 2987">
    <p class='ocr_par' dir='ltr' id='par_1_59' title="bbox 1821 2914 3457 2987">
     <span class='ocr_line' id='line_1_59' title="bbox 1821 2914 3457 2987; baseline -0.002 -16"><span class='ocrx_word' id='word_1_403' title='bbox 1821 2917 1984 2972; x_wconf 87' lang='lat' dir='ltr'><strong>ciﬁxe</strong></span> <span class='ocrx_word' id='word_1_404' title='bbox 2027 2922 2303 2986; x_wconf 89' lang='lat' dir='ltr'><strong>creatura,</strong></span> <span class='ocrx_word' id='word_1_405' title='bbox 2357 2915 2627 2972; x_wconf 78' lang='lat' dir='ltr'><strong>ineffabili</strong></span> <span class='ocrx_word' id='word_1_406' title='bbox 2680 2914 2907 2987; x_wconf 89' lang='lat' dir='ltr'><strong>pietatis</strong></span> <span class='ocrx_word' id='word_1_407' title='bbox 2955 2918 3307 2968; x_wconf 88' lang='lat' dir='ltr'><strong>sacramento</strong></span> <span class='ocrx_word' id='word_1_408' title='bbox 3353 2928 3457 2967; x_wconf 91' lang='lat' dir='ltr'><strong>nos</strong></span> 
     </span>
    </p>
   </div>
   <div class='ocr_carea' id='block_1_60' title="bbox 1820 3007 3458 3083">
    <p class='ocr_par' dir='ltr' id='par_1_60' title="bbox 1820 3007 3458 3083">
     <span class='ocr_line' id='line_1_60' title="bbox 1820 3007 3458 3083; baseline -0.003 -17"><span class='ocrx_word' id='word_1_409' title='bbox 1820 3027 2049 3083; x_wconf 89' lang='lat' dir='ltr'><strong>quoque</strong></span> <span class='ocrx_word' id='word_1_410' title='bbox 2099 3010 2211 3065; x_wconf 89' lang='lat' dir='ltr'><strong>tuis</strong></span> <span class='ocrx_word' id='word_1_411' title='bbox 2259 3010 2495 3081; x_wconf 86' lang='lat' dir='ltr'><strong>redime,</strong></span> <span class='ocrx_word' id='word_1_412' title='bbox 2547 3024 2867 3081; x_wconf 87' lang='lat' dir='ltr'><strong>precamur,</strong></span> <span class='ocrx_word' id='word_1_413' title='bbox 2923 3007 3133 3078; x_wconf 85' lang='lat' dir='ltr'><strong>jussis:</strong></span> <span class='ocrx_word' id='word_1_414' title='bbox 3207 3008 3458 3062; x_wconf 87' lang='lat' dir='ltr'><strong>Salvator</strong></span> 
     </span>
    </p>
   </div>
   <div class='ocr_carea' id='block_1_61' title="bbox 1821 3102 3452 3176">
    <p class='ocr_par' dir='ltr' id='par_1_61' title="bbox 1821 3102 3452 3176">
     <span class='ocr_line' id='line_1_61' title="bbox 1821 3102 3452 3176; baseline -0.002 -17"><span class='ocrx_word' id='word_1_415' title='bbox 1821 3104 2038 3161; x_wconf 88' lang='lat' dir='ltr'><strong>custodi</strong></span> <span class='ocrx_word' id='word_1_416' title='bbox 2080 3120 2202 3174; x_wconf 92' lang='lat' dir='ltr'><strong>nos,</strong></span> <span class='ocrx_word' id='word_1_417' title='bbox 2243 3104 2632 3176; x_wconf 90' lang='lat' dir='ltr'><strong>parvulorum,</strong></span> <span class='ocrx_word' id='word_1_418' title='bbox 2686 3102 2947 3170; x_wconf 89' lang='lat' dir='ltr'><strong>Domine,</strong></span> <span class='ocrx_word' id='word_1_419' title='bbox 2968 3105 3155 3156; x_wconf 91' lang='lat' dir='ltr'><strong>custos</strong></span> <span class='ocrx_word' id='word_1_420' title='bbox 3179 3105 3452 3168; x_wconf 87' lang='lat' dir='ltr'><strong>tuorum;</strong></span> 
     </span>
    </p>
   </div>
   <div class='ocr_carea' id='block_1_62' title="bbox 119 3185 3459 3300">
    <p class='ocr_par' dir='ltr' id='par_1_62' title="bbox 119 3185 3459 3300">
     <span class='ocr_line' id='line_1_62' title="bbox 119 3185 3459 3300; baseline 0.003 -25"><span class='ocrx_word' id='word_1_421' title='bbox 119 3185 177 3291; x_wconf 67' lang='lat'><strong>;.,</strong></span> <span class='ocrx_word' id='word_1_422' title='bbox 209 3185 1719 3300; x_wconf 49' lang='lat' dir='ltr'><strong>w..a.;n;.7.;.?;;§.;sgi.s;..;;.;;;;&quot;.;&#39;.a</strong></span> <span class='ocrx_word' id='word_1_423' title='bbox 1738 3185 1793 3259; x_wconf 84' lang='lat' dir='ltr'><strong>c</strong></span> <span class='ocrx_word' id='word_1_424' title='bbox 1818 3215 1931 3271; x_wconf 73' lang='lat' dir='ltr'><strong>quo</strong></span> <span class='ocrx_word' id='word_1_425' title='bbox 1950 3199 2066 3300; x_wconf 52' lang='lat' dir='ltr'><strong>ab:</strong></span> <span class='ocrx_word' id='word_1_426' title='bbox 2077 3215 2305 3300; x_wconf 53' lang='lat' dir='ltr'><strong>sem</strong></span> <span class='ocrx_word' id='word_1_427' title='bbox 2328 3199 2635 3300; x_wconf 46' lang='lat' dir='ltr'><strong>meantes,</strong></span> <span class='ocrx_word' id='word_1_428' title='bbox 2664 3201 2764 3252; x_wconf 68' lang='grc' dir='ltr'><strong>τοο</strong></span> <span class='ocrx_word' id='word_1_429' title='bbox 2791 3200 2847 3252; x_wconf 74' lang='grc' dir='ltr'><strong>ει</strong></span> <span class='ocrx_word' id='word_1_430' title='bbox 2874 3212 2979 3268; x_wconf 70' lang='lat' dir='ltr'><strong>per</strong></span> <span class='ocrx_word' id='word_1_431' title='bbox 3001 3199 3056 3251; x_wconf 76' lang='grc' dir='ltr'><strong>ιε</strong></span> <span class='ocrx_word' id='word_1_432' title='bbox 3084 3195 3327 3300; x_wconf 41' lang='lat' dir='ltr'><strong>Patriae,</strong></span> <span class='ocrx_word' id='word_1_433' title='bbox 3342 3210 3459 3300; x_wconf 60' lang='lat' dir='ltr'><strong>“Pa</strong></span> 
     </span>
    </p>
   </div>
   <div class='ocr_carea' id='block_1_63' title="bbox 118 3314 1714 3394">
    <p class='ocr_par' dir='ltr' id='par_1_63' title="bbox 118 3314 1714 3394">
     <span class='ocr_line' id='line_1_63' title="bbox 118 3314 1714 3394; baseline 0.002 -21"><span class='ocrx_word' id='word_1_434' title='bbox 118 3314 318 3389; x_wconf 84' lang='lat' dir='ltr'><strong>Patrem,</strong></span> <span class='ocrx_word' id='word_1_435' title='bbox 344 3338 475 3376; x_wconf 91' lang='lat' dir='ltr'><strong>cum</strong></span> <span class='ocrx_word' id='word_1_436' title='bbox 495 3339 617 3394; x_wconf 89' lang='lat' dir='ltr'><strong>quo</strong></span> <span class='ocrx_word' id='word_1_437' title='bbox 646 3337 873 3393; x_wconf 90' lang='lat' dir='ltr'><strong>semper</strong></span> <span class='ocrx_word' id='word_1_438' title='bbox 916 3338 1039 3378; x_wconf 90' lang='lat' dir='ltr'><strong>eras</strong></span> <span class='ocrx_word' id='word_1_439' title='bbox 1080 3326 1137 3377; x_wconf 90' lang='lat' dir='ltr'><strong>et</strong></span> <span class='ocrx_word' id='word_1_440' title='bbox 1179 3338 1479 3393; x_wconf 89' lang='lat' dir='ltr'><strong>permanes</strong></span> <span class='ocrx_word' id='word_1_441' title='bbox 1526 3323 1714 3393; x_wconf 90' lang='lat' dir='ltr'><strong>unus),</strong></span> 
     </span>
    </p>
   </div>
   <div class='ocr_carea' id='block_1_64' title="bbox 119 3411 1719 3486">
    <p class='ocr_par' dir='ltr' id='par_1_64' title="bbox 119 3411 1719 3486">
     <span class='ocr_line' id='line_1_64' title="bbox 119 3411 1719 3486; baseline 0.003 -22"><span class='ocrx_word' id='word_1_442' title='bbox 119 3411 218 3479; x_wconf 75' lang='lat' dir='ltr'><strong>quia</strong></span> <span class='ocrx_word' id='word_1_443' title='bbox 240 3415 484 3470; x_wconf 90' lang='lat' dir='ltr'><strong>osculum</strong></span> <span class='ocrx_word' id='word_1_444' title='bbox 513 3420 685 3471; x_wconf 84' lang='lat' dir='ltr'><strong>tuum</strong></span> <span class='ocrx_word' id='word_1_445' title='bbox 709 3416 874 3470; x_wconf 91' lang='lat' dir='ltr'><strong>dulce</strong></span> <span class='ocrx_word' id='word_1_446' title='bbox 899 3420 1020 3486; x_wconf 88' lang='lat' dir='ltr'><strong>est;</strong></span> <span class='ocrx_word' id='word_1_447' title='bbox 1048 3420 1105 3471; x_wconf 91' lang='lat' dir='ltr'><strong>et</strong></span> <span class='ocrx_word' id='word_1_448' title='bbox 1130 3415 1305 3471; x_wconf 89' lang='lat' dir='ltr'><strong>ubera</strong></span> <span class='ocrx_word' id='word_1_449' title='bbox 1324 3420 1423 3470; x_wconf 89' lang='lat' dir='ltr'><strong>tua</strong></span> <span class='ocrx_word' id='word_1_450' title='bbox 1446 3415 1576 3469; x_wconf 92' lang='lat' dir='ltr'><strong>vino</strong></span> <span class='ocrx_word' id='word_1_451' title='bbox 1599 3415 1719 3469; x_wconf 89' lang='lat' dir='ltr'><strong>dul-</strong></span> 
     </span>
    </p>
   </div>
   <div class='ocr_carea' id='block_1_65' title="bbox 120 3501 1718 3582">
    <p class='ocr_par' dir='ltr' id='par_1_65' title="bbox 120 3501 1718 3582">
     <span class='ocr_line' id='line_1_65' title="bbox 120 3501 1718 3582; baseline 0.004 -25"><span class='ocrx_word' id='word_1_452' title='bbox 120 3501 252 3575; x_wconf 86' lang='lat' dir='ltr'><strong>ciora,</strong></span> <span class='ocrx_word' id='word_1_453' title='bbox 274 3507 589 3580; x_wconf 82' lang='lat' dir='ltr'><strong>fragrantia</strong></span> <span class='ocrx_word' id='word_1_454' title='bbox 613 3509 845 3582; x_wconf 90' lang='lat' dir='ltr'><strong>optimis</strong></span> <span class='ocrx_word' id='word_1_455' title='bbox 869 3510 1214 3581; x_wconf 84' lang='lat' dir='ltr'><strong>unguentis;</strong></span> <span class='ocrx_word' id='word_1_456' title='bbox 1246 3514 1304 3564; x_wconf 90' lang='lat' dir='ltr'><strong>et</strong></span> <span class='ocrx_word' id='word_1_457' title='bbox 1324 3526 1534 3564; x_wconf 89' lang='lat' dir='ltr'><strong>nomen</strong></span> <span class='ocrx_word' id='word_1_458' title='bbox 1553 3513 1718 3564; x_wconf 89' lang='lat' dir='ltr'><strong>tuum</strong></span> 
     </span>
    </p>
   </div>
   <div class='ocr_carea' id='block_1_66' title="bbox 121 3602 1718 3676">
    <p class='ocr_par' dir='ltr' id='par_1_66' title="bbox 121 3602 1718 3676">
     <span class='ocr_line' id='line_1_66' title="bbox 121 3602 1718 3676; baseline 0.004 -26"><span class='ocrx_word' id='word_1_459' title='bbox 121 3613 253 3668; x_wconf 87' lang='lat' dir='ltr'><strong>super</strong></span> <span class='ocrx_word' id='word_1_460' title='bbox 277 3602 481 3675; x_wconf 89' lang='lat' dir='ltr'><strong>oleum,</strong></span> <span class='ocrx_word' id='word_1_461' title='bbox 506 3620 688 3676; x_wconf 91' lang='lat' dir='ltr'><strong>quem</strong></span> <span class='ocrx_word' id='word_1_462' title='bbox 721 3604 1150 3660; x_wconf 69' lang='lat' dir='ltr'><strong>adolescentulae</strong></span> <span class='ocrx_word' id='word_1_463' title='bbox 1179 3603 1521 3671; x_wconf 89' lang='lat' dir='ltr'><strong>dilexerunt,</strong></span> <span class='ocrx_word' id='word_1_464' title='bbox 1546 3619 1718 3674; x_wconf 90' lang='lat' dir='ltr'><strong>quem</strong></span> 
     </span>
    </p>
   </div>
   <div class='ocr_carea' id='block_1_67' title="bbox 121 3693 1715 3770">
    <p class='ocr_par' dir='ltr' id='par_1_67' title="bbox 121 3693 1715 3770">
     <span class='ocr_line' id='line_1_67' title="bbox 121 3693 1715 3770; baseline 0.003 -24"><span class='ocrx_word' id='word_1_465' title='bbox 121 3693 227 3746; x_wconf 84' lang='lat' dir='ltr'><strong>recti</strong></span> <span class='ocrx_word' id='word_1_466' title='bbox 248 3695 504 3768; x_wconf 89' lang='lat' dir='ltr'><strong>diligunt,</strong></span> <span class='ocrx_word' id='word_1_467' title='bbox 546 3714 689 3770; x_wconf 90' lang='lat' dir='ltr'><strong>quos</strong></span> <span class='ocrx_word' id='word_1_468' title='bbox 710 3697 888 3753; x_wconf 89' lang='lat' dir='ltr'><strong>trahis</strong></span> <span class='ocrx_word' id='word_1_469' title='bbox 911 3702 1040 3770; x_wconf 88' lang='lat' dir='ltr'><strong>post</strong></span> <span class='ocrx_word' id='word_1_470' title='bbox 1064 3702 1142 3765; x_wconf 91' lang='lat' dir='ltr'><strong>te,</strong></span> <span class='ocrx_word' id='word_1_471' title='bbox 1171 3698 1332 3769; x_wconf 90' lang='lat' dir='ltr'><strong>cujus</strong></span> <span class='ocrx_word' id='word_1_472' title='bbox 1356 3697 1532 3752; x_wconf 89' lang='lat' dir='ltr'><strong>lectus</strong></span> <span class='ocrx_word' id='word_1_473' title='bbox 1561 3696 1715 3751; x_wconf 87' lang='lat' dir='ltr'><strong>ﬂori-</strong></span> 
     </span>
    </p>
   </div>
   <div class='ocr_carea' id='block_1_68' title="bbox 122 3782 1718 3864">
    <p class='ocr_par' dir='ltr' id='par_1_68' title="bbox 122 3782 1718 3864">
     <span class='ocr_line' id='line_1_68' title="bbox 122 3782 1718 3864; baseline 0.004 -24"><span class='ocrx_word' id='word_1_474' title='bbox 122 3782 217 3855; x_wconf 83' lang='lat' dir='ltr'><strong>dus,</strong></span> <span class='ocrx_word' id='word_1_475' title='bbox 241 3790 387 3861; x_wconf 83' lang='lat' dir='ltr'><strong>cujus</strong></span> <span class='ocrx_word' id='word_1_476' title='bbox 410 3792 764 3864; x_wconf 67' lang='lat' dir='ltr'><strong>trophmum,</strong></span> <span class='ocrx_word' id='word_1_477' title='bbox 787 3809 947 3847; x_wconf 88' lang='lat' dir='ltr'><strong>crux.</strong></span> <span class='ocrx_word' id='word_1_478' title='bbox 973 3791 1079 3856; x_wconf 87' lang='lat' dir='ltr'><strong>Qui</strong></span> <span class='ocrx_word' id='word_1_479' title='bbox 1109 3792 1214 3846; x_wconf 90' lang='lat' dir='ltr'><strong>hac</strong></span> <span class='ocrx_word' id='word_1_480' title='bbox 1240 3791 1386 3847; x_wconf 90' lang='lat' dir='ltr'><strong>hora</strong></span> <span class='ocrx_word' id='word_1_481' title='bbox 1412 3791 1623 3846; x_wconf 89' lang='lat' dir='ltr'><strong>rubens</strong></span> <span class='ocrx_word' id='word_1_482' title='bbox 1648 3791 1718 3846; x_wconf 92' lang='lat' dir='ltr'><strong>de</strong></span> 
     </span>
    </p>
   </div>
   <div class='ocr_carea' id='block_1_69' title="bbox 123 3877 1715 3956">
    <p class='ocr_par' dir='ltr' id='par_1_69' title="bbox 123 3877 1715 3956">
     <span class='ocr_line' id='line_1_69' title="bbox 123 3877 1715 3956; baseline 0.005 -25"><span class='ocrx_word' id='word_1_483' title='bbox 123 3877 261 3935; x_wconf 81' lang='lat' dir='ltr'><strong>Edoni</strong></span> <span class='ocrx_word' id='word_1_484' title='bbox 317 3884 383 3939; x_wconf 90' lang='lat' dir='ltr'><strong>de</strong></span> <span class='ocrx_word' id='word_1_485' title='bbox 432 3903 627 3956; x_wconf 83' lang='lat' dir='ltr'><strong>cruce,</strong></span> <span class='ocrx_word' id='word_1_486' title='bbox 671 3886 863 3941; x_wconf 86' lang='lat' dir='ltr'><strong>tinctis</strong></span> <span class='ocrx_word' id='word_1_487' title='bbox 904 3885 1153 3941; x_wconf 85' lang='lat' dir='ltr'><strong>vestibus</strong></span> <span class='ocrx_word' id='word_1_488' title='bbox 1202 3885 1272 3940; x_wconf 90' lang='lat' dir='ltr'><strong>de</strong></span> <span class='ocrx_word' id='word_1_489' title='bbox 1323 3886 1512 3954; x_wconf 89' lang='lat' dir='ltr'><strong>Bosra,</strong></span> <span class='ocrx_word' id='word_1_490' title='bbox 1566 3885 1715 3939; x_wconf 89' lang='lat' dir='ltr'><strong>solus</strong></span> 
     </span>
    </p>
   </div>
   <div class='ocr_carea' id='block_1_70' title="bbox 125 3974 1720 4052">
    <p class='ocr_par' dir='ltr' id='par_1_70' title="bbox 125 3974 1720 4052">
     <span class='ocr_line' id='line_1_70' title="bbox 125 3974 1720 4052; baseline 0 -18"><span class='ocrx_word' id='word_1_491' title='bbox 125 3974 247 4041; x_wconf 81' lang='lat' dir='ltr'><strong>quasi</strong></span> <span class='ocrx_word' id='word_1_492' title='bbox 271 3979 503 4035; x_wconf 89' lang='lat' dir='ltr'><strong>calcator</strong></span> <span class='ocrx_word' id='word_1_493' title='bbox 533 3980 725 4052; x_wconf 91' lang='lat' dir='ltr'><strong>magni</strong></span> <span class='ocrx_word' id='word_1_494' title='bbox 758 3980 906 4035; x_wconf 91' lang='lat' dir='ltr'><strong>illius</strong></span> <span class='ocrx_word' id='word_1_495' title='bbox 932 3979 1229 4036; x_wconf 90' lang='lat' dir='ltr'><strong>torcularis</strong></span> <span class='ocrx_word' id='word_1_496' title='bbox 1255 3978 1327 4034; x_wconf 92' lang='lat' dir='ltr'><strong>ad</strong></span> <span class='ocrx_word' id='word_1_497' title='bbox 1344 3978 1505 4033; x_wconf 61' lang='lat' dir='ltr'><strong>caelos</strong></span> <span class='ocrx_word' id='word_1_498' title='bbox 1531 3994 1720 4034; x_wconf 91' lang='lat' dir='ltr'><strong>ascen-</strong></span> 
     </span>
    </p>
   </div>
   <div class='ocr_carea' id='block_1_71' title="bbox 126 4062 1713 4147">
    <p class='ocr_par' dir='ltr' id='par_1_71' title="bbox 126 4062 1713 4147">
     <span class='ocr_line' id='line_1_71' title="bbox 126 4062 1713 4147; baseline 0.004 -26"><span class='ocrx_word' id='word_1_499' title='bbox 126 4062 223 4121; x_wconf 84' lang='lat' dir='ltr'><strong>disti</strong></span> <span class='ocrx_word' id='word_1_500' title='bbox 240 4086 256 4137; x_wconf 89' lang='lat'><strong>;</strong></span> <span class='ocrx_word' id='word_1_501' title='bbox 302 4072 388 4127; x_wconf 91' lang='lat' dir='ltr'><strong>cui</strong></span> <span class='ocrx_word' id='word_1_502' title='bbox 428 4079 745 4133; x_wconf 87' lang='lat' dir='ltr'><strong>occurrunt</strong></span> <span class='ocrx_word' id='word_1_503' title='bbox 770 4074 993 4147; x_wconf 63' lang='lat' dir='ltr'><strong>fangeli,</strong></span> <span class='ocrx_word' id='word_1_504' title='bbox 1024 4073 1375 4145; x_wconf 90' lang='lat' dir='ltr'><strong>archangeli,</strong></span> <span class='ocrx_word' id='word_1_505' title='bbox 1421 4072 1713 4128; x_wconf 89' lang='lat' dir='ltr'><strong>dicentes:</strong></span> 
     </span>
    </p>
   </div>
   <div class='ocr_carea' id='block_1_72' title="bbox 124 4157 1719 4239">
    <p class='ocr_par' dir='ltr' id='par_1_72' title="bbox 124 4157 1719 4239">
     <span class='ocr_line' id='line_1_72' title="bbox 124 4157 1719 4239; baseline -0.001 -18"><span class='ocrx_word' id='word_1_506' title='bbox 124 4157 227 4221; x_wconf 76' lang='lat' dir='ltr'><strong>Quis</strong></span> <span class='ocrx_word' id='word_1_507' title='bbox 248 4168 325 4219; x_wconf 91' lang='lat' dir='ltr'><strong>est</strong></span> <span class='ocrx_word' id='word_1_508' title='bbox 345 4166 467 4238; x_wconf 90' lang='lat' dir='ltr'><strong>iste,</strong></span> <span class='ocrx_word' id='word_1_509' title='bbox 496 4167 605 4239; x_wconf 88' lang='lat' dir='ltr'><strong>qui</strong></span> <span class='ocrx_word' id='word_1_510' title='bbox 633 4168 885 4224; x_wconf 90' lang='lat' dir='ltr'><strong>ascendit</strong></span> <span class='ocrx_word' id='word_1_511' title='bbox 906 4168 1101 4224; x_wconf 90' lang='lat' dir='ltr'><strong>tinctis</strong></span> <span class='ocrx_word' id='word_1_512' title='bbox 1126 4166 1372 4223; x_wconf 89' lang='lat' dir='ltr'><strong>vestibus</strong></span> <span class='ocrx_word' id='word_1_513' title='bbox 1398 4167 1467 4222; x_wconf 91' lang='lat' dir='ltr'><strong>de</strong></span> <span class='ocrx_word' id='word_1_514' title='bbox 1501 4167 1672 4221; x_wconf 88' lang='lat' dir='ltr'><strong>Bosra</strong></span> <span class='ocrx_word' id='word_1_515' title='bbox 1691 4167 1719 4221; x_wconf 67' lang='grc' dir='ltr'><strong><em>Ἰ</em></strong></span> 
     </span>
    </p>
   </div>
   <div class='ocr_carea' id='block_1_73' title="bbox 126 4253 1720 4333">
    <p class='ocr_par' dir='ltr' id='par_1_73' title="bbox 126 4253 1720 4333">
     <span class='ocr_line' id='line_1_73' title="bbox 126 4253 1720 4333; baseline -0.001 -17"><span class='ocrx_word' id='word_1_516' title='bbox 126 4253 296 4316; x_wconf 76' lang='lat' dir='ltr'><strong>Qnibus</strong></span> <span class='ocrx_word' id='word_1_517' title='bbox 318 4263 371 4315; x_wconf 89' lang='lat' dir='ltr'><strong>te</strong></span> <span class='ocrx_word' id='word_1_518' title='bbox 397 4260 883 4333; x_wconf 88' lang='lat' dir='ltr'><strong>interrogantibus</strong></span> <span class='ocrx_word' id='word_1_519' title='bbox 913 4263 1141 4327; x_wconf 88' lang='lat' dir='ltr'><strong>:_Quare</strong></span> <span class='ocrx_word' id='word_1_520' title='bbox 1183 4278 1319 4333; x_wconf 89' lang='lat' dir='ltr'><strong>ergo</strong></span> <span class='ocrx_word' id='word_1_521' title='bbox 1362 4260 1601 4316; x_wconf 91' lang='lat' dir='ltr'><strong>rubrum</strong></span> <span class='ocrx_word' id='word_1_522' title='bbox 1635 4262 1720 4315; x_wconf 90' lang='lat' dir='ltr'><strong>est</strong></span> 
     </span>
    </p>
   </div>
   <div class='ocr_carea' id='block_1_74' title="bbox 128 4348 1717 4428">
    <p class='ocr_par' dir='ltr' id='par_1_74' title="bbox 128 4348 1717 4428">
     <span class='ocr_line' id='line_1_74' title="bbox 128 4348 1717 4428; baseline 0.003 -26"><span class='ocrx_word' id='word_1_523' title='bbox 128 4348 471 4410; x_wconf 77' lang='lat' dir='ltr'><strong>vestimentum</strong></span> <span class='ocrx_word' id='word_1_524' title='bbox 513 4360 684 4410; x_wconf 86' lang='lat' dir='ltr'><strong>tuum</strong></span> <span class='ocrx_word' id='word_1_525' title='bbox 702 4356 729 4410; x_wconf 80' lang='lat'><strong>?</strong></span> <span class='ocrx_word' id='word_1_526' title='bbox 772 4355 1145 4428; x_wconf 90' lang='lat' dir='ltr'><strong>respondisti:</strong></span> <span class='ocrx_word' id='word_1_527' title='bbox 1192 4355 1461 4410; x_wconf 89' lang='lat' dir='ltr'><strong>Torcular</strong></span> <span class='ocrx_word' id='word_1_528' title='bbox 1511 4353 1717 4409; x_wconf 87' lang='lat' dir='ltr'><strong>calcavi</strong></span> 
     </span>
    </p>
   </div>
   <div class='ocr_carea' id='block_1_75' title="bbox 128 4440 1720 4521">
    <p class='ocr_par' dir='ltr' id='par_1_75' title="bbox 128 4440 1720 4521">
     <span class='ocr_line' id='line_1_75' title="bbox 128 4440 1720 4521; baseline 0.003 -24"><span class='ocrx_word' id='word_1_529' title='bbox 128 4440 259 4514; x_wconf 81' lang='lat' dir='ltr'><strong>solus,</strong></span> <span class='ocrx_word' id='word_1_530' title='bbox 278 4452 331 4502; x_wconf 90' lang='lat' dir='ltr'><strong>et</strong></span> <span class='ocrx_word' id='word_1_531' title='bbox 351 4448 436 4503; x_wconf 89' lang='lat' dir='ltr'><strong>vir</strong></span> <span class='ocrx_word' id='word_1_532' title='bbox 459 4449 534 4505; x_wconf 87' lang='lat' dir='ltr'><strong>de</strong></span> <span class='ocrx_word' id='word_1_533' title='bbox 562 4449 828 4521; x_wconf 88' lang='lat' dir='ltr'><strong>gentibus</strong></span> <span class='ocrx_word' id='word_1_534' title='bbox 853 4466 969 4505; x_wconf 89' lang='lat' dir='ltr'><strong>non</strong></span> <span class='ocrx_word' id='word_1_535' title='bbox 997 4450 1108 4505; x_wconf 91' lang='lat' dir='ltr'><strong>fuit</strong></span> <span class='ocrx_word' id='word_1_536' title='bbox 1134 4465 1383 4504; x_wconf 91' lang='lat' dir='ltr'><strong>mecum.</strong></span> <span class='ocrx_word' id='word_1_537' title='bbox 1416 4450 1574 4518; x_wconf 89' lang='lat' dir='ltr'><strong>Vere,</strong></span> <span class='ocrx_word' id='word_1_538' title='bbox 1603 4447 1720 4503; x_wconf 89' lang='lat' dir='ltr'><strong>Sal-</strong></span> 
     </span>
    </p>
   </div>
   <div class='ocr_carea' id='block_1_76' title="bbox 130 4524 1798 4631">
    <p class='ocr_par' dir='ltr' id='par_1_76' title="bbox 130 4524 1798 4631">
     <span class='ocr_line' id='line_1_76' title="bbox 130 4524 1798 4631; baseline 0.007 -44"><span class='ocrx_word' id='word_1_539' title='bbox 130 4538 270 4607; x_wconf 71' lang='lat' dir='ltr'><strong>vator,</strong></span> <span class='ocrx_word' id='word_1_540' title='bbox 307 4557 428 4598; x_wconf 87' lang='lat' dir='ltr'><strong>vere</strong></span> <span class='ocrx_word' id='word_1_541' title='bbox 464 4543 712 4599; x_wconf 88' lang='lat' dir='ltr'><strong>rubrum</strong></span> <span class='ocrx_word' id='word_1_542' title='bbox 751 4524 1038 4599; x_wconf 65' lang='lat' dir='ltr'><strong>esttuum</strong></span> <span class='ocrx_word' id='word_1_543' title='bbox 1078 4548 1315 4615; x_wconf 90' lang='lat' dir='ltr'><strong>propter</strong></span> <span class='ocrx_word' id='word_1_544' title='bbox 1355 4558 1458 4598; x_wconf 87' lang='lat' dir='ltr'><strong>nos</strong></span> <span class='ocrx_word' id='word_1_545' title='bbox 1495 4557 1715 4613; x_wconf 91' lang='lat' dir='ltr'><strong>corpus,</strong></span> <span class='ocrx_word' id='word_1_546' title='bbox 1738 4556 1798 4631; x_wconf 85' lang='lat' dir='ltr'><strong>D</strong></span> 
     </span>
    </p>
   </div>
   <div class='ocr_carea' id='block_1_77' title="bbox 132 4627 1718 4708">
    <p class='ocr_par' dir='ltr' id='par_1_77' title="bbox 132 4627 1718 4708">
     <span class='ocr_line' id='line_1_77' title="bbox 132 4627 1718 4708; baseline 0.001 -20"><span class='ocrx_word' id='word_1_547' title='bbox 132 4627 326 4688; x_wconf 69' lang='lat' dir='ltr'><strong>rubrum</strong></span> <span class='ocrx_word' id='word_1_548' title='bbox 348 4640 430 4691; x_wconf 87' lang='lat' dir='ltr'><strong>est</strong></span> <span class='ocrx_word' id='word_1_549' title='bbox 456 4637 739 4708; x_wconf 85' lang='lat' dir='ltr'><strong>sanguine</strong></span> <span class='ocrx_word' id='word_1_550' title='bbox 767 4654 913 4692; x_wconf 65' lang='lat' dir='ltr'><strong>uvai.</strong></span> <span class='ocrx_word' id='word_1_551' title='bbox 932 4637 1153 4693; x_wconf 89' lang='lat' dir='ltr'><strong>Lavasti</strong></span> <span class='ocrx_word' id='word_1_552' title='bbox 1185 4635 1338 4691; x_wconf 90' lang='lat' dir='ltr'><strong>enim</strong></span> <span class='ocrx_word' id='word_1_553' title='bbox 1368 4635 1428 4690; x_wconf 93' lang='lat' dir='ltr'><strong>in</strong></span> <span class='ocrx_word' id='word_1_554' title='bbox 1448 4634 1579 4690; x_wconf 87' lang='lat' dir='ltr'><strong>vino</strong></span> <span class='ocrx_word' id='word_1_555' title='bbox 1604 4639 1718 4690; x_wconf 88' lang='lat' dir='ltr'><strong>sto-</strong></span> 
     </span>
    </p>
   </div>
   <div class='ocr_carea' id='block_1_78' title="bbox 135 4715 1721 4802">
    <p class='ocr_par' dir='ltr' id='par_1_78' title="bbox 135 4715 1721 4802">
     <span class='ocr_line' id='line_1_78' title="bbox 135 4715 1721 4802; baseline 0.004 -26"><span class='ocrx_word' id='word_1_556' title='bbox 135 4715 221 4776; x_wconf 77' lang='lat' dir='ltr'><strong>lam</strong></span> <span class='ocrx_word' id='word_1_557' title='bbox 244 4730 403 4799; x_wconf 86' lang='lat' dir='ltr'><strong>tuam,</strong></span> <span class='ocrx_word' id='word_1_558' title='bbox 430 4736 487 4785; x_wconf 89' lang='lat' dir='ltr'><strong>et</strong></span> <span class='ocrx_word' id='word_1_559' title='bbox 514 4731 754 4802; x_wconf 90' lang='lat' dir='ltr'><strong>pallium</strong></span> <span class='ocrx_word' id='word_1_560' title='bbox 782 4736 947 4786; x_wconf 90' lang='lat' dir='ltr'><strong>tuum</strong></span> <span class='ocrx_word' id='word_1_561' title='bbox 964 4731 1025 4788; x_wconf 90' lang='lat' dir='ltr'><strong>in</strong></span> <span class='ocrx_word' id='word_1_562' title='bbox 1052 4730 1334 4802; x_wconf 88' lang='lat' dir='ltr'><strong>sanguine</strong></span> <span class='ocrx_word' id='word_1_563' title='bbox 1361 4745 1508 4797; x_wconf 64' lang='lat' dir='ltr'><strong>uvas,</strong></span> <span class='ocrx_word' id='word_1_564' title='bbox 1536 4727 1635 4800; x_wconf 91' lang='lat' dir='ltr'><strong>qui</strong></span> <span class='ocrx_word' id='word_1_565' title='bbox 1662 4746 1721 4784; x_wconf 84' lang='lat' dir='ltr'><strong>es</strong></span> 
     </span>
    </p>
   </div>
   <div class='ocr_carea' id='block_1_79' title="bbox 137 4812 1719 4897">
    <p class='ocr_par' dir='ltr' id='par_1_79' title="bbox 137 4812 1719 4897">
     <span class='ocr_line' id='line_1_79' title="bbox 137 4812 1719 4897; baseline 0.004 -26"><span class='ocrx_word' id='word_1_566' title='bbox 137 4812 250 4871; x_wconf 82' lang='lat' dir='ltr'><strong>Deus</strong></span> <span class='ocrx_word' id='word_1_567' title='bbox 268 4821 441 4893; x_wconf 80' lang='lat' dir='ltr'><strong>solus;</strong></span> <span class='ocrx_word' id='word_1_568' title='bbox 474 4824 781 4880; x_wconf 81' lang='lat' dir='ltr'><strong>cruciﬁxus</strong></span> <span class='ocrx_word' id='word_1_569' title='bbox 804 4843 908 4897; x_wconf 91' lang='lat' dir='ltr'><strong>pro</strong></span> <span class='ocrx_word' id='word_1_570' title='bbox 937 4825 1119 4895; x_wconf 89' lang='lat' dir='ltr'><strong>nobis,</strong></span> <span class='ocrx_word' id='word_1_571' title='bbox 1142 4841 1285 4897; x_wconf 87' lang='lat' dir='ltr'><strong>quos</strong></span> <span class='ocrx_word' id='word_1_572' title='bbox 1311 4823 1545 4895; x_wconf 88' lang='lat' dir='ltr'><strong>antiqua</strong></span> <span class='ocrx_word' id='word_1_573' title='bbox 1569 4839 1719 4893; x_wconf 77' lang='lat' dir='ltr'><strong>prae-</strong></span> 
     </span>
    </p>
   </div>
   <div class='ocr_carea' id='block_1_80' title="bbox 136 4909 1720 4991">
    <p class='ocr_par' dir='ltr' id='par_1_80' title="bbox 136 4909 1720 4991">
     <span class='ocr_line' id='line_1_80' title="bbox 136 4909 1720 4991; baseline 0.002 -24"><span class='ocrx_word' id='word_1_574' title='bbox 136 4909 349 4970; x_wconf 65' lang='lat' dir='ltr'><strong>val&#39;icatio</strong></span> <span class='ocrx_word' id='word_1_575' title='bbox 370 4919 539 4973; x_wconf 91' lang='lat' dir='ltr'><strong>morti</strong></span> <span class='ocrx_word' id='word_1_576' title='bbox 566 4918 836 4988; x_wconf 88' lang='lat' dir='ltr'><strong>tradidit;</strong></span> <span class='ocrx_word' id='word_1_577' title='bbox 884 4920 1044 4991; x_wconf 88' lang='lat' dir='ltr'><strong>cujus</strong></span> <span class='ocrx_word' id='word_1_578' title='bbox 1074 4920 1309 4974; x_wconf 86' lang='lat' dir='ltr'><strong>vulnere</strong></span> <span class='ocrx_word' id='word_1_579' title='bbox 1349 4916 1608 4972; x_wconf 90' lang='lat' dir='ltr'><strong>omnium</strong></span> <span class='ocrx_word' id='word_1_580' title='bbox 1630 4916 1720 4971; x_wconf 86' lang='lat' dir='ltr'><strong>in-</strong></span> 
     </span>
    </p>
   </div>
   <div class='ocr_carea' id='block_1_81' title="bbox 139 5009 1723 5081">
    <p class='ocr_par' dir='ltr' id='par_1_81' title="bbox 139 5009 1723 5081">
     <span class='ocr_line' id='line_1_81' title="bbox 139 5009 1723 5081; baseline 0.004 -22"><span class='ocrx_word' id='word_1_581' title='bbox 139 5016 331 5062; x_wconf 85' lang='lat' dir='ltr'><strong>numera</strong></span> <span class='ocrx_word' id='word_1_582' title='bbox 346 5016 704 5081; x_wconf 81' lang='lat' dir='ltr'><strong>peccatorum</strong></span> <span class='ocrx_word' id='word_1_583' title='bbox 728 5013 965 5069; x_wconf 88' lang='lat' dir='ltr'><strong>vulnera</strong></span> <span class='ocrx_word' id='word_1_584' title='bbox 990 5017 1181 5069; x_wconf 89' lang='lat' dir='ltr'><strong>sanata</strong></span> <span class='ocrx_word' id='word_1_585' title='bbox 1201 5015 1358 5067; x_wconf 89' lang='lat' dir='ltr'><strong>sunt.</strong></span> <span class='ocrx_word' id='word_1_586' title='bbox 1385 5011 1454 5065; x_wconf 88' lang='lat' dir='ltr'><strong>Et</strong></span> <span class='ocrx_word' id='word_1_587' title='bbox 1479 5026 1602 5080; x_wconf 92' lang='lat' dir='ltr'><strong>nos,</strong></span> <span class='ocrx_word' id='word_1_588' title='bbox 1632 5009 1723 5081; x_wconf 90' lang='lat' dir='ltr'><strong>pie</strong></span> 
     </span>
    </p>
   </div>
   <div class='ocr_carea' id='block_1_82' title="bbox 141 5094 1724 5177">
    <p class='ocr_par' dir='ltr' id='par_1_82' title="bbox 141 5094 1724 5177">
     <span class='ocr_line' id='line_1_82' title="bbox 141 5094 1724 5177; baseline 0.007 -31"><span class='ocrx_word' id='word_1_589' title='bbox 141 5094 366 5158; x_wconf 83' lang='lat' dir='ltr'><strong>Cruciﬁxe</strong></span> <span class='ocrx_word' id='word_1_590' title='bbox 388 5105 626 5175; x_wconf 82' lang='lat' dir='ltr'><strong>Christe,</strong></span> <span class='ocrx_word' id='word_1_591' title='bbox 648 5122 781 5161; x_wconf 90' lang='lat' dir='ltr'><strong>cum</strong></span> <span class='ocrx_word' id='word_1_592' title='bbox 802 5107 914 5161; x_wconf 91' lang='lat' dir='ltr'><strong>tuis</strong></span> <span class='ocrx_word' id='word_1_593' title='bbox 930 5106 1167 5174; x_wconf 90' lang='lat' dir='ltr'><strong>redime,</strong></span> <span class='ocrx_word' id='word_1_594' title='bbox 1198 5106 1365 5176; x_wconf 87' lang='lat' dir='ltr'><strong>salva,</strong></span> <span class='ocrx_word' id='word_1_595' title='bbox 1394 5103 1487 5177; x_wconf 89' lang='lat' dir='ltr'><strong>pia</strong></span> <span class='ocrx_word' id='word_1_596' title='bbox 1498 5102 1724 5159; x_wconf 89' lang='lat' dir='ltr'><strong>bonitas</strong></span> 
     </span>
    </p>
   </div>
   <div class='ocr_carea' id='block_1_83' title="bbox 144 5185 1725 5272">
    <p class='ocr_par' dir='ltr' id='par_1_83' title="bbox 144 5185 1725 5272">
     <span class='ocr_line' id='line_1_83' title="bbox 144 5185 1725 5272; baseline 0.002 -21"><span class='ocrx_word' id='word_1_597' title='bbox 144 5185 271 5248; x_wconf 72' lang='lat' dir='ltr'><strong>Deus.</strong></span> <span class='ocrx_word' id='word_1_598' title='bbox 295 5195 393 5260; x_wconf 88' lang='lat' dir='ltr'><strong>Qui</strong></span> <span class='ocrx_word' id='word_1_599' title='bbox 416 5216 622 5272; x_wconf 89' lang='lat' dir='ltr'><strong>regnas</strong></span> <span class='ocrx_word' id='word_1_600' title='bbox 658 5216 791 5255; x_wconf 92' lang='lat' dir='ltr'><strong>cum</strong></span> <span class='ocrx_word' id='word_1_601' title='bbox 814 5202 977 5256; x_wconf 86' lang='lat' dir='ltr'><strong>Patre</strong></span> <span class='ocrx_word' id='word_1_602' title='bbox 1001 5205 1060 5256; x_wconf 89' lang='lat' dir='ltr'><strong>et</strong></span> <span class='ocrx_word' id='word_1_603' title='bbox 1100 5200 1315 5272; x_wconf 89' lang='lat' dir='ltr'><strong>Spiritu</strong></span> <span class='ocrx_word' id='word_1_604' title='bbox 1353 5207 1543 5257; x_wconf 88' lang='lat' dir='ltr'><strong>sancto</strong></span> <span class='ocrx_word' id='word_1_605' title='bbox 1576 5212 1725 5253; x_wconf 88' lang='lat' dir='ltr'><strong>unus</strong></span> 
     </span>
    </p>
   </div>
   <div class='ocr_carea' id='block_1_84' title="bbox 144 5278 1234 5350">
    <p class='ocr_par' dir='ltr' id='par_1_84' title="bbox 144 5278 1234 5350">
     <span class='ocr_line' id='line_1_84' title="bbox 144 5278 1234 5350; baseline 0.012 -13"><span class='ocrx_word' id='word_1_606' title='bbox 144 5278 188 5334; x_wconf 82' lang='lat' dir='ltr'><strong>in</strong></span> <span class='ocrx_word' id='word_1_607' title='bbox 205 5290 452 5348; x_wconf 57' lang='lat' dir='ltr'><strong>aeternum</strong></span> <span class='ocrx_word' id='word_1_608' title='bbox 474 5298 533 5349; x_wconf 90' lang='lat' dir='ltr'><strong>et</strong></span> <span class='ocrx_word' id='word_1_609' title='bbox 556 5294 619 5349; x_wconf 90' lang='lat' dir='ltr'><strong>in</strong></span> <span class='ocrx_word' id='word_1_610' title='bbox 648 5295 851 5349; x_wconf 61' lang='lat' dir='ltr'><strong>saecula</strong></span> <span class='ocrx_word' id='word_1_611' title='bbox 876 5295 1234 5350; x_wconf 63' lang='lat' dir='ltr'><strong>seculorum.</strong></span> 
     </span>
    </p>
   </div>
   <div class='ocr_carea' id='block_1_85' title="bbox 302 5383 1531 5448">
    <p class='ocr_par' dir='ltr' id='par_1_85' title="bbox 302 5383 1531 5448">
     <span class='ocr_line' id='line_1_85' title="bbox 302 5383 1531 5448; baseline 0.008 -10"><span class='ocrx_word' id='word_1_612' title='bbox 302 5383 419 5441; x_wconf 77' lang='lat' dir='ltr'><strong>XXI.</strong></span> <span class='ocrx_word' id='word_1_613' title='bbox 457 5404 756 5444; x_wconf 76' lang='lat' dir='ltr'><strong>ORATIONBS</strong></span> <span class='ocrx_word' id='word_1_614' title='bbox 795 5405 924 5445; x_wconf 78' lang='lat' dir='ltr'><strong>posr</strong></span> <span class='ocrx_word' id='word_1_615' title='bbox 960 5404 1254 5445; x_wconf 79' lang='lat' dir='ltr'><strong>LECTIONES</strong></span> <span class='ocrx_word' id='word_1_616' title='bbox 1292 5406 1531 5448; x_wconf 74' lang='lat' dir='ltr'><strong>SABBATI.</strong></span> 
     </span>
    </p>
   </div>
   <div class='ocr_carea' id='block_1_86' title="bbox 200 5468 1730 5555">
    <p class='ocr_par' dir='ltr' id='par_1_86' title="bbox 200 5468 1730 5555">
     <span class='ocr_line' id='line_1_86' title="bbox 200 5468 1730 5555; baseline 0.005 -20"><span class='ocrx_word' id='word_1_617' title='bbox 200 5468 360 5549; x_wconf 81' lang='lat'><strong>355</strong></span> <span class='ocrx_word' id='word_1_618' title='bbox 400 5480 580 5536; x_wconf 88' lang='lat' dir='ltr'><strong>Deum</strong></span> <span class='ocrx_word' id='word_1_619' title='bbox 605 5481 1077 5555; x_wconf 88' lang='lat' dir='ltr'><strong>omnipotentem,</strong></span> <span class='ocrx_word' id='word_1_620' title='bbox 1104 5485 1332 5538; x_wconf 89' lang='lat' dir='ltr'><strong>Patrem</strong></span> <span class='ocrx_word' id='word_1_621' title='bbox 1359 5489 1417 5540; x_wconf 90' lang='lat' dir='ltr'><strong>et</strong></span> <span class='ocrx_word' id='word_1_622' title='bbox 1444 5486 1650 5542; x_wconf 88' lang='lat' dir='ltr'><strong>Filium</strong></span> <span class='ocrx_word' id='word_1_623' title='bbox 1674 5490 1730 5542; x_wconf 87' lang='lat' dir='ltr'><strong>et</strong></span> 
     </span>
    </p>
   </div>
   <div class='ocr_carea' id='block_1_87' title="bbox 152 5560 1729 5651">
    <p class='ocr_par' dir='ltr' id='par_1_87' title="bbox 152 5560 1729 5651">
     <span class='ocr_line' id='line_1_87' title="bbox 152 5560 1729 5651; baseline 0.003 -18"><span class='ocrx_word' id='word_1_624' title='bbox 152 5560 375 5633; x_wconf 63' lang='lat' dir='ltr'><strong>spin&#39;tum</strong></span> <span class='ocrx_word' id='word_1_625' title='bbox 397 5581 672 5647; x_wconf 89' lang='lat' dir='ltr'><strong>sanctum,</strong></span> <span class='ocrx_word' id='word_1_626' title='bbox 693 5576 1078 5634; x_wconf 87' lang='lat' dir='ltr'><strong>universitatis</strong></span> <span class='ocrx_word' id='word_1_627' title='bbox 1094 5593 1275 5633; x_wconf 91' lang='lat' dir='ltr'><strong>unum</strong></span> <span class='ocrx_word' id='word_1_628' title='bbox 1303 5585 1639 5651; x_wconf 88' lang='lat' dir='ltr'><strong>creatorem,</strong></span> <span class='ocrx_word' id='word_1_629' title='bbox 1666 5581 1729 5636; x_wconf 90' lang='lat' dir='ltr'><strong>in</strong></span> 
     </span>
    </p>
   </div>
   <div class='ocr_carea' id='block_1_88' title="bbox 153 5653 1726 5739">
    <p class='ocr_par' dir='ltr' id='par_1_88' title="bbox 153 5653 1726 5739">
     <span class='ocr_line' id='line_1_88' title="bbox 153 5653 1726 5739; baseline 0.008 -21"><span class='ocrx_word' id='word_1_630' title='bbox 153 5653 231 5713; x_wconf 68' lang='lat' dir='ltr'><strong>hac</strong></span> <span class='ocrx_word' id='word_1_631' title='bbox 251 5677 438 5739; x_wconf 88' lang='lat' dir='ltr'><strong>magna</strong></span> <span class='ocrx_word' id='word_1_632' title='bbox 457 5669 727 5727; x_wconf 78' lang='lat' dir='ltr'><strong>Matutina</strong></span> <span class='ocrx_word' id='word_1_633' title='bbox 770 5670 1016 5735; x_wconf 88' lang='lat' dir='ltr'><strong>Sabbati,</strong></span> <span class='ocrx_word' id='word_1_634' title='bbox 1051 5672 1332 5728; x_wconf 92' lang='lat' dir='ltr'><strong>Dominici</strong></span> <span class='ocrx_word' id='word_1_635' title='bbox 1366 5674 1580 5730; x_wconf 91' lang='lat' dir='ltr'><strong>scilicet</strong></span> <span class='ocrx_word' id='word_1_636' title='bbox 1603 5690 1726 5729; x_wconf 85' lang='lat' dir='ltr'><strong>cor-</strong></span> 
     </span>
    </p>
   </div>
   <div class='ocr_carea' id='block_1_89' title="bbox 157 5753 1728 5842">
    <p class='ocr_par' dir='ltr' id='par_1_89' title="bbox 157 5753 1728 5842">
     <span class='ocr_line' id='line_1_89' title="bbox 157 5753 1728 5842; baseline 0.004 -23"><span class='ocrx_word' id='word_1_637' title='bbox 157 5753 277 5819; x_wconf 65' lang='lat' dir='ltr'><strong>Poris</strong></span> <span class='ocrx_word' id='word_1_638' title='bbox 296 5762 493 5834; x_wconf 81' lang='lat' dir='ltr'><strong>requie,</strong></span> <span class='ocrx_word' id='word_1_639' title='bbox 538 5764 742 5821; x_wconf 83' lang='lat' dir='ltr'><strong>fratres</strong></span> <span class='ocrx_word' id='word_1_640' title='bbox 773 5763 1072 5836; x_wconf 89' lang='lat' dir='ltr'><strong>carissimi,</strong></span> <span class='ocrx_word' id='word_1_641' title='bbox 1124 5767 1405 5840; x_wconf 85' lang='lat' dir='ltr'><strong>supplices</strong></span> <span class='ocrx_word' id='word_1_642' title='bbox 1459 5766 1728 5842; x_wconf 88' lang='lat' dir='ltr'><strong>deprece-</strong></span> 
     </span>
    </p>
   </div>
   <div class='ocr_carea' id='block_1_90' title="bbox 158 5857 1731 5933">
    <p class='ocr_par' dir='ltr' id='par_1_90' title="bbox 158 5857 1731 5933">
     <span class='ocr_line' id='line_1_90' title="bbox 158 5857 1731 5933; baseline 0.001 -16"><span class='ocrx_word' id='word_1_643' title='bbox 158 5858 268 5917; x_wconf 70' lang='grc' dir='ltr'><strong>ητιτί</strong></span> <span class='ocrx_word' id='word_1_644' title='bbox 293 5857 465 5928; x_wconf 80' lang='lat' dir='ltr'><strong>utqui</strong></span> <span class='ocrx_word' id='word_1_645' title='bbox 489 5858 664 5916; x_wconf 79' lang='lat' dir='ltr'><strong>Adam</strong></span> <span class='ocrx_word' id='word_1_646' title='bbox 690 5860 759 5917; x_wconf 92' lang='lat' dir='ltr'><strong>de</strong></span> <span class='ocrx_word' id='word_1_647' title='bbox 778 5858 1081 5933; x_wconf 87' lang='lat' dir='ltr'><strong>profundis</strong></span> <span class='ocrx_word' id='word_1_648' title='bbox 1100 5859 1392 5919; x_wconf 80' lang='lat' dir='ltr'><strong>infernalis</strong></span> <span class='ocrx_word' id='word_1_649' title='bbox 1418 5862 1541 5918; x_wconf 90' lang='lat' dir='ltr'><strong>limi</strong></span> <span class='ocrx_word' id='word_1_650' title='bbox 1566 5861 1731 5919; x_wconf 86' lang='lat' dir='ltr'><strong>mise-</strong></span> 
     </span>
    </p>
   </div>
   <div class='ocr_carea' id='block_1_91' title="bbox 431 5957 980 6028">
    <p class='ocr_par' dir='ltr' id='par_1_91' title="bbox 431 5957 980 6028">
     <span class='ocr_line' id='line_1_91' title="bbox 431 5957 980 6028; baseline 0.002 -4"><span class='ocrx_word' id='word_1_651' title='bbox 431 5957 698 6028; x_wconf 60' lang='lat' dir='ltr'><strong>Parnon.</strong></span> <span class='ocrx_word' id='word_1_652' title='bbox 745 5959 980 6026; x_wconf 80' lang='lat' dir='ltr'><strong>LXXII.</strong></span> 
     </span>
    </p>
   </div>
   <div class='ocr_carea' id='block_1_92' title="bbox 1818 3287 3455 3365">
    <p class='ocr_par' dir='ltr' id='par_1_92' title="bbox 1818 3287 3455 3365">
     <span class='ocr_line' id='line_1_92' title="bbox 1818 3287 3455 3365; baseline -0.003 -17"><span class='ocrx_word' id='word_1_653' title='bbox 1818 3298 2010 3349; x_wconf 90' lang='lat' dir='ltr'><strong>sancto</strong></span> <span class='ocrx_word' id='word_1_654' title='bbox 2034 3293 2268 3365; x_wconf 90' lang='lat' dir='ltr'><strong>Spiritui</strong></span> <span class='ocrx_word' id='word_1_655' title='bbox 2295 3292 2504 3365; x_wconf 87' lang='lat' dir='ltr'><strong>gratias</strong></span> <span class='ocrx_word' id='word_1_656' title='bbox 2528 3307 2697 3362; x_wconf 87' lang='lat' dir='ltr'><strong>agere</strong></span> <span class='ocrx_word' id='word_1_657' title='bbox 2732 3305 3181 3363; x_wconf 89' lang='lat' dir='ltr'><strong>perseveremus.</strong></span> <span class='ocrx_word' id='word_1_658' title='bbox 3225 3287 3331 3353; x_wconf 87' lang='lat' dir='ltr'><strong>Qui</strong></span> <span class='ocrx_word' id='word_1_659' title='bbox 3368 3290 3455 3343; x_wconf 89' lang='lat' dir='ltr'><strong>te-</strong></span> 
     </span>
    </p>
   </div>
   <div class='ocr_carea' id='block_1_93' title="bbox 1817 3387 2435 3459">
    <p class='ocr_par' dir='ltr' id='par_1_93' title="bbox 1817 3387 2435 3459">
     <span class='ocr_line' id='line_1_93' title="bbox 1817 3387 2435 3459; baseline -0.002 -16"><span class='ocrx_word' id='word_1_660' title='bbox 1817 3404 1950 3443; x_wconf 91' lang='lat' dir='ltr'><strong>cum</strong></span> <span class='ocrx_word' id='word_1_661' title='bbox 1975 3387 2109 3443; x_wconf 87' lang='lat' dir='ltr'><strong>vivit</strong></span> <span class='ocrx_word' id='word_1_662' title='bbox 2133 3390 2191 3443; x_wconf 89' lang='lat' dir='ltr'><strong>et</strong></span> <span class='ocrx_word' id='word_1_663' title='bbox 2213 3391 2435 3459; x_wconf 91' lang='lat' dir='ltr'><strong>regnat.</strong></span> 
     </span>
    </p>
   </div>
   <div class='ocr_carea' id='block_1_94' title="bbox 2152 3495 3124 3549">
    <p class='ocr_par' dir='ltr' id='par_1_94' title="bbox 2152 3495 3124 3549">
     <span class='ocr_line' id='line_1_94' title="bbox 2152 3495 3124 3549; baseline -0.004 0"><span class='ocrx_word' id='word_1_664' title='bbox 2152 3500 2284 3549; x_wconf 89' lang='lat' dir='ltr'><strong>Item</strong></span> <span class='ocrx_word' id='word_1_665' title='bbox 2316 3497 2480 3548; x_wconf 79' lang='lat' dir='ltr'><strong>oratio</strong></span> <span class='ocrx_word' id='word_1_666' title='bbox 2505 3496 2571 3547; x_wconf 89' lang='lat' dir='ltr'><strong>ad</strong></span> <span class='ocrx_word' id='word_1_667' title='bbox 2594 3496 2748 3547; x_wconf 86' lang='lat' dir='ltr'><strong>Sexta</strong></span> <span class='ocrx_word' id='word_1_668' title='bbox 2769 3495 2851 3546; x_wconf 92' lang='lat' dir='ltr'><strong>die</strong></span> <span class='ocrx_word' id='word_1_669' title='bbox 2878 3495 3124 3547; x_wconf 87' lang='lat' dir='ltr'><strong>Sabbato.</strong></span> 
     </span>
    </p>
   </div>
   <div class='ocr_carea' id='block_1_95' title="bbox 1888 3590 3458 3664">
    <p class='ocr_par' dir='ltr' id='par_1_95' title="bbox 1888 3590 3458 3664">
     <span class='ocr_line' id='line_1_95' title="bbox 1888 3590 3458 3664; baseline -0.003 -16"><span class='ocrx_word' id='word_1_670' title='bbox 1888 3594 1997 3648; x_wconf 90' lang='lat' dir='ltr'><strong>Hac</strong></span> <span class='ocrx_word' id='word_1_671' title='bbox 2022 3593 2165 3648; x_wconf 90' lang='lat' dir='ltr'><strong>hora</strong></span> <span class='ocrx_word' id='word_1_672' title='bbox 2189 3592 2509 3664; x_wconf 87' lang='lat' dir='ltr'><strong>auspicatur</strong></span> <span class='ocrx_word' id='word_1_673' title='bbox 2528 3591 2691 3646; x_wconf 88' lang='lat' dir='ltr'><strong>obrui</strong></span> <span class='ocrx_word' id='word_1_674' title='bbox 2722 3590 3016 3662; x_wconf 88' lang='lat' dir='ltr'><strong>ferrugine</strong></span> <span class='ocrx_word' id='word_1_675' title='bbox 3041 3590 3203 3644; x_wconf 89' lang='lat' dir='ltr'><strong>Titan</strong></span> <span class='ocrx_word' id='word_1_676' title='bbox 3228 3592 3458 3644; x_wconf 87' lang='lat' dir='ltr'><strong>senante</strong></span> 
     </span>
    </p>
   </div>
   <div class='ocr_carea' id='block_1_96' title="bbox 1817 3682 3457 3759">
    <p class='ocr_par' dir='ltr' id='par_1_96' title="bbox 1817 3682 3457 3759">
     <span class='ocr_line' id='line_1_96' title="bbox 1817 3682 3457 3759; baseline -0.003 -18"><span class='ocrx_word' id='word_1_677' title='bbox 1817 3687 2099 3759; x_wconf 91' lang='lat' dir='ltr'><strong>profunda</strong></span> <span class='ocrx_word' id='word_1_678' title='bbox 2118 3691 2433 3741; x_wconf 90' lang='lat' dir='ltr'><strong>nonatenus</strong></span> <span class='ocrx_word' id='word_1_679' title='bbox 2459 3689 2693 3757; x_wconf 90' lang='lat' dir='ltr'><strong>parente</strong></span> <span class='ocrx_word' id='word_1_680' title='bbox 2722 3684 2868 3738; x_wconf 91' lang='lat' dir='ltr'><strong>tuito</strong></span> <span class='ocrx_word' id='word_1_681' title='bbox 2892 3682 3094 3755; x_wconf 90' lang='lat' dir='ltr'><strong>stipitis</strong></span> <span class='ocrx_word' id='word_1_682' title='bbox 3128 3682 3189 3736; x_wconf 91' lang='lat' dir='ltr'><strong>in</strong></span> <span class='ocrx_word' id='word_1_683' title='bbox 3231 3698 3457 3737; x_wconf 89' lang='lat' dir='ltr'><strong>summo</strong></span> 
     </span>
    </p>
   </div>
   <div class='ocr_carea' id='block_1_97' title="bbox 1819 3776 3460 3852">
    <p class='ocr_par' dir='ltr' id='par_1_97' title="bbox 1819 3776 3460 3852">
     <span class='ocr_line' id='line_1_97' title="bbox 1819 3776 3460 3852; baseline -0.004 -16"><span class='ocrx_word' id='word_1_684' title='bbox 1819 3780 2066 3836; x_wconf 60' lang='lat' dir='ltr'><strong>Hebraeis</strong></span> <span class='ocrx_word' id='word_1_685' title='bbox 2085 3796 2447 3852; x_wconf 88' lang='lat' dir='ltr'><strong>nequaquam</strong></span> <span class='ocrx_word' id='word_1_686' title='bbox 2465 3777 2735 3851; x_wconf 92' lang='lat' dir='ltr'><strong>suspendi</strong></span> <span class='ocrx_word' id='word_1_687' title='bbox 2750 3776 3172 3831; x_wconf 84' lang='lat' dir='ltr'><strong>flammivovam</strong></span> <span class='ocrx_word' id='word_1_688' title='bbox 3188 3776 3275 3831; x_wconf 91' lang='lat' dir='ltr'><strong>sui</strong></span> <span class='ocrx_word' id='word_1_689' title='bbox 3299 3776 3460 3830; x_wconf 87' lang='lat' dir='ltr'><strong>hiare</strong></span> 
     </span>
    </p>
   </div>
   <div class='ocr_carea' id='block_1_98' title="bbox 1819 3869 3457 3943">
    <p class='ocr_par' dir='ltr' id='par_1_98' title="bbox 1819 3869 3457 3943">
     <span class='ocr_line' id='line_1_98' title="bbox 1819 3869 3457 3943; baseline -0.004 -13"><span class='ocrx_word' id='word_1_690' title='bbox 1819 3875 1958 3931; x_wconf 90' lang='lat' dir='ltr'><strong>olim</strong></span> <span class='ocrx_word' id='word_1_691' title='bbox 1980 3891 2096 3929; x_wconf 90' lang='lat' dir='ltr'><strong>non</strong></span> <span class='ocrx_word' id='word_1_692' title='bbox 2120 3873 2305 3929; x_wconf 89' lang='lat' dir='ltr'><strong>ferens</strong></span> <span class='ocrx_word' id='word_1_693' title='bbox 2330 3873 2557 3942; x_wconf 89' lang='lat' dir='ltr'><strong>rimam,</strong></span> <span class='ocrx_word' id='word_1_694' title='bbox 2585 3876 3063 3943; x_wconf 86' lang='lat' dir='ltr'><strong>conspectansque</strong></span> <span class='ocrx_word' id='word_1_695' title='bbox 3106 3869 3300 3939; x_wconf 84' lang='lat' dir='ltr'><strong>nefas;</strong></span> <span class='ocrx_word' id='word_1_696' title='bbox 3342 3883 3457 3941; x_wconf 86' lang='lat' dir='ltr'><strong>quo</strong></span> 
     </span>
    </p>
   </div>
   <div class='ocr_carea' id='block_1_99' title="bbox 1819 3961 3462 4038">
    <p class='ocr_par' dir='ltr' id='par_1_99' title="bbox 1819 3961 3462 4038">
     <span class='ocr_line' id='line_1_99' title="bbox 1819 3961 3462 4038; baseline -0.005 -13"><span class='ocrx_word' id='word_1_697' title='bbox 1819 3985 1979 4025; x_wconf 90' lang='lat' dir='ltr'><strong>versa</strong></span> <span class='ocrx_word' id='word_1_698' title='bbox 2002 3968 2122 4023; x_wconf 93' lang='lat' dir='ltr'><strong>vice</strong></span> <span class='ocrx_word' id='word_1_699' title='bbox 2148 3965 2268 4022; x_wconf 90' lang='lat' dir='ltr'><strong>orbi</strong></span> <span class='ocrx_word' id='word_1_700' title='bbox 2296 3966 2557 4022; x_wconf 90' lang='lat' dir='ltr'><strong>medetur</strong></span> <span class='ocrx_word' id='word_1_701' title='bbox 2580 3982 2685 4038; x_wconf 89' lang='lat' dir='ltr'><strong>per</strong></span> <span class='ocrx_word' id='word_1_702' title='bbox 2716 3981 2850 4020; x_wconf 89' lang='lat' dir='ltr'><strong>eum</strong></span> <span class='ocrx_word' id='word_1_703' title='bbox 2886 3964 2985 4037; x_wconf 89' lang='lat' dir='ltr'><strong>qui</strong></span> <span class='ocrx_word' id='word_1_704' title='bbox 3026 3963 3177 4019; x_wconf 88' lang='lat' dir='ltr'><strong>Patri</strong></span> <span class='ocrx_word' id='word_1_705' title='bbox 3217 3961 3462 4017; x_wconf 87' lang='lat' dir='ltr'><strong>convivit</strong></span> 
     </span>
    </p>
   </div>
   <div class='ocr_carea' id='block_1_100' title="bbox 1819 4056 3457 4135">
    <p class='ocr_par' dir='ltr' id='par_1_100' title="bbox 1819 4056 3457 4135">
     <span class='ocr_line' id='line_1_100' title="bbox 1819 4056 3457 4135; baseline -0.005 -16"><span class='ocrx_word' id='word_1_706' title='bbox 1819 4067 2131 4135; x_wconf 89' lang='lat' dir='ltr'><strong>regnatque</strong></span> <span class='ocrx_word' id='word_1_707' title='bbox 2168 4065 2298 4117; x_wconf 89' lang='lat' dir='ltr'><strong>ante</strong></span> <span class='ocrx_word' id='word_1_708' title='bbox 2345 4060 2546 4115; x_wconf 90' lang='lat' dir='ltr'><strong>mundi</strong></span> <span class='ocrx_word' id='word_1_709' title='bbox 2588 4064 2778 4115; x_wconf 91' lang='lat' dir='ltr'><strong>ortum</strong></span> <span class='ocrx_word' id='word_1_710' title='bbox 2812 4063 2869 4114; x_wconf 90' lang='lat' dir='ltr'><strong>et</strong></span> <span class='ocrx_word' id='word_1_711' title='bbox 2898 4057 2955 4113; x_wconf 92' lang='lat' dir='ltr'><strong>in</strong></span> <span class='ocrx_word' id='word_1_712' title='bbox 2986 4057 3191 4113; x_wconf 66' lang='lat' dir='ltr'><strong>saecula</strong></span> <span class='ocrx_word' id='word_1_713' title='bbox 3221 4056 3457 4112; x_wconf 66' lang='lat' dir='ltr'><strong>seculo-</strong></span> 
     </span>
    </p>
   </div>
   <div class='ocr_carea' id='block_1_101' title="bbox 1818 4173 3063 4284">
    <p class='ocr_par' dir='ltr' id='par_1_101' title="bbox 1818 4173 3063 4284">
     <span class='ocr_line' id='line_1_101' title="bbox 1818 4173 3063 4284; baseline -0.002 1"><span class='ocrx_word' id='word_1_714' title='bbox 1818 4173 1970 4212; x_wconf 50' lang='lat' dir='ltr'><strong>rum.</strong></span> <span class='ocrx_word' id='word_1_715' title='bbox 2211 4233 2385 4284; x_wconf 85' lang='lat' dir='ltr'><strong>Oratio</strong></span> <span class='ocrx_word' id='word_1_716' title='bbox 2411 4233 2465 4283; x_wconf 92' lang='lat' dir='ltr'><strong>in</strong></span> <span class='ocrx_word' id='word_1_717' title='bbox 2486 4232 2711 4284; x_wconf 86' lang='lat' dir='ltr'><strong>Sabbato</strong></span> <span class='ocrx_word' id='word_1_718' title='bbox 2736 4232 2866 4283; x_wconf 89' lang='lat' dir='ltr'><strong>hora</strong></span> <span class='ocrx_word' id='word_1_719' title='bbox 2898 4233 3063 4283; x_wconf 89' lang='lat' dir='ltr'><strong>Nona.</strong></span> 
     </span>
    </p>
   </div>
   <div class='ocr_carea' id='block_1_102' title="bbox 1889 4327 3455 4400">
    <p class='ocr_par' dir='ltr' id='par_1_102' title="bbox 1889 4327 3455 4400">
     <span class='ocr_line' id='line_1_102' title="bbox 1889 4327 3455 4400; baseline -0.001 -16"><span class='ocrx_word' id='word_1_720' title='bbox 1889 4329 1933 4385; x_wconf 94' lang='grc' dir='ltr'><strong>Ο</strong></span> <span class='ocrx_word' id='word_1_721' title='bbox 1948 4329 2210 4400; x_wconf 92' lang='lat' dir='ltr'><strong>Domine,</strong></span> <span class='ocrx_word' id='word_1_722' title='bbox 2230 4330 2395 4384; x_wconf 88' lang='lat' dir='ltr'><strong>Pater</strong></span> <span class='ocrx_word' id='word_1_723' title='bbox 2414 4328 2794 4400; x_wconf 88' lang='lat' dir='ltr'><strong>omnipotens,</strong></span> <span class='ocrx_word' id='word_1_724' title='bbox 2814 4327 2912 4398; x_wconf 90' lang='lat' dir='ltr'><strong>qui</strong></span> <span class='ocrx_word' id='word_1_725' title='bbox 2932 4327 3112 4382; x_wconf 86' lang='lat' dir='ltr'><strong>Adam</strong></span> <span class='ocrx_word' id='word_1_726' title='bbox 3140 4342 3354 4382; x_wconf 90' lang='lat' dir='ltr'><strong>novum</strong></span> <span class='ocrx_word' id='word_1_727' title='bbox 3384 4342 3455 4383; x_wconf 87' lang='lat' dir='ltr'><strong>ex</strong></span> 
     </span>
    </p>
   </div>
   <div class='ocr_carea' id='block_1_103' title="bbox 1818 4417 3457 4497">
    <p class='ocr_par' dir='ltr' id='par_1_103' title="bbox 1818 4417 3457 4497">
     <span class='ocr_line' id='line_1_103' title="bbox 1818 4417 3457 4497; baseline -0.002 -19"><span class='ocrx_word' id='word_1_728' title='bbox 1818 4440 2059 4497; x_wconf 89' lang='lat' dir='ltr'><strong>persona</strong></span> <span class='ocrx_word' id='word_1_729' title='bbox 2085 4422 2288 4478; x_wconf 90' lang='lat' dir='ltr'><strong>veteris</strong></span> <span class='ocrx_word' id='word_1_730' title='bbox 2324 4422 2500 4477; x_wconf 83' lang='lat' dir='ltr'><strong>Adam</strong></span> <span class='ocrx_word' id='word_1_731' title='bbox 2546 4422 2905 4490; x_wconf 89' lang='lat' dir='ltr'><strong>clamantem,</strong></span> <span class='ocrx_word' id='word_1_732' title='bbox 2949 4418 3109 4492; x_wconf 91' lang='lat' dir='ltr'><strong>quasi</strong></span> <span class='ocrx_word' id='word_1_733' title='bbox 3148 4435 3214 4473; x_wconf 85' lang='lat' dir='ltr'><strong>ex</strong></span> <span class='ocrx_word' id='word_1_734' title='bbox 3263 4417 3457 4493; x_wconf 80' lang='lat'><strong>356</strong></span> 
     </span>
    </p>
   </div>
   <div class='ocr_carea' id='block_1_104' title="bbox 1819 4511 3459 4588">
    <p class='ocr_par' dir='ltr' id='par_1_104' title="bbox 1819 4511 3459 4588">
     <span class='ocr_line' id='line_1_104' title="bbox 1819 4511 3459 4588; baseline -0.004 -15"><span class='ocrx_word' id='word_1_735' title='bbox 1819 4517 2018 4573; x_wconf 83' lang='lat' dir='ltr'><strong>inferis</strong></span> <span class='ocrx_word' id='word_1_736' title='bbox 2045 4521 2101 4572; x_wconf 90' lang='lat' dir='ltr'><strong>et</strong></span> <span class='ocrx_word' id='word_1_737' title='bbox 2126 4515 2356 4588; x_wconf 85' lang='lat' dir='ltr'><strong>abyssis,</strong></span> <span class='ocrx_word' id='word_1_738' title='bbox 2388 4514 2799 4586; x_wconf 89' lang='lat' dir='ltr'><strong>profundisque</strong></span> <span class='ocrx_word' id='word_1_739' title='bbox 2824 4513 2949 4583; x_wconf 90' lang='lat' dir='ltr'><strong>laci,</strong></span> <span class='ocrx_word' id='word_1_740' title='bbox 2978 4511 3223 4566; x_wconf 89' lang='lat' dir='ltr'><strong>liberum</strong></span> <span class='ocrx_word' id='word_1_741' title='bbox 3267 4516 3459 4567; x_wconf 85' lang='lat' dir='ltr'><strong>tamen</strong></span> 
     </span>
    </p>
   </div>
   <div class='ocr_carea' id='block_1_105' title="bbox 1821 4604 3456 4680">
    <p class='ocr_par' dir='ltr' id='par_1_105' title="bbox 1821 4604 3456 4680">
     <span class='ocr_line' id='line_1_105' title="bbox 1821 4604 3456 4680; baseline -0.004 -14"><span class='ocrx_word' id='word_1_742' title='bbox 1821 4611 2003 4666; x_wconf 92' lang='lat' dir='ltr'><strong>solum</strong></span> <span class='ocrx_word' id='word_1_743' title='bbox 2051 4610 2202 4665; x_wconf 87' lang='lat' dir='ltr'><strong>inter</strong></span> <span class='ocrx_word' id='word_1_744' title='bbox 2249 4611 2522 4678; x_wconf 88' lang='lat' dir='ltr'><strong>mortuos,</strong></span> <span class='ocrx_word' id='word_1_745' title='bbox 2552 4625 2657 4680; x_wconf 91' lang='lat' dir='ltr'><strong>pro</strong></span> <span class='ocrx_word' id='word_1_746' title='bbox 2688 4624 2789 4661; x_wconf 90' lang='lat' dir='ltr'><strong>sua</strong></span> <span class='ocrx_word' id='word_1_747' title='bbox 2816 4604 3093 4662; x_wconf 83' lang='lat' dir='ltr'><strong>exaudisti</strong></span> <span class='ocrx_word' id='word_1_748' title='bbox 3118 4605 3456 4675; x_wconf 88' lang='lat' dir='ltr'><strong>reverentia,</strong></span> 
     </span>
    </p>
   </div>
   <div class='ocr_carea' id='block_1_106' title="bbox 1822 4697 3458 4775">
    <p class='ocr_par' dir='ltr' id='par_1_106' title="bbox 1822 4697 3458 4775">
     <span class='ocr_line' id='line_1_106' title="bbox 1822 4697 3458 4775; baseline -0.004 -14"><span class='ocrx_word' id='word_1_749' title='bbox 1822 4704 2029 4761; x_wconf 83' lang='lat' dir='ltr'><strong>exaudi</strong></span> <span class='ocrx_word' id='word_1_750' title='bbox 2055 4721 2178 4775; x_wconf 88' lang='lat' dir='ltr'><strong>nos,</strong></span> <span class='ocrx_word' id='word_1_751' title='bbox 2225 4718 2546 4775; x_wconf 88' lang='lat' dir='ltr'><strong>precamur,</strong></span> <span class='ocrx_word' id='word_1_752' title='bbox 2575 4718 2679 4773; x_wconf 91' lang='lat' dir='ltr'><strong>per</strong></span> <span class='ocrx_word' id='word_1_753' title='bbox 2703 4701 2925 4772; x_wconf 90' lang='lat' dir='ltr'><strong>ipsum;</strong></span> <span class='ocrx_word' id='word_1_754' title='bbox 2960 4703 3024 4754; x_wconf 92' lang='lat' dir='ltr'><strong>ut</strong></span> <span class='ocrx_word' id='word_1_755' title='bbox 3063 4697 3225 4771; x_wconf 89' lang='lat' dir='ltr'><strong>quasi</strong></span> <span class='ocrx_word' id='word_1_756' title='bbox 3262 4716 3458 4755; x_wconf 82' lang='lat' dir='ltr'><strong>conse-</strong></span> 
     </span>
    </p>
   </div>
   <div class='ocr_carea' id='block_1_107' title="bbox 1821 4791 3459 4872">
    <p class='ocr_par' dir='ltr' id='par_1_107' title="bbox 1821 4791 3459 4872">
     <span class='ocr_line' id='line_1_107' title="bbox 1821 4791 3459 4872; baseline -0.004 -16"><span class='ocrx_word' id='word_1_757' title='bbox 1821 4800 1968 4872; x_wconf 90' lang='lat' dir='ltr'><strong>pulti</strong></span> <span class='ocrx_word' id='word_1_758' title='bbox 1996 4816 2127 4855; x_wconf 91' lang='lat' dir='ltr'><strong>cum</strong></span> <span class='ocrx_word' id='word_1_759' title='bbox 2151 4800 2281 4853; x_wconf 85' lang='lat' dir='ltr'><strong>Jesu</strong></span> <span class='ocrx_word' id='word_1_760' title='bbox 2307 4796 2445 4851; x_wconf 90' lang='lat' dir='ltr'><strong>Filio</strong></span> <span class='ocrx_word' id='word_1_761' title='bbox 2474 4800 2594 4866; x_wconf 90' lang='lat' dir='ltr'><strong>tuo,</strong></span> <span class='ocrx_word' id='word_1_762' title='bbox 2622 4811 2726 4850; x_wconf 90' lang='lat' dir='ltr'><strong>sua</strong></span> <span class='ocrx_word' id='word_1_763' title='bbox 2750 4794 2863 4848; x_wconf 86' lang='lat' dir='ltr'><strong>vita</strong></span> <span class='ocrx_word' id='word_1_764' title='bbox 2887 4791 3220 4863; x_wconf 90' lang='lat' dir='ltr'><strong>resuscitati,</strong></span> <span class='ocrx_word' id='word_1_765' title='bbox 3250 4793 3311 4848; x_wconf 90' lang='lat' dir='ltr'><strong>in</strong></span> <span class='ocrx_word' id='word_1_766' title='bbox 3354 4794 3459 4850; x_wconf 93' lang='lat' dir='ltr'><strong>hac</strong></span> 
     </span>
    </p>
   </div>
   <div class='ocr_carea' id='block_1_108' title="bbox 1824 4887 3460 4965">
    <p class='ocr_par' dir='ltr' id='par_1_108' title="bbox 1824 4887 3460 4965">
     <span class='ocr_line' id='line_1_108' title="bbox 1824 4887 3460 4965; baseline -0.003 -16"><span class='ocrx_word' id='word_1_767' title='bbox 1824 4910 1939 4949; x_wconf 70' lang='lat' dir='ltr'><strong>sua:</strong></span> <span class='ocrx_word' id='word_1_768' title='bbox 1967 4892 2398 4965; x_wconf 90' lang='lat' dir='ltr'><strong>superveniente</strong></span> <span class='ocrx_word' id='word_1_769' title='bbox 2432 4893 2641 4945; x_wconf 71' lang='lat' dir='ltr'><strong>sanctae</strong></span> <span class='ocrx_word' id='word_1_770' title='bbox 2667 4887 3095 4944; x_wconf 88' lang='lat' dir='ltr'><strong>resurrectionis</strong></span> <span class='ocrx_word' id='word_1_771' title='bbox 3121 4893 3307 4959; x_wconf 90' lang='lat' dir='ltr'><strong>nocte,</strong></span> <span class='ocrx_word' id='word_1_772' title='bbox 3335 4905 3460 4944; x_wconf 90' lang='lat' dir='ltr'><strong>ma-</strong></span> 
     </span>
    </p>
   </div>
   <div class='ocr_carea' id='block_1_109' title="bbox 1826 4982 3462 5061">
    <p class='ocr_par' dir='ltr' id='par_1_109' title="bbox 1826 4982 3462 5061">
     <span class='ocr_line' id='line_1_109' title="bbox 1826 4982 3462 5061; baseline -0.003 -17"><span class='ocrx_word' id='word_1_773' title='bbox 1826 5006 1955 5061; x_wconf 64' lang='lat' dir='ltr'><strong>gnae</strong></span> <span class='ocrx_word' id='word_1_774' title='bbox 1998 4984 2386 5043; x_wconf 89' lang='lat' dir='ltr'><strong>sollemnitatis</strong></span> <span class='ocrx_word' id='word_1_775' title='bbox 2445 4983 2645 5056; x_wconf 86' lang='lat' dir='ltr'><strong>gratia,</strong></span> <span class='ocrx_word' id='word_1_776' title='bbox 2695 5000 2797 5038; x_wconf 92' lang='lat' dir='ltr'><strong>suo</strong></span> <span class='ocrx_word' id='word_1_777' title='bbox 2855 4982 3025 5051; x_wconf 90' lang='lat' dir='ltr'><strong>dono,</strong></span> <span class='ocrx_word' id='word_1_778' title='bbox 3071 4986 3173 5039; x_wconf 89' lang='lat' dir='ltr'><strong>tuo</strong></span> <span class='ocrx_word' id='word_1_779' title='bbox 3233 4998 3462 5056; x_wconf 90' lang='lat' dir='ltr'><strong>quoque</strong></span> 
     </span>
    </p>
   </div>
   <div class='ocr_carea' id='block_1_110' title="bbox 1824 5076 3463 5154">
    <p class='ocr_par' dir='ltr' id='par_1_110' title="bbox 1824 5076 3463 5154">
     <span class='ocr_line' id='line_1_110' title="bbox 1824 5076 3463 5154; baseline -0.005 -15"><span class='ocrx_word' id='word_1_780' title='bbox 1824 5084 1994 5153; x_wconf 91' lang='lat' dir='ltr'><strong>bono,</strong></span> <span class='ocrx_word' id='word_1_781' title='bbox 2028 5087 2084 5137; x_wconf 89' lang='lat' dir='ltr'><strong>et</strong></span> <span class='ocrx_word' id='word_1_782' title='bbox 2108 5081 2350 5154; x_wconf 90' lang='lat' dir='ltr'><strong>Spiritus</strong></span> <span class='ocrx_word' id='word_1_783' title='bbox 2376 5078 2551 5134; x_wconf 89' lang='lat' dir='ltr'><strong>sancti</strong></span> <span class='ocrx_word' id='word_1_784' title='bbox 2579 5078 2810 5133; x_wconf 90' lang='lat' dir='ltr'><strong>consilio</strong></span> <span class='ocrx_word' id='word_1_785' title='bbox 2856 5082 2913 5133; x_wconf 91' lang='lat' dir='ltr'><strong>et</strong></span> <span class='ocrx_word' id='word_1_786' title='bbox 2946 5076 3217 5151; x_wconf 85' lang='lat' dir='ltr'><strong>mysterio</strong></span> <span class='ocrx_word' id='word_1_787' title='bbox 3247 5093 3463 5134; x_wconf 86' lang='lat' dir='ltr'><strong>merea-</strong></span> 
     </span>
    </p>
   </div>
   <div class='ocr_carea' id='block_1_111' title="bbox 1825 5172 2867 5245">
    <p class='ocr_par' dir='ltr' id='par_1_111' title="bbox 1825 5172 2867 5245">
     <span class='ocr_line' id='line_1_111' title="bbox 1825 5172 2867 5245; baseline -0.007 -11"><span class='ocrx_word' id='word_1_788' title='bbox 1825 5194 1957 5234; x_wconf 91' lang='lat' dir='ltr'><strong>mur</strong></span> <span class='ocrx_word' id='word_1_789' title='bbox 1983 5176 2212 5232; x_wconf 90' lang='lat' dir='ltr'><strong>absolvi.</strong></span> <span class='ocrx_word' id='word_1_790' title='bbox 2232 5175 2339 5230; x_wconf 91' lang='lat' dir='ltr'><strong>Per</strong></span> <span class='ocrx_word' id='word_1_791' title='bbox 2363 5189 2497 5230; x_wconf 91' lang='lat' dir='ltr'><strong>eum</strong></span> <span class='ocrx_word' id='word_1_792' title='bbox 2528 5172 2627 5245; x_wconf 90' lang='lat' dir='ltr'><strong>qui</strong></span> <span class='ocrx_word' id='word_1_793' title='bbox 2658 5176 2867 5228; x_wconf 87' lang='lat' dir='ltr'><strong>tecum.</strong></span> 
     </span>
    </p>
   </div>
   <div class='ocr_carea' id='block_1_112' title="bbox 2369 5283 2905 5348">
    <p class='ocr_par' dir='ltr' id='par_1_112' title="bbox 2369 5283 2905 5348">
     <span class='ocr_line' id='line_1_112' title="bbox 2369 5283 2905 5348; baseline -0.006 -13"><span class='ocrx_word' id='word_1_794' title='bbox 2369 5284 2621 5335; x_wconf 87' lang='lat' dir='ltr'><strong>Collectio</strong></span> <span class='ocrx_word' id='word_1_795' title='bbox 2654 5283 2905 5348; x_wconf 84' lang='lat' dir='ltr'><strong>sequitur.</strong></span> 
     </span>
    </p>
   </div>
   <div class='ocr_carea' id='block_1_113' title="bbox 1895 5373 3464 5453">
    <p class='ocr_par' dir='ltr' id='par_1_113' title="bbox 1895 5373 3464 5453">
     <span class='ocr_line' id='line_1_113' title="bbox 1895 5373 3464 5453; baseline -0.008 -12"><span class='ocrx_word' id='word_1_796' title='bbox 1895 5384 2137 5453; x_wconf 88' lang='lat' dir='ltr'><strong>Christe,</strong></span> <span class='ocrx_word' id='word_1_797' title='bbox 2202 5381 2323 5436; x_wconf 86' lang='lat' dir='ltr'><strong>fave</strong></span> <span class='ocrx_word' id='word_1_798' title='bbox 2373 5378 2666 5436; x_wconf 89' lang='lat' dir='ltr'><strong>desideriis</strong></span> <span class='ocrx_word' id='word_1_799' title='bbox 2712 5382 2769 5434; x_wconf 89' lang='lat' dir='ltr'><strong>et</strong></span> <span class='ocrx_word' id='word_1_800' title='bbox 2810 5374 3070 5449; x_wconf 88' lang='lat' dir='ltr'><strong>precibus</strong></span> <span class='ocrx_word' id='word_1_801' title='bbox 3123 5373 3351 5444; x_wconf 88' lang='lat' dir='ltr'><strong>nostris,</strong></span> <span class='ocrx_word' id='word_1_802' title='bbox 3405 5377 3464 5429; x_wconf 87' lang='lat' dir='ltr'><strong>et</strong></span> 
     </span>
    </p>
   </div>
   <div class='ocr_carea' id='block_1_114' title="bbox 1825 5469 3459 5556">
    <p class='ocr_par' dir='ltr' id='par_1_114' title="bbox 1825 5469 3459 5556">
     <span class='ocr_line' id='line_1_114' title="bbox 1825 5469 3459 5556; baseline -0.01 -19"><span class='ocrx_word' id='word_1_803' title='bbox 1825 5483 2032 5556; x_wconf 69' lang='lat' dir='ltr'><strong>praesta</strong></span> <span class='ocrx_word' id='word_1_804' title='bbox 2058 5491 2391 5551; x_wconf 88' lang='lat' dir='ltr'><strong>prosperam</strong></span> <span class='ocrx_word' id='word_1_805' title='bbox 2414 5474 2562 5530; x_wconf 92' lang='lat' dir='ltr'><strong>hanc</strong></span> <span class='ocrx_word' id='word_1_806' title='bbox 2589 5470 3087 5546; x_wconf 87' lang='lat' dir='ltr'><strong>supervenientem</strong></span> <span class='ocrx_word' id='word_1_807' title='bbox 3122 5471 3328 5524; x_wconf 64' lang='lat' dir='ltr'><strong>sanctae</strong></span> <span class='ocrx_word' id='word_1_808' title='bbox 3354 5469 3459 5523; x_wconf 90' lang='lat' dir='ltr'><strong>Pa-</strong></span> 
     </span>
    </p>
   </div>
   <div class='ocr_carea' id='block_1_115' title="bbox 1827 5561 3461 5642">
    <p class='ocr_par' dir='ltr' id='par_1_115' title="bbox 1827 5561 3461 5642">
     <span class='ocr_line' id='line_1_115' title="bbox 1827 5561 3461 5642; baseline -0.011 -9"><span class='ocrx_word' id='word_1_809' title='bbox 1827 5576 1976 5639; x_wconf 74' lang='lat' dir='ltr'><strong>scha:</strong></span> <span class='ocrx_word' id='word_1_810' title='bbox 2007 5576 2253 5642; x_wconf 91' lang='lat' dir='ltr'><strong>noctem,</strong></span> <span class='ocrx_word' id='word_1_811' title='bbox 2296 5569 2355 5623; x_wconf 90' lang='lat' dir='ltr'><strong>in</strong></span> <span class='ocrx_word' id='word_1_812' title='bbox 2385 5585 2500 5641; x_wconf 88' lang='lat' dir='ltr'><strong>qua</strong></span> <span class='ocrx_word' id='word_1_813' title='bbox 2533 5572 2724 5624; x_wconf 89' lang='lat' dir='ltr'><strong>tecum</strong></span> <span class='ocrx_word' id='word_1_814' title='bbox 2763 5570 3126 5634; x_wconf 87' lang='lat' dir='ltr'><strong>resurgentes</strong></span> <span class='ocrx_word' id='word_1_815' title='bbox 3161 5561 3230 5618; x_wconf 89' lang='lat' dir='ltr'><strong>de</strong></span> <span class='ocrx_word' id='word_1_816' title='bbox 3258 5568 3461 5628; x_wconf 87' lang='lat' dir='ltr'><strong>morte,</strong></span> 
     </span>
    </p>
   </div>
   <div class='ocr_carea' id='block_1_116' title="bbox 1827 5654 3463 5725">
    <p class='ocr_par' dir='ltr' id='par_1_116' title="bbox 1827 5654 3463 5725">
     <span class='ocr_line' id='line_1_116' title="bbox 1827 5654 3463 5725; baseline -0.011 1"><span class='ocrx_word' id='word_1_817' title='bbox 1827 5668 2068 5725; x_wconf 86' lang='lat' dir='ltr'><strong>transire</strong></span> <span class='ocrx_word' id='word_1_818' title='bbox 2110 5679 2435 5724; x_wconf 89' lang='lat' dir='ltr'><strong>mereamur</strong></span> <span class='ocrx_word' id='word_1_819' title='bbox 2477 5662 2548 5718; x_wconf 88' lang='lat' dir='ltr'><strong>ad</strong></span> <span class='ocrx_word' id='word_1_820' title='bbox 2578 5661 2751 5717; x_wconf 90' lang='lat' dir='ltr'><strong>vitam</strong></span> <span class='ocrx_word' id='word_1_821' title='bbox 2798 5657 3051 5715; x_wconf 88' lang='lat' dir='ltr'><strong>Salvator</strong></span> <span class='ocrx_word' id='word_1_822' title='bbox 3094 5655 3314 5713; x_wconf 89' lang='lat' dir='ltr'><strong>mundi.</strong></span> <span class='ocrx_word' id='word_1_823' title='bbox 3356 5654 3463 5719; x_wconf 90' lang='lat' dir='ltr'><strong>Qui</strong></span> 
     </span>
    </p>
   </div>
   <div class='ocr_carea' id='block_1_117' title="bbox 1828 5763 1989 5820">
    <p class='ocr_par' dir='ltr' id='par_1_117' title="bbox 1828 5763 1989 5820">
     <span class='ocr_line' id='line_1_117' title="bbox 1828 5763 1989 5820; baseline -0.006 0"><span class='ocrx_word' id='word_1_824' title='bbox 1828 5763 1989 5820; x_wconf 89' lang='lat' dir='ltr'><strong>vivis.</strong></span> 
     </span>
    </p>
   </div>
   <div class='ocr_carea' id='block_1_118' title="bbox 3076 5951 3153 6009">
    <p class='ocr_par' dir='ltr' id='par_1_118' title="bbox 3076 5951 3153 6009">
     <span class='ocr_line' id='line_1_118' title="bbox 3076 5951 3153 6009; baseline -0.026 0"><span class='ocrx_word' id='word_1_825' title='bbox 3076 5951 3153 6009; x_wconf 73' lang='grc'><strong>12</strong></span> 
     </span>
    </p>
   </div>
  </div>
