4014 6230
488 355 587 416 347

1266 353 1597 415 ᾹΡΡΕΝΙΠΧ
1633 354 1721 409 ΑΒ
1760 353 1983 409 OPERA
2020 352 2255 409 SANCTI
2290 352 2592 409 GERMANI
2629 350 3057 410 PARISlENSlS.

3764 350 3876 407 348

484 483 590 542 pro
619 464 822 541 gratia.
856 467 1173 541 Implentur
1201 482 1340 539 ergo
1372 464 1572 522 omnia
1596 461 1881 530 laudibus,
1913 462 2117 518 caelum
2140 474 2200 547 Α
2252 464 2386 518 VIII.
2428 479 2553 519 nam
2591 478 2788 521 onum
2829 478 2883 520 IN
2922 478 3085 519 manu
3130 475 3306 519 nocrn
3345 474 3567 518 NATALIS
3608 474 3838 520 DOIINI.

486 566 544 617 et
570 565 723 617 terra
737 563 915 635 signis
936 568 992 618 et
1018 562 1321 635 prodigiis;
1348 563 1405 615 et
1430 560 1550 631 ipse
1571 558 1782 613 inferni
1804 556 2121 613 terroribus

487 661 802 718 descendit.
825 665 933 718 Per
958 662 1143 734 ipsum
1166 658 1433 714 inimicus
1457 656 1755 725 occiditur,
1777 654 2117 710 resurrectio

485 754 545 809 in
577 773 747 811 carne
796 758 1167 820 monstratur,
1215 753 1361 807 liber
1388 751 1516 805 vita:
1543 749 1815 821 perennis
1843 748 2116 820 aperitur.

483 849 795 905 Veniamus
824 867 961 920 ergo
1005 848 1078 902 ad
1108 863 1241 900 eum
1268 862 1491 911 omnes,
1523 843 1619 915 qui
1657 842 1880 898 onerati
1923 858 2120 895 sumus

484 944 752 1016 peccatis,
799 944 933 1013 quia
960 941 1169 1011 jugum
1215 939 1338 1010 ejus
1378 940 1661 1004 sanctum,
1705 953 1895 1003 suave,
1931 935 2119 1005 adque

486 1054 632 1093 onus
648 1038 769 1108 ejus
793 1036 914 1090 leve
944 1037 1047 1088 est.
1089 1035 1269 1088 Nemo
1301 1031 1576 1087 formidet
1608 1031 1696 1084 vel
1725 1029 1964 1083 dubitet.
1995 1030 2119 1082 Non

484 1134 784 1186 taurorum
803 1131 901 1183 aut
917 1127 1209 1182 hircorum
1226 1124 1460 1196 sanguis
1476 1124 1779 1195 expetitur,
1794 1122 1896 1176 sed
1909 1122 1967 1175 in
1989 1121 2122 1175 sim-

483 1224 734 1295 plicitate
757 1221 948 1296 337
981 1219 1169 1276 cordis
1194 1218 1537 1275 sacriﬁcium
1564 1216 1751 1271 laudis
1778 1216 2116 1287 postulatur.

486 1319 614 1373 Haac
647 1334 785 1389 ergo
814 1318 963 1371 Deus
995 1315 1053 1369 in
1080 1314 1265 1380 nobis,
1301 1312 1374 1366 ad
1404 1311 1668 1366 nationes
1694 1309 1995 1364 nationum
2026 1325 2117 1363 ce-

485 1411 931 1467 lebratissimam
975 1411 1231 1474 noctem,
1268 1407 1325 1460 id
1356 1409 1442 1460 est
1465 1404 1833 1459 Nativitatem
1862 1402 1984 1457 Filii
2012 1402 2118 1469 sui,

484 1506 829 1579 propitiatus
859 1504 1024 1560 nobis
1054 1502 1355 1573 indulgeat
1379 1519 1392 1567 ;
1423 1500 1741 1556 sanctiﬁcet
1768 1498 2077 1553 Ecclesiam
2104 1514 2117 1565 ;

487 1600 734 1655 aediﬁcet
758 1599 1086 1654 sacerdotes
1103 1600 1129 1628 ⁸
1156 1614 1168 1664 ;
1200 1597 1409 1651 exaltet
1430 1594 1715 1660 seniores;
1746 1592 2012 1647 inlustret
2038 1592 2118 1645 le-

485 1694 656 1759 vitas;
688 1693 995 1748 benedicat
1039 1692 1315 1762 populum
1366 1705 1562 1754 suum;
1592 1686 1889 1757 extinguat
1923 1684 2123 1740 omnia

487 1790 723 1860 peccata
748 1790 981 1853 nostra;
1012 1786 1188 1840 vitam
1221 1787 1498 1838 aeternam
1520 1796 1961 1852 consequamur.
1992 1780 2117 1833 Per.

956 1878 1207 1928 Collectio
1250 1891 1391 1927 nunc
1424 1875 1657 1938 sequitur

558 1952 878 2006 Sublimem
901 1949 1205 2005 ineffabilis
1233 1947 1557 2003 clementiae
1586 1947 1891 2000 Rectorem
1914 1942 2122 1998 annuis

487 2045 995 2117 supplicationibus
1020 2044 1078 2097 in
1114 2044 1220 2097 hac
1248 2041 1571 2113 vespertina
1593 2056 1782 2111 prece,
1809 2040 2015 2092 fratres
2042 2036 2120 2091 di-

485 2138 796 2205 lectissimi,
823 2138 996 2192 unitis
1017 2138 1229 2191 animis
1252 2137 1651 2207 deprecemur,
1676 2137 1735 2189 ut
1753 2133 1921 2187 nobis
1942 2135 2124 2185 trans-

488 2233 601 2287 acti
657 2231 937 2303 temporis
986 2232 1264 2286 hactenus
1306 2230 1499 2284 debita
1563 2228 1768 2294 donet,
1811 2242 2120 2297 superven-

484 2330 629 2381 turaa
664 2326 848 2381 noctis
882 2325 1333 2380 sollemnitatem
1362 2322 1575 2378 Natalis
1608 2321 1730 2379 Filii
1764 2320 1852 2374 sui
1895 2336 2127 2391 prospe-

490 2436 616 2475 ram
644 2423 896 2490 praestet,
922 2419 1212 2473 assiduam
1242 2418 1415 2472 futuri
1444 2416 1582 2471 anni
1601 2416 1629 2456 δ
1658 2414 1979 2469 custodiam
2000 2413 2127 2466 red-

489 2513 608 2580 dat,
642 2512 715 2566 ad
745 2516 979 2566 ceterum
1005 2512 1131 2566 vita:
1153 2510 1363 2581 gaudia
1386 2509 1626 2581 spiritali
1658 2507 1997 2562 defensione
2021 2523 2125 2560 nos

489 2604 768 2677 perducat
795 2607 1047 2659 orantes.
1082 2606 1191 2659 Per
1218 2603 1556 2658 Dominum.

1050 2695 1300 2747 Collectio
1316 2695 1563 2759 sequitur.

564 2771 717 2840 Rege
753 2786 875 2838 nos,
906 2768 1169 2835 Domine,
1203 2767 1437 2822 brachio
1488 2770 1586 2821 tuo
1618 2766 1857 2831 excelso,
1888 2767 1945 2816 et
1990 2780 2124 2817 con-

488 2880 650 2917 serva
680 2878 786 2916 nos
810 2879 914 2933 per
937 2863 1190 2917 alternas
1217 2860 1440 2914 dierum
1471 2863 1529 2913 et
1553 2861 1887 2929 temporum
1914 2873 2131 2911 succes-

490 2957 713 3022 siones;
761 2959 822 3009 ut
871 2955 1052 3025 adjuti
1112 2957 1442 3008 sanctorum
1492 2951 1775 3023 precibus,
1829 2950 1925 3021 qui
1972 2949 2128 3003 diem

490 3050 642 3106 hunc
672 3066 778 3120 per
822 3065 1030 3103 munus
1067 3046 1479 3101 misericordias
1517 3048 1631 3098 tute
1672 3042 1956 3109 duximus,
1994 3058 2129 3097 noc-

488 3146 608 3197 tem
644 3159 875 3214 quoque
906 3142 1077 3196 istam
1118 3139 1392 3211 placitam
1418 3138 1523 3192 tibi
1555 3137 1885 3192 animarum
1913 3138 1971 3190 et
2004 3151 2129 3189 cor-

492 3253 697 3307 porum
727 3236 976 3307 puritate
999 3235 1293 3288 ducamus.
1324 3234 1434 3287 Per
1457 3231 1785 3286 Dominum.

492 3341 600 3393 VII.
649 3354 917 3394 INCIPIUNT
955 3353 1252 3390 ORATIONES
1302 3353 1369 3390 AD
1421 3349 1625 3389 INITIUM
1676 3348 1859 3389 NOCTIS
1910 3347 2130 3387 NATALIS

895 3424 1105 3462 DOMINI.
1142 3424 1257 3461 ISTA
1295 3424 1364 3462 AD
1404 3420 1738 3460 DUODECIMA.

566 3501 666 3557 Dei
696 3501 878 3556 Patris
923 3501 1339 3571 omnipotentis
1370 3500 1557 3553 vivum
1604 3498 1854 3551 Verbum
1902 3500 1978 3563 te,
2028 3497 2133 3549 Do-

492 3596 650 3650 mine
669 3597 799 3650 Jesu
819 3594 1061 3661 Christe,
1087 3594 1469 3665 deprecamur
1491 3595 1797 3657 mternum,
1827 3588 1906 3644 uti
1935 3605 2041 3643 nos
2071 3588 2129 3641 in

492 3690 604 3743 ﬁde
637 3690 717 3743 tui
736 3688 989 3743 nominis
1009 3688 1247 3743 robores
1272 3704 1375 3759 per
1399 3686 1519 3757 spei
1538 3682 2045 3756 perseverantiam,
2075 3685 2133 3735 et

491 3783 745 3837 caritatis
784 3782 1215 3848 excellentiam;
1259 3796 1543 3835 renovans
1587 3781 1787 3833 nostra
1821 3776 1880 3829 in
1924 3764 2133 3829 melius

492 3876 797 3941 desideria,
831 3879 894 3929 ut
923 3892 1154 3946 semper
1179 3874 1237 3928 in
1266 3875 1418 3929 bono
1461 3873 1916 3943 perseverantes,
1951 3872 2004 3922 te
2038 3867 2131 3937 pio

491 3986 661 4023 sensu
684 3969 1030 4040 intelligere,
1064 3972 1122 4023 et
1148 3969 1363 4023 mundo
1394 3967 1567 4022 corde
1592 3963 1789 4018 videre
1826 3962 2129 4033 possimus:

492 4063 589 4133 qui
617 4079 683 4115 ex
712 4064 875 4116 utero
905 4065 1039 4116 ante
1066 4062 1367 4116 luciferum
1402 4063 1644 4130 paterno
1672 4059 1841 4109 natus
1872 4054 2129 4108 ineffabi-

492 4155 641 4221 liter,
680 4156 828 4208 Deus
868 4155 938 4208 de
966 4157 1099 4221 Deo,
1136 4171 1281 4207 unus
1299 4154 1368 4206 de
1402 4167 1536 4217 uno,
1576 4151 1773 4202 lumen
1815 4148 1885 4201 de
1912 4146 2132 4200 lumine

493 4249 563 4302 de
582 4249 937 4319 sempiterno
956 4250 1121 4302 Patre
1141 4250 1459 4302 coaeternus
1481 4242 1671 4296 Filius.
1687 4244 1830 4297 Cum
1851 4256 1965 4311 quo
1988 4256 2135 4294 sem-

492 4358 598 4413 per
615 4346 672 4397 et
692 4342 908 4413 Spiritu
933 4345 1130 4396 sancto
1152 4341 1209 4394 in
1234 4336 1637 4408 splendoribus
1657 4337 1989 4388 sanctorum
2011 4331 2133 4387 sine

492 4436 775 4508 principio
802 4439 861 4489 et
882 4435 1005 4489 sine
1032 4434 1148 4487 ﬁne
1166 4446 1377 4500 regnas
1400 4432 1456 4482 et
1482 4442 1791 4499 permanes
1812 4427 1873 4481 in
1906 4412 2129 4480 saecula.

1053 4522 1306 4575 Collectio
1320 4521 1571 4585 sequitur.

557 4600 798 4656 Mirabili
853 4600 1059 4653 iterum
1117 4598 1483 4650 sacramento
1526 4592 1825 4648 nobiscum
1872 4593 2022 4647 Deus
2054 4592 2205 4667 abD

491 4694 714 4765 angelis
744 4691 1087 4747 Emmanuel
1116 4688 1467 4755 nominatus,
1501 4687 1671 4743 Filius
1715 4686 1984 4754 hominis,
2017 4686 2128 4740 hoc

491 4791 577 4841 est
603 4786 793 4840 Mariae
814 4783 1069 4855 virginis,
1097 4786 1257 4840 Iesus
1284 4783 1537 4838 nasceris
1564 4781 1621 4835 in
1644 4782 1887 4835 salutem
1931 4779 2130 4851 populi

492 4879 593 4944 tui;
616 4878 675 4932 in
706 4878 866 4949 cujus
893 4894 1138 4934 numero
1171 4895 1274 4933 nos
1304 4894 1427 4931 esse
1460 4876 1550 4948 pie
1576 4875 1817 4929 Domine
1846 4864 2129 4929 conoedas

491 4971 734 5039 Christe,
764 4972 926 5043 cujus
955 4973 1167 5027 Natalis
1194 4973 1442 5027 salutare
1465 4968 1807 5041 mysterium
1838 4967 2131 5022 celebran-

489 5069 595 5132 tes,
629 5065 688 5120 in
715 5066 899 5121 noctis
926 5066 1095 5138 hujus
1124 5082 1355 5136 magna;
1382 5063 1546 5117 initio
1566 5061 1852 5133 primitias
1895 5077 2129 5132 precum
2182 5067 2203 5076 ⁸

490 5158 605 5214 acsi
636 5160 963 5227 offerentes,
990 5176 1264 5230 rogamus
1291 5156 1374 5211 tui
1399 5155 1655 5210 nominis
1684 5155 1801 5208 vim
1837 5154 2128 5208 nascendo

492 5252 658 5309 nobis
689 5271 919 5326 quoque
954 5271 989 5308 a
1028 5249 1225 5326 338
1267 5253 1320 5303 te
1358 5248 1580 5314 donari,
1615 5248 1877 5304 Salvator
1904 5246 2126 5301 mundi.

494 5350 602 5416 Qui
632 5352 785 5407 vivis.

558 5482 583 5510 ⁸
636 5477 966 5536 Sacerdotes,
1018 5474 1074 5527 id
1116 5477 1199 5527 est
1239 5472 1574 5544 episcopos;
1619 5473 1872 5536 seniores,
1927 5468 1985 5522 id
2046 5472 2131 5544 est

491 5546 875 5626 presbyteros:
900 5546 1103 5626 supra,
1144 5545 1204 5599 in
1233 5542 1462 5626 Missali.
1483 5545 1853 5626 Francorum,
1882 5556 2041 5593 num.
2060 5542 2128 5623 ⁸8,

494 5612 590 5669 ubi
631 5612 701 5670 de
747 5612 1113 5671 ordinatione
1148 5614 1486 5689 presbyteri,
1514 5615 1705 5685 probet
1731 5628 1784 5669 se
1811 5625 1919 5668 esse
1953 5612 2128 5666 senio-

496 5703 626 5741 rem.

564 5758 592 5798 b
621 5755 901 5812 Nimirum
932 5759 1066 5828 quia
1088 5776 1267 5814 novus
1296 5774 1482 5813 annus
1514 5773 1547 5828 a
1578 5755 1672 5828 die
1702 5754 2002 5824 sequente,
2033 5750 2132 5805 sci-

448 5832 453 5837 ‘
495 5830 629 5884 licet
653 5846 687 5882 a
711 5829 898 5883 Natali
924 5826 1170 5896 Domini,
1200 5834 1335 5883 tunc
1370 5826 1701 5897 incipiebat.

564 5913 584 5940 ε
623 5899 891 5957 Scrutinii
916 5901 1069 5957 tertii
1093 5893 1225 5972 pars
1248 5903 1353 5971 est,
1383 5893 1539 5971 quod
1566 5895 1741 5952 ﬁebat
1768 5893 1906 5949 olim
1930 5895 2135 5967 quarta

2288 569 2363 623 Te
2418 583 2671 633 oramus,
2730 565 2967 622 Domine
3014 569 3208 621 sancte
3252 567 3423 620 Pater
3467 563 3879 637 omnipotens,

2221 670 2433 720 aeterne
2464 667 2632 733 Deus,
2663 665 2721 719 in
2748 665 2854 719 hac
2899 667 3067 719 nocte
3114 663 3333 718 Natalis
3355 662 3476 718 Filii
3502 662 3616 729 tui;
3653 663 3879 717 noctis-

2221 777 2334 830 que
2363 758 2570 814 media:
2593 762 2855 830 tempore
2896 758 2996 813 tibi
3021 759 3385 826 adsistentes,
3419 773 3775 829 quassamus,
3815 761 3881 811 ut

2221 852 2366 907 sicut
2393 852 2673 925 separasti
2698 853 2887 907 lucem
2929 869 2961 907 a
3008 852 3280 907 tenebris.
3326 893 3338 905 .
3377 893 3388 904 .
3435 892 3447 904 .
3495 892 3507 903 .
3554 892 3566 904 .
3614 892 3626 904 .
3674 892 3686 904 .
3737 892 3750 904 .
3800 891 3812 904 .
3863 890 3877 904 .

2224 988 2236 1000 .
2283 988 2295 1000 .
2341 988 2353 1000 .
2399 988 2410 1000 .
2458 988 2469 1000 .
2512 950 2582 1002 Et
2605 948 2691 1001 hic
2715 947 2908 1003 desunt
2930 946 3093 1013 rom.

2548 1050 2630 1103 1X.
2662 1066 2731 1105 an
2772 1064 3075 1106 rxcmnnvu
3107 1062 3128 1089 ο
3164 1063 3509 1104 SCRL‘TINIUM.

2224 1172 2236 1183 ο
2283 1171 2295 1182 0
2341 1171 2352 1182 ι
2400 1171 2411 1182 0
2457 1171 2469 1182 ο
2515 1170 2527 1183 0
2574 1171 2585 1182 0
2632 1170 2644 1182 0
2690 1170 2702 1182 0
2750 1170 2761 1183 ο
2809 1171 2821 1182 0
2877 1170 2888 1182 0
2945 1170 2957 1182 ι
3014 1171 3025 1182 0
3072 1170 3083 1182 0
3131 1170 3142 1182 ο
3190 1170 3201 1181 0
3248 1170 3260 1181 0
3307 1170 3318 1181 0
3365 1169 3377 1181 0
3425 1170 3436 1181 0
3482 1168 3494 1181 0
3544 1169 3555 1179 0
3603 1168 3615 1181 ο
3673 1169 3685 1181 0
3734 1169 3746 1180 0
3796 1169 3808 1180 0
3860 1169 3872 1180 ο

2222 1223 2296 1276 da
2323 1222 2402 1276 illi
2430 1221 2889 1277 misericordiam
2918 1224 3079 1276 tuam
3106 1225 3162 1275 et
3192 1222 3490 1293 pietatem,
3522 1237 3626 1291 per
3658 1221 3877 1275 lavacri

2221 1315 2748 1386 regenerationem,
2786 1316 3001 1387 perduc
3038 1331 3171 1369 eum
3220 1314 3294 1368 ad
3338 1314 3586 1385 gratiam
3638 1313 3878 1385 spirita-

2222 1411 2358 1476 lem,
2410 1412 2472 1463 ut
2517 1409 2817 1463 nobiscum
2868 1409 3084 1480 pariter
3128 1408 3229 1462 tibi
3266 1407 3509 1463 Domino
3550 1410 3667 1463 Deo
3714 1407 3878 1461 Patri

2223 1503 2609 1573 omnipotenti
2656 1503 2853 1558 laudes
2902 1505 2961 1556 et
2992 1502 3206 1573 gratias
3237 1503 3489 1556 referat:
3525 1501 3704 1556 induc
3737 1518 3877 1555 eum

2223 1598 2281 1652 in
2311 1597 2402 1651 via
2438 1597 2712 1663 veritatis,
2752 1596 2892 1651 doce
2933 1612 3068 1650 eum
3112 1596 3555 1667 justiﬁcationes
3582 1598 3733 1652 tuas.
3765 1596 3878 1650 Per

2222 1690 2559 1746 Dominum.

2709 1762 2768 1815 Χ.
2800 1776 2999 1818 INCIPIT
3038 1776 3396 1817 axoumsurs.

2144 1850 2202 1922 B
2295 1854 2662 1925 Adgrediord
2694 1858 2769 1921 te,
2804 1854 3267 1910 immundissime
3297 1855 3572 1909 damnate
3610 1854 3874 1926 spiritus,

2224 1949 2321 2020 qui
2373 1966 2432 2003 es
2480 1948 2832 2003 inveterator
2881 1948 3138 2016 malitia),
3196 1948 3467 2003 materies
3533 1948 3873 2014 criminum,

2224 2042 2387 2113 origo
2432 2042 2670 2113 peccati,
2722 2042 2818 2113 qui
2869 2042 3186 2111 fraudibus,
3241 2042 3575 2113 sacrilegiis,
3634 2042 3876 2113 stupris,

2225 2136 2474 2190 caedibus
2524 2135 2761 2206 gaudes.
2805 2137 2901 2203 Te,
2951 2136 3215 2191 invocato
3248 2136 3481 2191 Domini
3517 2135 3701 2190 nostri
3739 2137 3877 2191 Iesu

2225 2228 2431 2284 Christi
2462 2228 2721 2298 nomine,
2748 2229 2803 2283 in
2835 2246 2979 2283 o.....
3008 2247 3137 2284 mus
3165 2234 3221 2285 et
3246 2230 3580 2301 adjuramus
3604 2247 3712 2301 per
3728 2229 3880 2300 ejus-

2227 2324 2358 2377 dem
2387 2324 2753 2394 majestatem
2786 2322 2976 2394 adque
3006 2324 3296 2392 virtutem,
3321 2324 3652 2395 passionem
3682 2340 3751 2377 ac
3782 2341 3873 2377 re-

2227 2417 2658 2483 surrectionem,
2711 2417 3022 2471 adventum
3079 2417 3267 2489 adque
3315 2416 3630 2488 judicium;
3694 2421 3757 2470 ut
3815 2417 3875 2470 in

2228 2526 2590 2580 quacumque
2636 2514 2798 2581 parte
2844 2511 3242 2564 membrorum
3278 2510 3488 2577 latitas,
3530 2510 3769 2581 propria
3818 2514 3875 2563 te

2229 2603 2587 2658 confessione
2627 2603 2963 2659 manifestos
2998 2620 3010 2658 :
3042 2603 3477 2676 exagitatusque
3520 2603 3877 2675 spiritalibus

2226 2696 2422 2767 ﬂagris
2452 2696 2940 2768 invisibilibusquc
2989 2697 3313 2765 tormentis,
3350 2715 3447 2751 vas
3495 2698 3651 2768 quod
3703 2714 3877 2751 oceu-

2229 2807 2393 2861 passe
2421 2791 2690 2857 mstimas,
2719 2791 2925 2862 fugias,
2961 2791 3368 2862 expiatumque
3397 2794 3528 2862 post
3557 2790 3874 2844 habitatio-

2232 2900 2363 2939 nem
2396 2887 2555 2938 tuam
2584 2884 2827 2939 Domino
2850 2883 3238 2956 derelinquas.
3266 2883 3530 2949 Sufﬁciat
3545 2883 3702 2955 quod
3724 2883 3878 2955 prio-

2230 2977 2387 3031 ribus
2420 2977 2637 3032 szeculis
2668 2994 2772 3048 per
2803 2977 3107 3032 hominum
3141 2977 3317 3032 corda
3367 2994 3533 3049 paene
3584 2979 3704 3031 toto
3735 2977 3876 3031 orbe

2232 3070 2561 3125 dominatus
2615 3088 2692 3125 es.
2740 3072 2867 3126 Iam
2921 3071 2980 3124 in
3040 3068 3162 3125 dies
3232 3071 3490 3142 singulos
3558 3070 3881 3125 destruitur

2234 3167 2397 3218 tuum
2430 3181 2699 3235 regnum,
2733 3168 2948 3236 tuaque
2981 3165 3192 3220 cotidie
3224 3182 3403 3236 usque
3435 3165 3495 3218 in
3533 3164 3712 3219 ﬁnem
3762 3165 3880 3219 tela

2233 3256 2520 3312 deﬁciant.
2568 3259 2693 3312 Jam
2739 3257 2963 3329 pridem
3005 3258 3375 3329 prmﬁgurata
3409 3261 3539 3311 sunt
3584 3256 3693 3329 ista
3745 3274 3881 3329 qum

2231 3349 2463 3421 pateris.
2496 3351 2621 3404 Jam
2649 3354 2709 3403 tu
2739 3328 3430 3422 vastatus/Egjptiorum
3472 3328 3677 3422 plagis,
3707 3354 3770 3404 tu
3820 3351 3879 3404 in

2230 3443 2531 3497 Pharaone
2562 3443 2876 3511 demersus,
2913 3443 2969 3496 in
3008 3442 3232 3498 Hierico
3278 3444 3617 3509 destructus,
3654 3443 3713 3496 in
3742 3461 3878 3515 sep-

2232 3539 2349 3590 tem
2381 3536 2720 3599 Chananzeis
2760 3535 3027 3607 gentibus
3060 3540 3288 3604 stratus,
3323 3554 3426 3607 per
3461 3538 3785 3593 Sansoncm
3815 3537 3875 3591 in

2230 3628 2545 3699 Allophylis
2570 3628 2925 3698 subjugatus,
2956 3632 3251 3683 truncatus
3271 3629 3334 3682 in
3356 3630 3518 3684 Golia
3541 3647 3645 3701 per
3672 3630 3870 3697 David,

2232 3743 2335 3797 per
2359 3726 2719 3781 Mardoceum
2749 3726 2807 3779 in
2836 3728 3025 3781 Aman
3056 3744 3383 3798 suspensus,
3407 3744 3511 3798 per
3540 3727 3783 3782 Danihel
3816 3727 3874 3780 in

2234 3819 2619 3890 Beldejcctus,
2644 3819 2701 3872 in
2725 3820 2981 3874 Dracone
3008 3820 3259 3891 punitus,
3282 3837 3387 3892 per
3406 3820 3604 3875 Iudith
3624 3821 3685 3875 in
3708 3822 3876 3876 Holo-

2232 3914 2453 3985 pherne
2496 3914 2861 3981 transfossus,
2896 3929 3001 3985 per
3042 3914 3353 3968 Dominum
3385 3914 3657 3969 humanis
3685 3914 3872 3987 impe-

2234 4007 2332 4061 riis
2357 4006 2712 4078 subjugatus,
2741 4024 2846 4079 per
2864 4008 3106 4062 Paulum
3141 4011 3384 4063 cmcatus
3416 4008 3476 4062 in
3505 4009 3689 4079 Mago,
3714 4012 3878 4062 ustus

2235 4100 2292 4154 in
2310 4100 2524 4171 vipera,
2548 4117 2652 4171 per
2672 4102 2903 4155 Petrum
2930 4100 2987 4154 in
3013 4101 3250 4156 Simone
3278 4101 3594 4173 disruptus,
3616 4119 3722 4173 per
3750 4119 3880 4156 om-

2236 4210 2337 4248 nes
2386 4196 2613 4255 sanctos
2661 4194 2899 4264 fugaris,
2964 4194 3271 4265 torqueris,
3332 4194 3583 4258 elideris,
3639 4195 3878 4249 mternis

2234 4287 2464 4358 ignibus
2489 4290 2546 4340 et
2565 4286 2807 4341 infernis
2836 4288 3091 4342 tenebris
3134 4288 3460 4359 deputatus.
3490 4287 3653 4342 Unde
3680 4289 3873 4342 homi-

2236 4397 2371 4434 nem
2398 4380 2672 4435 Dominus
2929 4385 3124 4436 noster
3141 4383 3301 4435 Iesus
3327 4382 3583 4437 Christus
3602 4381 3661 4435 in
3684 4382 3875 4437 Adam

2235 4474 2488 4529 secundo
2509 4474 2646 4529 dum
2672 4474 2741 4529 de
2763 4478 2815 4529 te
2831 4474 3167 4546 triumphat,
3193 4474 3407 4530 eximit.
3429 4475 3712 4543 Abscede,
3740 4476 3871 4529 abs-

2229 4569 2366 4623 cede
2382 4584 2746 4640 quocumque
2762 4585 2842 4636 es,
2861 4572 2918 4622 et
2930 4584 3175 4639 corpora
3185 4570 3301 4623 Deo
3317 4567 3506 4622 dicata
3521 4584 3594 4621 ne
3616 4570 3867 4639 repetas.

2228 4662 2536 4718 lnterdicta
2564 4662 2677 4715 sint
2708 4661 2809 4715 tibi
2850 4662 2958 4716 ista
2986 4662 3043 4715 in
3074 4665 3372 4733 perpetuo.
3410 4663 3469 4714 In
3508 4661 3745 4715 nomine
3775 4664 3872 4715 Pa-

2228 4756 2330 4812 tris
2358 4759 2415 4810 et
2446 4755 2567 4810 Filii
2593 4758 2651 4810 et
2681 4755 2925 4826 Spiritus
2946 4754 3148 4821 sancti,
3184 4758 3244 4808 et
3268 4754 3326 4808 in
3351 4753 3537 4825 gloria
3564 4753 3871 4809 dominicae

2230 4850 2527 4922 passionis,
2570 4849 2729 4920 cujus
2766 4865 2968 4903 cruore
3008 4849 3319 4915 salvantur,
3357 4848 3516 4918 cujus
3552 4847 3872 4904 adventum

2231 4942 2553 5011 expectant,
2580 4936 2863 5009 judicium
2895 4937 3261 4992 conﬁtentur.
3290 4939 3399 4992 Per
3429 4936 3762 4992 Dominum.

2335 5050 2418 5103 ΧΙ.
2464 5063 2661 5104 INCIPIT
2685 5054 2705 5081 °
2748 5060 3033 5101 EXPOSITIO
3074 5062 3174 5101 νει
3211 5061 3461 5102 TBADITIO
3502 5060 3761 5102 SYDIBOLI.

2301 5156 2503 5211 Sermo
2549 5156 2607 5206 et
2640 5154 3074 5215 sacramentum
3119 5152 3293 5207 totius
3330 5151 3612 5224 Symboli,
3663 5153 3873 5207 fratres

2231 5246 2603 5313 dilectissimi,
2638 5246 2781 5299 ﬁdes
2835 5247 2922 5299 est
2964 5245 3276 5301 Christiani
3317 5245 3570 5301 hominis
3617 5248 3681 5300 et
3718 5246 3868 5299 vita:

2230 5343 2374 5397 ﬁdes
2394 5342 2455 5396 in
2476 5338 2768 5412 praesenti,
2796 5337 2911 5393 vita
2939 5337 2998 5393 in
3020 5340 3248 5409 futuro;
3277 5339 3419 5395 ﬁdes
3440 5339 3501 5395 in
3532 5339 3643 5406 via,
3676 5339 3794 5394 vita
3814 5339 3871 5393 in

2231 5467 2377 5521 feria
2404 5464 2587 5520 tertiae
2617 5464 3002 5519 hebdomadas
3025 5464 3517 5536 Quadragesimae.
3542 5463 3682 5519 Vide
3716 5464 3873 5520 Ordi-

2232 5554 2368 5592 nem
2400 5538 2748 5592 Romanum.

2301 5610 2329 5650 ἀ
2360 5609 2487 5663 Alia
2527 5608 2584 5662 in
2629 5607 2844 5664 Ordine
2878 5607 3144 5663 Romano
3180 5623 3193 5662 :
3235 5607 3406 5674 Audi,
3447 5605 3735 5662 maledicta
3774 5608 3872 5663 Sa.-

2234 5684 2363 5734 tana
2419 5683 2527 5735 etc.

2303 5758 2326 5786 °
2352 5722 2415 5805 In
2443 5750 2645 5806 ordine
2674 5750 2938 5805 Romano
2967 5748 3078 5803 alia
3108 5748 3312 5815 oratio,
3345 5752 3403 5802 et
3430 5746 3707 5818 praecedit
3727 5747 3877 5802 hanc

2235 5821 2653 5893 expositionem
2682 5819 2959 5893 expositio
2987 5820 3457 5892 Evangeliorum,
3488 5832 3614 5891 qua:
3643 5818 3739 5873 hic
3786 5834 3873 5873 se-

2237 5892 2454 5966 quitur.
