4014 6230
104 354 184 410 3ἱ9
1145 349 1230 406 DE
1270 348 1582 406 LITURGIA
1619 348 1993 405 GALLICANA
2028 347 2229 404 LIBER
2265 343 2354 402 Ill.
3314 344 3418 400 350

103 465 278 538 patria;
302 463 435 521 fides
462 463 521 520 in
551 482 671 539 spe,
696 465 810 523 vita
837 465 898 522 in
936 482 1026 535 re;
1057 467 1197 523 fides
1233 467 1292 522 in
1321 467 1540 539 praelio,
1572 466 1685 522 vita
1706 480 1765 555 Α
1785 480 1947 521 meus
1975 464 2232 535 dilectus,
2263 465 2325 520 in
2351 479 2464 537 quo
2502 462 2645 521 mihi
2670 464 2815 522 bene
2838 464 3197 539 complacuit,
3223 466 3415 541 ipsum

100 561 149 615 in
174 576 325 631 regno
352 576 367 615 :
393 560 529 616 ﬁdes
553 561 612 617 in
638 577 829 634 opere,
855 561 975 617 vita
998 561 1059 617 in
1087 561 1487 617 retributione.
1509 562 1584 618 Ac
1606 559 1684 616 sic
1783 559 1998 614 audite.
2016 561 2179 614 Pater
2202 558 2389 631 ipsum
2414 575 2535 616 esse
2554 560 2690 616 dicit
2711 561 2915 616 Filium
2933 578 3123 629 suum,
3144 565 3201 617 et
3224 562 3414 635 ipsum

99 655 181 726 qui
194 654 480 710 ﬁdemcum
493 657 760 728 operibus
776 657 1042 712 habuerit
1063 656 1123 711 in
1138 657 1244 711 hoc
1259 656 1487 725 saeculo,
1507 655 1683 710 vitam
1781 653 1977 708 audire
2000 653 2198 724 jubet;
2228 654 2355 725 quis
2392 658 2479 709 est
2520 656 2617 727 qui
2660 658 2834 726 neget
2860 671 2979 710 esse
3011 672 3228 726 verum,
3258 658 3413 730 quod

98 762 326 810 aeternam
350 755 579 827 recipiet
618 757 677 811 in
711 756 905 812 futuro
933 771 948 811 :
979 760 1036 812 et
1061 756 1189 811 ideo
1216 755 1407 810 statim
1432 754 1491 809 in
1516 754 1680 825 prin-

98 849 218 921 cipio
249 849 480 920 Symboli
519 850 691 906 habet
720 866 734 906 :
764 852 932 909 Credo
959 853 1019 907 in
1055 854 1221 907 Deum
1248 869 1263 917 ;
1302 854 1357 904 et
1392 851 1583 920 postea
1620 848 1680 902 in

97 938 407 995 conclusione
446 940 700 1011 Symboli
737 960 754 996 :
789 943 975 997 Vitam
1009 945 1281 995 mternam.
1319 939 1406 993 Sic
1431 953 1569 1009 ergo
1597 941 1682 993 est

98 1032 377 1103 Symbolun,
421 1033 790 1101 dilectissimi,
818 1034 978 1105 quasi
1016 1033 1471 1105 pulcherrimum
1497 1031 1677 1086 aediﬁ-

98 1127 217 1181 cium
238 1127 369 1182 bene
395 1131 645 1199 emptum
663 1145 679 1196 ;
699 1128 862 1199 cujus
884 1132 939 1182 et
957 1128 1353 1183 ﬁrmissimum
1377 1131 1461 1181 est
1478 1125 1679 1181 funda~

96 1224 327 1289 mentum,
356 1226 411 1274 et
441 1220 764 1276 immortale
798 1221 1115 1292 fastigium,
1142 1237 1274 1276 cum
1312 1219 1372 1275 in
1398 1219 1677 1291 principio

95 1314 257 1368 habeat
288 1315 491 1383 Deum’,
532 1319 589 1371 et
624 1315 685 1370 in
720 1315 834 1371 ﬁne
865 1315 1040 1370 vitam
1075 1318 1366 1370 aeternam.
1411 1314 1558 1369 Deus
1596 1317 1678 1369 est

93 1409 499 1473 fundamentum,
529 1413 587 1464 et
613 1410 727 1464 vita
754 1413 968 1464 caterua
990 1409 1302 1480 fastigium.
1336 1408 1518 1475 Fides,
1557 1408 1673 1463 fra-

92 1508 177 1556 tres
198 1503 473 1572 carissimi,
515 1504 646 1558 vitae
687 1503 918 1571 ostium,
945 1503 1050 1558 vice
1086 1502 1452 1574 principium,
1481 1500 1675 1556 salutis
1700 1546 1713 1557 .

92 1601 152 1649 est
168 1596 606 1651 fundamentum.
634 1597 742 1662 Qui
777 1597 966 1652 divina
995 1596 1263 1668 mysteria
1305 1595 1676 1667 intelligendo

90 1706 132 1744 se
162 1689 326 1761 magis
357 1706 558 1761 capere
602 1690 845 1745 aestimat
885 1707 1059 1762 quam
1091 1689 1394 1760 credendo,
1417 1688 1494 1743 sic
1520 1689 1671 1757 facit,

89 1783 324 1854 quomodo
342 1784 387 1837 si
406 1783 634 1855 aliquis,
657 1784 854 1840 relicta
880 1784 985 1851 via,
1009 1787 1164 1855 petat
1182 1783 1427 1853 devium,
1448 1784 1535 1838 vel
1554 1782 1673 1838 sine

96 1834 247 1854 Γ*
266 1834 315 1837 ’ἡ
344 1834 387 1837 “
409 1834 634 1855 ““²*“⁷
660 1834 867 1889 ’”“’”“,
892 1834 985 1888 ’“ἶ²
1010 1834 1163 1855 τ”“’
1186 1834 1247 1838 ““
1463 1834 1535 1887 '."
1555 1834 1669 1838 'm'
1773 1834 2135 1901 superveniet
2162 1834 2221 1884 in
2240 1834 2316 1900 te,

89 1877 406 1932 fundamento
440 1881 734 1933 construat
765 1877 1087 1947 editicium,
1130 1877 1217 1932 vel
1255 1893 1358 1948 per
1386 1876 1669 1947 objectum
1692 1856 1749 1929 Β
1772 1923 1966 1948 ,ΜΛΔ
2016 1939 2146 1948 MM
2198 1940 2316 1948 MM

89 1971 583 2043 parietemfrequirat
602 1971 945 2042 ingressum.
965 1971 1365 2026 Adhibendum
1384 1973 1468 2025 est
1481 1970 1672 2042 itaque

90 2062 376 2119 credulitatis
392 2064 617 2121 salubre
641 2065 1065 2137 compendium,
1087 2064 1188 2120 ubi
1208 2062 1490 2119 imbecilla
1509 2079 1671 2119 mens

89 2178 244 2232 capere
278 2179 388 2218 non
432 2168 624 2234 potest
662 2163 885 2219 caeleste
938 2166 1239 2219 secretum.
1292 2164 1492 2217 Totum
1533 2178 1669 2235 ergo

88 2251 373 2307 credulitatis
397 2253 645 2324 pectoris
670 2253 859 2307 sinum
887 2252 959 2307 ad
981 2252 1165 2307 vitalis
1185 2251 1451 2307 carminis
1463 2267 1670 2323 expan-

89 2345 241 2399 damus
262 2346 576 2414 oraculum,
608 2347 761 2418 quod
785 2347 865 2401 ita
891 2346 1094 2418 incipit
1123 2364 1137 2400 :

136 2438 280 2495 Credo
307 2439 363 2495 in
378 2442 562 2495 Deum
586 2442 814 2496 Patrem
850 2440 1320 2512 omnipotentbm,
1341 2439 1669 2495 Creatorem

90 2533 177 2586 cali
192 2539 238 2587 et
265 2538 444 2589 terrae.
489 2526 672 2589 Crédo
698 2538 755 2589 et
794 2534 854 2588 in
892 2536 1084 2591 Jesum
1122 2533 1432 2602 Christum,
1459 2532 1669 2587 Filium

88 2622 175 2690 ejus
193 2622 543 2693 unigenitum
568 2622 1002 2694 sempiternum.
1034 2622 1140 2687 Qui
1166 2626 1471 2696 conceptus
1490 2627 1574 2678 est
1598 2623 1668 2678 de

85 2714 248 2784 Spiritu
270 2720 475 2783 sancto,
504 2723 676 2772 natus
703 2721 788 2772 est
817 2717 886 2772 de
911 2718 1081 2773 Maria
1094 2717 1339 2788 virgine.
1369 2718 1567 2771 Passus
1583 2720 1668 2772 est

85 2807 160 2861 sub
183 2810 356 2864 Pontio
383 2810 604 2879 Pilato;
644 2810 964 2878 cruciﬁxus,
1002 2815 1262 2865 mortuus
1298 2813 1354 2866 et
1388 2811 1662 2882 sepultus.

86 2902 326 2957 Descendit
360 2904 430 2958 ad
468 2904 715 2960 inferna.
755 2904 942 2959 Tertia
981 2904 1071 2960 die
1112 2902 1481 2959 resurrexita
1508 2921 1664 2958 mor-

85 2994 179 3057 tuis,
200 2996 434 3052 ascendit
459 2998 536 3052 ad
564 2997 751 3053 czclos.
780 2998 934 3053 Sedit
952 2998 1024 3053 ad
1044 2997 1335 3053 dexteram
1364 2996 1461 3053 Dei
1485 2997 1664 3051 Patris

46 3086 47 3149 ἐ
83 3088 445 3159 omnipotentis.
473 3090 612 3147 Inde
647 3097 921 3147 venturus
941 3091 1203 3162 judicare
1230 3091 1382 3147 vivos
1420 3096 1478 3147 et
1503 3108 1662 3147 mor-

84 3188 188 3236 tuos.
210 3184 376 3239 Credo
394 3185 454 3239 in
477 3190 742 3240 sanctum
761 3185 1064 3257 Spiritum;
1085 3188 1337 3240 sanctam
1358 3185 1661 3240 Ecclesiam

1782 748 1984 803 veritas
2011 747 2185 802 dicit?
2213 748 2503 820 Sequitur.

1855 869 2020 928 Credo
2049 873 2099 925 et
2128 871 2183 924 in
2210 873 2379 926 Iesum
2407 871 2674 928 Christum
2708 873 2903 928 Filium
2941 871 3052 940 ejus
3077 874 3413 943 unigenitum

1777 966 2175 1033 sempitemum.
2194 966 2338 1019 Iesus
2358 963 2606 1019 hebraici
2632 964 2885 1019 vocabuli
2902 982 3115 1021 nomen
3134 970 3236 1035 est,
3259 964 3413 1037 quod

1778 1060 1919 1128 aput
1954 1073 2057 1111 nos
2094 1058 2345 1112 Salvator
2378 1057 2602 1113 dicitur.
2637 1060 2880 1116 Christus
2921 1076 2953 1113 a
2993 1058 3314 1127 chrismate,
3352 1057 3411 1113 id

1778 1154 1861 1204 est
1889 1150 1958 1205 ab
1989 1150 2253 1206 unctione
2279 1151 2621 1223 appellatur.
2656 1155 3017 1222 Unigenitum,
3046 1152 3250 1225 inquit.
3284 1151 3412 1207 Uni-

1778 1260 1875 1299 cus
1904 1248 1988 1301 est
2013 1261 2260 1318 namque
2294 1244 2446 1300 Patri
2484 1244 2759 1314 Christus,
2787 1249 2853 1300 ut
2880 1246 3145 1318 splendor
3172 1244 3313 1318 igni,
3346 1247 3412 1300 ut

1777 1338 1911 1393 forti
1936 1338 2133 1407 virtus,
2162 1343 2227 1393 ut
2254 1338 2525 1409 sapientia
2551 1338 2815 1409 sapienti.

1850 1457 2160 1526 Conceptus,
2192 1455 2399 1527 inquit,
2431 1457 2497 1511 de
2523 1457 2735 1527 Spiritu
2769 1460 2973 1511 sancto.
3001 1456 3241 1527 Spiritus
3269 1472 3406 1527 ergo

1776 1552 2002 1603 sanctus
2025 1548 2270 1604 refertur
2298 1550 2597 1604 dominica:
2628 1550 2811 1604 carnis
2846 1553 2902 1604 et
2937 1550 3133 1621 templi
3172 1554 3407 1605 creator.

1777 1641 1963 1713 Incipe
1981 1642 2101 1713 jam
2131 1642 2263 1697 hinc
2294 1642 2609 1715 intelligere
2638 1648 2790 1698 etam
2821 1644 2997 1698 sancti
3026 1643 3267 1715 Spiritus
3294 1660 3410 1698 ma-

1766 1735 2055 1806 jestatem.
2085 1736 2172 1793 Sic
2199 1736 2354 1791 enim
2380 1736 2459 1791 ait
2484 1736 2855 1809 Evangelium
2882 1753 2895 1791 :
2918 1737 3157 1808 Spiritus
3185 1740 3410 1792 sanctus

2333 1835 2390 1886 et
2408 1830 2585 1885 virtus
2602 1830 2869 1886 Altissimi
2900 1830 3265 1886 obumbrabit
3281 1830 3405 1886 tibi.

1772 1923 1967 1979 Videte
2011 1939 2150 1996 ergo
2194 1928 2593 1996 cooperantem
2633 1924 2741 1979 sibi
2779 1924 3021 1980 invicem
3056 1924 3407 1980 Trinitatem.

1771 2016 2010 2089 Spiritus
2044 2022 2269 2073 sanctus
2309 2017 2501 2073 venire
2541 2017 2750 2073 dicitur
2794 2035 2966 2090 super
2994 2018 3322 2093 Virginem;
3354 2022 3412 2073 et

1772 2110 1947 2166 virtus
1972 2112 2280 2166 Altissimia
2312 2153 2326 2181 ,
2362 2111 2473 2166 nisi
2514 2111 2632 2183 ipse
2665 2110 2849 2185 341
2891 2112 3168 2181 Christus,
3198 2112 3295 2183 qui
3326 2115 3411 2167 est

1772 2204 1868 2260 Dei
1900 2205 2088 2261 Virtus
2113 2209 2170 2260 et
2193 2205 2296 2260 Dei
2321 2206 2648 2277 Sapientia?
2672 2207 2794 2261 iam
2807 2206 2931 2276 jam
2961 2206 3009 2261 si
3022 2206 3260 2276 jubetis,
3283 2206 3408 2260 haec

1768 2313 1897 2370 qua:
1926 2298 2073 2353 dicta
2098 2302 2249 2361 sunt.
2277 2298 2498 2354 caritati
2526 2304 2725 2356 vestra:
2756 2298 3073 2369 sufﬁciant;
3093 2302 3151 2354 et
3175 2298 3265 2354 die
3286 2314 3403 2353 cra-

1768 2392 1933 2459 stina,
1973 2392 2286 2447 secundum
2329 2397 2581 2448 sanctam
2626 2392 3097 2449 consuetudinem
3139 2397 3404 2461 vestram,

1768 2500 1871 2556 per
1896 2485 2277 2540 ministerium
2300 2486 2544 2541 fratrum
2580 2490 2907 2542 nostrorum
2938 2502 3005 2542 ea
3030 2502 3157 2560 quae
3187 2489 3408 2542 restant

1767 2578 2046 2634 maturius
2073 2579 2331 2634 audietis.
2360 2580 2523 2645 Quod
2546 2579 2677 2652 ipsi.

1839 2694 2033 2754 Natus,
2062 2690 2267 2763 inquit,
2304 2692 2370 2746 de
2403 2693 2588 2748 Maria
2617 2694 2858 2762 virgine;
2899 2698 3176 2764 conceptus
3215 2698 3292 2750 est
3337 2694 3405 2749 de

1764 2786 1976 2854 Spiritu
2019 2790 2240 2850 sancto;
2265 2801 2458 2855 passus
2500 2787 2599 2841 sub
2638 2789 2830 2842 Pontio
2871 2788 3071 2843 Pilato.
3123 2787 3400 2859 Require-

1766 2893 1914 2947 mus,
1954 2876 2322 2947 dilectissimi,
2361 2895 2463 2934 cur
2504 2880 2756 2951 Symboli
2789 2881 3107 2936 conditores
3142 2897 3399 2936 necessa-

1766 2972 1917 3026 rium
1935 2972 2286 3042 judicarunt,
2308 2976 2373 3027 ut
2398 2973 2573 3044 ipsius
2597 2974 2767 3028 etiam
2786 2973 2950 3029 Pilati
2968 2990 3179 3029 nomen
3194 2975 3404 3030 insere-

1766 3068 1913 3120 rent.
1933 3065 2059 3119 ldeo
2087 3065 2301 3136 utique,
2317 3066 2449 3136 quia
2464 3066 2793 3122 Antichristi
2824 3068 2989 3124 multi
3014 3068 3192 3124 futuri
3216 3074 3398 3136 erant,

1764 3163 1829 3213 ut
1862 3158 2018 3212 nulla
2057 3158 2291 3212 haeresis
2320 3160 2608 3215 Christum
2648 3161 2824 3215 alium
2854 3178 2973 3217 esse
3004 3162 3235 3230 diceret,
3266 3179 3397 3216 cum

83 3236 375 3344 (ᾙὼοιὲαςιᾙ,
391 3236 932 3351 ἑξδέευειοξηω
955 3236 1435 3349 εοῐξιωηηίοηρωὶ
1457 3278 1659 3334 Γθωίε,
1682 3236 1736 3310 C
1761 3268 1942 3306 unum
1968 3252 2164 3324 utique
2193 3268 2313 3307 esse
2339 3257 2637 3321 constaret,
2654 3271 2825 3326 quem
2846 3256 2951 3310 sub
2969 3255 3149 3310 Pilato
3170 3272 3398 3337 passum

84 3369 250 3426 sionem
282 3376 675 3444 peccatorum;
708 3372 890 3427 carnis
937 3372 1411 3428 resurrectionem
1428 3391 1445 3443 ;
1491 3373 1666 3428 vitam

84 3468 320 3520 :rlernam.
348 3468 556 3523 Amen.

131 3546 449 3631 Symbolum,
480 3560 689 3615 fratres
726 3559 1021 3630 carissimi,
1052 3576 1168 3615 non
1198 3560 1257 3615 in
1295 3560 1500 3615 tabulis
1536 3560 1667 3615 scri-

79 3648 209 3721 bitur,
235 3653 323 3707 sed
346 3654 404 3708 in
446 3653 620 3708 corde
649 3658 977 3726 susceptum
1000 3654 1331 3710 memoriter
1365 3653 1661 3709 retinetur.

80 3743 123 3797 Et
147 3745 250 3801 ideo
269 3746 425 3817 juvat
449 3748 683 3815 iterare,
712 3748 863 3821 quod
892 3764 1212 3821 numquam
1237 3748 1499 3803 convenit
1528 3747 1671 3803 obli~

78 3853 194 3893 ἤδει.

130 3934 267 3989 Credo
292 3938 346 3989 in
372 3940 543 3992 Deum
570 3939 785 3992 Patrem
814 3938 1245 4008 omnipotentem.
1268 3936 1423 3991 Sicut
1451 3934 1665 4007 optime

78 4032 191 4086 novit
213 4034 401 4089 caritas
434 4039 646 4103 vestra,
696 4034 992 4104 carissimi,
1021 4034 1160 4091 fides
1189 4034 1445 4090 omnium
1482 4034 1665 4089 Chris-

78 4122 310 4181 tianorum
345 4128 405 4182 in
449 4128 727 4183 Trinitate
767 4128 1055 4198 consistit;
1096 4133 1151 4183 et
1180 4128 1308 4184 ideo
1347 4127 1519 4182 etiam
1556 4133 1665 4183 ter-

79 4215 183 4271 tium
217 4221 360 4275 vobis
400 4225 625 4278 textum
661 4222 913 4294 Symboli
952 4222 1284 4294 repetimus,
1311 4226 1377 4277 ut
1405 4221 1524 4293 ipse
1563 4237 1666 4275 nu-

80 4320 225 4361 merus
269 4309 640 4381 rapetitionis,
687 4311 746 4366 in
796 4311 958 4382 signo
1009 4311 1306 4365 conveniat
1354 4309 1662 4365 Trinitatis.

81 4400 204 4454 Credo
245 4406 298 4457 in
337 4408 507 4461 Deum
550 4407 768 4461 Patrem
812 4407 1246 4474 omnipotentem.
1308 4403 1662 4476 Symbolum,

81 4490 232 4548 fratres
269 4498 562 4567 carissimi,
591 4498 744 4569 quod
779 4497 1033 4569 audistis,
1074 4502 1259 4553 totum
1299 4514 1395 4553 vos
1428 4498 1489 4552 in
1514 4496 1667 4552 auris

80 4584 283 4684 auditum
317 4592 648 4661 convertite,
687 4596 753 4647 ut
794 4607 988 4646 semen
1024 4590 1181 4645 verbi
1219 4595 1443 4684 paratos
1480 4591 1663 4684 sulcos
1683 4610 1740 4684 D

80 4670 293 4746 inveniat,
328 4680 534 4751 quibus
573 4679 874 4736 salubriter
910 4680 1182 4747 insidens,
1214 4683 1272 4735 et
1309 4679 1524 4734 radices
1554 4679 1663 4733 for-

79 4764 175 4819 titer
200 4768 379 4843 figere,
411 4778 469 4828 et
505 4777 760 4844 tempore
789 4773 1177 4828 retributionis
1201 4772 1404 4827 uberes
1424 4772 1661 4844 justitiae

79 4856 243 4914 fructus
258 4866 423 4934 possit
448 4866 675 4922 afferre.
712 4866 801 4922 Sic
830 4882 968 4938 ergo
994 4866 1165 4921 habet
1190 4865 1487 4920 exordium
1508 4866 1663 4937 Sym—

78 4947 159 5005 boli
184 4972 195 5008 :
221 4959 377 5014 Credo
426 4963 486 5015 in
528 4965 695 5017 Deum
746 4961 962 5015 Patrem
1012 4963 1442 5031 omnipotentem.
1494 4962 1661 5014 Deum

79 5058 172 5099 Cum
210 5052 377 5121 audis,
431 5053 808 5110 substantiam
850 5052 1109 5124 intellige
1156 5051 1277 5108 sine
1312 5052 1496 5120 initio,
1540 5052 1661 5106 sine

79 5136 175 5194 ﬁne.
206 5145 405 5202 Patrem
430 5164 566 5203 cum
598 5147 778 5217 audis,
820 5146 944 5201 Filii
985 5145 1239 5218 intellige
1268 5148 1515 5201 Patrem.
1546 5146 1660 5200 Hoc

79 5244 178 5301 ergo
207 5236 317 5308 ipso
350 5241 583 5296 nomine
612 5240 765 5313 quod
790 5241 937 5294 Deus
964 5241 1127 5294 Pater
1159 5238 1497 5310 appellatur,
1527 5254 1660 5293 cum

80 5326 196 5384 Patre
226 5332 428 5402 parlter
463 5334 766 5390 subsistere
801 5333 975 5388 etiam
1003 5331 1177 5386 Filius
1211 5332 1655 5387 demonstratur.

79 5418 310 5479 Quomodo
333 5442 469 5481 sane
495 5429 638 5483 Deus
669 5428 832 5482 Pater
863 5425 1126 5498 genuerit
1153 5425 1377 5494 Filium,
1410 5424 1539 5479 nolo
1569 5423 1656 5479 di-

80 5513 251 5571 scutias.
297 5519 619 5575 Credendus
666 5523 752 5575 est
794 5536 931 5590 ergo
972 5519 1120 5573 Deus
1151 5534 1270 5573 esse
1298 5519 1464 5572 Pater
1503 5516 1658 5571 unici

81 5599 171 5658 Filii
204 5610 280 5663 sui
315 5611 541 5667 Domini
581 5613 794 5682 nostri;
843 5629 960 5668 non
1008 5610 1417 5668 discutiendus.
1467 5611 1657 5681 Neque

80 5696 191 5753 enim
222 5700 295 5757 fas
326 5709 409 5760 est
442 5722 600 5761 servo
638 5706 707 5762 de
750 5706 1031 5762 natalibus
1078 5705 1302 5761 Domini
1344 5704 1652 5777 disputare.

79 5786 370 5852 Conteslatus
396 5803 481 5854 est
507 5801 669 5856 Pater
700 5801 770 5856 de
797 5801 949 5856 ctelis
977 5800 1169 5856 dicens
1200 5816 1212 5854 :
1247 5799 1344 5854 llic
1374 5801 1457 5853 est
1484 5796 1656 5851 Filius

1764 3345 2097 3417 Symbolum
2127 3346 2465 3401 tradidisset.
2498 3350 2814 3417 Cruciﬁarus,
2847 3354 3108 3412 mortuus,
3139 3354 3190 3405 et
3216 3351 3398 3420 sepul-

1766 3444 1870 3503 tus,
1900 3442 2063 3494 tertia
2087 3440 2175 3494 die
2195 3443 2512 3495 resurrexit.
2536 3442 2615 3496 De
2640 3440 2940 3497 manifesta
2966 3448 3023 3498 et
3047 3443 3346 3515 reprobata
3370 3460 3403 3497 a

1764 3531 1960 3588 multis
1980 3533 2208 3588 Domini
2222 3534 2633 3589 resurrectione
2648 3535 2780 3590 licet
2796 3535 3215 3591 evidentissima
3229 3539 3404 3592 Evan—

1767 3626 1913 3697 gelia
1936 3629 2137 3681 testata
2169 3627 2300 3694 sint,
2330 3631 2521 3682 tamen
2549 3627 2719 3682 etiam
2751 3630 3050 3699 Apostolus
3075 3630 3404 3700 praedicavit

1765 3719 1954 3775 dicens
1978 3721 2351 3776 resurrexisse
2388 3721 2457 3775 ab
2500 3720 2696 3776 inferis
2720 3721 3067 3776 Salvatorem
3094 3723 3185 3777 die
3211 3723 3393 3777 tertia.

1765 3813 1839 3883 (Si
1869 3829 1934 3868 ea
1975 3814 2066 3869 die
2111 3831 2222 3885 qua
2261 3818 2521 3870 mortuus
2559 3820 2664 3883 est,
2703 3816 2792 3870 vel
2833 3820 2997 3870 nocte
3032 3831 3162 3887 quae
3212 3819 3403 3870 secuta

1766 3911 1870 3976 est,
1900 3906 2089 3961 statim
2130 3910 2546 3977 resurrexisset,
2583 3909 2677 3964 vix
2711 3925 2845 3964 eum
2888 3908 3062 3981 aliqui
3107 3909 3404 3964 crederent

1763 4016 1894 4056 vere
1920 3999 2091 4055 fuisse
2118 4000 2469 4057 defunctum.
2495 4003 2657 4059 Vides
2674 4003 2808 4076 quia
2825 4002 3179 4059 confirmatio
3202 4003 3405 4057 mortis

1765 4096 1849 4148 est
1871 4092 2062 4147 dilatio
2086 4096 2542 4165 resurrectionis;
2572 4101 2628 4152 et
2654 4114 2684 4153 e
2720 4097 2999 4153 contrario
3027 4096 3227 4152 mortis
3249 4096 3400 4152 veri-

1764 4192 1848 4241 tas
1863 4186 2098 4241 rationis
2118 4188 2422 4243 auctoritas
2441 4194 2544 4245 est.
2569 4191 2683 4245 Nisi
2705 4192 2856 4247 enim
2877 4208 3223 4265 quemquam
3244 4192 3404 4263 prius

1765 4280 2075 4336 ostenderis
2116 4280 2471 4349 inclinatum,
2506 4299 2621 4337 non
2661 4286 2943 4341 convincis
2966 4290 3258 4355 erectum;
3290 4293 3346 4342 et
3371 4304 3403 4343 e

1766 4377 1959 4429 contra
1971 4373 2132 4429 facile
2148 4375 2418 4445 probabis
2436 4376 2497 4430 in
2517 4393 2719 4432 somno
2736 4379 2910 4434 fuisse
2926 4380 3258 4450 resolutum,
3271 4398 3403 4436 cum

1766 4468 2023 4523 docueris
2050 4467 2427 4539 suscitatum.)
2457 4470 2525 4525 Et
2553 4470 2685 4541 quia
2709 4472 2860 4525 visus
2888 4478 2970 4527 est
2995 4475 3163 4545 Cefas,
3192 4478 3248 4529 et
3276 4479 3404 4546 post

1766 4561 1888 4616 haec
1916 4560 2022 4615 illis
2045 4561 2329 4630 undecim,
2363 4562 2566 4617 deinde
2604 4563 2755 4618 visus
2790 4568 2873 4619 est
2898 4566 3200 4638 plusquam
3230 4568 3397 4640 quin-

1765 4653 1949 4726 gentis
1971 4653 2237 4709 fratribus
2264 4653 2454 4709 simul.
2481 4655 2525 4710 O
2546 4656 2751 4711 miram
2776 4656 3003 4711 Domini
3021 4664 3077 4713 et
3100 4660 3403 4716 inaestima-

1760 4747 1930 4803 bilem
1973 4747 2276 4819 pietatem!
2306 4750 2512 4802 Parum
2548 4750 2620 4804 ad
2657 4749 3111 4805 confirmandum
3138 4754 3400 4809 Ecclesia:

1762 4842 1932 4897 ﬁdem
1948 4842 2305 4910 existimavit,
2325 4842 2479 4914 quod
2494 4857 2627 4897 eum
2646 4847 2773 4913 post
2787 4844 3263 4901 resurrectionem
3283 4864 3400 4901 om-

1760 4952 1861 4991 nes
1885 4935 2121 5008 apostoli
2149 4935 2426 5006 viderant,
2458 4936 2569 4990 nisi
2596 4936 2903 4991 videndum
2930 4951 2989 4990 se
3017 4937 3188 4991 etiam
3217 4941 3399 4995 turbis

1761 5029 2110 5084 adstantibus
2135 5029 2493 5100 praebuisset.
2517 5029 2784 5103 Sequitur
2807 5033 3000 5085 autem
3019 5029 3078 5085 in
3097 5031 3391 5103 Symbolo:

1832 5141 2089 5196 Ascendit
2130 5142 2206 5197 ad
2247 5131 2429 5209 caelos;
2471 5143 2610 5199 sedit
2649 5144 2725 5198 ad
2770 5144 3049 5199 dexteram
3086 5146 3184 5199 Dei
3216 5146 3398 5201 Patris

1759 5236 2153 5305 omnipotentis.
2182 5236 2302 5290 Non
2328 5237 2700 5309 corporaliter
2718 5236 2809 5293 hic
2837 5238 2935 5293 Dei
2966 5237 3196 5293 dextera
3220 5242 3401 5293 osten-

1760 5326 1932 5397 ditur,
1962 5326 2329 5397 dilectissimi,
2357 5330 2491 5402 quia
2530 5331 2720 5386 divina
2745 5332 2999 5403 Majestas
3041 5349 3155 5387 non
3196 5349 3395 5388 secun-

1759 5419 1895 5475 dum
1925 5420 2239 5476 humanam
2286 5423 2530 5495 speciem
2566 5425 2897 5496 designatur
2923 5426 3138 5482 sedere.
3172 5428 3300 5483 Ideo
3329 5424 3400 5481 ad

1758 5513 2046 5569 dexteram
2078 5514 2259 5570 Patris
2289 5516 2462 5572 Filius
2478 5517 2703 5585 dicitur,
2734 5518 2866 5590 quia
2891 5518 2950 5574 in
2982 5536 3048 5575 eo
3074 5521 3233 5575 nulla
3259 5519 3395 5575 sini-

1757 5608 1978 5661 steritas
2000 5606 2305 5664 invenitur.
2324 5610 2465 5665 Cum
2488 5612 2643 5667 enim
2662 5612 2720 5666 in
2743 5611 3049 5684 Scripturis
3069 5615 3240 5669 sacris
3260 5631 3402 5669 sem—

1756 5717 1859 5771 per
1886 5702 2038 5773 quod
2076 5701 2373 5757 dexterum
2411 5708 2495 5759 est
2536 5706 2606 5761 ad
2641 5706 2899 5776 meliora,
2929 5707 3080 5778 quod
3109 5707 3400 5762 sinistrum

1756 5794 1822 5850 ad
1855 5793 2133 5849 deteriora
2150 5795 2453 5869 pertineat,
2483 5798 2691 5854 idcirco
2725 5798 2785 5854 in
2810 5800 2921 5854 Deo
2951 5800 3291 5871 dextera,!id
3320 5803 3403 5854 est

136 5922 153 5948 ³
179 5915 385 5992 supple,
413 5922 751 5981 obumbrabit
786 5926 905 5981 tibi.
939 5925 1065 5995 Qua:
1091 5930 1169 5981 est
1205 5925 1378 5979 virtus
1408 5904 1701 5991 Altissimi,
1730 5920 1856 5982 nisi,
1894 5920 2002 5972 etc.
