4014 6230
567 343 657 400 351
1361 342 1688 399 .tl’PEN‘DlX
1728 343 1815 396 AD
1852 342 2073 397 OPERA
2113 339 2344 395 SANCTI
2383 339 2680 396 GERMANI
2723 341 3149 399 PARISIENSIS.
3859 335 3950 392 flii?

560 453 711 511 bona
734 452 896 520 sunt;
917 449 1018 509 ubi
1045 450 1291 520 sinistra,
1314 452 1372 508 id
1400 455 1485 508 est
1514 451 1662 506 mala
1688 465 1996 522 possumus
2022 450 2199 522 suspi-
2221 459 2280 533 Α
2299 429 2490 504 nistris
2540 449 2710 506 illius.
2771 451 2857 505 Ilii
2913 454 3159 523 quatuor
3222 448 3323 507 has
3373 445 3586 522 ﬁguras
3640 442 3951 516 habentes,

563 563 713 605 care.

633 641 784 705 Inde,
810 640 1018 713 inquit,
1045 645 1301 697 venturus
1309 639 1562 708 judicare
1586 641 1734 694 vivos
1760 642 1811 694 et
1839 644 2091 695 mortuos.

639 735 806 793 Credo
836 737 895 790 in
920 739 1164 789 sanctum
1183 735 1468 803 Spiritum.
1493 732 1576 786 Ad
1605 733 1954 788 excludenda
1981 732 2204 788 haereti-

563 845 762 886 corum
791 827 1049 883 omnium
1079 826 1400 882 calamitosa
1438 829 1778 893 commenta,
1807 827 2007 882 eodem
2032 825 2203 880 verbo

565 921 913 977 credulitatis
943 937 1056 992 quo
1088 919 1147 974 in
1172 918 1451 990 principio
1491 919 1578 974 sui
1614 920 1948 992 Symbolum
1981 922 2203 976 Patrem

564 1015 864 1072 honoravit
887 1017 944 1069 et
971 1014 1196 1084 Filium,
1230 1014 1287 1068 in
1317 1013 1676 1069 conclusione
1722 1019 1909 1069 textus
1936 1014 2021 1069 sui
2050 1030 2206 1069 nunc

565 1109 806 1163 honorat
819 1107 1093 1178 Spiritum
1113 1112 1392 1176 sanctum,
1415 1123 1545 1161 cum
1569 1107 1647 1161 ait
1672 1123 1685 1161 :
1708 1108 1873 1165 Credo
1888 1109 1944 1162 in
1959 1112 2206 1162 sanctum

561 1203 846 1271 Spiritum.
884 1201 963 1256 Ne
1009 1201 1293 1256 inferioris
1339 1217 1476 1271 ergo
1523 1201 1755 1255 fortasse
1798 1201 2205 1255 contumeliam

565 1292 759 1366 342
785 1298 1096 1365 pateretur,
1119 1294 1251 1364 jure
1276 1309 1409 1348 eum
1454 1293 1562 1349 sibi
1601 1294 1896 1365 aequaliter
1921 1293 2204 1348 vindicare

564 1390 622 1442 et
663 1387 896 1442 Deitatis
933 1387 1176 1442 ostendit
1215 1386 1649 1456 plenitudinem,
1681 1391 1737 1442 et
1775 1386 1954 1440 Patris
1990 1403 2053 1441 ac
2081 1386 2203 1440 Filii

564 1480 936 1551 dignitatem;
965 1479 1098 1552 quia
1139 1479 1199 1534 in
1239 1480 1513 1535 Trinitate
1551 1480 1743 1535 divina
1779 1496 1894 1534 non
1933 1485 2017 1534 est
2053 1480 2202 1551 quod

564 1575 750 1645 majus
797 1573 1054 1628 minusve
1098 1574 1411 1629 credendus
1455 1574 1546 1640 sit,
1591 1573 1873 1645 siquidem
1910 1573 2011 1627 ubi
2061 1589 2208 1627 unus

2303 542 2670 614 evangelistas
2711 559 2832 600 esse
2867 561 2984 599 non
3021 544 3260 601 dubium
3295 547 3416 612 est;
3444 543 3542 599 sed
3569 541 3824 598 nomina
3864 556 3950 595 eo-

2302 653 2452 706 rum,
2474 637 2573 708 qui
2594 638 2892 709 Evangelia
2913 639 3279 710 scripserunt,
3303 638 3425 694 haec
3445 640 3599 708 sunt,
3623 635 3951 701 Matthaeus,

2302 733 2534 800 Marcus,
2566 731 2761 801 Lucas,
2789 732 3094 788 Iohannes.

2372 828 2497 880 Post
2525 826 2634 880 haec
2662 826 2791 895 legit
2818 827 3076 882 diaconus
3102 829 3322 881 initium
3347 825 3635 897 Evangelii
3657 823 3957 880 secundum

2303 920 2641 974 Matthxum.
2669 922 2740 974 Et
2758 925 3048 992 postquam
3077 921 3284 991 legerit,
3315 925 3518 976 tractat
3548 920 3854 991 presbyter
3882 918 3956 973 his

2303 1012 2496 1068 verbis.

2377 1105 2501 1160 Filii
2526 1106 2820 1177 carissimi,
2852 1123 2924 1162 ne
2959 1107 3173 1163 diutius
3199 1123 3335 1180 ergo
3374 1124 3470 1162 vos
3497 1111 3826 1175 teneamus,
3858 1122 3952 1160 ex-

2304 1216 2582 1271 ponamus
2626 1201 2781 1256 vobis
2831 1217 3003 1272 quam
3047 1201 3327 1257 rationem
3377 1206 3434 1256 et
3477 1217 3651 1273 quam
3697 1200 3953 1272 ﬁguram

2304 1293 2695 1365 unusquisque
2722 1294 2782 1349 in
2816 1311 2874 1350 se
2913 1295 3229 1364 contineat;
3258 1299 3314 1350 et
3352 1311 3527 1366 quare
3561 1295 3869 1350 Matthaeus
3899 1295 3955 1348 in

2307 1403 2364 1442 se
2390 1387 2634 1457 ﬁguram
2659 1388 2908 1442 hominis
2933 1389 3158 1457 habeat,
3177 1389 3310 1460 quia
3328 1388 3492 1442 initio
3510 1405 3610 1442 suo
3624 1387 3776 1443 nihil
3797 1386 3957 1440 aliud

2305 1480 2446 1551 agit,
2477 1480 2587 1534 nisi
2623 1481 2975 1537 nativitatem
3011 1482 3307 1537 Salvatoris
3346 1482 3512 1553 pleno
3541 1481 3744 1536 ordine
3778 1497 3956 1552 gene-

2307 1574 2547 1628 rationis
2575 1579 2819 1630 enarrat.
2848 1575 2935 1630 Sic
2968 1575 3122 1630 enim
3151 1576 3321 1648 ccepit
3350 1591 3364 1630 :
3394 1576 3552 1631 Liber
3587 1577 3958 1645 generationis

564 1667 750 1736 major
776 1666 1001 1735 dicitur,
1034 1666 1226 1721 deesse
1256 1667 1444 1722 minor
1471 1666 1675 1738 aliquis
1695 1667 1995 1721 indicatur.
2023 1667 2082 1720 In
2104 1666 2209 1720 hac
2307 1670 2431 1722 Iesu
2476 1669 2678 1726 Christi
2718 1669 2822 1737 ﬁlii
2858 1670 3056 1731 David,
3097 1670 3201 1738 ﬁlii
3239 1669 3536 1725 Abraham.
3570 1668 3787 1722 Videtis
3821 1669 3955 1739 quia

566 1775 704 1830 ergo
733 1759 854 1830 ipsa
879 1759 1200 1830 Divinitate,
1218 1760 1266 1814 si
1283 1760 1438 1814 aliud
1466 1759 1650 1830 majus
1668 1759 1814 1830 quis,
1837 1759 1990 1813 aliud
2015 1759 2204 1813 minus
2228 1831 2262 1833 _
2309 1777 2424 1814 non
2464 1760 2750 1816 immerito
2789 1761 2921 1816 huic
2953 1761 3202 1817 hominis
3237 1763 3530 1833 adsignata
3563 1777 3813 1832 persona
3851 1767 3954 1829 est,

565 1852 806 1922 adserat,
833 1853 884 1906 ei
921 1853 1042 1923 ipse
1086 1853 1366 1924 majestati
1403 1852 1808 1908 contumeliam
1849 1851 1999 1920 facit,
2031 1867 2207 1922 quam
2227 1831 2282 1903 B
2306 1854 2531 1926 quando
2557 1854 2628 1908 ab
2655 1855 2903 1910 hominis
2929 1855 3220 1911 nativitate
3246 1831 3472 1910 initium
3494 1831 3952 1926 comprehendit,

567 1946 842 2015 majorem
868 1950 1064 2017 putat:
1089 1947 1221 2018 quia
1243 1963 1372 2000 cum
1402 1946 1635 2018 aequalis
1663 1949 1904 2017 potestas
1930 1962 1994 2000 ac
2022 1944 2206 2015 digni-

566 2043 650 2093 tas
692 2039 981 2094 Trinitatis
1017 2039 1109 2109 sit,
1157 2040 1434 2112 quidquid
1478 2040 1577 2094 uni
1618 2039 1955 2108 detrahitur,
1988 2043 2206 2094 cunctae

566 2134 762 2203 procul
787 2133 960 2187 dubio
986 2134 1190 2189 Deitati
1216 2134 1515 2206 aequaliter
1539 2134 1867 2205 derogatur.

641 2228 828 2291 Credo,
855 2227 1060 2298 inquit,
1089 2232 1335 2282 sanctam
1370 2229 1660 2283 Ecclesiam
1689 2229 2030 2282 catholicam.
2060 2228 2201 2284 San-

569 2324 774 2376 ctorum
818 2324 1253 2377 communionem.
1295 2324 1486 2379 Carnis
1526 2323 1982 2376 resurrectionem.
2022 2323 2205 2376 Vitam

568 2419 842 2469 aeternam.
873 2417 1061 2470 Amen.
1084 2417 1373 2470 Eternam
1393 2415 1565 2469 vitam
1591 2415 1735 2469 bene
1760 2414 1820 2468 in
1845 2413 2204 2469 conclusione

569 2508 818 2578 Symboli
866 2508 1164 2579 coaptavit,
1205 2509 1338 2580 quia
1372 2509 1546 2580 ipsius
1580 2508 1825 2578 Symboli
1868 2507 2006 2562 ﬁdes
2051 2524 2202 2578 prae-

569 2601 751 2655 mium
786 2606 869 2656 est
904 2602 1255 2656 aeternitatis.
1284 2604 1360 2656 Ac
1391 2619 1494 2673 per
1526 2603 1632 2656 hoc
1671 2603 1808 2656 ordo
1839 2601 2088 2673 Symboli
2115 2618 2202 2655 sa-

570 2695 704 2750 lutis
731 2696 981 2751 ascensio
1007 2701 1128 2765 est;
1161 2695 1294 2767 quia
1321 2696 1366 2750 si
1405 2695 1648 2751 ﬁdeliter
1687 2696 1924 2767 quisque
1949 2696 2018 2750 ad
2045 2712 2202 2750 sum-

571 2790 824 2845 mitatem
874 2789 1025 2844 illius
1077 2790 1312 2856 venerit,
1375 2789 1683 2844 certissime
1729 2789 1925 2844 salutis
1977 2793 2204 2844 aeternae

571 2886 860 2941 cardinem
894 2885 1222 2958 possidebit,
1264 2888 1542 2955 regnante
1580 2885 1818 2939 Domino
1853 2889 2044 2959 nostro
2077 2885 2205 2939 Jesu

570 2980 812 3050 Christo,
844 2981 1006 3051 cujus
1047 2985 1132 3035 est
1177 2980 1360 3035 honor
1407 2983 1462 3033 et
1512 2978 1818 3050 imperium
1866 2995 1970 3050 per
2019 2979 2207 3034 omnia

571 3075 776 3129 saecula
803 3074 1153 3130 saeculorum.

1262 3145 1531 3196 Collectio.

2305 1964 2409 2002 nec
2434 1947 2722 2002 immerito
2753 1948 2837 2018 (ut
2877 1948 3142 2020 diximus)
3171 1949 3303 2004 huic
3343 1948 3618 2020 mysterio
3653 1949 3957 2021 adsignata

2307 2045 2390 2097 est
2414 2041 2658 2097 Matthaei
2687 2057 2947 2113 persona.
2978 2045 3225 2114 Erplecit
3253 2043 3543 2098 secundum
3567 2044 3771 2099 Matth.

2726 2133 2914 2198 Incipit
2943 2136 3231 2185 secundum
3267 2137 3519 2185 Marcum.

2377 2216 2528 2284 Legit
2557 2214 2815 2270 diaconus
2833 2217 3052 2270 initium
3071 2217 3360 2286 Evangelii
3375 2215 3663 2272 secundum
3683 2216 3946 2271 Marcum.

2305 2311 2544 2378 lia-ponit
2567 2309 2847 2378 presbyter
2874 2328 2890 2362 :

2378 2402 2592 2456 Marcus
2618 2402 2962 2473 evangelista
2987 2401 3165 2458 leonis
3195 2418 3397 2474 gerens
3416 2403 3684 2475 ﬁguram,
3705 2420 3739 2458 a
3760 2402 3953 2457 solitu-

2305 2493 2434 2549 dine
2453 2494 2654 2567 incipit
2679 2496 2866 2552 dicere
2889 2513 2901 2550 :
2930 2499 3044 2550 Vox
3065 2497 3358 2551 clamantis
3380 2497 3440 2552 .in
3472 2497 3695 2552 deserto
3721 2514 3734 2551 :
3760 2499 3953 2552 Parate

2303 2587 2456 2642 viam
2500 2589 2745 2655 Domini,
2795 2589 3011 2645 scilicet
3055 2590 3189 2661 quia
3235 2594 3434 2661 regnat
3475 2590 3738 2645 invictus.
3781 2590 3954 2660 Hujus

2305 2681 2483 2736 leonis
2527 2681 2840 2736 multifaria
2879 2683 3199 2738 invenimus
3239 2684 3516 2755 exempla,
3550 2689 3613 2738 ut
3651 2701 3771 2740 non
3801 2689 3952 2737 vacet

2306 2774 2521 2828 dictum
2565 2774 2735 2829 illut:
2769 2775 2909 2829 Juda
2956 2775 3104 2830 ﬁlius
3147 2792 3329 2842 meus,
3376 2777 3595 2832 catulus
3637 2776 3844 2844 leonis,
3886 2777 3948 2830 de

2308 2867 2563 2937 germine
2592 2868 2736 2922 mihi
2764 2869 3063 2924 ascendisti
3096 2887 3109 2923 :
3139 2870 3418 2924 recubans
3446 2870 3706 2925 dormisti
3741 2874 3810 2925 ut
3848 2871 3944 2936 leo,

2307 2964 2364 3015 et
2389 2961 2533 3016 sicut
2556 2962 2774 3016 catulus
2801 2962 3009 3030 leonis;
3041 2963 3168 3034 quis
3197 2963 3465 3018 excitabit
3491 2965 3665 3018 eum?

2759 3053 2948 3118 Incipit
2973 3055 3263 3105 secundum
3287 3057 3494 3105 Lucam.

2377 3137 2527 3205 Legit
2556 3135 2814 3191 diaconus
2842 3139 3059 3192 initium
3088 3138 3376 3208 Evangelii
3403 3138 3692 3193 secundum
3732 3141 3944 3194 Lucam.

644 3231 878 3298 Exaudi,
915 3230 1176 3298 Domine,
1198 3231 1666 3302 supplicationem
1693 3229 1919 3285 familiae
1946 3234 2081 3299 tuae,
2109 3229 2208 3302 qui
2228 3198 2282 3272 Ο
2313 3198 2528 3284 Tractat
2547 3231 2829 3299 presbyter
2855 3249 2870 3283 :

571 3324 826 3378 ﬁdelium
863 3329 1093 3378 tuorum
1139 3325 1425 3379 consortio
1464 3324 1785 3379 desiderant
1809 3324 2028 3392 sociari,
2056 3329 2121 3380 ut
2150 3325 2208 3379 in

572 3417 662 3473 die
688 3420 894 3472 sanctae
923 3417 1335 3487 sollemnitatis,
1366 3417 1665 3473 clementia
1698 3423 1796 3473 tua
1825 3418 2038 3473 donum
2062 3419 2203 3490 bap-

572 3512 814 3566 tismatis
856 3511 1148 3582 percipere
1189 3515 1536 3567 mereantur.
1568 3513 1674 3567 Per
1712 3513 1872 3566 Dom.
1946 3515 2204 3567 nostrum

569 3608 762 3662 Jesum
791 3605 1103 3661 Christum.

606 3724 714 3778 XII.
760 3737 1044 3778 exrosmo
1083 3737 1494 3780 EVANGELIORUM
1535 3739 1587 3778 IN
1626 3738 1830 3778 AURIUM
1868 3737 2169 3778 APERTIONE

1205 3811 1274 3849 AD
1315 3809 1566 3849 ELECTOS.

641 3897 944 3967 Aperturi'
971 3895 1146 3966 vobis,
1188 3896 1287 3950 ﬁlii
1327 3897 1620 3965 carissimi,
1665 3895 1990 3966 Evangelia,
2023 3896 2079 3949 id
2120 3899 2205 3950 est

573 3991 776 4061 gaudia
805 3991 1013 4057 divina,
1041 3990 1198 4061 prius
1227 3991 1422 4046 ordine
1450 3991 1740 4045 insinuare
1768 3990 2037 4044 debemus
2067 3989 2202 4059 quid

573 4047 960 4154 Evang’elium,
989 4087 1045 4138 et
1068 4083 1220 4139 unde
1247 4084 1564 4152 descendat,
1588 4089 1645 4138 et
1671 4083 1830 4152 cujus
1855 4083 1916 4135 in
1943 4097 2010 4135 eo
2034 4082 2205 4137 verba

569 4179 874 4246 ponantur,
905 4179 962 4230 et
990 4192 1162 4246 quare
1189 4182 1433 4248 quatuor
1461 4176 1573 4229 sint
1606 4175 1705 4246 qui
1735 4175 1856 4228 haec
1883 4178 2040 4245 gesta
2065 4175 2198 4229 scri-

569 4273 834 4340 pserunt;
858 4269 943 4324 vel
970 4269 1067 4341 qui
1095 4273 1226 4325 sunt
1251 4271 1362 4340 ipsi
1381 4269 1464 4324 hii
1483 4272 1728 4338 quatuor
1751 4266 1846 4338 qui
1875 4267 2064 4322 divino
2086 4268 2203 4338 Spi-

569 4361 704 4430 ritu,
749 4362 1128 4418 adnunciante
1178 4363 1475 4434 propheta,
1520 4363 1652 4414 ante
1697 4360 1904 4430 signati
1953 4360 2086 4429 sint,
2129 4377 2202 4416 ne

569 4455 711 4510 forte
752 4456 870 4510 sine
912 4456 1016 4510 hac
1063 4455 1278 4510 ordinis
1322 4453 1536 4508 ratione
1581 4452 1666 4506 vel
1711 4469 1877 4507 causa
1912 4457 2202 4524 stuporem

2377 3323 2551 3376 Lucas
2594 3323 2935 3392 evangelista
2973 3324 3216 3394 speciem
3257 3324 3417 3378 vituli
3460 3328 3660 3395 gestat,
3690 3325 3766 3379 ad
3793 3325 3948 3395 cujus

2308 3415 2482 3469 instar
2497 3415 2752 3470 Salvator
2770 3421 2962 3471 noster
2981 3422 3063 3472 est
3081 3417 3424 3472 immolatus.
3451 3419 3545 3472 llic
3567 3419 3720 3472 enim
3744 3417 3947 3472 Christi

2308 3509 2674 3579 Evangelium
2729 3509 3040 3579 locuturus,
3091 3511 3168 3564 sic
3219 3512 3388 3582 coepit
3435 3512 3505 3565 de
3547 3511 3852 3565 Zaccharia
3899 3515 3948 3562 et

2307 3601 2606 3672 Helisabet,
2638 3603 2707 3657 de
2752 3602 2960 3674 quibus
3008 3605 3291 3659 Iohannes
3335 3604 3584 3676 Baptista
3632 3605 3691 3658 in
3730 3620 3944 3658 summa

2303 3699 2470 3749 natus
2511 3700 2594 3750 est
2629 3700 2939 3751 senectute.
2971 3699 3037 3751 Et
3075 3697 3202 3752 ideo
3234 3699 3409 3752 Lucas
3450 3698 3626 3752 vitulo
3653 3714 3938 3769 compara-

2303 3790 2418 3856 tur,
2447 3787 2582 3858 quia
2620 3789 2732 3843 duo
2769 3805 3000 3856 cornua,
3033 3791 3146 3845 duo
3184 3792 3571 3858 Testamenta;
3613 3796 3669 3846 et
3706 3796 3943 3862 quatuor

2304 3881 2517 3950 pedum
2547 3883 2805 3953 angulas,
2839 3887 2896 3937 et
2941 3888 3187 3954 quatuor
3216 3884 3515 3954 Evangelia
3556 3884 3716 3955 quasi
3762 3891 3944 3939 tenera

2305 3973 2631 4030 inﬁrmitate
2659 3975 2969 4046 nascentia,
2998 3977 3058 4030 in
3088 3993 3146 4032 se
3174 3977 3503 4048 plenissime
3532 3977 3878 4032 continebat.

2374 4071 2509 4123 Item
2563 4069 2692 4138 legit
2743 4071 3000 4124 diaconus
3050 4073 3268 4124 initium
3322 4072 3609 4140 Evangelii
3657 4072 3944 4126 secundum

2300 4163 2613 4216 Johannem.
2651 4165 2872 4216 Tractat
2893 4164 3173 4232 presbyter
3199 4164 3282 4216 his
3309 4165 3522 4218 verbis:

2373 4254 2656 4308 Iohannes
2683 4254 2853 4309 habet
2879 4253 3312 4309 similitudinem
3337 4257 3564 4326 aquilas,
3594 4257 3749 4328 quod
3779 4255 3939 4311 nimis

2301 4345 2413 4399 alta
2440 4346 2685 4417 petierit.
2711 4347 2803 4401 Ait
2833 4347 2989 4401 enim
3021 4364 3033 4401 :
3064 4351 3125 4402 In
3146 4350 3420 4418 principio
3450 4355 3569 4404 erat
3610 4351 3872 4415 Verbum;
3897 4351 3942 4402 et

2308 4441 2541 4495 Verbum
2583 4445 2700 4494 erat
2739 4441 2891 4511 apud
2919 4443 3108 4503 Deum,
3143 4445 3194 4495 et
3230 4444 3367 4496 Deus
3401 4448 3519 4497 erat
3559 4444 3814 4499 Verbum.
3841 4446 3940 4497 Hoc

568 4549 854 4604 vobiscum
881 4550 942 4603 in
973 4548 1260 4604 mentibus
1294 4545 1704 4615 relinquamus.
1738 4547 1806 4600 Et
1833 4546 1967 4617 quia
1995 4546 2066 4601 ad
2096 4547 2280 4636 hocD
2303 4536 2430 4636 ξςαί,
2457 4534 2515 4634 ίζι
2540 4535 2811 4636 ξνξηοίΡ-ξο
2848 4533 3021 4636 “Fufi.
3041 4537 3224 4636 Πθωξι·
3261 4535 3330 4588 Et
3369 4535 3556 4636 Πίξγίά.
3591 4551 3658 4590 ex
3702 4549 3938 4607 Pe”oua

567 4642 797 4697 venistis
819 4647 886 4698 ut
911 4658 1075 4696 aures
1100 4639 1256 4694 vobis
1283 4637 1631 4709 aperiantur,
1664 4655 1735 4694 ne
1759 4639 1992 4710 incipiat
2011 4656 2204 4694 sensus

565 4741 751 4792 vester
775 4735 1033 4802 obtundi,
1058 4731 1428 4802 Evangelium
1456 4730 1662 4786 dicitur
1686 4733 1913 4804 prOprie
1938 4733 2088 4787 bona
2112 4734 2206 4788 ad-

565 4829 873 4884 nunciatio.
906 4828 1043 4890 Quae
1089 4825 1286 4896 utique
1325 4824 1691 4880 adnunciatio
1721 4831 1804 4880 est
1842 4827 1973 4881 Jesu
1997 4826 2203 4881 Christi

567 4921 788 4976 Domini
819 4919 916 4973 Dei
942 4917 1140 4973 nostri.
1171 4917 1469 4973 Descendit
1501 4922 1692 4973 autem
1727 4919 2096 4989 Evangelium
2133 4919 2203 4973 ab

564 5033 630 5070 eo
661 5013 811 5085 quod
841 5010 1147 5066 adnunciet
1173 5015 1228 5066 et
1253 5011 1530 5080 ostendat,
1559 5012 1709 5082 quod
1738 5011 1784 5066 is
1814 5012 1913 5083 qui
1941 5029 2045 5083 per
2070 5029 2201 5083 pro-

564 5107 762 5178 phetas
779 5120 907 5159 suos
926 5104 1281 5174 loquebatur,
1298 5104 1452 5159 venit
1471 5104 1530 5158 in
1552 5121 1740 5170 carne,
1765 5105 1911 5160 sicut
1931 5105 2203 5176 scriptum

564 5203 693 5255 est:
725 5197 830 5263 Qui
877 5197 1167 5269 loquebar,
1217 5214 1343 5252 ecce
1393 5197 1614 5252 adsum.
1663 5198 2018 5269 Explicantes
2068 5215 2204 5270 ergo

563 5292 810 5347 breviter
836 5291 973 5363 quid
1011 5291 1083 5346 sit
1121 5289 1510 5361 Evangelium,
1540 5290 1626 5345 vel
1653 5291 1754 5362 qui
1791 5296 1924 5345 sunt
1952 5291 2030 5345 hii
2059 5307 2201 5361 qua-

564 5393 715 5452 tuor,
748 5385 844 5456 qui
883 5400 987 5454 per
1021 5384 1364 5456 prOphetam
1389 5386 1519 5437 ante
1549 5384 1847 5438 monstrati
1873 5387 2024 5452 sunt,
2053 5399 2206 5437 nunc

565 5481 776 5550 ﬁguras
805 5478 989 5549 adque
1015 5477 1251 5532 nomina
1289 5475 1526 5546 singulis
1565 5476 1931 5548 adsignemus
1956 5475 2200 5530 indiciis.

565 5571 658 5624 Ait
694 5570 847 5624 enim
887 5571 1166 5641 propheta
1206 5569 1516 5624 Hezechiel.
1556 5571 1623 5624 Et
1668 5569 1978 5624 similitudo
2019 5568 2206 5623 vultus

565 5679 763 5718 eorum
801 5668 867 5717 ut
910 5663 1077 5718 facies
1111 5662 1377 5731 hominis,
1417 5667 1480 5717 ut
1519 5662 1688 5717 facies
1731 5662 1908 5717 leonis
1950 5660 2144 5734 343
2173 5678 2207 5715 a

564 5755 776 5812 dextris
804 5755 979 5825 illius;
1009 5757 1066 5811 e't
1097 5755 1264 5812 facies
1299 5755 1481 5824 vituli,
1520 5760 1576 5810 et
1615 5755 1782 5811 facies
1819 5755 2026 5826 aquilae
2067 5771 2100 5807 a
2127 5754 2202 5808 si-

2302 4624 2508 4680 Christi
2533 4625 2669 4680 dicit
2696 4642 2710 4679 :
2742 4626 3124 4681 Renovabitur
3148 4626 3293 4681 sicut
3316 4628 3520 4698 aquilas
3535 4628 3810 4698 juventus
3828 4633 3932 4690 tua,

2305 4717 2363 4772 id
2399 4721 2484 4772 est
2527 4720 2655 4773 Jesu
2696 4719 2902 4774 Christi
2945 4719 3166 4774 Domini
3210 4720 3408 4789 nostri,
3438 4720 3535 4792 qui
3576 4737 3877 4792 resurgens
3907 4736 3936 4770 ει

2305 4812 2566 4879 mortuis,
2593 4812 2845 4868 ascendit
2871 4813 2929 4866 in
2950 4813 3115 4867 caelos
3128 4832 3144 4881 ;
3176 4813 3326 4868 unde
3345 4814 3465 4883 jam
3487 4813 3642 4868 vobis
3663 4813 3933 4884 conceptis

2304 4919 2552 4975 regnans
2597 4904 2874 4975 gloriatur
2917 4905 3178 4974 Ecclesia,
3208 4903 3401 4978 344
3440 4907 3595 4960 omni
3646 4906 3933 4961 festivitate

2304 5002 2563 5052 votorum
2605 4997 2674 5052 ad
2711 5014 2858 5051 nova
2885 4998 3117 5052 tendere
3155 4999 3488 5054 Christianze
3512 4999 3653 5071 legis
3679 4999 3925 5063 exordia;

2304 5093 2368 5143 ut
2411 5089 2744 5144 adveniente
2794 5090 2885 5144 die
2933 5091 3273 5146 venerabilis
3311 5092 3556 5160 Paschas,
3587 5093 3808 5147 lavacro
3843 5092 3928 5145 ba-

2306 5183 2582 5252 ptismatis
2610 5186 2986 5250 renascentes,
3015 5184 3159 5238 sicut
3187 5185 3364 5239 sancti
3395 5201 3592 5239 omnes
3622 5198 3931 5241 mereamur

2304 5274 2469 5329 ﬁdele
2495 5291 2706 5329 munus
2731 5275 2986 5330 infantiae
3012 5293 3042 5330 a
3071 5277 3292 5332 Christo
3327 5279 3455 5333 Jesu
3493 5277 3731 5334 Domino
3757 5281 3930 5334 nostro

2304 5367 2618 5438 percipere.
2647 5368 2754 5432 Qui
2781 5368 2916 5423 vivit
2944 5372 2999 5423 et
3023 5375 3225 5441 regnat
3254 5371 3421 5425 Deus.

2590 5469 2724 5523 XIII.
2767 5485 3171 5527 PREMISSIONES
3209 5489 3277 5528 AD
3320 5488 3658 5529 scaurum.

2377 5569 2470 5634 Te,
2504 5567 2760 5636 Domine,
2799 5569 3168 5640 deprecamur
3199 5574 3254 5624 et
3292 5571 3598 5640 poscimus,
3631 5575 3694 5625 ut
3720 5570 3820 5625 hos
3851 5567 3924 5622 fa-

2305 5661 2491 5715 mulos
2521 5665 2646 5715 tuos
2675 5661 2916 5718 ﬁrmiter
2942 5663 3191 5718 stabilire
3210 5663 3484 5735 digneris.
3507 5664 3678 5736 Aperi
3700 5664 3781 5719 eis
3799 5666 3928 5716 totos

2306 5754 2490 5809 aditus
2515 5753 2667 5824 ﬁdei,
2696 5760 2760 5809 ut
2783 5755 3126 5811 credulitatis
3160 5756 3378 5829 possint
3411 5758 3594 5813 muris
3620 5755 3853 5826 includi;
3880 5756 3926 5807 et

635 5893 660 5921 δ
695 5881 878 5935 Exsta.
912 5881 968 5935 in
998 5880 1210 5936 Ordine
1237 5881 1519 5945 Romano,
1551 5881 1608 5932 et
1635 5895 1761 5949 quas
1791 5882 2128 5949 sequuntur,
2166 5895 2343 5951 usque
2376 5879 2449 5933 ad
2479 5895 2637 5934 num.
2673 5882 3036 5950 sequentem.
