4014 6230
73 347 143 399 i.le
1083 331 1170 384 DE
1208 329 1520 384 LITURGIA
1557 328 1931 383 GALLICANA
1973 327 2170 380 LIBER
2211 327 2299 380 lll.
3271 335 3374 388 35/,

71 453 180 505 viam
204 442 422 500 veritatis
460 441 538 497 eis
560 440 782 512 plenius
825 439 1074 495 revelare
1116 439 1376 509 dignare,
1421 442 1486 491 ut
1530 452 1632 491 ne-
1658 451 1715 522 Α
1809 439 2009 490 Panem
2050 439 2293 488 nostrum
2329 434 2708 503 quotidianum
2743 435 2817 490 da
2855 435 3006 492 nobis
3055 437 3229 494 hodie.
3277 441 3377 494 Hic

71 546 206 599 sciant
229 555 318 611 per
344 537 567 591 semitas
591 534 852 589 falsitatis
891 549 1101 589 errare.
1142 535 1467 602 Agnoscant
1510 546 1637 602 quae
1738 527 2051 599 spiritalem
2077 527 2269 582 cibum
2289 526 2608 599 intelligere
2635 528 2926 585 debemus.
2949 531 3202 588 Christus
3222 533 3375 588 enim

70 639 170 691 sunt
198 630 455 696 salutaria,
486 633 549 683 ut
581 628 797 699 possint
838 627 1012 682 vitare
1052 625 1379 692 mortifera;
1419 629 1474 678 et
1508 624 1634 678 the—
1736 622 1899 692 panis
1945 625 2030 677 est
2068 625 2281 690 noster,
2317 621 2416 692 qui
2457 621 2601 676 dixit
2632 639 2645 676 :
2689 624 2805 694 Ego
2846 640 2973 679 sum
2998 627 3161 696 panis
3185 627 3375 694 vivus,

69 744 217 783 sauros
242 723 538 793 intelligant
579 721 731 788 vitae,
777 726 844 776 ut
881 719 1145 774 noverint
1185 717 1383 773 mortis
1416 718 1636 772 foveam
1738 715 1838 786 qui
1865 715 1935 770 de
1964 715 2102 768 caelo
2143 715 2428 769 descendi.
2457 716 2638 779 Quem
2673 717 3005 772 cotidianum
3051 719 3261 789 dicens,
3299 721 3379 775 ita

70 824 256 886 evitare;
283 822 334 871 et
359 815 646 870 residuum
671 815 823 886 quod
849 831 980 869 cum
1008 813 1249 883 caligine
1277 811 1508 879 habent,
1538 811 1634 864 de-
1737 824 1842 863 nos
1872 825 2097 880 semper
2124 808 2408 863 immunes
2427 811 2698 882 praecepit
2724 826 2845 866 esse
2871 813 3107 883 peccati,
3123 816 3189 868 ut
3215 814 3377 885 digni

70 918 255 988 ponant,
292 916 349 964 ut
386 908 840 964 inlustrationem
885 907 1059 962 totius
1106 905 1336 960 luminis
1379 908 1633 971 sumant;
1739 901 1916 956 simus
1945 902 2262 956 caelestibus
2289 902 2592 958 alimentis.

70 1007 175 1064 nihil
213 1007 343 1059 intra
381 1003 501 1056 illos
544 1006 719 1057 restet
755 1000 1117 1055 saecularium
1160 998 1534 1066 macularum,
1573 1001 1639 1050 ut
1809 999 1878 1050 Et
1903 996 2116 1049 dimitte
2140 996 2289 1049 nobis
2319 996 2503 1050 debita
2530 1002 2734 1064 nostra,
2763 1001 2902 1054 sicut
2926 1004 2977 1054 et
3010 1015 3103 1054 nos
3139 1001 3372 1057 dimitti-

71 1101 187 1171 digni
218 1095 632 1152 sanctiﬁcatione
665 1094 1020 1166 baptismatis
1061 1097 1474 1164 praeparentur.
1535 1091 1639 1144 Per
1738 1103 1856 1143 mus
1881 1089 2209 1143 debitoribus
2233 1091 2452 1144 nostris.
2481 1091 2592 1144 Hoc
2621 1097 2849 1160 pactum
2877 1097 2980 1163 est,
3030 1093 3374 1166 signiﬁcans,

72 1197 188 1249 Dom.
214 1195 473 1246 nostrum.
755 1258 761 1259 ί
961 1257 968 1259 _
1738 1198 1855 1237 non
1884 1199 1986 1236 nos
2005 1182 2167 1236 aliter
2191 1187 2550 1253 peccatorum
2577 1200 2739 1253 posse
2774 1185 2994 1240 veniam
3037 1189 3374 1259 promereri,

550 1258 801 1309 Collectio
828 1257 1061 1320 sequitur

121 1332 297 1388 Christe
321 1333 465 1398 Jesu,
507 1331 604 1402 qui
650 1329 866 1385 cunctis
914 1334 1104 1400 portas
1147 1328 1352 1399 aperis,
1392 1332 1449 1382 et
1491 1326 1637 1380 viam

73 1426 215 1481 salutis
238 1425 490 1493 ostendis,
521 1425 812 1480 venientes
837 1423 1081 1477 famulos
1108 1427 1233 1477 tuos
1261 1423 1331 1475 ad
1378 1420 1638 1475 notitiam

71 1519 257 1575 nominis
284 1519 359 1573 tui
385 1519 624 1574 libenter
649 1517 1028 1589 amplectere;
1063 1521 1127 1570 ut
1155 1515 1236 1569 hii
1265 1515 1468 1569 divinae
1496 1515 1638 1585 legis

71 1614 199 1669 initiis
219 1612 490 1684 auspicati,
520 1618 575 1667 te
601 1611 924 1666 desiderent
949 1609 1204 1664 sensibus
1243 1608 1423 1679 sequi,
1465 1624 1638 1679 quem

50 1735 51 1746 ι
71 1711 298 1778 ceperunt
316 1706 666 1760 sermonibus
686 1704 945 1759 conﬁteri
965 1722 982 1772 ;
1003 1709 1059 1758 et
1078 1701 1148 1756 ab
1170 1702 1258 1756 his
1274 1701 1638 1773 plasmatibus

68 1802 143 1855 luis
164 1800 342 1871 repelle
371 1799 577 1853 diaboli
604 1799 956 1853 incursantes
983 1795 1238 1865 insidias,
1271 1800 1333 1850 ut
1368 1795 1438 1849 ab
1479 1794 1636 1848 omni
1660 1819 1715 1890 Β

70 1894 232 1959 loco,ab
245 1893 386 1948 omni
401 1893 600 1948 fraude
614 1893 700 1963 dej
709 1895 993 1960 ectus,nec
1009 1891 1216 1944 anima:
1233 1905 1505 1960 umquam
1518 1905 1640 1959 pos-

70 1991 310 2056 sitnocere,
328 2003 426 2041 nec
442 1986 698 2057 corpori;
722 1990 784 2040 ut
803 1984 1066 2038 inimicus
1087 1983 1289 2038 divinae
1318 1982 1636 2052 inscriptio-

72 2082 128 2135 nis
151 2082 407 2136 character
430 2096 763 2151 agnoscens,
789 2078 944 2150 quod
975 2094 1093 2132 esse
1113 2078 1234 2147 jam
1253 2077 1421 2147 coepit
1450 2080 1636 2145 tuum,

71 2192 91 2228 α
112 2191 152 2229 se
171 2176 386 2229 fateatur
407 2173 660 2228 alienum
683 2189 787 2244 per
811 2172 1042 2244 signum
1068 2171 1268 2240 crucis,
1288 2169 1442 2241 quod
1467 2185 1636 2223 num-

72 2286 192 2340 quam
209 2267 395 2323 delebit
414 2267 754 2339 impressum
769 2265 1046 2321 insaacula
1063 2263 1420 2319 saeculorum.
1436 2266 1634 2318 Amen.

173 2367 279 2420 XIV.
320 2382 510 2421 INCIPIT
551 2380 824 2420 peiurum
863 2379 1152 2420 ORATIONIS
1191 2378 1487 2418 DOHINICE.

119 2456 342 2510 Dominus
366 2453 390 2481 ⁸
431 2460 487 2510 et
523 2455 778 2510 Salvator
818 2458 1010 2507 noster
1053 2451 1342 2523 discipulis
1380 2451 1494 2505 suis
1539 2467 1636 2522 pe-

76 2549 257 2602 tentibus
287 2546 764 2619 quemadmodum
799 2563 958 2600 orare
985 2544 1274 2614 deberent,
1305 2561 1420 2598 non
1459 2542 1640 2598 solum

76 2643 250 2696 turmam
283 2641 548 2696 orationis
573 2640 867 2708 concessit,
890 2655 1090 2694 verum
1113 2639 1282 2694 etiam
1308 2655 1422 2710 qua
1451 2643 1640 2692 mente

75 2739 108 2787 et
128 2735 326 2804 puritate
353 2740 725 2805 precarentur
745 2732 1009 2800 ostendit,
1033 2737 1097 2787 ut
1114 2731 1174 2786 in
1200 2731 1468 2803 praesenti
1487 2746 1641 2784 sacra

77 2827 157 2880 hzec
177 2826 316 2883 lectio
348 2827 757 2882 demonstravit
780 2844 792 2881 :
827 2827 908 2880 Tu
935 2830 1129 2880 autem
1155 2841 1287 2879 cum
1315 2823 1520 2892 orabis,
1548 2823 1636 2876 in-

48 2921 193 2974 llrain
217 2921 528 2976 cubiculum
557 2927 756 2990 tuum;
788 2925 843 2975 et
874 2921 1064 2974 clauso
1091 2917 1252 2988 ostio,
1285 2934 1382 2972 ora
1417 2919 1639 2970 Patrem

78 3019 205 3069 tuum.
238 3016 562 3071 Cubiculum
592 3015 745 3087 quod
777 3013 1054 3080 nominat,
1083 3029 1201 3067 non
1232 3011 1507 3066 occultam
1537 3010 1637 3064 do-

77 3125 187 3163 mum
213 3110 458 3179 ostendit,
483 3109 584 3164 sed
604 3109 788 3163 cordis
814 3107 992 3162 nostri
1023 3111 1307 3162 secretum
1331 3122 1344 3160 :
1381 3106 1438 3160 id
1467 3109 1550 3160 est
1577 3109 1641 3158 ut

46 3201 50 3230 ’
77 3203 190 3257 mala:
210 3203 523 3275 cogitationi
552 3207 748 3274 pectus
777 3205 1041 3256 nostrum
1070 3200 1304 3272 mystica
1333 3199 1464 3254 ﬁdei
1492 3199 1640 3254 clave
1662 3187 1717 3262 C

77 3297 359 3366 chudamus;
402 3315 465 3351 ac
502 3297 666 3351 labiis
692 3296 914 3364 clausis,
943 3296 1271 3366 incorrupta
1306 3296 1497 3349 mente
1534 3293 1644 3347 Deo

75 3389 325 3461 loquamur.
353 3393 497 3447 Deus
525 3391 680 3445 enim
701 3394 895 3444 noster
923 3388 1072 3457 ﬁdei,
1103 3404 1218 3443 non
1244 3387 1393 3442 vocis
1423 3387 1646 3442 auditor

77 3489 143 3536 est.
174 3485 300 3557 Ergo
324 3486 474 3542 unde
505 3501 695 3539 sermo
720 3489 823 3552 est,
855 3482 911 3537 id
938 3487 1022 3537 est
1051 3482 1345 3553 sapientia,
1390 3481 1645 3536 Christus

78 3575 281 3634 Dominus
313 3584 501 3636 noster
527 3580 677 3634 hanc
706 3576 1020 3632 orationem
1061 3592 1162 3630 nos
1203 3576 1412 3645 docuit,
1453 3580 1517 3630 ut
1569 3575 1647 3630 ita

46 3663 244 3725 ‘oremus
270 3689 282 3726 :

122 3762 277 3838 345
314 3769 472 3822 Pater
500 3770 704 3831 noster,
735 3767 830 3835 qui
862 3780 913 3820 es
940 3766 999 3819 in
1027 3765 1189 3820 czlis.
1218 3763 1344 3817 Haec
1369 3760 1647 3817 libertatis

74 3873 147 3911 vox
167 3863 255 3929 est,
280 3865 331 3915 et
353 3861 519 3932 plena
550 3859 776 3914 ﬁducia.
815 3861 962 3929 Ergo
1011 3859 1099 3912 his
1144 3857 1396 3912 moribus
1440 3860 1523 3911 est
1565 3855 1646 3910 vi-

74 3951 282 4023 vendum,
314 3958 372 4010 ut
395 3959 450 4010 et
480 3951 581 4008 ﬁlii
611 3953 733 4023 Dei,
766 3957 822 4007 et
848 3953 1052 4008 fratres
1078 3951 1286 4007 Christi
1317 3966 1437 4006 esse
1467 3949 1644 4021 possi-

75 4061 182 4100 mus.
209 4046 333 4103 Nam
360 4049 585 4104 Patrem
607 4064 774 4103 suum
790 4043 970 4101 Deum
987 4063 1102 4118 qua
1120 4045 1438 4101 temeritate
1464 4043 1648 4099 dicere

1738 1276 1846 1330 nisi
1885 1276 2044 1348 prius
2071 1292 2174 1330 nos
2219 1275 2277 1330 in
2312 1275 2473 1330 nobis
2516 1277 2976 1348 delinquentibus
3005 1280 3126 1335 aliis
3151 1283 3376 1337 veniam

1739 1369 2078 1438 relaxemus,
2108 1368 2253 1424 sicut
2268 1369 2325 1423 in
2347 1370 2655 1441 Evangelia
2677 1371 2946 1426 Dominus
2970 1378 3162 1429 noster
3189 1375 3326 1430 dicit
3359 1393 3374 1430 :

1741 1463 1853 1516 Nisi
1883 1463 2206 1517 dimiseritis
2231 1469 2459 1533 peccata
2486 1463 2832 1533 hominibus,
2870 1481 2975 1521 nec
3026 1467 3182 1522 vobis
3215 1469 3377 1523 Pater

1740 1561 1921 1611 vester
1947 1557 2192 1611 dimittet
2217 1563 2464 1628 peccata.

1809 1651 1878 1704 Et
1909 1666 1972 1704 ne
2000 1651 2343 1706 nosinducas
2365 1654 2809 1707 intentationem.
2849 1653 2906 1706 ld
2932 1657 3015 1707 est
3044 1669 3115 1709 ne
3142 1669 3245 1709 nos
3273 1671 3374 1726 pa-

1738 1743 1898 1796 tiaris
1942 1743 2132 1798 induci
2173 1744 2242 1797 ab
2279 1760 2344 1798 eo
2384 1745 2483 1816 qui
2526 1749 2723 1812 tentat,
2776 1746 3066 1817 pravitatis
3122 1752 3374 1805 auctore.

1739 1837 1878 1890 Nam
1904 1837 2038 1890 dicit
2065 1838 2356 1910 Scriptura
2384 1856 2397 1891 :
2441 1839 2586 1892 Deus
2609 1838 2761 1894 enim
2789 1839 3095 1896 intentatur
3123 1846 3207 1897 est
3252 1858 3377 1896 mae

1739 1931 1946 1984 lorum.
1982 1931 2240 1984 Diabolus
2261 1947 2392 1986 vero
2418 1935 2664 1986 tentatur
2689 1937 2791 1988 est.
2815 1934 2898 1988 Ad
2927 1950 3099 2005 quem
3123 1935 3380 1991 evincen-

1740 2023 1878 2077 dum
1907 2023 2180 2079 Dominus
2206 2024 2347 2080 dixit
2373 2044 2386 2079 :
2423 2025 2660 2096 Vigilate
2687 2031 2743 2082 et
2767 2031 2942 2097 orate,
2965 2044 3036 2082 ne
3067 2028 3291 2085 intretis
3319 2030 3379 2085 in

1740 2117 2136 2172 tentationem.

1809 2212 1916 2268 Sed
1945 2213 2113 2266 libera
2154 2228 2250 2267 nos
2290 2229 2324 2266 α
2370 2213 2534 2268 malo.
2590 2213 2700 2267 Hoc
2743 2213 2870 2269 ideo
2907 2215 3005 2282 ait,
3047 2217 3184 2287 quia
3237 2216 3381 2271 dixit

1740 2305 2037 2377 Apostolus
2071 2324 2084 2360 :
2118 2306 2350 2360 Nescitis
2381 2306 2520 2377 quid
2546 2307 2702 2361 vobis
2725 2312 2981 2378 oporteat
3009 2326 3192 2364 orare.
3221 2309 3378 2366 Unde

1742 2399 1886 2453 Deus
1913 2399 2270 2471 omnipotens
2293 2399 2370 2454 ita
2395 2416 2425 2453 a
2442 2399 2605 2454 nobis
2630 2401 2874 2456 orandus
2895 2407 2996 2472 est,
3013 2407 3079 2457 ut
3100 2402 3378 2476 quidquid

1741 2491 1993 2546 humana
2016 2492 2292 2563 fragilitas
2318 2509 2511 2548 cavere
2532 2497 2588 2548 et
2614 2493 2788 2548 vitare
2816 2511 2930 2548 non
2955 2497 3244 2566 prmvalet,
3273 2497 3379 2551 hoc

1741 2584 1834 2639 ille
1860 2585 2138 2656 pr0pitius
2163 2585 2328 2640 nobis
2359 2587 2618 2641 conferre
2645 2586 2915 2657 dignetur
2940 2589 3097 2643 Jesus
3123 2589 3384 2645 Christus

1743 2679 2016 2733 Dominus
2051 2684 2262 2745 noster,
2292 2680 2390 2751 qui
2416 2679 2550 2734 vivit
2577 2684 2633 2735 et
2659 2685 2864 2752 regnat
2891 2698 3021 2736 cum
3048 2684 3171 2754 JDeo
3217 2685 3383 2738 Patre

1741 2772 2128 2843 omnipotente
2157 2778 2211 2827 et
2235 2772 2447 2844 Spiritu
2477 2778 2670 2828 sancto
2697 2791 2801 2845 per
2829 2775 3020 2830 omnia
3050 2777 3254 2831 saecula
3283 2793 3383 2830 sae-

1742 2867 2020 2921 culorum.

1813 2959 2005 3032 346
2021 2961 2367 3016 Patefactum
2387 2961 2562 3030 vobis,
2586 2961 2928 3016 dilectissimi
2954 2962 3136 3032 nobis,
3161 2961 3379 3017 Oratio-

1740 3070 1874 3108 nem
1903 3059 1958 3108 et
1984 3053 2311 3124 Symbolum
2339 3055 2631 3110 catholicae
2657 3055 2790 3110 fidei
2817 3055 3154 3127 cognovistis
3187 3073 3201 3111 :
3230 3072 3384 3112 nunc

1739 3154 1931 3203 autem
1953 3147 2172 3202 habetis
2201 3149 2500 3219 magistros
2526 3149 2688 3204 illum
2739 3148 3152 3218 Primicerium,
3193 3155 3249 3204 et
3284 3152 3382 3206 See

1743 3243 1993 3297 cundum
2021 3243 2142 3314 ejus
2168 3241 2351 3312 illum,
2384 3243 2482 3314 qui
2509 3259 2605 3298 vos
2651 3243 2930 3299 edoceant
2966 3244 3124 3298 nullo
3165 3248 3385 3298 mutato

1744 3353 2024 3407 sermone,
2060 3336 2158 3391 sed
2187 3339 2250 3390 ut
2279 3335 2513 3390 audistis
2539 3337 2600 3391 in
2628 3337 2916 3408 prmsenti.
2945 3339 3148 3392 Potens
3177 3342 3262 3393 est
3282 3339 3389 3392 Do-

1743 3430 1933 3485 minus
1978 3435 2187 3500 noster,
2218 3434 2282 3485 ut
2307 3447 2404 3484 vos
2436 3430 2537 3502 qui
2553 3430 2624 3485 ad
2656 3431 2826 3486 ﬁdem
2857 3431 3104 3502 curritis,
3136 3432 3208 3486 ad
3233 3432 3385 3488 lava-

1745 3540 1907 3579 crum
1933 3541 2096 3596 aquae
2117 3523 2567 3595 regenerationis
2585 3524 2888 3595 perducat;
2917 3528 2975 3580 et
2989 3541 3090 3579 nos
3107 3525 3207 3596 qui
3230 3526 3388 3581 vobis

1745 3618 2079 3690 mysterium
2105 3616 2236 3672 ﬁdei
2274 3615 2562 3672 catholica)
2605 3635 2720 3672 una
2755 3615 3050 3688 tradimus,
3095 3619 3387 3674 vobiscum

1744 3710 1814 3767 ad
1842 3711 2080 3766 caclastia
2099 3727 2276 3782 regna
2295 3709 2460 3765 faciat
2479 3711 2794 3782 pervenire,
2822 3716 3125 3779 praestante
3147 3712 3386 3767 Domino

1747 3810 1938 3861 nostro
1981 3807 2109 3860 Jesu
2155 3804 2395 3874 Christo,
2439 3804 2528 3858 cui
2567 3808 2651 3860 est
2689 3805 2874 3859 honor
2904 3809 2959 3860 et
2988 3804 3296 3876 imperium
3327 3806 3388 3861 in

1749 3900 1955 3954 saecula
1974 3897 2335 3954 saeculorum.
2369 3901 2569 3953 Amen.

2017 3992 2122 4045 XV.
2166 4006 2324 4045 MISSA
2364 4007 2416 4046 1x
2456 4007 2682 4046 srmeou
2709 3990 2736 4031 δ
2773 4005 3112 4046 TRADITIONE.

1821 4075 1882 4128 In
1905 4073 2159 4145 geminas
2184 4075 2372 4143 partes
2398 4072 2548 4127 diem
2573 4073 2726 4127 hunc
2754 4072 3129 4128 excolendum
3152 4068 3395 4145 comple-

76 4142 326 4238 WWB
373 4143 582 4238 quia?
634 4141 1090 4238 ej‘13_v°1‘_mtate
1105 4138 1460 4238 9936mm”
1497 4138 1649 4238 "fide
1753 4138 1944 4237 ctitur,
1976 4138 2230 4237 Domine,
2273 4169 2480 4222 nostrae
2511 4167 2796 4222 servitutis
2829 4164 3142 4238 famulatio,
3184 4138 3395 4223 vel-die

76 4247 144 4285 vos
184 4234 358 4306 dignos
411 4235 678 4291 exhibete
726 4235 1026 4307 adoptione
1089 4234 1310 4302 divina,
1379 4229 1645 4305 quoniam

1753 4260 1953 4333 jejunii
1979 4260 2132 4316 cultu
2160 4266 2395 4332 sacrato,
2427 4262 2517 4316 vel
2544 4262 2612 4316 de
2645 4261 2963 4333 insignibus
2989 4259 3101 4316 tuis
3130 4277 3259 4333 quae
3285 4262 3390 4316 ho-

77 4326 287 4398 scriptum
309 4334 388 4384 est
409 4347 422 4384 :
453 4332 744 4401 Quotquot
768 4329 1132 4385 crediderunt
1153 4327 1210 4383 in
1231 4342 1383 4395 eum,
1403 4324 1557 4382 dedit
1571 4325 1645 4380 eis

1753 4357 1842 4412 die
1870 4357 2156 4411 fulserunt
2201 4355 2556 4411 mirabilibus
2589 4373 2602 4410 :
2653 4373 2766 4428 qua
2811 4356 3080 4410 Lazarum
3118 4354 3397 4410 reduxisti

80 4423 348 4487 potestatem
375 4425 520 4479 ﬁlios
550 4425 649 4479 Dei
677 4424 822 4478 ﬁeri.

1609 4511 1619 4524 ,
1753 4454 1880 4522 post
1903 4449 2151 4520 Tartara,
2180 4467 2312 4505 cum
2337 4450 2407 4504 ad
2435 4466 2628 4505 vocem
2658 4450 3010 4504 intonantem
3035 4446 3306 4517 exsilivit;
3341 4452 3398 4503 et

127 4516 450 4586 Sanctiﬁcatur
478 4534 687 4573 nomem
718 4524 889 4572 tuum.
920 4518 1040 4571 Non
1067 4517 1218 4588 quod
1260 4517 1404 4570 Deus
1442 4516 1653 4568 nostris

1672 4565 1731 4636 D
1755 4545 2117 4617 quatriduani
2139 4545 2262 4616 jam
2286 4546 2534 4601 faetentis
2561 4545 2732 4598 funus
2761 4541 3048 4598 viviﬁcans
3091 4539 3352 4596 animasti
3378 4561 3393 4610 ;

1755 4641 1840 4695 vel
1857 4641 2025 4696 etiam
2047 4655 2214 4694 causa
2237 4638 2494 4693 miraculi
2521 4637 2907 4709 obstupefacta
2925 4636 3202 4709 plaudens
3232 4636 3399 4691 turba

1756 4735 2010 4789 Bettania
2057 4733 2303 4788 accurrit
2353 4749 2483 4786 cum
2532 4731 2736 4803 palmis
2786 4731 2890 4786 tibi
2957 4731 3179 4785 obviam
3233 4730 3397 4801 Regi.

1756 4827 1973 4883 Exaudi
2001 4844 2103 4882 nos
2136 4827 2196 4881 in
2222 4828 2328 4880 hoc
2375 4826 2662 4898 geminato
2708 4824 2993 4879 servitutis
3038 4830 3251 4880 nostra:
3296 4824 3397 4878 ob-

1757 4923 1974 4994 sequio,
2030 4925 2086 4976 et
2137 4925 2340 4992 praesta
2393 4919 2732 4992 prOpitiatus
2779 4923 2948 4989 atque
3005 4917 3278 4990 placatus,
3335 4921 3404 4974 ut

1757 5017 1963 5070 animae
1991 5020 2219 5085 nostrae,
2252 5030 2379 5086 qum
2418 5013 2640 5069 tumulo
2684 5017 2817 5068 sunt
2861 5018 3222 5084 peccatorum
3265 5029 3403 5068 con-

1759 5111 1950 5177 clusas,
1979 5115 2035 5164 et
2076 5109 2403 5163 cicatricum
2442 5107 2757 5163 morbidata
2787 5113 3019 5180 corrupt
3057 5122 3103 5165 ο.
3149 5152 3162 5165 .
3209 5151 3222 5165 .
3268 5151 3282 5166 .
3329 5151 3340 5164 .
3388 5149 3400 5164 .

1464 5204 1544 5274 ."u
1573 5204 1660 5223 m—
1832 5209 2029 5261 Desunt
2055 5205 2140 5258 hic
2161 5204 2358 5258 multa.

87 5265 1656 5340 Snumpetimllsadvenire,aneonobispl‘omissum,

84 5352 238 5414 Christi
262 5363 532 5435 sanguine
560 5368 616 5420 et
634 5363 894 5436 passione
923 5361 1248 5435 quaesitum.
1761 5350 1927 5403 Pater
1961 5363 2032 5402 ex
2058 5347 2171 5402 alto
2199 5346 2466 5400 clariﬁcat
2480 5362 2497 5414 ;
2531 5346 2604 5400 ad
2629 5361 2934 5400 commune
2963 5344 3236 5418 gaudium
3265 5363 3402 5401 con-

136 5453 229 5507 Fiat
253 5458 490 5513 voluntas
517 5462 632 5520 tua,
655 5461 798 5514 sicut
819 5460 877 5512 in
903 5458 1026 5512 caelo
1047 5458 1180 5511 etin
1211 5459 1375 5510 terra.
1401 5453 1462 5507 ld
1494 5456 1577 5507 est
1602 5451 1659 5506 in
1762 5442 1975 5498 cutitur
1998 5440 2159 5512 plebs
2193 5440 2532 5508 hominum;
2585 5444 2847 5495 movetur
2886 5444 2944 5496 et
2993 5439 3216 5495 caelum.
3255 5443 3404 5497 Ante

88 5556 133 5595 eo
152 5543 230 5602 fiat
247 5551 498 5608 voluntas
521 5556 620 5607 tua
649 5557 711 5606 ut
735 5544 888 5624 quod
917 5555 981 5606 tu
1007 5548 1089 5604 vis
1115 5549 1175 5604 in
1215 5548 1374 5619 caelo,
1411 5544 1518 5602 hoc
1556 5562 1660 5600 nos
1763 5536 1924 5608 cujus
1949 5539 2314 5606 conspectum
2343 5534 2566 5590 adstant
2591 5534 2801 5606 angeli,
2831 5539 2888 5589 et
2924 5535 3255 5608 archangeli
3289 5553 3403 5593 non

88 5634 130 5689 in
149 5643 270 5698 terra
290 5645 455 5716 positi
473 5645 1059 5719 inreprehensibiliter
1084 5643 1375 5699 faciamus.
1763 5634 1983 5687 cessant
2009 5631 2276 5700 clamare,
2305 5628 2556 5685 dicentes
2589 5648 2603 5684 :
2638 5629 2894 5684 Sanctus.

138 5759 156 5788 '
181 5765 244 5820 Ita
266 5767 319 5824 in
345 5770 553 5826 ordine
581 5773 859 5828 Romam.
1836 5770 1858 5799 ο
1894 5759 2031 5822 Quae
2058 5755 2152 5832 hic
2172 5755 2402 5832 desunt,
2432 5757 2623 5832 repete
2663 5769 2738 5832 ex.
2767 5752 2967 5808 Missali
3004 5753 3402 5829 Gothicogalli-

108 5832 162 5910 ηδ
192 5835 242 5891 ld
271 5845 349 5896 est
364 5825 441 5896 in,
461 5825 1147 5910 iDominicaﬁPalmarum,
1201 5845 1262 5897 ut
1307 5839 1563 5895 videmus
1605 5837 1664 5892 in
1765 5847 1904 5887 cano
1931 5844 2092 5883 num.
2124 5830 2216 5895 27.
2242 5826 2341 5881 ubi
2370 5825 2568 5879 eadem
2599 5825 2799 5882 oratio.

90 5899 165 5960 lib.
192 5924 240 5976 ιι,
263 5917 311 5969 et
337 5912 394 5970 in
422 5913 619 5971 Missali
649 5915 904 5972 Gothico.

81 4610 391 4665 sanctiﬁcetur
435 4600 812 4679 orationibus,
863 4611 963 4682 qui
1002 4627 1227 4681 semper
1270 4611 1353 4663 est
1393 4611 1648 4662 sanctus:

80 4700 146 4753 sed
169 4701 387 4773 petimus
412 4710 478 4760 ut
504 4722 718 4761 nomen
763 4705 886 4775 ejus
927 4704 1306 4759 sanctiﬁcetur
1347 4702 1406 4756 in
1442 4699 1603 4754 nobis
1634 4713 1649 4768 ;

83 4797 221 4864 utqui
255 4798 308 4853 in
331 4799 665 4870 baptismate
696 4799 820 4870 ejus
846 4798 1279 4865 sanctiﬁcamur,
1312 4795 1370 4850 in
1416 4794 1472 4848 id
1503 4791 1655 4865 quod

46 4867 49 4890 ’
82 4899 165 4941 esse
189 4893 437 4962 coepimus
465 4905 915 4966 perseveremus.

130 4982 361 5042 Adveniet
373 5001 596 5058 regnum
612 4991 784 5042 tuum.
799 4987 949 5041 Deus
958 4999 1206 5056 namque
1221 4986 1415 5038 noster
1430 4980 1657 5053 quando

83 5087 162 5128 non
187 5085 386 5152 regnat,
415 5081 669 5136 maxime
697 5081 859 5152 cujus
886 5095 1133 5152 regnum
1172 5081 1256 5133 est
1292 5075 1611 5131 immortale
1631 5076 1659 5130 ?

85 5165 157 5222 Sed
179 5187 288 5228 cum
307 5175 544 5230 dicimus
569 5192 583 5230 :
619 5177 815 5233 Veniat
830 5189 1054 5245 regnum
1081 5177 1254 5235 tuum,
1286 5174 1544 5226 nostrum
1572 5185 1660 5223 re-
