4014 6230
621 352 722 409 333

1247 458 1369 505 Post
1400 456 1619 503 secreta.

1417 345 1747 401 APPE‘NDIX
1787 343 1870 396 AD
1906 343 2127 397 ()PERA
2165 340 2397 396 SANCTI
2434 341 2733 394 GERMANI
2772 339 3195 394 PARISIENSIS.

1758 450 1764 459 ’
1842 532 1854 534 Α
2269 448 2553 534 Aﬁducia
2593 449 2950 521 resurgendi.
2993 448 3172 519 Digne
3220 463 3358 519 ergo
3388 445 3734 502 adtentiores
3776 449 3843 499 et
3889 444 4005 498 fre-

3907 339 4006 389 33in;

688 541 890 614 Aspice
910 552 935 582 ⁸
963 539 1181 596 sincero
1200 539 1380 604 vultu,
1400 537 1493 607 pie
1509 532 1964 604 miserator,haec
1984 548 2246 603 munera,
2272 532 2325 534 Si
2351 542 2677 615 quentiores
2712 559 2816 615 pro
2846 542 3064 597 ratione
3092 541 3363 613 temporis
3398 540 3594 613 ipsius,
3623 538 3907 612 puriores
3938 539 4007 591 ad

617 636 716 709 qui
745 651 972 707 semper
994 651 1053 689 es
1090 648 1404 705 propensus
1428 629 1498 683 ad
1526 629 1707 697 dona;
1747 631 1810 683 ut
1835 628 1956 699 ipsa
1992 631 2247 682 contem-

617 730 866 803 platione
927 728 1110 782 oblata
1158 724 1467 779 sanctiﬁces
1509 723 1755 777 naturali
1793 722 2105 793 majestate,
2151 721 2252 791 qui

616 828 891 895 perpetue
912 824 1134 875 sanctus
1157 835 1234 885 es,
1259 822 1316 872 et
1335 820 1530 872 sancta
1554 817 1799 888 largiris.
1818 818 1922 871 Per
1945 815 2250 872 Dominum

619 921 877 972 nostrum
900 916 1091 969 Jesum
1116 912 1403 967 Christum
1425 911 1628 965 Filium
1657 915 1843 965 tuum.

1053 1009 1301 1060 Collectio
1342 1012 1459 1059 ante
1501 1008 1809 1059 orationem.

687 1092 975 1148 Venerabil
984 1093 1108 1147 ibus
1135 1092 1423 1147 informati
1443 1092 1757 1163 praceptis,
1772 1090 1987 1146 incitati
2011 1105 2247 1145 munere

615 1186 855 1259 pietatis,
883 1187 983 1257 qui
1010 1186 1195 1241 Mariae
1222 1186 1409 1240 ﬂentis
1434 1186 1713 1257 lacrymas
1737 1201 1853 1239 non
1881 1184 2121 1256 spernis,
2151 1185 2249 1238 La-

614 1296 739 1335 zaro
769 1280 1072 1350 dignanter
1092 1284 1538 1352 cognomentum
1567 1279 1754 1335 fratris
1779 1278 2043 1350 imponis,
2067 1278 2249 1333 Eccle-

613 1376 710 1430 siae
747 1375 963 1430 soboles
996 1376 1246 1447 appellas
1273 1391 1368 1429 ore
1397 1374 1592 1443 gratiae
1618 1374 1944 1445 coheredes,
1976 1372 2079 1429 tibi
2108 1388 2244 1443 sup-

611 1469 784 1541 plices
810 1469 1116 1524 clamamus
1144 1478 1200 1525 et
1230 1468 1468 1523 dicimus
1497 1487 1511 1522 :
1538 1469 1704 1523 Pater
1728 1472 1940 1523 noster.

1033 1569 1156 1616 Post
1179 1565 1469 1617 orationem
1494 1565 1837 1616 Dominicam.

685 1650 914 1717 Exerce,
948 1648 1234 1716 liberator,
1263 1648 1325 1703 in
1361 1647 1524 1702 nobis
1565 1648 1712 1718 juris
1746 1646 1963 1719 proprii
2008 1646 2241 1701 faculta-

611 1748 752 1812 tem,
783 1743 879 1815 qui
906 1744 1174 1797 Lazarum
1199 1741 1426 1812 virtute,
1455 1741 1683 1796 Mariam
1710 1740 1940 1812 pietate,
1970 1741 2245 1796 Martham

610 1837 805 1892 labore.
831 1852 1187 1905 remuneras;
1216 1836 1467 1890 favorem
1506 1834 1688 1904 plebis
1718 1833 1947 1905 excipis,
2001 1839 2058 1890 et
2092 1835 2243 1905 pacis
2263 1835 2320 1908 B

610 1947 744 1986 voce
774 1931 1014 1985 concina
1041 1930 1318 2000 gloriaris.
1349 1931 1454 1984 Per
1482 1929 1641 1982 Dom.
1672 1932 1952 1983 nostrum.

1160 2026 1462 2078 Benedictio
1485 2026 1683 2090 pOpuli.

682 2107 870 2182 347
904 2111 1225 2164 Perseveret
1251 2108 1309 2161 in
1338 2108 1448 2178 his,
1489 2108 1744 2175 Domine,
1786 2108 2007 2164 caeleste
2048 2109 2240 2180 signa-

607 2202 821 2272 culum,
852 2203 1007 2274 quod
1036 2203 1097 2256 in
1126 2201 1205 2257 eis
1234 2201 1492 2256 conferre
1524 2201 1791 2272 dignatus
1824 2218 1883 2257 es
1914 2202 1981 2272 is;
2009 2206 2077 2257 ut
2103 2219 2238 2275 pro-

607 2298 741 2352 tecti
792 2296 1005 2368 Spiritu
1057 2298 1270 2365 sancto,
1320 2294 1740 2351 incrementum
1790 2295 1942 2365 ﬁdei,
2003 2297 2238 2352 tutelam

605 2389 908 2460 mentium,
964 2388 1259 2443 sanitatem
1304 2405 1611 2461 corporum
1661 2389 1931 2462 consequi
1976 2406 2237 2446 merean-

609 2489 706 2539 tur
733 2487 790 2550 1-.

676 2577 930 2633 Concede
952 2576 1014 2631 in
1041 2575 1131 2631 his
1172 2575 1552 2632 immaculata:
1600 2578 1729 2633 vita:
1777 2578 2020 2649 divitias,
2066 2578 2239 2634 ﬁdem

604 2676 841 2737 rectam,
858 2686 1055 2743 pacem
1066 2669 1365 2740 sinceram,
1379 2671 1709 2743 patientiam
1721 2676 1993 2739 sanctam,
2010 2672 2238 2728 humili-

602 2770 775 2822 tatem
802 2765 1145 2836 religiosam,
1176 2771 1233 2819 et
1261 2764 1662 2820 conscientiam
1689 2782 1893 2837 puram
1908 2763 1967 2827 -Χκ
1996 2768 2234 2838 Prospe-

600 2865 689 2915 ret
716 2859 796 2914 eis
822 2857 1073 2913 sanitatis
1115 2858 1331 2928 latitia,
1364 2859 1530 2930 plena
1572 2859 1976 2914 incolumitatis
2004 2860 2232 2932 gaudia,

600 2958 658 3010 et
693 2952 1134 3009 inluminatione
1180 2956 1393 3007 aeterna
1414 2956 1484 3023 αξη
1524 2956 1591 3008 ut
1625 2957 1814 3008 sancte
1856 2953 2126 3025 viventes,
2164 2956 2234 3010 de

572 3048 706 3125 ‘hac
725 3046 929 3102 humili
954 3049 1292 3118 terrenaque
1330 3047 1588 3119 prosapia
1622 3047 1860 3102 heredes
1899 3049 2147 3104 caelestes
2174 3049 2236 3104 in

598 3142 697 3197 illo
720 3141 901 3196 beatae
933 3140 1128 3213 gloria:
1157 3157 1334 3212 regno
1362 3158 1494 3196 cum
1527 3140 1719 3197 electis
1762 3142 1980 3214 angelis
2020 3147 2078 3198 te
2124 3143 2231 3215 hy-

597 3251 735 3292 mno
762 3235 1119 3291 confessionis
1145 3235 1267 3291 sine
1284 3234 1396 3291 ﬁne
1417 3236 1777 3293 conlaudent.
1800 3238 1905 3292 Per
1930 3237 2236 3293 Dominum

597 3333 878 3385 nostrum.

997 3399 1231 3451 Praefatio
1266 3403 1384 3465 post
1416 3398 1815 3450 Eucharistiarn.

667 3481 939 3553 Acceptis,
994 3482 1196 3537 fratres
1237 3480 1532 3551 carissimi,
1585 3481 1930 3553 spiritalibus
1971 3482 2130 3551 cibis,
2177 3489 2234 3541 et

595 3574 802 3630 Christi
861 3592 1059 3630 cruore
1107 3578 1353 3647 gustato,
1396 3578 1657 3646 petamus
1707 3579 1773 3630 ut
1807 3575 2088 3648 possideat
2125 3595 2229 3650 pe-

593 3672 765 3740 ctora,
793 3670 891 3742 qui
930 3672 1125 3724 nostra
1164 3685 1262 3723 ora
1313 3668 1580 3739 dignatus
1623 3672 1707 3723 est
1743 3669 2086 3726 sanctiﬁcare
2127 3687 2232 3743 per

588 3780 871 3819 munera:
920 3764 1039 3836 ipse
1091 3762 1339 3834 corporis
1394 3762 1573 3818 nostri
1625 3768 1833 3835 purget
1872 3764 2225 3837 hospitium;

589 3860 820 3931 totoque
846 3858 1146 3913 intrisecus
1160 3856 1392 3911 homine
1406 3857 1648 3926 deterso,
1667 3858 2021 3913 sanctiﬁcatis
2044 3876 2223 3915 mem-

592 3951 710 4007 bris
737 3953 967 4007 innovet
993 3950 1256 4022 spiritum
1287 3951 1648 4006 sanctiorem.

1278 4049 1547 4099 Collectio.

658 4132 824 4187 Panis
849 4131 977 4187 vitm
1003 4134 1210 4185 nostrae
1237 4131 1443 4202 aspice,
1478 4131 1626 4185 Deus
1656 4146 1670 4185 :
1702 4130 1777 4185 sis
1812 4133 2063 4188 custodia
2097 4150 2222 4189 cor-

583 4241 816 4299 porum,
846 4225 921 4279 sis
947 4223 1283 4279 salviﬁcator
1300 4223 1643 4295 animarum,
1675 4229 1736 4281 ut
1767 4232 1995 4298 pectora
2033 4232 2225 4283 nostra

582 4324 739 4376 tanto
765 4319 967 4391 poculo
1002 4318 1240 4390 ciboque
1281 4316 1521 4389 ﬁrmata,
1568 4318 1797 4375 inimica
1841 4321 2060 4376 subdoli
2099 4338 2218 4377 ser-

584 4410 771 4485 pentis
794 4413 1185 4468 blandimenta
1202 4429 1319 4468 non
1338 4412 1612 4485 quatiant.
1635 4415 1743 4470 Per
1769 4415 1931 4470 Dom.
1959 4419 2220 4472 nostrum

583 4506 775 4563 Jesum
800 4506 1090 4563 Christum
1119 4506 1344 4562 Filium.

878 4611 1009 4666 XVI.
1037 4612 1075 4674 ἦε
1113 4628 1305 4668 INCIPIT
1344 4628 1615 4669 Exposmo
1655 4628 1909 4670 sruaom.

655 4707 877 4765 Fratres
905 4709 1273 4781 dilectissimi,
1303 4711 1480 4768 virtus
1509 4718 1593 4769 est
1618 4712 1954 4768 sacramenti
1980 4712 2212 4768 inlumi-

582 4803 735 4859 natio
762 4804 1002 4875 animaz;
1032 4805 1321 4877 plenitudo
1346 4811 1431 4863 est
1463 4806 1727 4862 credendi
1753 4806 1815 4860 in
1858 4822 1943 4877 eo,
1972 4807 2074 4879 qui
2112 4808 2213 4862 do-

579 4901 765 4978 cetur,
790 4916 854 4954 ac
884 4898 1119 4955 discitur
1143 4918 1160 4970 ;
1195 4905 1251 4955 et
1279 4902 1471 4958 Unitas
1499 4906 1582 4956 est
1609 4900 1914 4967 Trinitatis,
1944 4905 2001 4956 et
2028 4902 2212 4956 Trini-

579 4998 665 5047 tas
707 4993 968 5049 distincta
1032 4994 1306 5066 personis,
1363 5000 1420 5050 et
1470 4994 1759 5066 opulentia
1807 4994 2102 5067 Creatoris,
2159 4999 2216 5051 et

578 5087 895 5160 redemptio
920 5088 1216 5160 passionis.
1246 5090 1359 5144 Hoc
1387 5104 1567 5143 nexus
1598 5088 1945 5146 inﬁdelitatis
1969 5092 2210 5149 absolvi-

578 5183 691 5253 tur,
719 5182 826 5238 hoc
851 5183 981 5238 vitte
999 5182 1179 5254 janua
1204 5182 1492 5255 panditur,
1516 5182 1623 5237 hoc
1642 5183 1823 5255 gloria
1847 5187 2212 5244 confessionis

576 5276 911 5334 ostenditur.
939 5277 1257 5349 Symbolus,
1286 5276 1651 5348 dilectissimi,
1684 5279 1869 5335 brevis
1895 5286 1981 5337 est
2003 5282 2208 5351 verbis,

575 5372 674 5427 sed
699 5387 943 5443 magnus
968 5377 1053 5427 est
1076 5370 1477 5441 sacramentis;
1506 5388 1710 5443 parum
1754 5375 2056 5432 ostendens
2098 5376 2209 5430 im-

572 5464 892 5521 minutione
909 5464 1246 5532 latitudinis,
1275 5465 1373 5520 sed
1398 5469 1582 5521 totum
1611 5468 1904 5524 continens
1936 5486 2207 5542 compen-

573 5557 665 5613 dio
693 5559 1013 5618 brevitatis:
1061 5558 1302 5631 exiguus
1351 5563 1416 5616 ut
1456 5562 1792 5617 memoriam
1832 5581 1947 5619 non
1983 5565 2206 5635 obruat,

571 5651 808 5711 diffusus
830 5660 906 5710 ut
956 5653 1393 5726 intelligentiam
1442 5658 1811 5729 supercedat;
1868 5657 2210 5714 conﬁrmans

575 5761 773 5806 omnes
807 5747 1156 5820 perfectione
1201 5750 1490 5824 credendi,
1544 5752 1824 5811 desiderio
1863 5753 2205 5826 conﬁtendi,

640 5888 663 5918 α
704 5876 831 5929 Haec
850 5877 906 5929 et
933 5874 1060 5931 duae
1086 5885 1381 5952 sequentes
1406 5881 1689 5938 orationes
1719 5880 1953 5939 ibidem.

2349 637 2697 692 audiendum
2747 635 3078 708 Symbolum
3119 634 3450 691 convenitis.
3511 632 3799 705 Quicquid
3845 631 4005 687 enim

2348 731 2778 803 prmformatum
2804 734 2887 785 est
2912 730 2972 785 in
2996 729 3352 802 patriarchis,
3386 727 3654 801 quicquid
3682 726 4007 783 denuncia-

2348 830 2475 881 tum
2504 829 2590 881 est
2613 824 2673 879 in
2699 824 3022 896 Scripturis,
3061 824 3333 896 quicquid
3376 822 3751 895 prtedicatum
3801 824 3900 876 est
3948 819 4008 873 in

2347 919 2661 991 prophetis,
2682 918 2769 974 vel
2796 918 2865 974 de
2892 920 3003 973 Deo
3028 918 3307 989 ingenito,
3334 916 3423 973 vel
3447 932 3519 972 ex
3545 916 3657 971 Deo
3703 915 3771 970 in
3814 915 4003 969 Deum

2347 1018 2501 1081 nato,
2531 1014 2620 1069 vel
2648 1013 2717 1069 de
2746 1011 2957 1084 Spiritu
2984 1017 3173 1067 sancto
3205 1010 3479 1084 (quamvis
3504 1010 3755 1066 latenter
3799 1013 4002 1063 osten-

2348 1123 2474 1162 sum
2503 1108 2591 1178 sit)
2617 1107 2704 1161 vel
2729 1106 2799 1161 de
2826 1105 3168 1177 suscipiendi
3192 1104 3443 1160 hominis
3477 1107 3867 1171 sacramento,
3916 1102 4005 1155 vel

2348 1201 2416 1256 de
2444 1205 2624 1256 morte
2651 1200 2897 1271 Domini,
2920 1198 3461 1270 resurrectionisque
3479 1195 3675 1271 348
3691 1195 4002 1268 mysterio,

2346 1297 2531 1349 totum
2559 1295 2665 1349 hoc
2694 1294 2862 1349 breve
2905 1298 3129 1348 tantum
3158 1294 3325 1364 juxta
3364 1292 3657 1347 oraculum
3694 1289 4006 1362 propheti-

2348 1405 2479 1443 cum
2507 1387 2804 1460 Symbolus
2833 1387 2892 1442 in
2918 1404 2975 1442 se
3002 1387 3271 1455 continet,
3294 1385 3633 1463 continendo
3660 1388 3719 1440 et
3744 1384 4003 1439 salutem

2346 1486 2623 1553 nostram,
2658 1481 3031 1537 conlationem
3068 1480 3220 1549 ﬁdei,
3265 1484 3320 1536 et
3363 1480 3625 1553 gratiam,
3674 1478 3999 1551 professio-

2345 1593 2480 1632 nem
2505 1576 2758 1647 mysterii
2786 1574 3083 1631 memoria:
3112 1575 3398 1630 instruens
3441 1572 4002 1629 commendandam.

2345 1669 2453 1725 Sed
2473 1670 2596 1741 jam
2623 1669 2693 1725 ad
2715 1669 2872 1725 istius
2908 1668 3243 1724 sacramenti
3276 1666 3691 1741 plenitudinem
3731 1670 3995 1721 textum-

2345 1780 2455 1836 que
2477 1763 2791 1829 veniamus,
2819 1763 2971 1835 quod
2999 1762 3060 1818 in
3086 1762 3193 1818 hoc
3223 1762 3393 1817 modo
3417 1760 3637 1832 incipit.

2416 1858 2594 1913 Credo
2620 1858 2679 1912 in
2696 1858 2877 1913 Deum
2906 1860 3131 1913 Patrem
3158 1856 3630 1928 omnipotentem,
3656 1853 3998 1909 Creatorem

2343 1953 2465 2008 caeli
2514 1957 2571 2008 et
2603 1957 2792 2008 terrae;
2845 1954 2913 2007 Et
2953 1951 3014 2006 in
3046 1952 3236 2007 Iesum
3269 1950 3559 2006 Christum
3609 1947 3820 2003 Filium
3866 1948 4000 2018 ejus

2342 2047 2597 2117 unicum,
2626 2046 2931 2102 Dominum
2965 2049 3245 2102 nostrum.
3291 2044 3397 2109 Qui
3437 2047 3744 2114 conceptus
3792 2046 3881 2097 est
3927 2042 3999 2096 de

2342 2139 2555 2213 Spiritu
2583 2145 2774 2195 sancto
2791 2158 2808 2212 ;
2840 2145 3008 2195 natus
3033 2156 3102 2194 ex
3127 2139 3297 2195 Maria
3334 2138 3596 2209 Virgine;
3635 2153 3841 2208 passus
3886 2135 3996 2190 sub

2340 2236 2536 2291 Pontio
2591 2234 2801 2303 Pilato;
2852 2232 3175 2304 cruciﬁxus,
3229 2235 3509 2301 mortuus,
3567 2232 3627 2286 et
3686 2229 3991 2301 sepultus;

2340 2329 2504 2386 tertia
2532 2329 2621 2385 die
2646 2328 2958 2384 resurrexit
2998 2345 3032 2382 a
3075 2325 3349 2396 mortuis;
3394 2323 3647 2380 ascendit
3693 2323 3878 2378 victor
3921 2323 3990 2377 ad

2341 2424 2537 2493 caelos;
2567 2423 2713 2479 sedit
2736 2422 2807 2477 ad
2835 2422 3128 2477 dexteram
3170 2420 3270 2475 Dei
3308 2418 3488 2474 Patris
3530 2417 3987 2489 omnipotentis;

2338 2519 2470 2574 inde
2497 2521 2770 2572 venturus
2795 2515 3053 2588 judicare
3081 2514 3234 2569 vivos
3274 2518 3330 2568 et
3368 2515 3646 2567 mortuos.
3696 2511 3883 2566 Credo
3928 2512 3991 2565 in

2338 2616 2530 2669 sancto
2561 2610 2791 2683 Spiritu,
2822 2614 3013 2665 sancta
3044 2607 3287 2665 Ecclesia
3314 2604 3609 2676 catholica,
3648 2608 3990 2660 sanctorum

2336 2704 2817 2775 communionem,
2850 2720 2914 2759 ac
2947 2703 3341 2758 remissionem
3366 2704 3752 2774 peccatorum,
3799 2700 3990 2754 carnis

2335 2798 2828 2869 resurrectionem,
2856 2798 3032 2853 vitam
3056 2803 3349 2853 aeternam.

2408 2892 2737 2965 Symbolum
2765 2891 2935 2963 istud,
2977 2890 3345 2959 dilectissimi,
3370 2906 3487 2945 non
3522 2892 3847 2944 atramento
3880 2887 3977 2943 de-

2334 2987 2612 3059 pingitur,
2642 2986 2740 3041 sed
2765 2984 3032 3041 humanis
3074 2984 3337 3040 cordibus
3372 2983 3652 3040 insertum
3696 2983 3986 3038 memoria

2334 3080 2634 3137 retinetur.
2670 3087 2713 3152 n)
2739 3080 2937 3135 Credo.

2407 3177 2612 3231 Iterato
2640 3175 2796 3231 vobis
2822 3172 3155 3247 repetimus,
3197 3188 3312 3245 quo
3350 3170 3570 3228 facilius
3608 3188 3745 3227 eum
3782 3176 3982 3229 tenere

2335 3269 2578 3342 possitis.
2612 3272 2656 3339 Β)
2685 3268 2883 3325 Credo.

2408 3365 2573 3421 Credo
2598 3366 2656 3418 in
2690 3367 2859 3419 Deum
2882 3366 3117 3419 Patrem.
3149 3364 3216 3419 Et
3240 3361 3374 3436 quia
3396 3361 3487 3417 lex
3512 3364 3722 3417 nostra:
3752 3360 3895 3417 ﬁdei
3923 3361 3983 3416 in

2332 3457 2605 3513 Trinitate
2635 3457 2907 3528 consistit,
2944 3457 3111 3513 tertio
3144 3457 3475 3530 repetimus,
3505 3460 3571 3510 ut
3607 3455 3727 3527 ipse
3763 3473 3976 3511 nume-

2331 3568 2429 3607 rus
2463 3551 2811 3623 repetitionis
2858 3568 2989 3609 cum
3030 3551 3195 3624 signo
3236 3550 3421 3608 veniat
3454 3549 3763 3605 Trinitatis.
3808 3552 3978 3609 Credo

2330 3649 2391 3702 in
2414 3650 2582 3702 Deum
2601 3648 2838 3701 Patrem.
2869 3646 3018 3717 Ergo
3045 3646 3105 3700 in
3132 3646 3320 3725 primo
3348 3644 3521 3700 habet
3562 3646 3752 3703 Credo.
3808 3644 3974 3697 Vides

2330 3741 2483 3813 quod
2518 3741 2667 3795 Deus
2712 3744 2904 3795 noster
2943 3756 3059 3795 non
3103 3757 3200 3795 vos
3238 3740 3405 3811 jubet
3440 3738 3721 3793 discutere
3755 3736 3975 3808 judicia

2329 3834 2538 3905 divina,
2583 3833 2682 3889 sed
2724 3834 2992 3903 credere;
3040 3850 3144 3890 nec
3182 3833 3461 3889 rationem
3502 3831 3815 3903 requirere,
3870 3830 3977 3884 sed

2328 3929 2501 3985 ﬁdem
2528 3928 2856 3999 simpliciter
2884 3932 2940 3983 et
2964 3927 3334 3984 immobiliter
3367 3926 3661 3982 adhibere.
3701 3928 3763 3981 In
3799 3927 3977 3979 Deum

2325 4024 2563 4079 Patrem.
2597 4022 2885 4078 Advertite
2921 4022 3074 4094 quod
3112 4022 3250 4077 dum
3289 4021 3387 4076 Dei
3425 4019 3603 4075 Patris
3650 4034 3865 4072 nomen
3920 4018 3978 4072 in

2324 4116 2672 4172 confessione
2707 4116 3029 4189 conjungit,
3062 4115 3307 4181 ostendit
3345 4114 3496 4187 quod
3521 4129 3637 4169 non
3660 4114 3794 4167 ante
3822 4112 3978 4167 Deus

2324 4227 2443 4266 esse
2470 4210 2722 4282 coeperit,
2752 4215 2808 4266 et
2843 4215 3035 4282 postea
3059 4212 3243 4281 Pater,
3276 4209 3373 4264 sed
3400 4207 3519 4263 sine
3547 4207 3663 4262 ullo
3703 4205 3872 4262 initio
3925 4211 3977 4262 et

2323 4305 2469 4360 Deus
2498 4320 2722 4377 semper
2747 4309 2805 4360 et
2832 4305 3016 4360 Pater.
3049 4304 3190 4369 Quia
3218 4320 3355 4376 ergo
3383 4318 3606 4374 semper
3629 4301 3739 4356 fuit
3777 4303 3971 4371 Pater,

2322 4414 2548 4471 semper
2572 4398 2772 4454 habuit
2792 4398 2995 4453 Filium
3021 4399 3183 4468 cujus
3202 4399 3366 4454 Pater
3395 4401 3499 4454 est.
3538 4398 3971 4467 Omnipotentem

2320 4510 2453 4549 vero
2490 4493 2617 4548 ideo
2644 4492 2803 4563 dixit,
2833 4492 2969 4564 quia
2993 4492 3182 4547 omnia
3207 4496 3423 4564 potest;
3453 4490 3658 4563 cuique
3686 4489 3835 4546 nihil
3861 4491 3970 4547 im-

2236 4586 2297 4660 D
2320 4587 2586 4661 possibile
2615 4592 2699 4643 est
2726 4605 2739 4642 :
2774 4585 2906 4659 quia
2925 4586 3147 4657 caelum,
3174 4591 3408 4656 terram,
3446 4602 3627 4655 mare,
3670 4586 3961 4658 homines,

2316 4682 2502 4754 adque
2529 4682 2721 4737 omnia
2748 4679 3037 4751 animalia,
3082 4696 3197 4735 non
3239 4679 3429 4753 aliquo
3470 4679 3656 4751 operis
3689 4684 3823 4735 actu
3860 4688 3963 4737 aut

2315 4775 2572 4847 artiﬁcio,
2604 4776 2700 4832 sed
2731 4776 2848 4831 solo
2875 4774 3086 4830 creavit
3111 4773 3371 4847 imperio.
3414 4774 3481 4829 Et
3504 4772 3631 4829 ideo
3658 4791 3774 4830 non
3801 4776 3958 4830 venit

2313 4869 2373 4925 in
2399 4870 2765 4943 cogitatione,
2800 4870 3086 4942 quomodo
3112 4869 3219 4924 hoc
3245 4873 3344 4924 aut
3368 4868 3508 4923 illud
3532 4869 3782 4940 potuerit
3809 4868 3953 4940 ﬁeri,

2314 4965 2415 5036 qui
2466 4957 2929 5036 Omnipotentem
2967 4979 3270 5037 precamur
3308 4963 3586 5019 conﬁteri.
3649 4965 3953 5021 Creatorem

2315 5060 2433 5114 caeli
2473 5063 2525 5114 et
2578 5064 2752 5115 terrae.
2803 5060 2913 5114 Hoc
2945 5059 3041 5129 ait,
3099 5058 3252 5131 quod
3294 5057 3555 5131 superius
3604 5055 3770 5126 dixit,
3821 5058 3956 5129 quia

2313 5152 2505 5207 omnia
2532 5152 2649 5207 sola
2674 5152 2830 5208 verbi
2856 5156 3129 5225 potestate
3152 5152 3393 5225 perﬁcit.

2386 5248 2552 5305 Credo
2578 5250 2635 5303 in
2681 5248 2875 5303 Filium
2914 5247 3042 5319 ejus.
3086 5247 3373 5303 Advertite
3410 5245 3702 5320 quomodo
3738 5245 3799 5301 in
3846 5247 3950 5302 Pa~

2310 5344 2479 5410 trem,
2508 5341 2587 5396 sic
2622 5341 2763 5398 etin
2790 5341 2996 5398 Filium
3028 5341 3102 5399 sit
3135 5342 3522 5398 credendum:
3578 5345 3635 5398 et
3673 5340 3775 5415 qui
3821 5359 3948 5398 cum

2381 5598 2582 5651 Desunt
2606 5597 2769 5650 etiam
2794 5597 2879 5650 hic
2906 5597 3067 5663 folia.

2647 5690 2798 5769 lell.
2841 5705 2995 5746 rem
3034 5705 3067 5744 v
3106 5706 3160 5747 IN
3201 5706 3354 5749 ccam
3394 5706 3606 5748 DOlllNl.

2647 5728 2798 5769 (IV/Ilo
2841 5728 2995 5746 l‘ullln
3044 5728 3057 5744 ν
3106 5728 3157 5747 In
3201 5728 3354 5749 buunt:
3394 5728 3606 5748 W-u‘lo
3972 5728 3973 5751 ι

2316 5798 3971 5897 σοι..οσοοοοοοοοοσοθιοοοοοοοοΑ
