4014 6230
130 304 186 351 35
195 302 219 350 ἷ

1196 296 1281 352 DE
1322 297 1630 353 LITURGIA
1667 299 2041 355 GALLICANA
2080 301 2275 356 LIBER
2318 302 2403 356 Ill.

3386 311 3487 363 358

131 400 310 476 349
334 399 595 471 gratiam
632 398 889 456 utilitatis
932 401 1199 470 indulsit;
1237 406 1293 457 et
1335 406 1757 475 plenitudinem
1781 420 1839 492 Α
1861 424 2061 464 cruore
2088 414 2336 480 gustato,
2372 411 2636 480 petamus
2676 412 2739 463 ut
2780 408 3070 480 possideat
3104 413 3358 481 pectora,
3390 416 3488 483 qui

130 502 229 551 tua:
244 493 667 550 benedictionis
683 495 915 566 adjecit.
934 498 1044 550 Per
1062 497 1215 569 hunc
1237 514 1376 569 ergo
1401 502 1475 565 te,
1492 500 1753 567 Domine,

128 605 218 661 per
237 603 406 658 quem
426 604 661 652 omnes,
680 588 813 641 licet
831 587 1228 660 indignorum,
1249 595 1506 645 attamen
1523 592 1758 646 creden-

132 683 258 736 tium
285 698 487 752 preces
518 680 788 752 placabili
821 699 957 735 aure
990 684 1244 749 exaudis,
1275 686 1607 755 suppliciter
1636 703 1756 740 ora-

132 793 260 839 mus,
290 778 351 827 ut
374 774 534 839 huic,
571 776 728 846 quod
761 776 1080 841 offerimus,
1112 782 1408 847 unguento
1436 795 1502 831 ex
1528 796 1754 833 aroma-

130 870 262 925 tibus
286 868 436 923 horti
469 869 557 933 tui
591 873 647 923 et
672 870 920 941 paradisi
944 871 1025 923 tui
1050 872 1191 925 ﬂore
1212 875 1492 941 perpetuo
1515 871 1755 927 odorem

131 962 400 1017 suavitatis
421 962 684 1032 injicias;
715 964 1043 1018 accumules
1072 964 1308 1034 insuper
1329 982 1457 1018 eam
1485 965 1754 1035 gratiam,

133 1071 356 1125 eamque
382 1054 686 1125 virtutem,
718 1074 833 1127 qua
864 1057 1160 1128 quondam
1187 1075 1375 1127 reges,
1408 1059 1754 1125 sacerdotes,

134 1149 440 1220 prophetas,
472 1166 659 1203 cornu
690 1167 723 1203 a
752 1150 1059 1205 dilectione
1093 1155 1189 1205 tua
1217 1152 1543 1227 exundante
1574 1153 1760 1222 perfu-

130 1260 226 1307 sos,
250 1243 450 1313 plenus
482 1244 813 1298 ofﬁciorum
838 1261 1075 1299 suorum
1098 1244 1473 1314 dignitatibus
1498 1245 1755 1309 induisti,

130 1341 181 1390 ut
226 1352 351 1391 cum
398 1335 614 1391 exinde
664 1354 876 1392 novam
917 1338 1023 1392 tibi
1068 1339 1353 1392 familiam
1408 1339 1755 1405 unxerimus,

131 1430 523 1501 superveniens
555 1430 613 1484 in
653 1448 770 1497 eos,
805 1431 1215 1502 cooperatione
1248 1432 1493 1502 Spiritus
1518 1433 1598 1486 tui
1625 1449 1755 1487 san-

132 1525 212 1589 cti,
246 1541 380 1576 aura
418 1523 627 1593 gratia:
673 1525 917 1578 cmlestis
961 1525 1242 1595 adspiret;
1291 1529 1352 1580 ut
1396 1526 1484 1580 his
1529 1542 1757 1597 quoque

132 1633 245 1670 vere
271 1616 478 1671 Christi
527 1618 611 1670 tui
650 1622 703 1671 et
744 1618 865 1672 Filii
906 1618 1010 1683 tui,
1043 1620 1226 1672 sancti
1258 1620 1501 1689 Spiritus
1538 1620 1759 1690 inlapsa

131 1712 339 1773 virtute,
372 1710 704 1765 efﬁciantur
737 1712 907 1782 hujus
947 1729 1175 1782 semper
1222 1712 1474 1767 nominis
1519 1714 1756 1768 cohere-

135 1805 238 1858 des.
266 1805 370 1857 Per
402 1806 721 1859 Dominum
752 1804 1011 1860 nostrum
1036 1808 1252 1860 Iesum.

586 1889 709 1937 Post
732 1888 968 1946 Sanctus,
1003 1888 1064 1936 Te
1092 1888 1282 1951 igitur.

194 1961 735 2027 Communicantes,
784 1963 841 2013 et
895 1960 1049 2013 diem
1102 1960 1553 2015 sacratissimum
1606 1963 1752 2015 cele-

138 2053 364 2121 brantes,
414 2072 531 2125 quo
588 2053 833 2108 traditus
887 2057 972 2107 est
1022 2054 1301 2108 Dominus
1352 2058 1546 2109 noster
1597 2058 1756 2109 Jesus

139 2147 394 2209 Christus;
428 2148 531 2200 sed
564 2151 623 2201 et
650 2147 999 2201 memoriam
1027 2151 1388 2202 venerantes.

198 2241 339 2295 Hane
381 2240 563 2310 igitur
609 2241 987 2308 oblationem,
1020 2258 1195 2312 quam
1228 2241 1327 2295 tibi
1358 2239 1654 2295 oﬁ‘erimus
1685 2242 1755 2295 ob

141 2332 272 2387 diem
295 2334 502 2404 jejunii
530 2336 722 2389 Coena:
752 2334 1088 2402 Dominicaw,
1122 2334 1179 2388 in
1203 2352 1318 2406 qua
1343 2335 1625 2389 Dominus
1652 2352 1755 2389 no-

141 2430 413 2483 sterlesus
452 2429 716 2484 Christus
749 2429 918 2483 Filius
952 2432 1082 2483 tuus
1122 2429 1181 2482 in
1214 2445 1361 2484 novo
1388 2431 1755 2483 Testamento

142 2523 471 2577 sacriﬁcandi
518 2523 698 2577 ritum
743 2523 1008 2587 instituit,
1042 2523 1181 2576 dum
1220 2540 1433 2593 panem
1466 2540 1531 2577 ac
1556 2522 1754 2576 vinum

144 2624 268 2685 {quae
294 2616 669 2670 Melchisedec
698 2618 756 2670 in
794 2616 1263 2687 praeﬁguratione
1292 2616 1467 2670 futuri
1498 2616 1755 2687 mysterii

144 2710 382 2764 sacerdos
408 2710 724 2781 obtulerat)
752 2709 812 2764 in
843 2713 1208 2764 sacramento
1245 2710 1387 2781 [Leg.
1425 2726 1753 2764 sacramen-

145 2803 267 2872 tum]
293 2804 375 2857 sui
402 2804 668 2875 corporis
698 2807 755 2859 et
794 2804 1091 2873 sanguinis
1121 2804 1569 2871 transformavit,
1601 2820 1752 2875 quae-

144 2912 333 2964 sumus,
364 2898 641 2963 Domine,
681 2900 741 2951 ut
790 2898 1047 2967 placatus
1084 2897 1349 2967 accipias,
1383 2897 1618 2968 diesque
1654 2914 1754 2952 no-

146 2992 287 3045 siros.

205 3086 297 3150 Qui
324 3087 507 3158 pridie
543 3103 717 3158 quam
764 3103 867 3158 pro
914 3087 1178 3143 omnium
1219 3089 1402 3142 salute
1440 3088 1754 3159 pateretur,

144 3179 400 3236 hodierna
430 3182 525 3235 die
557 3184 715 3235 stans
742 3182 800 3236 in
831 3183 1028 3238 medio
1056 3181 1467 3254 discipulorum
1499 3197 1754 3246 suorum,

146 3274 337 3346 accepit
364 3292 603 3346 panem.
634 3278 704 3331 Et
730 3277 825 3331 rel.

392 3364 651 3415 Collectio
675 3368 793 3415 ante
821 3364 1113 3415 orationem
1139 3363 1483 3414 Dominicam.

204 3436 496 3491 Precamur
532 3454 702 3504 nunc,
726 3438 972 3494 Domine
994 3440 1157 3504 Deus,
1179 3440 1240 3491 ut
1260 3436 1757 3508 quemadmodum

150 3527 293 3583 Filius
312 3534 436 3584 tuus
456 3530 741 3585 Dominus
768 3534 962 3586 noster
987 3532 1045 3585 in
1072 3531 1171 3585 illa
1190 3531 1509 3602 gratiarum
1532 3532 1757 3587 actione

151 3626 367 3678 mortem
397 3627 660 3680 nostram
706 3628 1069 3696 suscepturus
1109 3624 1338 3679 auditus
1367 3628 1471 3691 est,
1502 3625 1582 3680 ita
1608 3642 1758 3680 nunc

150 3719 198 3769 et
221 3734 314 3771 nos
352 3717 447 3789 qui
485 3719 682 3791 ipsum
728 3722 786 3773 et
827 3718 1001 3773 vitam
1043 3719 1164 3790 ejus
1210 3719 1541 3790 quaerimus,
1572 3719 1760 3775 audiri

152 3825 449 3867 mereamur
477 3812 541 3867 in
572 3812 857 3879 oratione,
890 3830 1067 3884 quam
1096 3829 1201 3868 nos
1238 3814 1482 3883 paterno
1507 3812 1757 3884 alloquio

155 3919 292 3958 orare
321 3905 534 3973 docuit,
566 3905 761 3961 dicens
792 3925 805 3962 :
842 3909 1028 3962 Pater.

710 3997 833 4045 Post
864 3995 1176 4045 orationem.

214 4063 436 4121 Domine
460 4067 615 4121 Deus
646 4067 1037 4139 omnipotens,
1068 4067 1251 4121 libera
1292 4084 1396 4121 nos
1427 4084 1460 4121 a
1498 4066 1672 4133 malo,
1703 4068 1761 4121 et

158 4155 205 4210 in
229 4162 467 4231 tempore
500 4164 737 4233 accepto
771 4162 924 4215 salva
952 4178 1084 4227 nos;
1114 4165 1175 4215 ut
1215 4160 1360 4216 sicut
1394 4162 1452 4216 in
1481 4160 1755 4215 condem-

160 4251 359 4308 natione
408 4256 484 4310 tui
549 4256 902 4327 perﬁdorum
958 4255 1245 4327 piaculum
1297 4257 1448 4310 salus
1497 4254 1759 4310 omnium

161 4342 263 4412 fuit,
292 4347 362 4402 sic
389 4366 491 4420 pro
534 4348 931 4404 misericordia
958 4349 1284 4403 communis
1310 4349 1510 4420 gratia:
1541 4350 1613 4403 sit
1641 4350 1758 4416 cul-

161 4439 234 4492 tus
257 4439 351 4494 iste
374 4443 759 4498 credentibus.
790 4444 936 4507 Quia
966 4442 1067 4498 tibi
1094 4446 1181 4497 est
1208 4443 1390 4515 gloria
1428 4445 1567 4515 aput
1591 4446 1755 4498 mter-

164 4547 279 4586 num
301 4535 544 4603 Patrem,
573 4554 701 4591 cum
730 4554 844 4608 quo
872 4537 1075 4592 beatus
1099 4537 1255 4591 vivis.

594 4625 892 4675 Benedictio
926 4625 990 4674 ad
1019 4626 1289 4689 populum.

220 4689 461 4763 Benedic,
514 4695 778 4761 Domine,
830 4697 978 4751 hanc
1028 4697 1308 4751 familiam
1360 4700 1535 4765 tuam,
1586 4713 1761 4767 quam

165 4782 410 4851 plasmare
430 4790 701 4862 dignatus
722 4807 782 4844 es
800 4807 866 4844 ex
887 4807 1070 4858 emno,
1095 4793 1154 4844 et
1174 4790 1443 4861 deinceps
1688 4789 1763 4843 vi-

164 4875 356 4936 vificare
379 4899 480 4954 per
510 4885 801 4938 lavacrum
826 4901 839 4938 :
865 4887 1091 4955 praesta,
1114 4886 1175 4938 ut
1204 4901 1347 4955 quos
1375 4883 1627 4955 perdidit
1645 4881 1761 4937 vita

166 4982 251 5037 per
276 4979 511 5045 gustum,
544 4993 702 5033 mors
745 4976 999 5032 reddidit
1036 4994 1141 5049 per
1177 4976 1517 5049 patibulum,
1552 4977 1761 5032 merita

171 5050 450 5132 gloriﬁcent
492 5088 596 5143 per
635 5069 1016 5132 adventum-lx
1046 5073 1117 5126 Ut
1154 5088 1272 5127 non
1302 5071 1359 5125 in
1388 5071 1470 5125 eis
1506 5071 1763 5126 inveniat

171 5154 364 5217 dolosus
394 5165 571 5220 hostis
611 5183 716 5237 per
756 5182 856 5220 eos
901 5165 1055 5237 quod
1091 5167 1299 5237 capiat,
1345 5164 1537 5221 divina
1580 5165 1763 5236 pietas

171 5253 297 5321 quod
339 5261 591 5330 repellat,
640 5259 809 5314 ultrix
858 5259 1096 5314 flamma
1137 5259 1291 5331 quod
1339 5258 1603 5321 saeviat-in
1649 5259 1761 5314 Sed

175 5359 279 5401 cum
310 5352 549 5408 terribile
596 5353 736 5407 illud
768 5352 969 5423 judicii
1012 5357 1243 5424 tempus
1280 5352 1595 5419 advenerit,
1625 5353 1761 5407 tuba

175 5448 438 5500 evocentur
457 5447 530 5502 ad
545 5448 772 5515 caelum,
795 5446 1017 5502 meritis
1038 5447 1321 5501 ducantur
1335 5447 1407 5501 ad
1429 5446 1758 5518 prmmium,

178 5532 393 5599 palmani
415 5540 695 5613 accipiant
720 5544 849 5612 post
879 5540 1256 5614 triumphum.
1288 5539 1452 5606 Quod
1484 5544 1675 5612 praest.

650 5636 772 5684 Post
794 5634 1239 5685 communionem.

235 5703 462 5780 Acceptis
475 5708 525 5780 ',
558 5708 859 5779 carissimi,
891 5708 1243 5781 spiritalibus
1274 5709 1435 5778 cibis,
1468 5712 1529 5765 et
1553 5710 1761 5766 Christi

239 5832 257 5859 '
279 5827 391 5889 litec
419 5838 472 5891 et
498 5852 746 5910 sequens
776 5836 960 5894 oratio
991 5838 1176 5893 exstat
1197 5853 1387 5909 supra,
1412 5853 1573 5892 num.
1604 5837 1686 5893 14.

1860 507 2056 559 nostra
2087 521 2189 559 ora
2216 504 2487 575 dignatus
2514 508 2626 569 est;
2656 503 2776 575 ipse
2797 503 3052 575 corporis
3078 505 3257 559 nostri
3283 510 3492 577 purget

1859 599 2103 661 ostium;
2132 601 2370 669 totoque
2391 598 2734 655 intrinsecus
2752 597 2992 653 homine
3015 598 3262 667 deterso,
3287 600 3492 655 sancti-

1858 692 2041 746 ﬁcatis
2081 692 2358 745 membris
2392 691 2628 747 innovet
2659 691 2924 763 spiritum
2959 692 3328 747 sanctiorem.
3360 695 3485 749 Per.

2414 780 2666 830 Collectio
2679 780 2928 845 sequitur.

1927 860 2094 915 Panis
2120 859 2247 914 vitm
2276 863 2485 915 nostrce
2514 861 2724 932 aspice,
2755 862 2904 915 Deus
2930 878 2942 916 :
2969 861 3043 915 sis
3069 862 3328 917 custodia
3363 880 3487 919 cor-

1860 972 2089 1025 porum,
2108 954 2183 1007 sis
2205 955 2547 1009 salviﬁcator
2566 956 2897 1010 animarum
2920 972 2932 1022 ;
2957 958 3018 1010 ut
3038 959 3271 1026 pectora
3295 961 3490 1013 nostra

1859 1052 2019 1103 tanto
2052 1049 2255 1119 poculo
2296 1048 2537 1119 ciboque
2571 1050 2817 1115 ﬁrmata,
2850 1049 3081 1104 inimica
3116 1050 3342 1105 subdoli
3372 1068 3488 1105 ser-

1859 1142 2048 1213 pentis
2072 1140 2475 1195 blandimenta
2498 1158 2615 1195 non
2644 1142 2923 1212 quatiant.
2954 1144 3061 1197 Per
3086 1144 3415 1200 Dominum.

2138 1236 2315 1289 XVIII.
2358 1251 2559 1290 1mm
2598 1252 2794 1290 ORATIO
2834 1252 2885 1291 Is
2926 1253 2977 1290 vi
3026 1254 3199 1293 manu.

1859 1328 2059 1384 Eadem
2098 1346 2220 1384 vero
2254 1329 2341 1383 die
2369 1346 2475 1384 non
2508 1330 2735 1392 salutat,
2766 1345 2872 1383 non
2890 1331 3103 1400 psallit.
3131 1334 3349 1402 Legitur
3372 1334 3491 1389 Lec-

1931 1420 2006 1472 tio
2033 1419 2175 1474 Osee.
2206 1422 2362 1488 Resp.
2395 1417 2639 1474 Domine
2681 1418 2892 1473 audivi.
2934 1422 3067 1475 Item
3101 1422 3218 1475 alia
3246 1441 3262 1477 :
3286 1421 3490 1477 Mensis

1930 1507 2036 1560 iste
2063 1506 2430 1576 principium.
2466 1510 2666 1566 Cantat
2690 1527 2706 1561 :

1930 1601 2078 1654 Deus
2106 1617 2138 1653 a
2165 1617 2279 1671 quo
2308 1604 2365 1653 et
2389 1600 2564 1655 Judas
2604 1604 2797 1654 reatus
2833 1601 2917 1654 sui
2946 1600 3208 1671 proditor
3234 1619 3489 1673 poenam,

1860 1695 1917 1746 et
1932 1693 2310 1748 confessionis
2326 1710 2440 1747 suae
2461 1695 2608 1747 latro
2626 1694 2931 1764 praemium
2955 1696 3219 1765 sumpsit,
3243 1696 3493 1752 concede

1779 1785 1833 1857 B
1860 1787 2023 1840 nobis
2064 1787 2170 1857 pize
2210 1787 2503 1857 petitionis
2548 1787 2848 1851 effectum;
2879 1790 2941 1841 ut
2967 1789 3110 1843 sicut
3142 1789 3198 1842 in
3226 1789 3505 1845 Passione-

1858 1897 1958 1933 sua
1987 1881 2148 1934 Iesus
2175 1880 2429 1934 Christus
2458 1880 2739 1934 Dominus
2766 1884 2963 1935 noster
2986 1881 3209 1936 diversa
3240 1883 3492 1953 utrisque

1857 1973 2050 2028 intulit
2073 1973 2360 2044 stipendia
2394 1974 2757 2041 meritorum,
2787 1974 2887 2039 ita,
2915 1991 2948 2028 a
2989 1976 3153 2030 nobis
3180 1976 3370 2031 ablato
3396 1993 3491 2031 ve-

1859 2066 2085 2121 tustatis
2127 2081 2342 2131 errore,
2375 2069 2433 2119 et
2477 2066 2916 2121 resurrectionis
2953 2085 3067 2122 sua:
3104 2068 3354 2138 gratiam
3377 2070 3489 2124 lar-

1857 2160 2067 2231 giatur.
2100 2161 2224 2214 Per.

1938 2251 2062 2299 Item
2089 2251 2207 2313 post
2230 2248 2511 2299 lectionem
2539 2247 2809 2311 Evangelii
2835 2249 3095 2300 orationes
3119 2250 3415 2302 sollemnes.

1928 2329 2187 2395 Oremus,
2218 2328 2570 2383 dilectissimi
2604 2328 2788 2395 nobis,
2814 2328 2871 2381 in
2900 2330 3099 2399 primis
3122 2348 3223 2401 pro
3246 2331 3493 2390 Ecclesia

1858 2426 2054 2476 sancta
2086 2423 2215 2487 Dei;
2246 2426 2308 2476 ut
2350 2439 2480 2476 eam
2517 2424 2666 2476 Deus
2711 2425 2769 2475 et
2812 2422 3088 2476 Dominus
3119 2428 3314 2478 noster
3338 2426 3492 2496 paci-

1857 2516 2050 2583 ﬁcare,
2079 2515 2460 2586 multiplicare
2489 2519 2548 2569 et
2577 2515 2865 2570 custodire
2906 2515 3178 2586 dignetur
3203 2521 3325 2574 toto
3357 2520 3493 2574 orbe

1859 2612 2164 2675 terrarum,
2208 2608 2515 2678 subjiciens
2561 2609 2613 2662 ei
2656 2608 3011 2680 principatus
3060 2613 3117 2665 et
3160 2614 3491 2682 potestates,

1858 2702 2075 2772 detque
2100 2702 2264 2757 nobis
2293 2702 2669 2773 tranquillam
2703 2706 2760 2756 et
2790 2703 3048 2772 quietam
3078 2704 3255 2760 vitam
3285 2705 3496 2777 degen-

1857 2796 2008 2851 tibus
2039 2796 2360 2867 gloriﬁcare
2394 2797 2578 2850 Deum
2600 2796 2831 2850 Patrem
2856 2796 3340 2867 omnipotentem.
3363 2800 3491 2855 Per.

2550 2890 2811 2943 Oremus.

1930 2967 2310 3040 Omnipotens
2340 2969 2691 3040 sempiterne
2720 2969 2888 3033 Deus,
2923 2967 3021 3038 qui
3051 2968 3298 3039 gloriam
3328 2973 3488 3025 tuam

1859 3062 2128 3117 omnibus
2150 3063 2207 3117 in
2230 3062 2453 3118 Christo
2476 3060 2746 3134 gentibus
2765 3061 3050 3127 revelasti,
3072 3062 3296 3117 custodi
3316 3079 3493 3135 opera

1779 3165 1833 3238 (ς)
1858 3156 2267 3211 misericordiae.
2300 3160 2432 3224 tute,
2462 3159 2523 3210 ut
2548 3154 2797 3211 Ecclesia
2818 3158 2937 3211 toto
2966 3155 3103 3210 orbe
3132 3155 3357 3225 diffusa,
3385 3161 3493 3213 sta:-

1858 3249 1957 3305 bili
2004 3250 2115 3305 ﬁde
2156 3250 2216 3304 in
2259 3248 2685 3305 confessionem
2725 3249 2808 3303 tui
2848 3249 3102 3305 nominis
3144 3254 3487 3322 perseveret.

1858 3345 1966 3399 Per
1992 3343 2302 3399 Dominum
2330 3347 2614 3399 nostrum.
2708 3350 2713 3355 ‘

2154 3437 2396 3492 Oremus
2427 3441 2485 3492 et
2508 3455 2613 3509 pro
2641 3436 2977 3492 beatissimo
3003 3454 3155 3509 papa
3182 3442 3399 3507 nostro,
3433 3442 3495 3494 ut

1859 3532 2009 3588 Deus
2040 3532 2427 3603 omnipotens,
2458 3532 2559 3602 qui
2587 3531 2761 3601 elegit
2788 3548 2921 3585 eum
2948 3530 3007 3585 in
3041 3531 3244 3586 ordine
3273 3534 3490 3604 episco-

1858 3629 2045 3698 patus,
2072 3626 2291 3679 salvum
2319 3629 2377 3679 et
2396 3624 2748 3679 incolumem
2770 3622 3053 3678 custodiat
3079 3624 3342 3680 Ecclesiae
3370 3644 3495 3681 san-

1860 3724 1963 3775 ctee
1996 3720 2069 3774 ad
2098 3718 2424 3790 regendum
2450 3716 2731 3790 pOpulum
2760 3719 3021 3771 sanctum
3049 3718 3172 3772 Dei.

2551 3806 2813 3861 Oremus.

1930 3886 2310 3959 Omnipotens
2339 3884 2693 3958 sempiterne
2726 3885 2894 3952 Deus,
2924 3884 3085 3954 cujus
3106 3887 3323 3940 mterno
3347 3883 3497 3957 judi-

1860 3981 1946 4036 cio
1974 3981 2238 4036 universa
2268 3977 2856 4057 fundanturhrespice
2892 3976 3171 4049 pr0pitius
3198 3978 3271 4033 ad
3298 3996 3496 4052 preces

1860 4078 2105 4143 nostras,
2157 4078 2213 4129 et
2260 4076 2505 4129 electum
2554 4072 2718 4127 nobis
2769 4070 3087 4126 antistitem
3137 4075 3235 4128 tua
3283 4073 3494 4144 pietate

1861 4186 2161 4235 conserva;
2192 4171 2253 4222 ut
2279 4164 2602 4223 Christiana
2628 4165 2808 4237 plebs,
2839 4182 2966 4237 qua}
3010 4163 3109 4220 tali
3142 4166 3497 4237 gubernatur

1861 4267 2113 4329 auctore,
2148 4261 2250 4315 sub
2270 4264 2433 4317 tanto
2462 4262 2730 4331 pontiﬁce
2760 4257 3115 4314 credulitatis
3137 4277 3253 4315 suae
3275 4262 3496 4317 meritis

1861 4358 2160 4427 augeatur.
2194 4358 2320 4410 Per.
3484 4362 3489 4367 ‘

1932 4450 2172 4504 Oremus
2221 4453 2278 4503 et
2326 4466 2429 4520 pro
2476 4447 2745 4504 omnibus
2788 4446 3090 4520 episcopis,
3128 4447 3493 4519 presbyteris,

1776 4537 1834 4608 D
1859 4542 2213 4609 diaconibus,
2246 4542 2501 4615 acolytis,
2531 4540 2843 4608 exorcistis,
2871 4540 3197 4608 lectoribus,
3226 4542 3493 4613 ostiariis,

1862 4636 2303 4703 confessoribus,
2342 4636 2679 4707 virginibus,
2717 4635 2920 4703 viduis,
2962 4638 3019 4690 et
3054 4652 3157 4706 pro
3205 4637 3367 4692 omni
3395 4655 3495 4711 po-

1862 4733 1996 4803 pulo
2026 4732 2222 4785 sancto
2249 4731 2369 4785 Dei.

2557 4800 2817 4855 Oremus.

1934 4881 2315 4954 Omnipotens
2334 4880 2683 4952 sempiterno
2702 4882 2871 4948 Deus,
2896 4879 3057 4950 cujus
3077 4881 3292 4953 Spiritu
3313 4887 3500 4941 totum

1862 4994 2069 5049 corpus
2095 4976 2358 5032 Ecclesiae
2390 4975 2779 5029 sanctiﬁcatur
2806 4977 2863 5029 et
2896 4974 3135 5045 regitur,
3166 4979 3371 5034 exaudi
3400 4997 3503 5035 nos

1862 5089 1966 5144 pro
1994 5070 2270 5126 universis
2302 5068 2602 5125 ordinibus
2628 5069 3035 5140 supplicantes,
3067 5074 3129 5125 ut
3158 5072 3360 5143 gratiae
3392 5077 3502 5129 tua:

1864 5182 2107 5221 munere
2145 5166 2216 5219 ab
2258 5164 2527 5221 omnibus
2565 5162 2667 5217 tibi
2707 5162 2978 5235 gradibus
3005 5163 3254 5219 ﬁdeliter
3289 5167 3496 5221 servia«

1864 5262 1974 5315 tur.
2003 5261 2112 5314 Per
2141 5259 2473 5315 Dominum.

1936 5354 2177 5408 Oremus
2204 5355 2261 5407 et
2286 5368 2390 5423 pro
2432 5350 2934 5407 Christianissimis
2968 5349 3217 5421 regibus,
3253 5354 3313 5404 ut
3352 5346 3499 5405 Deus

1865 5450 1921 5501 et
1964 5447 2244 5502 Dominus
2270 5448 2469 5500 noster
2499 5445 2756 5500 subditas
2797 5444 2908 5498 illis
2938 5444 3112 5499 faciat
3136 5458 3339 5499 omnes
3366 5445 3499 5499 bar-

1861 5538 2031 5596 baras
2063 5540 2329 5595 nationes
2352 5539 2425 5593 ad
2451 5541 2711 5595 nostram
2738 5540 3079 5609 perpetuam
3115 5552 3339 5608 pacem.
3372 5540 3495 5593 Per.

2556 5629 2819 5684 Oremus.

1936 5711 2317 5784 Omnipotens
2344 5710 2694 5782 sempiterne
2720 5709 2889 5777 Deus,
2910 5706 2969 5763 in
2991 5706 3151 5778 cujus
3171 5722 3350 5762 manu
3368 5704 3498 5765 sunt
