4014 6230
493 330 520 379 3
535 329 591 381 i2}

490 452 696 508 corpus
721 435 868 491 efﬁci
904 435 984 490 vis
1019 437 1217 492 ﬁdeles
1248 454 1260 490 :
1290 437 1380 490 fac
1417 435 1583 491 nobis
1624 435 1683 490 in
1719 435 2127 492 remissionem
2149 450 2208 523 Α

486 533 857 601 peccatorum
879 546 1000 584 esse
1025 530 1179 602 quod
1205 528 1587 600 sumpsimus;
1618 532 1791 600 atque
1813 529 1891 584 ita
1917 547 1975 584 se
1999 529 2122 585 ani-

491 641 604 678 mae
632 627 843 678 nostra:
873 623 1065 678 divina
1095 623 1372 677 alimonia
1401 620 1598 695 332
1629 639 1735 693 per
1764 623 2121 679 benedictio-

491 733 625 772 nem
647 721 808 771 tuam
828 717 979 770 facta
1005 715 1366 786 permisceat,
1393 718 1454 768 ut
1473 731 1606 770 caro
1629 715 1854 787 spiritui
1875 716 2122 784 subdita,

491 814 550 864 et
585 810 642 864 in
677 825 1021 865 consensum
1058 809 1356 879 pacificum
1398 808 1704 880 subjugata
1735 809 2120 880 obtemperet,

489 921 605 959 non
639 906 923 975 repugnet
948 919 1050 974 per
1073 901 1349 972 Spiritum
1379 905 1663 969 sanctum,
1697 902 1794 974 qui
1820 903 1878 957 in
1902 903 2121 957 unitate

485 997 666 1054 Patris
702 1000 759 1051 et
792 995 914 1050 Filii
947 999 1266 1051 cowternus
1303 995 1437 1050 vivit
1473 999 1531 1050 et
1572 999 1781 1067 regnat
1822 996 1880 1052 in
1918 997 2122 1053 saecula

487 1093 846 1148 saaculorum.
879 1092 1085 1144 Amen.

672 1213 734 1264 II.
777 1212 1064 1266 ΡΒΑΞΡΑΤΙΟ
1103 1226 1172 1265 ΑΙ)
1211 1221 1470 1265 VIRGINEM
1509 1224 1938 1266 BENEDICENDL’M.

555 1319 852 1384 Faventes,
883 1315 1237 1370 dilectissimi
1260 1316 1488 1382 fratres,
1514 1314 1600 1368 his
1626 1314 1947 1382 virtutibus,
1979 1331 2122 1386 quas

485 1416 758 1485 praestare
805 1427 1122 1482 paucorum
1167 1413 1271 1477 est,
1326 1410 1507 1464 Deum
1555 1425 1788 1479 semper
1832 1408 2122 1479 pudicitia:

481 1506 870 1575 castitatisque
892 1504 1190 1558 custodem
1215 1503 1461 1574 acceptis
1483 1503 1675 1556 eidem
1698 1502 1962 1573 precibus
1991 1519 2117 1557 ore-

481 1617 632 1667 mus,
664 1603 724 1652 ut
757 1599 906 1652 hanc
935 1598 1213 1651 famulam
1245 1614 1428 1662 suam,
1460 1595 1729 1650 omnibus
1755 1595 1943 1650 smculi
1976 1595 2118 1650 inle-

481 1694 665 1749 cebris
698 1691 942 1746 liberam
973 1690 1318 1757 carnalibus,
1349 1707 1414 1744 ac
1441 1689 1643 1760 spiritu
1671 1689 1980 1759 integram,
2011 1690 2117 1743 Re-

483 1787 569 1859 gis
605 1785 807 1840 aeterni
839 1784 1094 1838 thalamo
1154 1783 1583 1849 reservandam,
1633 1783 1828 1837 addita
1886 1783 2122 1838 calestis

480 1878 758 1953 propositi
816 1876 1022 1932 virtute
1079 1877 1439 1942 corroboret;
1477 1879 1536 1929 et
1579 1875 1650 1930 ad
1693 1876 2115 1946 sexagesimum

480 1976 762 2040 fructum,
802 1989 929 2044 qua:
966 1971 1199 2043 propria
1235 1970 1540 2024 devotione
1579 1969 1894 2040 praesumit,
1943 1969 2120 2025 addat

479 2085 582 2124 sua
612 2067 877 2122 libertate
909 2064 1310 2119 centesimum.
1343 2065 1452 2118 Per
1477 2063 1811 2118 Dominum.

1019 2169 1271 2219 Collectio
1323 2168 1577 2233 ejusdem.

550 2258 824 2313 Omnium
843 2256 1080 2328 quidem
1095 2255 1331 2309 laudum
1356 2257 1528 2326 atque
1550 2253 1847 2322 virtutum,
1868 2255 1967 2308 sed
1981 2270 2120 2325 pra:-

477 2353 644 2424 cipue
673 2349 950 2406 castitatis
971 2349 1253 2415 adsertor,
1280 2351 1490 2415 custos,
1515 2346 1837 2414 auxiliator,
1862 2347 2116 2414 effector,

477 2447 679 2501 dicata:
700 2443 800 2498 tibi
821 2444 880 2497 in
898 2442 1109 2498 sanctis
1131 2441 1468 2511 corporibus
1496 2439 1714 2512 pariter
1742 2457 1806 2495 ac
1830 2441 2121 2494 mentibus

476 2539 772 2612 puritatis;
794 2537 890 2608 qui
912 2534 1303 2606 virginitatem
1326 2534 1457 2588 ideo
1481 2535 1608 2604 plus
1631 2534 1821 2588 intues
1833 2536 1892 2588 et
1909 2533 2117 2604 diligis,

477 2632 612 2703 quia
639 2630 739 2684 tibi
771 2629 934 2699 origo
964 2627 1294 2699 virginitas;
1321 2627 1536 2699 quique
1567 2627 1624 2681 in
1651 2627 1802 2681 hunc
1836 2627 2119 2682 mundum

478 2729 647 2779 natus
674 2740 740 2778 ex
766 2722 1018 2794 Virgine,
1051 2721 1109 2775 id
1143 2721 1200 2774 in
1229 2721 1354 2776 aliis
1384 2721 1616 2791 probas,
1652 2720 1808 2792 quod
1839 2720 1898 2774 in
1933 2723 2118 2775 matre

476 2816 730 2888 elegisti;
784 2816 972 2886 adque
1018 2815 1150 2869 ideo
1198 2814 1500 2884 aptissime
1552 2813 1653 2868 tibi
1704 2830 1915 2884 sponso
1962 2813 2047 2867 vir
2075 2825 2117 2882 ι,

475 2925 748 2982 sponsam
774 2907 1058 2979 virginem
1110 2907 1467 2962 dedicamus.
1507 2909 1609 2974 Tu,
1641 2907 1904 2974 Domine,
1935 2906 2119 2961 tribue

475 3005 623 3058 hanc
641 3002 988 3074 puelleejam
1008 3005 1120 3056 tua:
1148 3017 1382 3072 semper
1403 3000 1716 3071 optabilem
1750 3017 1964 3070 magno
1996 3017 2122 3070 pro-

473 3097 660 3169 posito
677 3094 1200 3167 perseverantiam,
1221 3096 1280 3148 et
1294 3097 1495 3149 contra
1512 3093 1884 3148 multiformis
1902 3093 2120 3147 inimici

1288 329 1621 384 ΑΡΡΕΝΒΙΧ
1659 328 1746 382 ΑΙ.)
1783 328 2003 382 UPERA
2042 328 2273 385 SANCTI
2313 332 2610 390 GERMANI
2652 335 3078 392 PARISIENSIS.

3766 341 3865 393 344

2785 443 3034 494 Collectio
3064 442 3314 508 sequitur.

2297 521 2508 590 Excita,
2541 538 2888 594 quaesumus,
2923 524 3187 590 Domine,
3217 524 3391 580 corda
3413 527 3611 580 nostra
3633 525 3708 580 ad
3728 541 3867 597 pra:-

2225 617 2512 687 parandas
2538 616 2829 687 Unigeniti
2859 618 2942 672 tui
2975 617 3116 686 vias,
3151 622 3213 672 ut
3256 635 3360 689 per
3399 618 3522 689 ejus
3549 618 3870 676 adventum

2226 709 2536 781 purificatis
2561 710 2662 766 tibi
2690 712 2902 766 servire
2927 712 3219 767 mentibus
3245 728 3595 768 mereamur.
3626 713 3754 768 Per.
3853 722 3856 723 '

2847 807 2968 855 Post
3000 805 3232 856 nomina.

2294 887 2546 953 Placarc,
2576 885 2845 953 Domine,
2879 903 3233 957 quaesumus,
3277 887 3618 942 humilitatis
3649 891 3867 943 nostrae

2224 983 2486 1055 precibus
2513 989 2571 1039 et
2599 985 2826 1052 hostiis;
2859 990 2917 1040 et
2945 987 3037 1040 ubi
3065 988 3222 1041 nulla
3251 990 3566 1058 suppetunt
3585 987 3866 1058 suffragia

2223 1077 2582 1144 meritorum,
2621 1082 2731 1133 tuae
2760 1079 2924 1134 nobis
2955 1079 3333 1152 indulgentia
3361 1098 3627 1136 succurre
3663 1081 3862 1153 praesi-

2224 1171 2364 1236 diis;
2397 1175 2455 1225 et
2481 1188 2680 1226 eorum
2704 1173 2942 1228 nomina
2976 1173 3071 1245 qui
3106 1191 3211 1229 nos
3232 1178 3654 1245 praecesserunt
3673 1188 3694 1217 ο
3727 1192 3861 1230 cum

2224 1264 2386 1335 signo
2432 1265 2587 1332 ﬁdei,
2633 1269 2691 1319 et
2737 1267 3033 1321 dormiunt
3081 1267 3138 1320 in
3185 1285 3392 1323 somno
3429 1268 3605 1339 pacis,
3639 1269 3776 1340 ipsis
3804 1272 3863 1323 et

2224 1358 2490 1412 omnibus
2519 1359 2577 1412 in
2604 1359 2826 1414 Christo
2863 1361 3289 1430 quiescentibus
3329 1363 3517 1416 locum
3551 1362 3856 1434 refrigerii,

2222 1451 2362 1506 lucis
2390 1455 2447 1506 et
2472 1453 2647 1524 pacis,
2679 1457 2740 1506 ut
2769 1453 3070 1524 indulgeas
3101 1455 3502 1526 deprecamur.
3530 1458 3658 1510 Per.

2741 1545 2992 1596 Collectio
3025 1546 3091 1596 ad
3126 1560 3330 1610 pacem.

2293 1627 2465 1680 Grata
2495 1625 2598 1680 tibi
2619 1626 2752 1694 sint,
2781 1626 3042 1694 Domine,
3066 1644 3329 1696 munera,
3354 1627 3562 1700 quibus
3583 1628 3858 1699 mysteria

2221 1720 2586 1774 celebrantur
2609 1723 2819 1775 nostra:
2851 1720 3128 1776 libertatis
3155 1725 3212 1775 et
3232 1721 3390 1789 vitae;
3422 1726 3480 1776 et
3505 1722 3603 1794 qui
3632 1722 3855 1777 unitate

2143 1817 2198 1889 Β
2224 1812 2452 1880 laetaris,
2483 1813 2668 1868 tribue
2692 1814 2856 1868 nobis
2886 1815 3062 1869 fidem
3087 1815 3398 1888 integram,
3419 1832 3621 1887 pacem
3647 1832 3854 1888 perpe-

2219 1916 2402 1979 tuam,
2431 1911 2728 1966 caritatem
2758 1930 2984 1984 puram.
3021 1915 3146 1968 Per.

2867 2005 3204 2056 Contestatio.

2291 2088 2433 2140 Vere
2462 2085 2701 2155 dignum
2730 2090 2788 2141 et
2809 2087 3031 2157 justum
3059 2090 3210 2142 est...
3239 2090 3405 2155 Deus,
3434 2089 3524 2142 cui
3555 2089 3853 2160 proprium

2222 2182 2308 2234 est
2338 2195 2402 2233 ac
2429 2178 2740 2249 singulare,
2769 2180 2926 2250 quod
2953 2179 3140 2247 bonus
3187 2197 3267 2248 es,
3301 2184 3359 2236 et
3389 2183 3544 2235 nulla
3576 2198 3853 2253 umquam

2221 2277 2329 2328 ate
2357 2290 2418 2327 es
2441 2272 2896 2327 commutatione
2916 2273 3188 2328 diversus.
3216 2274 3532 2345 Propitiare
3568 2275 3851 2346 supplica-

2221 2365 2471 2420 tionibus
2485 2365 2712 2432 nostris;
2727 2369 2785 2420 et
2796 2366 3056 2420 Ecclesim
3071 2370 3182 2421 tuae
3200 2366 3658 2422 misericordiam
3670 2370 3849 2432 tuam,

2221 2475 2396 2530 quam
2426 2458 2791 2524 confitentur,
2839 2459 3099 2526 ostende,
3139 2461 3520 2515 manifestans
3556 2459 3708 2532 plebi
3741 2463 3851 2514 tuae

2220 2551 2508 2623 Unigeniti
2526 2552 2606 2605 tui
2627 2551 2889 2606 mirabile
2913 2553 3382 2620 Sacramentum;
3403 2557 3466 2608 ut
3482 2553 3849 2608 universitate

2222 2645 2517 2700 nationum
2540 2645 2888 2716 perficiatur,
2909 2646 3062 2718 quod
3079 2663 3183 2717 per
3201 2647 3357 2702 verbi
3374 2647 3455 2702 tui
3477 2646 3850 2718 Evangelium

2220 2737 2564 2810 promisisti;
2603 2741 2660 2791 et
2699 2739 2912 2792 habeat
2965 2740 3262 2810 plenitudo
3311 2739 3657 2812 adoptionis,
3693 2740 3852 2812 quod

2221 2831 2472 2904 prsetulit
2502 2831 2823 2886 testificatio
2862 2833 3134 2887 veritatis.
3165 2835 3289 2889 Per.

2292 2927 2417 2981 Post
2440 2927 2567 2989 haec,
2586 2927 2741 2980 Hanc
2762 2925 2938 2996 igitur
2963 2926 3078 2981 obl.

2771 3018 3074 3068 Benedictio
3097 3019 3296 3084 populi.

2292 3096 2389 3160 Da,
2423 3109 2765 3164 quesumus,
2791 3093 3159 3165 omnipotens
3179 3096 3348 3162 Deus,
3377 3099 3596 3150 cunctae
3618 3097 3854 3151 familia:

475 3189 811 3244 instantiam
859 3204 1090 3259 semper
1133 3187 1408 3258 agitantis
1453 3186 1688 3240 insidias
1742 3187 2108 3254 indeﬂexam,
2133 3185 2187 3258 ρ
2215 3189 2324 3242 tuae
2351 3188 2500 3241 hanc
2531 3189 2883 3241 voluntatem
2912 3188 2968 3241 in
3012 3188 3236 3243 Christo
3270 3189 3406 3243 Filio
3449 3193 3568 3256 tuo,
3605 3190 3852 3246 Domino

473 3282 1099 3353 inexpugnabilemque
1133 3280 1517 3336 constantiam
1545 3297 1558 3345 ;
1597 3283 1658 3333 ut
1683 3279 1786 3334 tibi
1809 3280 2018 3334 debeat
2038 3282 2115 3335 fe-

473 3375 640 3430 licem
668 3374 1262 3438 consummationem,
1297 3389 1422 3443 quae
1443 3373 1569 3443 jam
1603 3376 1736 3428 ante
1769 3373 1969 3428 habuit
2007 3375 2110 3430 bo-

475 3485 611 3525 nam
639 3470 1018 3524 voluntatem.
1047 3469 1156 3522 Per
1186 3465 1514 3522 Dominum.

917 3586 1003 3638 III.
1062 3585 1349 3639 ΡιυερΑτιο
1409 3599 1677 3639 VIDUALIS.

542 3696 691 3749 Deus
709 3708 902 3747 rerum
921 3691 1204 3758 omnium,
1219 3693 1365 3746 Deus
1384 3693 1598 3756 noster,
1619 3689 1715 3761 qui
1734 3689 1886 3744 inter
1914 3694 2110 3744 cetera

471 3789 819 3844 documenta
846 3785 1122 3839 virtutum
1157 3786 1401 3839 salutem
1430 3787 1691 3838 nostram
1720 3782 1995 3837 castitatis
2026 3781 2104 3836 vi-

471 3898 609 3953 gore
641 3879 940 3951 reparasti,
977 3882 1039 3932 ut
1075 3877 1256 3932 sancti
1287 3877 1530 3949 Spiritus
1560 3876 1917 3931 domicilium
1942 3876 2109 3930 ﬁeret

467 3992 572 4047 pro
603 3972 895 4028 viduitatis
926 3972 1382 4039 conservatione,
1407 3975 1580 4042 atque
1607 3973 1669 4024 ut
1697 3969 1803 4023 isto
1826 3969 2108 4040 ﬁguretur

469 4068 752 4137 exemplo,
767 4065 1088 4134 majestatis
1099 4066 1344 4120 Verbum
1360 4065 1679 4136 parituram
1692 4062 2103 4130 foecundatam,

467 4162 677 4232 praesta
702 4163 764 4212 ut
788 4158 909 4212 hazc
944 4158 1161 4212 famula
1199 4162 1318 4225 tua,
1359 4174 1488 4228 qua;
1529 4155 1943 4210 conscientiam
1991 4171 2106 4210 suae

467 4252 731 4324 puritatis
757 4251 1022 4322 spondet,
1041 4255 1096 4306 te
1117 4252 1352 4306 custode
1375 4250 1564 4320 adque
1592 4252 1839 4314 rectore,
1869 4265 2100 4302 conser-

465 4349 597 4399 vata
628 4347 684 4398 et
730 4343 1002 4398 inviolata
1033 4347 1408 4415 permaneat;
1435 4340 1569 4411 quia
1598 4343 1928 4394 nostrorum
1960 4341 2101 4396 nihil

466 4455 744 4510 magnum
767 4441 853 4492 est
873 4437 1135 4504 voluisse,
1160 4437 1316 4508 quod
1339 4440 1394 4490 te
1416 4451 1533 4489 non
1551 4433 1724 4488 fuerit
1744 4434 2101 4490 custodiente

464 4533 811 4604 perfectum.
845 4533 953 4587 Per
978 4528 1309 4586 Dominum.

982 4625 1282 4678 Benedictio
1339 4623 1574 4674 vidualis.

531 4717 697 4785 Deus,
727 4713 824 4787 qui
868 4715 1095 4767 Annam
1138 4710 1317 4765 ﬁliam
1349 4709 1613 4765 Fanuelis
1640 4709 1708 4762 δ.
1755 4751 1766 4762 .
1813 4751 1825 4764 .
1872 4752 1884 4764 .
1931 4753 1942 4766 .
1989 4753 2001 4765 .

1021 4812 1221 4864 Desunt
1241 4810 1326 4864 hic
1351 4809 1511 4877 folia.

528 4976 722 5050 333
741 4977 907 5040 Deus,
938 4972 1034 5044 qui
1054 4975 1330 5028 creatura;
1351 4977 1463 5028 tum
1487 4973 1749 5028 misereri
1776 4972 1965 5044 potius
1998 4971 2097 5025 eli-

357 5085 384 5126 :
456 5073 542 5143 gis
575 5087 747 5141 quam
778 5067 965 5134 irasci,
1000 5067 1187 5121 cordis
1212 5068 1390 5123 nostri
1420 5068 1650 5122 infirma
1682 5066 2006 5131 considera,
2042 5069 2100 5118 et

455 5169 568 5218 tua:
598 5180 702 5218 nos
729 5161 914 5233 gratia
938 5161 1164 5233 pietatis
1195 5161 1453 5218 inlustra.
1483 5163 1591 5215 Per
1623 5159 1950 5215 Dominum.

595 5297 797 5338 INCIPIT
853 5295 1009 5334 MISSA
1064 5295 1129 5334 DE
1182 5295 1430 5334 ADVENTU
1481 5293 1670 5332 DOMINI
1727 5291 1915 5332 NOSTRI
1967 5293 2094 5333 JESU

1183 5367 1417 5405 CHRISTI.

520 5449 711 5503 Excita
739 5448 1056 5520 potentiam
1087 5452 1269 5512 tuam,
1300 5443 1563 5510 Domine,
1589 5447 1647 5498 et
1670 5445 1829 5511 veni;
1856 5449 1912 5500 et
1937 5446 2092 5516 quod

449 5541 710 5596 Ecclesiae
742 5546 851 5598 tum
881 5560 1060 5615 usque
1088 5542 1148 5595 in
1176 5540 1354 5592 finem
1387 5537 1578 5593 saeculi
1606 5538 1941 5610 promisisti,
1976 5541 2086 5594 cle-

449 5639 677 5691 menter
705 5653 968 5708 operare.
1007 5637 1132 5688 Per.

568 5781 903 5852 Legendum
929 5777 1174 5852 videtur,
1201 5791 1391 5852 sponso
1429 5781 1724 5848 virginum,

516 5853 542 5893 δ
570 5847 800 5921 Ιηιέειδει
831 5866 1003 5921 supra
1023 5847 1083 5903 in
1110 5847 1313 5904 Missali
1345 5847 1694 5906 FrancOrum
1725 5865 1883 5904 num.
1929 5852 2008 5903 ll.

2217 3284 2412 3336 nostro
2445 3281 2697 3334 venienti
2725 3280 2783 3333 in
2820 3280 3091 3351 operibus
3113 3282 3283 3352 justis
3327 3286 3491 3354 aptos
3525 3299 3849 3350 occurrere,

2216 3378 2278 3428 ut
2307 3374 2429 3444 ejus
2460 3375 2712 3428 dexterae
2748 3374 2967 3441 sociati,
3007 3391 3254 3446 regnum
3292 3381 3625 3432 mereantur
3666 3378 3848 3449 possi-

2215 3467 2350 3521 dere
2383 3467 2626 3522 caeleste.
2657 3466 2823 3531 Quod
2849 3468 2970 3538 ipse
2999 3473 3191 3540 praest.

2583 3559 2834 3609 Collectio
2871 3564 2990 3624 post
3027 3560 3472 3610 communionem.

2281 3639 2505 3693 Animae
2535 3643 2762 3708 nostrae,
2794 3657 3124 3712 quazsumus
3153 3641 3522 3713 omnipotens
3548 3644 3716 3709 Deus,
3741 3645 3851 3699 hoc

2211 3731 2506 3803 potiantur
2523 3732 2828 3800 desiderio,
2865 3737 2925 3788 ut
2955 3752 2989 3788 a
3017 3738 3114 3789 tuo
3143 3734 3358 3805 Spiritu
3380 3735 3847 3803 inﬂammentur;

2211 3829 2272 3879 ut
2296 3826 2439 3879 sicut
2458 3826 2759 3897 lampades
2789 3825 2982 3900 334
3007 3828 3200 3882 divino
3218 3844 3457 3883 munere
3476 3829 3686 3898 satiati,
3710 3834 3850 3886 ante

2209 3923 2580 3991 conspectum
2605 3920 2883 3975 venientis
2915 3921 3120 3976 Christi
3140 3920 3259 3976 Filii
3295 3923 3376 3976 tui
3401 3923 3556 3977 velut
3584 3924 3738 3978 clara
3768 3925 3850 3978 lu-

2209 4013 2369 4067 mina
2398 4014 2744 4084 fulgeamus.
2775 4016 2902 4068 Per.

2764 4107 3015 4157 Collectio
3041 4107 3291 4171 sequitur.

2278 4179 2500 4251 Repleti
2531 4180 2658 4235 cibo
2698 4180 2966 4252 spiritalis
2997 4183 3309 4251 alimonia},
3343 4184 3625 4255 supplices
3655 4187 3710 4239 te
3742 4185 3848 4240 de-

2206 4289 2527 4344 precamur,
2552 4274 2919 4346 omnipotens
2939 4276 3108 4342 Deus,
3133 4279 3194 4330 ut
3215 4276 3383 4347 hujus
3403 4277 3849 4349 participatione

2205 4366 2460 4437 mysterii
2508 4367 2715 4422 doceas
2764 4385 2869 4422 nos
2908 4373 3140 4423 terrena
3183 4369 3496 4440 despicere,
3544 4375 3602 4425 et
3643 4388 3848 4426 amare

2204 4460 2476 4525 cazlestia;
2523 4465 2696 4532 atque
2739 4461 2900 4515 omni
2954 4480 3102 4516 nexu
3144 4463 3460 4518 mortiferae
3514 4463 3846 4536 cupiditatis

2122 4553 2182 4625 Ι)
2206 4558 2423 4622 exutos,
2453 4570 2634 4624 regno
2665 4558 2958 4626 perpetuae
2981 4556 3262 4611 libertatis
3283 4561 3578 4612 consortes
3600 4558 3838 4613 efﬁcias.

2205 4649 2312 4702 Per
2336 4647 2646 4702 Dominum
2674 4652 2957 4704 nostrum.

2205 4751 2265 4804 ν.
2345 4766 2468 4805 ITEM
2527 4766 2683 4806 MISSA
2748 4767 2814 4805 DE
2879 4769 3125 4808 ADVENTU
3193 4769 3380 4810 οοΜΙΝι
3458 4770 3647 4809 NOSTRI
3711 4770 3845 4811 JESU

2911 4839 3142 4880 CHRISTI.

2275 4914 2488 4982 Excita,
2523 4931 2868 4986 quaesumus,
2903 4917 3145 4972 Domine
3175 4918 3350 4974 corda
3382 4922 3578 4974 nostra
3600 4919 3672 4974 ad
3691 4936 3844 4990 pra:-

2201 5008 2488 5078 parandas
2520 5008 2812 5080 Unigeniti
2851 5008 2930 5063 tui
2969 5011 3108 5077 vias,
3142 5015 3202 5066 ut
3242 5029 3346 5083 per
3375 5012 3497 5083 ejus
3522 5013 3843 5069 adventum

2201 5101 2511 5173 purificatis
2535 5102 2639 5157 tibi
2662 5102 2874 5157 servire
2907 5105 3201 5159 mentibus
3230 5122 3579 5162 mereamur.

2886 5196 3166 5247 Collectio.

2267 5275 2659 5330 Conscientias
2673 5278 2917 5344 nostras,
2938 5294 3289 5348 quaesumus,
3307 5280 3673 5352 omnipotens
3684 5283 3844 5338 Deus

2195 5368 2402 5422 cotidie
2429 5369 2712 5423 visitando
2739 5369 2997 5440 puriﬁca,
3032 5375 3093 5425 ut
3118 5372 3382 5427 veniente
3411 5373 3656 5429 Domino
3694 5375 3842 5432 Filio

2195 5464 2311 5528 tuo,
2335 5464 2599 5532 paratam
2627 5461 2733 5516 sibi
2753 5462 2811 5517 in
2837 5463 3001 5519 nobis
3020 5463 3274 5520 inveniat
3295 5467 3676 5522 mansionem.
3705 5470 3836 5525 Per.

2675 5555 2925 5608 Collectio
2960 5562 3079 5622 post
3111 5559 3344 5610 nomine.

2263 5636 2370 5689 Fac
2400 5653 2524 5705 nos,
2560 5653 2910 5708 quaesumus,
2943 5639 3188 5695 Domine
3219 5642 3368 5696 Deus
3400 5645 3614 5710 noster,
3644 5645 3835 5714 pervi-

2259 5789 2280 5818 ο
2301 5779 2447 5859 .erc
2469 5780 2644 5836 verba
2675 5780 2732 5836 in
2763 5783 2998 5839 Canone
3028 5783 3256 5840 Ordinis
3283 5786 3526 5844 Romani
3555 5805 3656 5843 seu
3687 5789 3830 5845 Gre-

2190 5865 2432 5920 genam.
