4014 6230
191 180 212 202 Ι

149 352 256 405 3ἱό

1251 355 1335 408 DE
1374 354 1684 409 LITURGIA
1722 351 2094 405 GALLICANA
2135 352 2331 407 LIBER
2371 352 2459 406 Ill.

3421 350 3522 405 346

143 456 290 528 giles
317 457 512 530 adque
557 461 828 516 sollicitos
875 463 1188 517 adventum
1234 465 1536 533 expectare
1580 458 1787 517 Christi
1809 469 1869 542 Α
1891 461 1952 514 ut
1983 459 2324 529 orationem,
2358 475 2533 532 quam
2557 457 2898 530 praecepisti,
2930 457 3122 514 dicere
3161 457 3520 524 audeamus;

143 556 267 612 Filii
311 555 395 610 tui
427 554 662 610 Domini
703 553 883 610 nostri
925 572 937 610 :
983 559 1047 610 ut
1089 555 1228 610 dum
1260 555 1484 610 venerit
1532 556 1784 626 pulsans,

143 666 260 705 non
287 648 650 705 dormientes
691 648 963 722 peccatis,
993 650 1095 703 sed
1135 649 1457 719 vigilantes,
1489 652 1546 702 et
1577 648 1636 702 in
1673 647 1788 705 suis

140 743 398 798 inveniat
421 743 689 798 laudibus
721 746 1076 811 exultantes;
1101 743 1361 813 carisque
1392 743 1620 808 nostris,
1651 759 1789 813 quo-

141 854 273 892 rum
307 836 551 892 nomina
593 837 834 893 recitata
867 841 1020 904 sunt,
1063 836 1271 908 placita
1302 835 1549 907 requies,
1588 853 1786 890 secura

140 931 485 1002 expectatio,
519 931 859 986 resurrectio
888 930 1215 986 desiderata
1250 929 1568 1000 contingat.

810 1028 888 1080 Ad
914 1042 1120 1092 pacem.

210 1113 568 1168 Sacriﬁcium
613 1115 737 1182 tibi,
766 1115 1030 1182 Domine,
1064 1114 1480 1169 celebrandum
1529 1115 1787 1184 placatus

137 1206 379 1260 intende
426 1224 438 1262 :
480 1208 634 1278 quod
684 1210 743 1262 et
782 1225 887 1263 nos
923 1227 957 1263 a
996 1207 1146 1263 vitiis
1181 1212 1393 1263 nostrae
1437 1207 1786 1263 conditionis

136 1301 441 1368 emundet,
466 1304 524 1354 et
547 1305 643 1357 tuo
672 1302 897 1357 nomini
922 1303 1130 1357 reddat
1150 1304 1434 1374 acceptos,
1453 1305 1512 1356 et
1531 1319 1786 1356 commu-

137 1393 351 1448 nicatio
381 1395 682 1464 prasentis
703 1397 879 1451 osculi
913 1398 1206 1467 perpetua:
1245 1395 1506 1467 proﬁciat
1538 1395 1804 1450 caritati.-

135 1488 243 1542 Per
273 1487 614 1543 Dominum.

721 1559 1014 1608 Immolatio
1045 1572 1204 1608 nunc.

206 1644 354 1697 Vere
385 1643 628 1714 dignum
659 1647 716 1698 et
733 1643 954 1713 justum
988 1648 1073 1698 est
1096 1661 1199 1699 nos
1219 1645 1320 1698 tibi
1355 1643 1443 1698 hic
1470 1647 1527 1697 et
1572 1643 1785 1714 ubique

131 1753 370 1808 semper
391 1737 608 1808 gratias
634 1753 828 1807 agere,
860 1737 1102 1792 Domine
1137 1741 1352 1804 sancte,
1393 1739 1563 1791 Pater
1595 1737 1782 1790 omni-

1889 554 1990 608 sed
2011 553 2146 625 quia
2166 553 2471 625 permittis,
2505 555 2562 607 et
2593 551 2836 608 dicimus
2868 569 2881 607 :
2913 554 3085 607 Pater
3127 553 3340 606 noster.

2162 651 2413 702 Collectio
2445 653 2566 714 post
2595 649 2884 700 orationem
2910 649 3253 700 Dominicam.

1959 735 2199 791 Libera‘
2235 754 2341 792 nos
2377 736 2448 791 ab
2499 735 2660 790 omni
2694 736 2849 790 malo
2894 734 3265 806 omnipotens
3305 738 3520 789 aeterne

1888 829 2036 884 Deus
2060 847 2072 895 ;
2095 832 2152 884 et
2178 829 2312 900 quia
2336 829 2437 884 tibi
2463 829 2568 884 soli
2589 832 2675 884 est
2700 828 3011 900 praestandi
3031 830 3302 899 potestas,
3333 827 3522 882 tribue

1889 925 1950 976 ut
1974 922 2082 976 hoc
2107 923 2365 977 solemne
2383 922 2726 977 sacriﬁcium
2755 922 3072 976 sanctiﬁcet
3097 921 3272 976 corda
3301 923 3518 986 nostra,

1889 1015 2025 1069 dum
2071 1015 2351 1083 creditur;
2386 1016 2578 1070 deleat
2615 1018 2870 1086 peccata,
2913 1015 3053 1069 dum
3097 1015 3362 1070 sumitur.
3413 1015 3522 1069 Per

1888 1111 2052 1164 Dom.
2256 1179 2507 1229 Collectio
2543 1182 2660 1242 post
2701 1179 3142 1229 communionem.

1958 1260 2152 1314 Gratia
2181 1263 2298 1326 tua,
2329 1260 2590 1327 Domine,
2621 1277 2968 1330 quaesumus,
2998 1260 3274 1331 populum
3305 1257 3520 1330 suppli-

1887 1371 2012 1407 cem
2040 1354 2324 1424 benignus
2350 1354 2626 1420 inlustra;
2662 1357 2720 1408 et
2747 1353 3033 1408 donorum
3064 1356 3296 1407 tuorum
3354 1351 3524 1421 largi-

1887 1451 2003 1502 tate
2034 1464 2404 1518 prosequere,
2440 1451 2549 1502 uta
2572 1446 2738 1501 malis
2767 1447 3052 1514 omnibus,
3081 1449 3136 1500 te
3155 1447 3518 1518 protegente,

1888 1541 2176 1607 defensos,
2211 1541 2285 1594 ad
2308 1539 2599 1595 ineffabile
2641 1540 2982 1611 mysterium
3009 1538 3340 1610 spiritaliter
3369 1538 3520 1590 cele-

1886 1634 2174 1689 brandum
2201 1637 2259 1689 et
2287 1637 2484 1690 mente
2518 1637 2876 1706 praeparetur
2902 1637 2961 1688 et
2989 1648 3253 1704 corpore.
3285 1633 3411 1686 Per.

2569 1737 2838 1788 Collectio.

130 1830 364 1896 potens,
395 1828 612 1881 aeterne
637 1827 788 1880 Deus
812 1842 825 1879 ε
850 1826 943 1879 cui
961 1827 1260 1897 proprium
1287 1829 1373 1880 est
1393 1826 1625 1880 veniam
1649 1825 1785 1880 deli-
1805 1837 1862 1910 B
1959 1822 2212 1893 Sumptis
2239 1823 2594 1890 muneribus,
2628 1823 2893 1889 Domine,
2938 1837 3264 1893 quaesumus
3295 1821 3358 1872 ut
3391 1834 3524 1872 cum

131 1919 238 1972 etis
270 1919 635 1990 impendere,
665 1936 840 1990 quam
876 1920 1183 1991 pcenaliter
1223 1919 1514 1975 inminire.
1551 1919 1656 1984 Qui
1699 1920 1783 1974 fa-

131 2014 357 2069 bricam
390 2014 474 2067 tui
507 2013 696 2084 operis
728 2031 833 2084 per
864 2013 1139 2068 eumdem
1173 2031 1367 2068 rursus
1403 2013 1678 2084 Lapidem
1725 2031 1785 2068 es

130 2107 410 2178 dignatus
439 2107 696 2178 erigere;
731 2124 803 2161 ne
833 2107 1052 2178 imago,
1083 2124 1210 2178 quae
1241 2108 1314 2162 ad
1344 2107 1784 2162 similitudinem

131 2201 214 2254 tui
237 2202 392 2255 facta
404 2203 595 2255 fuerat
613 2200 826 2268 vivens,
843 2200 1133 2255 dissimilis
1153 2201 1468 2256 haberetur
1487 2218 1554 2256 ex
1574 2204 1782 2269 morte,

130 2311 349 2349 munus
398 2293 635 2348 venialis
682 2294 1060 2364 indulgentise
1106 2293 1459 2366 praestitisti,
1512 2297 1573 2348 ut
1628 2295 1783 2349 unde

131 2392 387 2442 mortem
421 2391 657 2458 peccato
690 2390 1075 2454 contraxerat,
1109 2387 1244 2441 inde
1272 2388 1448 2442 vitam
1477 2387 1662 2458 pietas
1699 2404 1783 2441 re-

134 2484 370 2552 pararet
392 2481 698 2535 immensa.
727 2482 853 2534 Haec
868 2483 1177 2551 postquam
1205 2479 1544 2551 prophetica
1578 2481 1784 2552 saepius

130 2591 237 2628 vox
259 2573 546 2644 praedixit,
572 2576 630 2627 et
649 2573 921 2628 Gabrihel
934 2574 1177 2643 angelus
1194 2573 1380 2628 Mariae
1388 2573 1515 2644 jam
1537 2590 1784 2644 praesen-

129 2666 213 2720 tia
240 2666 718 2722 nunciavitzmox
744 2667 952 2720 Puella:
980 2666 1270 2720 credentis
1298 2666 1357 2720 in
1381 2669 1567 2734 utero,
1597 2667 1782 2721 ﬁdelis

130 2760 304 2815 Verbi
333 2760 549 2814 mansit
579 2759 830 2830 aspirata
859 2758 1188 2829 conceptio;
1230 2761 1287 2812 et
1313 2760 1411 2814 illa
1429 2762 1620 2830 proles
1650 2778 1779 2815 nas-

130 2853 305 2907 cendi
324 2854 429 2907 sub
455 2853 584 2923 lege
609 2852 796 2919 latuit,
813 2868 939 2922 quae
955 2855 1160 2906 cuncta
1182 2869 1284 2907 suo
1298 2852 1454 2907 nasci
1487 2857 1628 2908 nutu
1651 2871 1781 2908 con-

131 2940 951 3011 cessit.TumebaturVirginis
966 2940 1143 3008 sinus,
1168 2943 1225 2994 et
1249 2941 1621 2995 fecunditate
1656 2959 1780 2996 suo-

135 3053 268 3090 rum
307 3036 592 3090 viscerum
630 3032 822 3106 335
866 3050 1072 3104 corpus
1118 3033 1439 3088 mirabatur
1475 3033 1776 3089 intactum.

129 3129 363 3184 Grande
378 3128 600 3182 mundo
616 3126 1010 3198 spondebatur
1023 3126 1316 3193 auxilium,
1337 3127 1568 3181 feminae
1582 3130 1780 3198 partus

1887 1921 2352 1992 frequentatione
2381 1921 2640 1992 mysterii
2673 1923 2891 1976 crescat
2917 1922 3128 1976 nostrae
3163 1916 3360 1975 salutis
3391 1915 3524 1972 affe-

1887 2018 2029 2070 ctus.
2063 2016 2189 2070 Per.

2434 2084 2737 2135 Benedictio
2770 2084 2970 2148 pepuli.

1957 2171 2202 2241 Gregem
2229 2173 2412 2238 tuum,
2443 2172 2644 2225 Pastor
2671 2170 2844 2237 bone,
2879 2170 3135 2240 placatus
3180 2165 3437 2232 intende,
3467 2167 3526 2218 et

1885 2281 2037 2330 oves,
2071 2281 2212 2334 quas
2242 2263 2434 2337 336
2456 2264 2710 2335 pretioso
2737 2263 3021 2334 sanguine
3071 2260 3195 2316 Filii
3232 2259 3314 2313 tui
3352 2257 3520 2312 rede-

1885 2357 2058 2425 misti,
2088 2357 2373 2412 diabolica
2406 2374 2524 2412 non
2553 2357 2706 2411 sinas
2746 2356 3076 2412 incursione
3103 2351 3365 2409 lacerari.
3394 2353 3518 2405 Per.
3567 2373 3570 2380 ’

2472 2456 2601 2504 Item
2614 2452 2931 2504 benedictio.

1955 2543 2154 2595 Preces
2181 2540 2375 2612 populi
2423 2539 2524 2607 tui,
2555 2556 2883 2610 quaesumus
2913 2536 3174 2603 Domine,
3208 2536 3525 2589 clementer

1884 2633 2119 2699 exaudi;
2151 2637 2211 2687 ut
2240 2633 2339 2704 qui
2372 2634 2443 2687 de
2477 2633 2733 2687 adventu
2776 2630 3067 2701 Unigeniti
3095 2628 3176 2683 tui
3208 2626 3525 2682 secundum

1882 2743 2117 2780 carnem
2148 2727 2435 2793 laetantur,
2464 2726 2521 2780 in
2551 2727 2825 2794 secundo,
2852 2742 2986 2780 cum
3009 2723 3233 2778 venerit
3261 2721 3319 2775 in
3350 2719 3526 2790 maje-

1883 2822 2028 2873 state
2058 2836 2178 2886 sua,
2210 2819 2514 2890 praemium
2563 2822 2796 2873 aeternae
2826 2819 2957 2872 vita:
2982 2815 3323 2889 percipiant.
3359 2811 3525 2878 Quod

1880 2913 2001 2984 ipse
2029 2915 2302 2984 praestare
2335 2912 2627 2983 dignetur,
2662 2912 2759 2983 qui
2788 2911 2859 2965 vi.

2024 3026 2108 3078 VI.
2156 3040 2422 3079 PREFATIO
2461 3040 2530 3078 AD
2569 3039 2844 3079 VESPERUH
2884 3039 3106 3077 NATALIS
3147 3035 3357 3074 DOMINI.

1951 3131 2116 3195 Deus,
2141 3128 2240 3198 qui
2261 3128 2524 3182 omnium
2547 3127 2902 3182 mirabilium
2930 3130 2986 3180 et
3009 3125 3286 3179 virtutum
3309 3122 3436 3193 pius
3463 3136 3524 3173 es

130 3224 258 3276 sine
283 3223 406 3276 viro
427 3220 792 3293 mysterium,
811 3219 1044 3290 quando
1073 3219 1283 3274 nullius
1305 3221 1546 3274 macula:
1568 3221 1780 3275 nebula
1800 3205 1855 3279 C
1881 3220 2120 3275 effector
2145 3238 2158 3288 ;
2185 3221 2283 3292 qui
2310 3220 2510 3275 omnia
2533 3220 2743 3275 auxilia
2764 3223 2965 3276 contra
2983 3217 3286 3273 audaciam
3307 3212 3524 3270 inimici

129 3317 357 3370 fuscata
377 3318 543 3369 tenso
561 3313 856 3368 nutriebat
873 3316 1070 3367 ventre
1084 3295 1424 3383 praecordia,
1441 3330 1574 3368 mox
1596 3314 1787 3368 futura

131 3409 218 3463 sui
253 3407 503 3480 genitrix
533 3405 839 3462 Genitoris.
869 3408 979 3460 Per
1007 3423 1182 3477 quem
1211 3423 1417 3460 omnes
1445 3406 1658 3478 angeli.

625 3503 877 3554 Collectio
904 3507 1022 3567 post
1047 3504 1288 3554 Sanctus.

205 3593 350 3645 Vere
396 3593 646 3657 sanctus,
671 3605 804 3643 vere
834 3588 1193 3655 benedictus,
1221 3589 1470 3643 Domine
1503 3590 1653 3644 Deus
1677 3590 1782 3643 Pa-

131 3691 226 3739 ter
261 3683 650 3755 omnipotens,
687 3683 838 3736 salus
863 3665 1243 3748 credentium,
1290 3685 1348 3735 et
1386 3681 1784 3737 omnium'Re—

128 3780 413 3850 demptor
455 3777 514 3830 in
562 3775 809 3831 Christo.
851 3776 959 3829 Per
993 3791 1167 3845 quem
1205 3778 1262 3828 te
1309 3775 1692 3846 deprecamur
1727 3778 1784 3830 et

126 3887 490 3944 quaesumus,
515 3871 578 3922 ut
615 3869 765 3922 hanc
811 3867 1167 3922 oblationem
1206 3871 1434 3938 gratam
1469 3869 1657 3939 adque
1687 3885 1778 3923 ac-

124 3969 484 4042 ceptabilem
510 3966 818 4038 suscipere,
846 3965 1192 4020 benedicere
1221 3983 1286 4020 ac
1319 3966 1677 4021 sanctiﬁcare
1704 3966 1781 4021 di~

126 4063 335 4135 gneris
359 4079 372 4118 :
401 4079 578 4133 quam
599 4059 704 4114 tibi
738 4059 1032 4114 offerimus
1059 4076 1163 4130 pro
1190 4076 1330 4130 pace
1357 4059 1622 4114 Ecclesia:
1645 4063 1778 4126 tuae,

127 4170 241 4225 pro
289 4151 655 4206 sacerdotum
704 4150 936 4203 tuorum
973 4151 1029 4201 et
1074 4147 1474 4202 ministrorum
1515 4148 1778 4203 omnium

126 4245 409 4318 puritate,
431 4260 536 4314 pro
570 4244 722 4296 statu
757 4241 866 4295 loci
897 4240 1066 4311 hujus
1098 4241 1287 4311 adque
1322 4241 1583 4296 omnium
1623 4241 1781 4297 habi-

129 4338 388 4394 tantium
436 4337 494 4390 in
542 4353 632 4403 eo,
691 4351 794 4406 pro
830 4333 975 4388 votis
1016 4333 1391 4401 adstantium,
1435 4338 1492 4389 et
1518 4335 1778 4390 omnium

128 4429 695 4486 commemoratione
724 4430 1076 4493 sanctorum,
1107 4444 1173 4481 ac
1200 4444 1304 4498 pro
1332 4428 1529 4499 requie
1571 4428 1777 4482 defun-

130 4529 390 4592 ctorum,
422 4540 526 4595 per
562 4523 751 4594 ipsum
792 4519 1105 4575 Dominum
1132 4525 1412 4575 nostrum.
1447 4521 1554 4586 Qui
1590 4521 1776 4592 pridie

127 4635 315 4691 quam
343 4634 447 4688 pro
475 4619 672 4672 nostra
693 4618 751 4668 et
777 4613 1038 4668 omnium
1062 4615 1245 4668 salute
1267 4614 1386 4685 pati
1415 4614 1772 4686 dignaretur.

637 4708 890 4760 Collectio
914 4711 1034 4771 post
1057 4712 1277 4758 secreta.

207 4797 549 4864 Descendat,
602 4809 927 4867 precamur,
977 4793 1344 4865 omnipotens
1387 4794 1556 4863 Deus,
1609 4813 1780 4868 super

125 4896 280 4958 haec,
314 4909 439 4963 qua:
464 4888 584 4961 ,tibi
630 4887 946 4953 offerimus,
979 4887 1224 4942 Verbum
1268 4890 1434 4942 tuum
1474 4891 1776 4956 sanctum;

123 4985 452 5041 descendat
492 4980 908 5039 inaestimabilis
953 4981 1151 5052 gloriae
1177 4986 1293 5036 tum
1329 4981 1606 5052 Spiritus;
1649 4983 1777 5038 des-

120 5080 348 5136 cendat
394 5078 646 5150 antiquzn
687 5073 1065 5145 indulgentia
1116 5078 1228 5130 tuae
1275 5076 1516 5143 donum,
1563 5080 1626 5130 ut
1679 5078 1780 5131 fiat

122 5173 351 5231 oblatio
397 5173 519 5227 haec
554 5171 750 5226 Hostia
791 5170 1062 5241 spiritalis
1099 5171 1159 5224 in
1201 5169 1442 5225 odorem
1486 5169 1778 5224 suavitatis

123 5265 612 5338 accepta;etiam
662 5280 766 5319 nos
810 5264 1061 5318 famulos
1104 5266 1232 5317 tuos
1279 5278 1385 5332 per
1431 5263 1776 5334 sanguinem

124 5360 342 5418 Christi
374 5363 476 5414 tua
503 5374 713 5413 manus
737 5356 948 5412 invicta
971 5355 1272 5411 custodiat.
1306 5357 1414 5409 Per
1443 5357 1772 5412 Dominum.

405 5465 658 5516 Collectio
689 5466 807 5514 ante
835 5463 1124 5513 orationem
1144 5460 1494 5512 Dominicam.

199 5551 699 5607 Conscientiarum
749 5552 1077 5604 nostrarum
1130 5563 1325 5602 errore
1367 5545 1634 5617 suspecti,
1689 5547 1775 5600 vel

126 5649 501 5719 peccatorum
530 5643 934 5699 recordatione
955 5640 1197 5708 confusi,
1218 5639 1588 5711 omnipotens
1607 5639 1774 5705 Deus,

128 5740 402 5812 indignos
419 5755 523 5794 nos
538 5738 611 5793 ad
625 5735 1050 5792 invocationem
1068 5734 1151 5789 tui
1168 5732 1774 5803 nominisjudicamus,

203 5902 225 5929 ³
255 5900 474 5957 Eadem
507 5897 694 5954 oratio
721 5896 779 5952 in
806 5897 979 5952 missa
1005 5899 1072 5952 75
1103 5891 1337 5951 Missalis
1363 5890 1607 5962 Gothici,
1648 5906 1837 5962 supra.

1797 4569 1856 4641 D

1888 3314 2007 3384 ipse
2029 3313 2396 3368 credentibus
2421 3317 2686 3385 praestas;
2721 3313 2816 3385 qui
2851 3313 3086 3368 Sarram
3110 3311 3386 3375 stelirem,
3414 3308 3524 3362 An-

1888 3423 2025 3461 nam
2044 3407 2114 3461 de
2134 3407 2492 3462 successione
2513 3407 2860 3473 tristantem,
2885 3407 3074 3477 adque
3094 3402 3420 3460 Helisabeth
3442 3418 3524 3456 se-

1888 3503 2114 3554 nectute
2132 3503 2463 3572 provectam
2485 3503 2814 3556 sanctorum
2837 3499 3159 3554 hereditate
3172 3495 3400 3564 dedisti,
3415 3494 3525 3548 sin-

1887 3593 2033 3664 gulis
2062 3593 2370 3665 prmmium
2403 3596 2600 3663 partus
2629 3594 2688 3647 in
2719 3593 3077 3647 successione
3104 3590 3428 3656 restituens,
3462 3590 3526 3642 ut

1885 3689 2042 3741 Isaac
2065 3687 2476 3742 admoveretur
2502 3686 2921 3752 holocaustum,
2945 3684 3220 3740 Samuhel
3248 3683 3525 3737 clamare-

1886 3770 1978 3832 tur
2003 3779 2062 3833 in
2095 3780 2332 3850 templo,
2364 3779 2658 3834 Iohannes
2684 3778 3005 3849 profetaret
3035 3793 3101 3831 ex
3132 3778 3316 3830 utero.
3354 3777 3521 3842 Deus,

1884 3872 1980 3943 qui
2009 3873 2385 3926 excellentem
2416 3872 2662 3942 gloriam
2703 3870 2971 3926 novitatis
2997 3869 3327 3935 ostendens,
3351 3883 3524 3938 supra

1883 3966 2031 4020 hanc
2048 3965 2515 4037 magnitudinem
2537 3983 2712 4037 quam
2726 3965 2953 4020 donasti
2975 3963 3242 4019 omnibus
3252 3959 3519 4027 terrenis,

1883 4061 1940 4113 et
1971 4058 2125 4129 quod
2157 4062 2281 4112 erat
2305 4058 2610 4129 pretiosius
2646 4058 2950 4129 praestasti,
2993 4061 3056 4111 ut
3101 4073 3205 4128 per
3243 4054 3521 4126 Spiritum

1881 4155 2144 4206 sanctum
2169 4151 2315 4205 servi
2340 4168 2548 4222 sponsa
2573 4151 2920 4222 conciperet,
2955 4155 3012 4204 et
3035 4150 3293 4220 paritura
3326 4147 3520 4203 Domi-

1883 4262 2020 4298 num
2047 4261 2212 4299 suum
2234 4245 2394 4315 virgo
2421 4245 2598 4299 Maria
2623 4247 2917 4315 portaret;
2951 4248 3010 4298 et
3024 4259 3130 4314 per
3150 4259 3280 4298 eam
3302 4243 3522 4297 Lumen

1881 4339 2069 4394 saeculi
2096 4342 2316 4405 natum,
2350 4339 2558 4408 angelo
2592 4337 2904 4392 nunciante
2945 4337 3290 4407 pastoribus,
3315 4334 3518 4390 sollici-

1880 4433 2018 4488 tudo
2038 4432 2351 4504 cognoscit;
2375 4430 2741 4486 oﬂ‘erendum
2759 4447 2893 4485 eum
2913 4430 2971 4483 in
2990 4431 3309 4484 Jerusalem
3335 4432 3524 4482 mater

1879 4525 2114 4581 adducit
2135 4543 2148 4592 ;
2167 4528 2418 4597 Symeon
2443 4540 2676 4596 quoque
2705 4524 2764 4578 in
2797 4540 2974 4578 manu
2997 4539 3100 4576 sua
3121 4538 3254 4577 eum
3277 4520 3524 4591 suscepit

1880 4619 2067 4691 adque
2095 4619 2390 4674 benedixit
2413 4637 2425 4685 ;
2457 4622 2515 4672 et
2534 4619 2760 4690 prolata
2777 4617 2834 4671 in
2851 4615 3088 4687 jejuniis
3106 4617 3276 4669 Anna
3295 4615 3524 4668 conlau-

1881 4709 2006 4776 dat;
2041 4725 2145 4778 per
2173 4707 2414 4762 caelestis
2448 4707 2729 4761 exercitus
2756 4704 3112 4777 praeconium
3141 4702 3408 4758 clamoris
3435 4719 3524 4756 ex-

1879 4802 2045 4869 tollit,
2077 4800 2309 4855 dicens:
2339 4799 2529 4854 Gloria
2559 4799 2618 4853 in
2649 4798 2885 4854 excelsis
2914 4800 3028 4852 Deo
3059 4801 3118 4852 et
3145 4797 3203 4851 in
3232 4800 3388 4851 terra
3412 4813 3522 4867 pax

1879 4893 2210 4949 hominibus
2236 4894 2406 4947 bonae
2431 4893 2758 4947 voluntatis.
2782 4894 2852 4946 Et
2868 4891 3052 4963 magis
3082 4892 3248 4946 stella
3267 4890 3398 4944 novi
3420 4890 3526 4944 ful-

1880 4988 2035 5060 goris
2055 4986 2306 5042 innotuit
2334 4984 2548 5039 mirum
2568 4984 2624 5038 in
2649 4985 2947 5040 nativitate
2977 4985 3338 5056 mysterium,
3370 5000 3524 5038 erea-

1879 5086 2022 5136 tura:
2047 5081 2322 5136 Dominus
2343 5079 2619 5133 adoratur
2644 5095 2657 5143 ;
2678 5077 2735 5131 in
2757 5095 3000 5133 munere
3026 5096 3234 5133 aurum
3263 5078 3520 5141 offertur;

1880 5192 1994 5230 uno
2022 5175 2271 5245 denique
2318 5173 2620 5227 momento
2649 5188 2919 5242 regnum,
2949 5172 3316 5239 sacriﬁcium,
3345 5170 3526 5241 sepul-

1879 5273 2028 5335 tura,
2059 5269 2247 5338 adque
2271 5267 2469 5322 omnia
2486 5269 2751 5336 tempore
2772 5281 2873 5319 suo
2893 5265 3118 5320 ratione
3137 5265 3521 5334 complentur;

1879 5357 2102 5411 diverso
2136 5355 2295 5427 apice
2319 5355 2642 5409 litterarum
2664 5354 2720 5408 in
2745 5354 2974 5408 titulum
2992 5353 3290 5424 dignitatis
3310 5351 3524 5405 Pilatus

1880 5449 2249 5520 obsequitur:
2299 5452 2354 5501 et
2395 5448 2516 5518 ipse
2560 5465 2662 5518 pro
2703 5447 2868 5502 nobis
2907 5446 3102 5502 Hostia
3156 5446 3306 5510 viva,
3332 5447 3396 5497 ut
3419 5459 3524 5496 nos

1879 5544 2124 5598 salvaret
2164 5541 2429 5607 offertur;
2463 5558 2568 5612 per
2595 5542 2810 5611 Ioseph
2843 5541 3136 5611 sepultura
3178 5537 3360 5593 sancti
3395 5552 3518 5591 cor-

1878 5636 2032 5707 poris
2059 5636 2422 5706 impetratur.
2456 5635 2773 5704 lmplentur
2795 5649 2934 5703 ergo
2973 5630 3201 5696 omnia;
3230 5646 3294 5683 ac
3324 5646 3428 5684 nos
3451 5627 3522 5681 de

1879 5727 2238 5800 plenitudine
2253 5728 2375 5798 ejus
2397 5727 2618 5798 impleti
2638 5743 2855 5793 sumus,
2872 5729 2930 5781 et
2948 5723 3256 5795 accipimus
3268 5721 3514 5793 gratiam
