4014 6230
471 339 569 400 347

1247 341 1579 401 ᾹΡΡΕΝΒΙΧ
1615 342 1703 396 ΑΙ)
1742 341 1964 396 ΟΡΕΒΑ
2001 340 2235 397 8ΑΝΟΤ1
2272 341 2573 398 GERMANI
2611 341 3038 399 PARlSlENSlS.

3748 342 3857 400 348

467 468 573 526 pro
601 449 804 525 gratia.
839 453 1155 527 Implentur
1183 469 1322 525 ergo
1354 451 1553 508 omnia
1577 449 1863 518 laudibus,
1894 450 2098 506 caelum
2122 462 2180 536 Α
2235 452 2368 507 VIII.
2409 468 2534 509 max
2572 468 2769 509 onum
2810 468 2865 510 IN
2904 468 3066 509 manu
3111 466 3287 510 nocra
3327 466 3549 509 NATALIS
3591 466 3815 511 nomn.

469 550 526 602 et
552 550 705 602 terra
719 547 897 620 signis
918 553 975 604 et
1000 548 1303 621 prodigiis;
1329 550 1387 601 et
1412 547 1531 618 ipse
1552 545 1761 600 inferni
1784 545 2101 600 terroribus

468 645 784 704 descendit.
807 649 915 703 Per
939 648 1125 719 ipsum
1148 645 1413 701 inimicus
1439 643 1736 711 occiditur,
1759 642 2098 697 resurrectio

467 738 527 794 in
558 757 728 796 carne
778 744 1148 805 monstratur,
1196 739 1342 793 liber
1369 737 1497 792 vitae
1524 736 1795 808 perennis
1824 735 2097 807 aperitur.

464 834 775 890 Veniamus
806 852 943 905 ergo
986 834 1060 887 ad
1089 849 1222 886 eum
1249 848 1471 897 omnes,
1504 830 1599 902 qui
1638 829 1860 885 onerati
1904 846 2101 883 sumus

466 928 732 1000 peccatis,
780 929 914 999 quia
941 926 1149 997 jugum
1195 924 1318 996 ejus
1358 926 1642 1003 sanctum,
1685 940 1876 992 suave,
1911 922 2099 993 adque

467 1038 612 1078 onus
628 1022 750 1093 ejus
774 1021 895 1075 leve
924 1023 1027 1074 est.
1069 1021 1249 1073 Nemo
1281 1017 1555 1073 formidet
1588 1018 1676 1071 vel
1705 1016 1945 1070 dubitet.
1974 1017 2099 1070 Non

466 1119 764 1170 taurorum
784 1118 881 1168 aut
898 1112 1189 1167 hircorum
1206 1110 1440 1183 sanguis
1456 1110 1759 1182 expetitur,
1774 1109 1875 1163 sed
1888 1110 1945 1163 in
1969 1109 2102 1163 sim-

464 1209 714 1279 plicitate
737 1206 928 1280 337
961 1206 1149 1261 cordis
1174 1204 1517 1261 sacriﬁcium
1546 1204 1731 1258 laudis
1758 1204 2096 1274 postulatur.

465 1302 593 1357 Haec
626 1318 765 1373 ergo
793 1303 943 1356 Deus
974 1300 1033 1355 in
1061 1299 1245 1367 nobis,
1280 1299 1355 1352 ad
1382 1298 1647 1352 nationes
1673 1297 1975 1351 nationum
2005 1313 2096 1350 ce-

464 1395 911 1451 lebratissimam
956 1396 1210 1459 noctem,
1245 1392 1305 1446 id
1336 1395 1421 1446 est
1445 1391 1811 1446 Nativitatem
1841 1389 1964 1444 Filii
1991 1390 2097 1457 sui,

464 1491 809 1562 propitiatus
839 1490 1004 1545 nobis
1034 1488 1371 1559 indulgeat;
1402 1487 1721 1542 sanctiﬁcet
1744 1485 2055 1540 Ecclesium
2083 1502 2095 1553 ;

466 1585 713 1639 aediﬁcet
737 1584 1065 1639 sacerdotes
1083 1586 1108 1613 ⁸
1134 1599 1147 1650 ;
1178 1583 1389 1637 exaltet
1409 1581 1693 1647 seniores;
1726 1580 1990 1634 inlustret
2016 1580 2097 1633 le-

463 1678 635 1743 vitas;
668 1678 975 1733 benedicat
1018 1678 1295 1747 populum
1345 1691 1541 1740 suum;
1570 1673 1867 1743 extinguat
1901 1671 2099 1727 omnia

465 1775 702 1843 peccata
726 1776 922 1826 nostra
947 1788 960 1838 ;
990 1770 1166 1825 vitam
1199 1773 1476 1824 arternam
1498 1783 1939 1838 consequamur.
1970 1768 2095 1821 Per.

934 1863 1185 1914 Collectio
1228 1876 1369 1913 nunc
1403 1862 1635 1924 sequitur

536 1936 855 1991 Sublimem
878 1935 1183 1990 ineffabilis
1210 1933 1534 1988 clementiae
1564 1934 1869 1987 Rectorem
1892 1930 2100 1985 annuis

465 2030 972 2101 supplicationibus
996 2029 1056 2082 in
1091 2029 1198 2083 hac
1224 2028 1549 2099 vespertina
1571 2043 1759 2098 prece,
1786 2026 1993 2079 fratres
2019 2024 2098 2079 di-

464 2123 773 2190 lectissimi,
801 2123 973 2177 unitis
994 2123 1207 2176 animis
1229 2122 1628 2192 deprecemur,
1654 2124 1713 2175 ut
1730 2119 1897 2174 nobis
1921 2122 2102 2172 trans-

466 2217 577 2271 acti
634 2216 913 2288 temporis
963 2217 1240 2271 hactenus
1283 2216 1476 2270 debita
1540 2215 1745 2282 donet,
1788 2230 2097 2284 superven-

463 2314 605 2365 turaa
642 2311 824 2365 noctis
859 2310 1311 2366 sollemnitatem
1340 2309 1552 2364 Natalis
1584 2308 1705 2363 Filii
1741 2307 1829 2361 sui
1871 2323 2103 2378 prospe-

466 2419 593 2459 ram
621 2407 873 2475 prmstet,
899 2404 1188 2458 assiduam
1218 2404 1393 2458 futuri
1421 2402 1557 2457 anni
1577 2402 1606 2443 δ
1634 2401 1955 2455 custodiam
1978 2401 2103 2454 red-

465 2497 585 2565 dat,
618 2497 693 2551 ad
722 2501 955 2551 interna:
980 2497 1107 2551 vita:
1129 2496 1341 2566 gaudia
1362 2495 1603 2567 spiritali
1634 2494 1973 2549 defensione
1996 2510 2101 2548 nos

464 2589 744 2661 perducat
772 2592 1024 2645 orantes.
1058 2592 1167 2644 Per
1194 2589 1533 2643 Dominum.

1026 2681 1276 2732 Collectio
1292 2682 1538 2745 sequitur.

540 2755 693 2825 Rege
730 2771 851 2823 nos,
882 2754 1144 2820 Domine,
1178 2753 1413 2808 brachio
1466 2755 1561 2807 tuo
1593 2752 1833 2818 excelso,
1864 2755 1921 2803 et
1965 2767 2099 2805 con-

464 2864 625 2901 serva
659 2863 761 2900 nos
787 2864 889 2918 per
913 2848 1165 2901 alternas
1193 2847 1417 2900 dierum
1447 2849 1505 2899 et
1528 2848 1861 2916 temporum
1889 2861 2106 2897 succes-

465 2941 689 3005 siones;
736 2944 797 2994 ut
846 2940 1027 3009 adjuti
1087 2943 1418 2993 sanctorum
1468 2938 1750 3009 precibus,
1804 2937 1899 3007 qui
1946 2937 2103 2990 diem

466 3033 617 3090 hunc
648 3051 753 3104 per
798 3050 1005 3088 munus
1042 3032 1453 3087 misericordiae
1492 3034 1606 3084 tua:
1646 3029 1930 3095 duximus,
1968 3046 2103 3084 noc-

464 3130 584 3181 tem
619 3143 849 3197 quoque
882 3126 1050 3181 istam
1094 3125 1365 3197 placitam
1394 3123 1498 3178 tibi
1529 3123 1857 3178 animarum
1887 3126 1945 3177 et
1978 3139 2103 3177 cor-

466 3237 673 3291 porum
702 3221 950 3291 puritate
974 3220 1267 3273 ducamus.
1298 3220 1408 3272 Per
1430 3217 1759 3272 Dominum.

467 3325 575 3377 VII.
623 3339 891 3378 INCIPIUNT
929 3338 1227 3376 ORATIONES
1275 3338 1343 3376 AD
1395 3336 1597 3375 INITIUM
1649 3335 1832 3377 NOCTIS
1883 3335 2103 3375 NATALIS

870 3409 1079 3447 DOMINI.
1114 3409 1231 3447 ISTA
1269 3409 1337 3447 AD
1377 3407 1710 3447 DUODECIMA.

540 3484 640 3541 Dei
670 3486 852 3540 Patris
896 3486 1312 3557 omnipotentis
1342 3485 1531 3539 vivum
1576 3484 1827 3539 Verbum
1876 3488 1951 3550 te,
1999 3484 2106 3536 Do-

468 3580 624 3634 mine
642 3582 773 3634 Jesu
792 3579 1035 3646 Christe,
1060 3580 1442 3650 deprecamur
1463 3582 1769 3644 aeternum,
1800 3575 1879 3630 uti
1908 3592 2013 3629 nos
2045 3576 2102 3629 in

465 3674 578 3727 ﬁde
609 3674 691 3727 tui
709 3672 963 3727 nominis
982 3673 1219 3728 robores
1245 3690 1348 3744 per
1371 3672 1491 3743 spei
1510 3668 2018 3743 perseverantiam,
2047 3672 2106 3722 et

464 3767 718 3821 caritatis
756 3766 1187 3833 excellentiam;
1231 3782 1516 3821 renovans
1559 3767 1758 3818 nostra
1796 3762 1853 3816 in
1897 3750 2104 3815 melius

465 3859 769 3927 desideria,
804 3864 866 3913 ut
895 3876 1126 3930 semper
1152 3859 1209 3913 in
1238 3860 1391 3915 bono
1434 3858 1888 3929 perseverantes,
1922 3858 1976 3908 te
2010 3854 2102 3924 pio

464 3970 632 4007 sensu
656 3953 1002 4024 intelligere,
1036 3956 1094 4007 et
1120 3954 1335 4007 mundo
1366 3952 1540 4007 corde
1565 3950 1760 4004 videre
1800 3948 2101 4020 possimus:

465 4047 561 4116 qui
590 4063 654 4099 ex
685 4048 847 4100 utero
877 4049 1010 4100 ante
1038 4047 1339 4101 luciferum
1375 4049 1615 4115 paterno
1644 4046 1812 4096 natus
1842 4041 2101 4096 ineffabi-

465 4138 613 4203 liter,
650 4140 800 4191 Deus
840 4139 909 4192 de
937 4142 1071 4205 Deo,
1108 4157 1253 4193 unus
1270 4140 1340 4191 de
1372 4153 1508 4202 uno,
1548 4137 1745 4189 lumen
1787 4136 1857 4188 de
1885 4134 2104 4188 lumine

465 4233 535 4284 de
555 4232 908 4303 sempiterno
928 4234 1092 4287 Patre
1112 4236 1430 4287 coazternus
1452 4229 1642 4282 Filius.
1658 4232 1800 4285 Cum
1823 4243 1936 4299 quo
1959 4244 2106 4282 sem-

466 4341 569 4395 per
587 4329 643 4379 et
664 4326 877 4397 Spiritu
904 4331 1101 4381 sancto
1124 4326 1181 4379 in
1205 4323 1608 4395 splendoribus
1629 4325 1959 4376 sanctorum
1982 4320 2104 4375 sine

464 4418 746 4491 principio
773 4423 831 4473 et
852 4420 976 4473 sine
1003 4420 1119 4472 ﬁne
1137 4433 1349 4487 regnas
1371 4420 1426 4469 et
1452 4430 1762 4486 permanes
1784 4414 1843 4469 in
1877 4401 2101 4469 saecula.

1025 4509 1277 4561 Collectio
1291 4508 1542 4571 sequitur.

528 4585 769 4639 Mirabili
823 4586 1032 4639 iterum
1088 4585 1454 4637 sacramento
1496 4580 1797 4636 nobiscum
1843 4581 1992 4635 Deus
2025 4581 2175 4656 abl)

462 4678 685 4748 angelis
714 4678 1057 4732 Emmanuel
1087 4675 1438 4742 nominatus,
1472 4674 1642 4729 Filius
1685 4674 1955 4742 hominis,
1987 4675 2098 4729 hoc

462 4776 547 4824 est
574 4771 763 4825 Mariae
785 4770 1040 4840 virginis,
1067 4772 1228 4825 Jesus
1255 4769 1508 4823 nasceris
1534 4768 1591 4823 in
1614 4770 1857 4823 salutem
1901 4768 2099 4840 populi

463 4863 563 4928 tui;
587 4863 645 4917 in
675 4862 837 4933 cujus
864 4880 1110 4918 numero
1143 4880 1246 4918 nos
1276 4880 1398 4917 esse
1432 4862 1521 4934 pie
1546 4863 1787 4917 Domine
1816 4852 2099 4917 concedas

461 4955 704 5022 Christe,
735 4956 897 5027 cujus
927 4957 1140 5012 Natalis
1165 4958 1412 5012 salutare
1435 4956 1775 5028 mysterium
1807 4956 2101 5010 celebran-

459 5052 565 5113 tes,
598 5049 658 5103 iu
686 5050 870 5103 noctis
896 5050 1066 5121 hujus
1096 5066 1325 5121 magna;
1352 5050 1515 5105 initio
1537 5049 1821 5121 primitias
1865 5065 2098 5120 precum
2152 5056 2171 5064 '

460 5141 574 5197 acsi
605 5142 934 5211 offerentes,
960 5160 1235 5214 rogamus
1261 5144 1343 5198 tui
1370 5143 1623 5199 nominis
1654 5144 1769 5198 vim
1805 5141 2097 5197 nascendo

462 5235 627 5291 nobis
659 5253 889 5308 quoque
925 5254 959 5291 a
999 5234 1194 5310 338
1234 5240 1289 5291 te
1327 5236 1549 5303 donari,
1585 5237 1846 5293 Salvator
1874 5233 2096 5289 mundi.

462 5333 569 5398 Qui
600 5334 755 5389 vivis.

526 5465 551 5494 ⁸
594 5462 935 5532 Sacerdotes,
986 5460 1043 5514 id
1084 5464 1169 5515 est
1208 5461 1543 5532 episcopos;
1589 5460 1842 5523 seniores,
1895 5455 1954 5509 id
2015 5460 2101 5532 est

459 5530 843 5612 presbyteros:
868 5532 1071 5612 supra,
1113 5533 1172 5587 in
1202 5529 1431 5612 Missali.
1451 5532 1821 5612 Francorum,
1852 5529 2097 5612 num..8,

462 5600 557 5653 ubi
599 5600 669 5654 de
714 5600 1080 5658 ordinatione
1116 5601 1456 5675 presbyteri,
1484 5601 1674 5671 probet
1699 5615 1753 5655 se
1780 5613 1887 5656 esse
1922 5600 2097 5654 senio-

464 5687 594 5725 rem.

532 5742 560 5782 δ
588 5740 867 5796 Nimirum
900 5746 1035 5813 quia
1056 5760 1236 5799 novus
1265 5760 1451 5798 annus
1483 5759 1517 5797 a
1546 5742 1640 5795 die
1671 5742 1970 5812 sequente,
2001 5740 2100 5795 sci-

464 5813 597 5867 licet
622 5830 655 5866 a
679 5814 866 5868 Natali
892 5814 1139 5879 Domini,
1170 5818 1305 5868 tunc
1338 5813 1669 5883 incipiebat.

532 5896 552 5923 ε
591 5884 859 5941 Scrutinii
883 5884 1039 5939 tertii
1063 5901 1195 5956 pars
1217 5888 1321 5957 est,
1352 5884 1508 5957 quod
1535 5884 1708 5941 ﬁebat
1735 5883 1873 5939 olim
1898 5885 2102 5957 quarta

2269 557 2345 611 Te
2399 572 2651 623 oramus,
2710 555 2948 612 Domine
2995 559 3189 611 sancte
3234 558 3405 611 Pater
3449 555 3859 628 omnipotens,

2201 657 2414 708 mterne
2446 655 2613 722 Deus,
2643 654 2701 709 in
2729 655 2834 710 hac
2880 657 3047 709 nocte
3096 654 3314 709 Natalis
3336 653 3457 709 Filii
3484 653 3599 721 tui;
3636 654 3859 709 noctis-

2202 764 2316 818 que
2344 747 2551 803 mediaz
2575 751 2835 819 tempore
2876 748 2976 803 tibi
3002 748 3366 816 adsistentes,
3399 732 3756 819 quaesumus,
3792 753 3861 802 ut

2202 841 2346 895 sicut
2374 842 2653 913 separasti
2678 843 2867 896 lucem
2910 859 2942 897 a
2986 842 3260 897 tenebris.
3307 884 3319 895 .
3358 883 3369 895 .
3416 883 3428 895 .
3476 883 3488 894 .
3534 883 3547 896 .
3594 883 3607 895 .
3655 883 3667 896 .
3718 883 3730 896 .
3777 883 3790 896 .
3841 883 3855 897 .

2204 976 2217 989 .
2263 976 2275 988 .
2322 976 2333 989 .
2379 976 2391 989 .
2438 976 2450 989 .
2492 936 2670 991 Ethic
2696 936 2888 992 desunt
2910 936 3073 1003 folia.

2530 1039 2609 1092 IX.
2642 1055 2711 1094 AD
2751 1054 3055 1095 rxcmxncu
3087 1052 3108 1080 ο
3144 1054 3489 1095 scnurmwu.

2204 1160 2215 1171 0
2263 1158 2275 1171 0
2320 1160 2333 1171 0
2379 1160 2391 1171 ι
2437 1160 2449 1171 0
2496 1159 2507 1171 0
2554 1160 2565 1171 0
2612 1160 2624 1171 0
2670 1160 2681 1171 0
2730 1161 2741 1172 ο
2789 1160 2799 1172 0
2856 1160 2868 1172 0
2924 1160 2936 1172 0
2994 1160 3005 1172 0
3052 1160 3063 1172 0
3111 1160 3121 1172 0
3169 1161 3181 1172 0
3228 1160 3239 1172 0
3287 1161 3298 1172 0
3346 1160 3357 1172 0
3405 1161 3416 1171 Ι
3463 1160 3475 1172 0
3524 1159 3535 1171 0
3583 1160 3595 1172 0
3654 1160 3665 1172 0
3714 1160 3725 1171 0
3774 1160 3785 1172 0
3839 1160 3853 1171 ο

2202 1211 2275 1265 da
2303 1210 2381 1265 illi
2410 1211 2869 1266 misericordiam
2898 1215 3059 1266 tuam
3085 1215 3141 1266 et
3172 1212 3470 1284 pietatem,
3502 1228 3607 1283 per
3639 1212 3859 1266 lavacri

2202 1305 2727 1375 regenerationem,
2766 1305 2979 1376 perduc
3017 1322 3150 1359 cum
3200 1305 3273 1359 ad
3317 1306 3567 1377 gratiam
3618 1305 3859 1376 spirita-

2202 1399 2337 1463 lem,
2390 1401 2452 1452 ut
2497 1398 2795 1453 nobiscum
2848 1399 3063 1470 pariter
3108 1399 3207 1453 tibi
3244 1398 3489 1455 Domino
3530 1401 3647 1455 Deo
3692 1399 3859 1453 Patri

2201 1492 2589 1561 omnipotenti
2635 1492 2833 1547 laudes
2881 1495 2941 1545 et
2971 1493 3186 1563 gratias
3216 1494 3468 1547 referat:
3504 1492 3682 1548 induc
3715 1510 3859 1548 eum

2200 1586 2259 1640 in
2290 1586 2381 1640 via
2415 1586 2690 1653 veritatis,
2731 1586 2871 1640 doce
2912 1602 3045 1640 eum
3090 1586 3534 1657 justiﬁcationes
3562 1591 3712 1643 tuas.
3742 1588 3860 1643 Per

2200 1679 2537 1734 Dominum.

2688 1752 2746 1805 X.
2780 1766 2977 1808 INCIPIT
3015 1767 3375 1808 axonmsnrs.

2122 1838 2179 1910 B
2272 1844 2640 1914 Adgrediord
2671 1848 2747 1911 te,
2780 1844 3245 1900 immundissime
3275 1846 3550 1901 damnate
3588 1846 3855 1918 spiritus,

2201 1937 2298 2008 qui
2350 1955 2410 1991 es
2458 1937 2809 1993 inveterator
2858 1939 3116 2007 malitia,
3172 1939 3445 1994 materies
3511 1940 3854 2006 criminum,

2202 2031 2364 2100 origo
2409 2031 2646 2102 peccati,
2700 2032 2796 2103 qui
2846 2032 3163 2101 fraudibus,
3219 2033 3553 2105 sacrilegiis,
3612 2033 3857 2105 stupris,

2202 2124 2451 2177 caedibus
2502 2124 2738 2195 gaudes.
2782 2127 2878 2193 Te,
2927 2126 3192 2181 invocato
3225 2126 3459 2182 Domini
3494 2127 3681 2181 nostri
3718 2129 3857 2182 Jesu

2202 2217 2409 2271 Christi
2440 2217 2697 2286 nomine,
2724 2218 2779 2273 in
2811 2236 2955 2273 o.....
2984 2237 3113 2273 mus
3142 2224 3197 2275 et
3222 2221 3558 2292 adjuramus
3584 2239 3689 2293 per
3706 2221 3862 2291 ejus-

2203 2312 2335 2365 dem
2363 2312 2729 2382 majestatem
2763 2312 2951 2383 adque
2982 2313 3272 2382 virtutem,
3299 2314 3629 2386 passionem
3660 2333 3728 2369 ac
3758 2333 3855 2369 re-

2204 2405 2634 2473 surrectionem,
2687 2407 2997 2461 adventum
3055 2407 3244 2480 adque
3292 2407 3606 2478 judicium;
3672 2413 3734 2462 ut
3792 2409 3858 2463 in

2204 2514 2566 2569 quacumque
2612 2503 2774 2569 parte
2820 2500 3217 2555 membrorum
3254 2501 3464 2569 latitas,
3506 2502 3746 2573 propria
3794 2506 3857 2555 te

2204 2591 2562 2646 confessione
2602 2592 2939 2648 manifestes
2974 2610 2987 2649 :
3018 2594 3454 2667 exagitatusque
3496 2595 3860 2667 spiritalibus

2202 2685 2397 2755 ﬂagris
2428 2685 2915 2757 invisibilibusque
2966 2688 3288 2755 tormentis,
3326 2705 3423 2742 vas
3471 2688 3624 2760 quod
3680 2705 3859 2743 occu-

2204 2795 2368 2849 passe
2396 2778 2665 2845 mstimas,
2694 2779 2900 2851 fugias,
2937 2781 3343 2852 expiatumque
3372 2785 3503 2853 post
3534 2781 3855 2836 habitatio-

2206 2888 2338 2927 nem
2370 2875 2529 2925 tuam
2558 2873 2802 2928 Domino
2825 2872 3213 2945 derelinquas.
3241 2874 3505 2940 Sufﬁciat
3520 2874 3677 2946 quod
3701 2875 3861 2946 prio-

2205 2965 2360 3018 ribus
2393 2965 2611 3020 seeculis
2643 2983 2747 3037 per
2778 2967 3083 3021 hominum
3116 2968 3293 3022 corda
3342 2985 3508 3039 paene
3559 2971 3682 3022 toto
3711 2969 3857 3023 orbe

2207 3058 2534 3112 dominatus
2589 3077 2666 3113 es.
2714 3061 2840 3114 Jam
2895 3060 2954 3114 in
3014 3058 3136 3115 dies
3208 3061 3465 3132 singulos
3533 3061 3863 3117 destruitur

2209 3155 2370 3206 tuum
2403 3169 2674 3223 regnum,
2706 3156 2922 3224 tuaque
2955 3154 3166 3209 cotidie
3200 3172 3378 3226 usque
3410 3156 3469 3209 in
3507 3155 3688 3210 ﬁnem
3736 3157 3861 3211 tela

2206 3244 2493 3299 deﬁciant.
2541 3247 2667 3300 Jam
2712 3245 2937 3317 pridem
2980 3248 3349 3318 praeﬁgurata
3383 3252 3513 3302 sunt
3560 3248 3670 3302 ista
3719 3266 3862 3320 quae

2205 3337 2436 3409 pateris.
2469 3339 2594 3392 Jam
2624 3342 2683 3392 tu
2712 3342 2967 3394 vastatus
3006 3341 3403 3412 [Egyptiorum
3446 3320 3652 3413 plagis,
3681 3346 3743 3396 tu
3792 3342 3859 3397 in

2203 3431 2504 3485 Pharaone
2534 3431 2850 3500 demersus,
2888 3432 2944 3486 in
2983 3433 3206 3488 Hierico
3251 3434 3593 3501 destructus,
3628 3434 3687 3488 in
3716 3453 3856 3507 sep-

2204 3527 2323 3579 tem
2354 3524 2693 3579 Chananaeis
2732 3525 3001 3597 gentibus
3033 3530 3261 3594 stratus,
3296 3544 3400 3598 per
3434 3528 3761 3584 Sansonem
3787 3530 3852 3583 in

2202 3617 2517 3688 Allopliylis
2542 3618 2897 3687 subjugatus,
2930 3622 3224 3674 truncatus
3244 3619 3306 3674 in
3328 3621 3491 3675 Golia
3516 3639 3619 3692 per
3645 3622 3845 3690 David,

2204 3732 2307 3785 per
2330 3714 2691 3770 Mardoceum
2721 3716 2779 3769 in
2809 3719 2997 3771 Aman
3029 3734 3356 3790 suspensus,
3380 3735 3484 3789 per
3514 3719 3755 3774 Danihel
3790 3720 3850 3774 in

2206 3807 2591 3878 Beldejectus,
2617 3808 2675 3861 in
2696 3810 2954 3864 Dracone
2980 3811 3231 3881 punitus,
3255 3828 3359 3884 per
3379 3812 3577 3867 Judith
3598 3812 3657 3866 in
3683 3814 3850 3868 Holo-

2205 3902 2424 3972 phernc
2468 3903 2832 3971 transfossus,
2870 3920 2973 3975 per
3015 3905 3324 3959 Dominum
3358 3906 3629 3960 humanis
3658 3906 3844 3978 impe-

2206 3995 2304 4049 riis
2328 3995 2684 4067 subjugatus,
2712 4014 2818 4068 per
2837 3998 3079 4052 Paulum
3113 4003 3356 4053 emeatus
3388 4000 3447 4053 in
3476 4001 3662 4071 Mago,
3689 4004 3849 4054 ustus

2207 4089 2264 4143 in
2282 4088 2495 4161 vipera,
2520 4106 2624 4161 per
2642 4092 2876 4144 Petrum
2901 4090 2959 4145 in
2984 4092 3221 4147 Simone
3250 4092 3565 4165 disruptus,
3588 4110 3697 4165 per
3723 4111 3852 4148 om-

2206 4200 2308 4237 nes
2357 4186 2584 4247 sanctos
2632 4184 2871 4253 fugeris,
2935 4185 3242 4256 torqueris,
3303 4186 3553 4242 elideris.
3612 4187 3849 4241 aeternis

2206 4276 2435 4348 ignibus
2460 4280 2517 4330 et
2536 4277 2778 4331 infernis
2808 4278 3062 4332 tenebris
3106 4279 3431 4349 deputatus.
3460 4279 3624 4334 Unde
3654 4281 3843 4335 homi-

2207 4387 2343 4425 nem
2370 4370 2643 4425 Dominus
2670 4369 2864 4444 339
2899 4376 3095 4427 noster
3112 4373 3272 4426 Jesus
3298 4372 3553 4428 Christus
3574 4373 3633 4428 in
3656 4374 3846 4429 Adam

2206 4464 2458 4520 secundo
2480 4464 2617 4518 dum
2642 4464 2712 4518 de
2734 4468 2786 4518 te
2801 4464 3137 4536 triumphat,
3164 4465 3377 4520 eximit.
3400 4466 3684 4535 Abscede,
3714 4469 3841 4522 abs-

2199 4558 2337 4613 cede
2352 4573 2717 4629 quocumque
2733 4575 2812 4625 es,
2831 4562 2885 4612 et
2899 4574 3145 4629 corpora
3155 4560 3270 4614 Deo
3287 4558 3476 4614 dicata
3491 4576 3565 4613 ne
3586 4564 3838 4631 repetas.

2198 4651 2505 4707 Interdicta
2534 4650 2647 4705 sint
2678 4651 2778 4705 tibi
2819 4651 2928 4705 ista
2955 4652 3013 4705 in
3044 4656 3342 4724 perpetuo.
3379 4655 3439 4706 In
3478 4653 3717 4707 nomine
3745 4656 3844 4709 Pa-

2198 4745 2300 4800 tris
2328 4748 2386 4800 et
2416 4744 2537 4799 Filii
2562 4746 2621 4800 et
2650 4744 2895 4815 Spiritus
2916 4745 3119 4812 sancti,
3155 4750 3213 4799 et
3238 4746 3295 4799 in
3320 4746 3506 4816 gloria
3534 4746 3843 4802 dominicae

2198 4838 2497 4911 passionis,
2539 4839 2699 4909 cujus
2736 4855 2938 4893 cruore
2978 4841 3289 4907 salvantur,
3326 4839 3486 4910 cujus
3522 4840 3845 4898 adventum

2201 4931 2522 5000 expectant,
2550 4926 2833 4998 judicium
2865 4928 3230 4982 conﬁtentur.
3259 4930 3369 4983 Per
3399 4928 3732 4984 Dominum.

2304 5038 2387 5091 ΧῘ.
2433 5044 2675 5092 lNClPlT°
2716 5051 3003 5092 EXPOSITIO
3044 5053 3144 5093 VEL
3180 5053 3431 5093 TBADITIO
3471 5052 3730 5093 SYMBOLI.

2270 5144 2472 5199 Sermo
2518 5145 2577 5196 et
2610 5146 3045 5203 sacramentum
3088 5143 3261 5198 totius
3300 5143 3581 5215 Symboli,
3632 5144 3847 5199 fratres

2201 5236 2573 5303 dilectissimi,
2610 5236 2751 5290 ﬁdes
2805 5238 2892 5291 est
2933 5236 3244 5292 Christiani
3285 5236 3539 5292 hominis
3586 5241 3647 5292 et
3686 5238 3841 5292 vita:

2199 5332 2344 5386 ﬁdes
2364 5331 2423 5385 in
2446 5329 2737 5402 praesenti,
2766 5329 2882 5384 vita
2910 5329 2969 5384 in
2990 5331 3217 5399 futuro;
3245 5330 3388 5385 ﬁdes
3410 5330 3469 5386 in
3501 5331 3612 5399 via,
3644 5331 3761 5385 vita
3782 5331 3843 5386 in

2200 5456 2346 5510 feria
2374 5455 2557 5510 tertia:
2587 5454 2971 5510 hebdomadas
2993 5455 3485 5526 Quadragesimai.
3510 5455 3649 5510 Vide
3683 5456 3846 5511 Ordi-

2202 5543 2336 5581 nem
2370 5528 2717 5582 Romanum.

2271 5599 2298 5639 ἀ
2328 5598 2455 5654 Alia
2496 5598 2553 5652 in
2599 5597 2813 5653 Ordine
2846 5597 3112 5653 Romano
3148 5613 3161 5652 ε
3202 5598 3374 5665 Audi,
3416 5597 3701 5654 maledicto
3741 5598 3843 5654 Sa-

2203 5673 2333 5724 tana
2388 5673 2495 5724 etc.

2273 5748 2295 5775 °
2322 5711 2384 5794 I’n
2412 5740 2613 5795 ordine
2642 5739 2905 5795 Romano
2935 5737 3046 5792 alia
3076 5738 3280 5806 oratio,
3314 5742 3371 5793 et
3398 5738 3674 5809 praacedit
3694 5739 3846 5793 hanc

2203 5810 2621 5887 expositionem
2650 5809 2926 5887 expositio
2954 5810 3426 5883 Evangeliorum,
3455 5824 3583 5883 qua:
3612 5810 3706 5865 hic
3752 5826 3842 5865 se-

2205 5882 2422 5956 quitur.
