4014 6230
101 338 181 393 3i9

1156 335 1240 391 DE
1281 333 1591 391 LITURGIA
1629 332 2002 390 GALLICANA
2038 332 2239 388 LIBER
2275 328 2364 387 Ill.

3323 328 3426 384 350

101 448 277 522 patria;
301 446 436 505 ﬁdes
465 447 526 504 in
560 466 681 523 spe,
706 450 819 507 vita
848 449 907 507 in
946 466 1036 519 re;
1067 451 1207 507 ﬁdes
1243 451 1301 507 in
1331 452 1551 523 praelio,
1582 452 1694 507 vita
1714 465 1773 540 Α
1794 465 1956 505 meus
1984 449 2242 521 dilectus,
2274 450 2334 504 in
2361 464 2475 521 quo
2512 446 2654 505 mihi
2679 448 2825 507 bene
2848 448 3207 523 complacuit,
3234 450 3425 525 ipsum

99 546 146 598 in
169 559 325 614 regno
354 559 367 597 :
394 543 536 599 ﬁdes
562 546 625 601 in
649 561 838 618 opere,
866 546 985 602 vita
1008 546 1069 602 in
1096 546 1497 601 retributione.
1519 548 1594 602 Ac
1616 543 1693 601 sic

96 639 179 710 qui
192 637 342 693 ﬁdem
354 654 485 693 cum
498 641 771 711 Operibus
786 641 1053 696 habuerit
1072 641 1131 695 in
1147 641 1254 696 hoc
1268 641 1496 709 smculo,
1517 640 1691 695 vitam

96 745 326 793 aeternam
350 739 591 809 recipiet
630 741 689 795 in
722 740 915 796 futuro
944 756 959 795 :
988 744 1046 796 et
1071 740 1199 795 ideo
1226 739 1416 795 statim
1442 739 1502 794 in
1526 738 1689 810 prin-

96 832 216 904 cipio
246 832 484 903 Symboli
526 833 744 889 habet:
774 836 942 893 Credo
968 838 1028 890 in
1064 839 1273 901 Deum;
1311 839 1368 889 et
1403 836 1594 904 postea
1630 832 1690 887 in

94 921 409 978 conclusione
449 923 711 995 Symboli
747 943 765 979 :
799 927 985 981 Vitam
1019 929 1291 980 zternam.
1329 923 1415 978 Sic
1441 938 1578 994 ergo
1607 925 1692 977 est

96 1015 380 1087 Symbolun,
424 1017 800 1085 dilectissimi,
829 1018 989 1089 quasi
1025 1016 1480 1089 pulcherrimum
1506 1015 1687 1071 aediﬁ-

95 1110 216 1164 cium
238 1110 372 1165 bene
399 1115 690 1182 coeptum;
710 1113 872 1183 cujus
894 1116 949 1166 et
967 1112 1362 1167 ﬁrmissimum
1387 1115 1471 1166 est
1488 1109 1689 1165 funda-

94 1207 328 1273 mentum,
358 1208 415 1258 et
446 1204 775 1261 immortale
809 1205 1126 1277 fastigium,
1152 1221 1283 1260 cum
1324 1204 1383 1259 in
1407 1203 1687 1275 principio

92 1298 258 1351 habeat
290 1298 497 1367 Deum“,
540 1304 600 1355 et
636 1299 696 1354 in
730 1299 844 1355 ﬁne
876 1299 1051 1355 vitam
1085 1303 1376 1355 aeternam.
1421 1299 1567 1353 Deus
1605 1301 1688 1354 est

90 1392 506 1458 fundamentum,
537 1398 598 1448 et
624 1394 737 1448 vita
764 1397 978 1449 (eterna
999 1393 1312 1465 fastigium.
1346 1393 1528 1460 Fides,
1566 1393 1682 1447 fra-

90 1492 178 1539 tres
199 1486 479 1555 carissimi,
523 1487 656 1542 vitae
698 1487 928 1554 ostium,
954 1487 1061 1542 viae
1097 1487 1461 1559 principium,
1490 1486 1683 1541 salutis
1708 1530 1722 1542 .

90 1585 153 1633 est
168 1579 617 1635 fundamentum.
644 1582 753 1645 Qui
788 1581 977 1636 divina
1005 1580 1273 1652 mysteria
1316 1579 1685 1651 intelligendo

88 1690 132 1727 se
164 1673 331 1745 magis
363 1689 567 1745 capere
612 1674 856 1730 aestimat
895 1691 1069 1747 quam
1101 1673 1403 1744 credendo,
1426 1673 1504 1727 sic
1528 1673 1680 1742 facit,

87 1766 329 1837 quomodo
348 1766 394 1821 si
412 1766 644 1839 aliquis,
668 1768 864 1824 relicta
890 1768 995 1836 via,
1019 1771 1173 1840 petat
1192 1767 1436 1836 devium,
1456 1768 1543 1821 vel
1563 1766 1683 1822 sine

1793 544 2007 599 audite.
2026 545 2189 599 Pater
2213 543 2399 616 ipsum
2425 560 2544 600 esse
2564 544 2700 600 dicit
2720 545 2923 600 Filium
2943 562 3133 613 suum,
3154 550 3210 601 et
3234 546 3423 619 ipsum

1791 638 1987 693 audire
2009 637 2208 708 jubet;
2238 638 2365 710 quis
2401 642 2488 693 est
2530 640 2627 712 qui
2670 642 2844 711 neget
2869 655 2989 694 esse
3021 656 3238 710 verum,
3267 642 3422 714 quod

1790 733 1994 788 veritas
2020 732 2195 787 dicit?
2224 733 2512 804 Sequitur.

1864 854 2030 913 Credo
2058 858 2109 910 et
2136 856 2193 909 in
2220 857 2388 910 Iesum
2417 855 2683 913 Christum
2717 857 2913 912 Filium
2951 856 3062 924 ejus
3086 858 3422 927 unigenitum

1786 951 2184 1018 sempiternum.
2203 951 2347 1003 Iesus
2367 947 2616 1003 hebraici
2642 949 2895 1004 vocabuli
2912 966 3124 1005 nomen
3144 955 3246 1020 est,
3269 949 3423 1021 quod

1788 1045 1927 1112 aput
1964 1058 2066 1096 nos
2104 1042 2355 1097 Salvator
2388 1042 2612 1097 dicitur.
2647 1045 2891 1101 Christus
2931 1060 2963 1097 a
3002 1042 3324 1112 chrismate,
3362 1042 3421 1098 id

1788 1139 1871 1189 est
1898 1135 1967 1189 ab
1998 1135 2263 1191 unctione
2288 1136 2630 1208 appellatur.
2665 1139 3027 1206 Unigenitum,
3054 1136 3259 1209 inquit.
3294 1136 3421 1191 Uni-

1787 1244 1885 1283 cus
1914 1232 1997 1285 est
2022 1245 2269 1302 namque
2304 1229 2455 1284 Patri
2493 1228 2768 1298 Christus,
2797 1233 2863 1284 ut
2889 1231 3155 1303 splendor
3180 1228 3323 1301 igni,
3355 1232 3421 1285 ut

1785 1322 1920 1378 forti
1946 1322 2143 1391 virtus,
2171 1328 2237 1378 ut
2263 1323 2534 1395 sapientia
2560 1322 2824 1394 sapienti.

1859 1442 2170 1511 Conceptus,
2202 1440 2408 1512 inquit,
2440 1441 2506 1496 de
2531 1442 2745 1512 Spiritu
2778 1445 2982 1496 sancto.
3010 1441 3251 1512 Spiritus
3277 1457 3416 1512 ergo

1786 1537 2011 1588 sanctus
2034 1534 2279 1589 refertur
2308 1534 2606 1588 dominica:
2638 1534 2821 1589 carnis
2856 1539 2911 1589 et
2947 1535 3143 1606 templi
3181 1539 3416 1590 creator.

1787 1627 1973 1698 Incipe
1991 1627 2110 1697 jam
2140 1626 2273 1681 hinc
2304 1627 2619 1700 intelligere
2647 1632 2800 1683 etam
2830 1629 3005 1683 sancti
3035 1628 3277 1700 Spiritus
3304 1645 3419 1682 ma-

1776 1720 2064 1791 jestatem.
2094 1720 2181 1777 Sic
2209 1721 2362 1776 enim
2390 1721 2468 1776 ait
2494 1722 2864 1794 Evangelium
2892 1722 3167 1793 :Spiritus
3194 1725 3419 1777 sanctus

90 1813 324 1837 ’¹““”’“’
348 1813 394 1821 “
412 1813 644 1839 “””“³“’”’
671 1813 878 1873 "mw.
901 1813 995 1872 ’“ἷ’
1020 1813 1173 1840 rw"
1193 1813 1257 1822 “”
1275 1813 1436 1836 ”“”’⁷
1470 1813 1543 1871 ’.“’
1563 1813 1682 1822 ”””
1782 1813 2144 1886 superveniet
2171 1814 2229 1869 in
2249 1819 2304 1870 te
2342 1819 2399 1871 et
2418 1815 2594 1870 virtus
2611 1815 2879 1871 Altissimi
2909 1815 3274 1871 obumbrabit
3290 1815 3414 1871 tibi.

89 1861 414 1916 fundamento
447 1865 744 1917 construat
775 1861 1096 1931 mdrﬁcrum,
1140 1861 1227 1916 vel
1264 1876 1368 1932 per
1396 1841 1974 1932 objectumB‘mAh
2025 1923 2155 1932 ﬂ”
2208 1857 2596 1932 ,Μζηψμψ
2645 1910 2744 1932 Α,
2789 1909 3023 1932 ιηεηω
3066 1909 3389 1932 ,ηε-,μὴν

89 1954 593 2027 ρειιοὶθῑεωξινθφιὶιιειῐ
612 1955 954 2027 ingressum.
975 1954 1373 2010 Adhibendum
1394 1957 1478 2009 est
1490 1955 1681 2025 itaque

92 2047 384 2103 credulitatis
399 2049 626 2105 salubre
650 2049 1075 2121 compendium,
1097 2048 1196 2104 ubi
1216 2047 1500 2103 imbecilla
1519 2064 1681 2102 mens

90 2161 249 2216 capere
284 2163 396 2201 non
441 2152 634 2218 potest
672 2148 895 2203 caeleste
948 2150 1249 2203 secretum.
1301 2148 1502 2201 Totum
1542 2162 1679 2217 ergo

92 2235 381 2290 credulitatis
405 2237 655 2307 pectoris
680 2237 868 2291 sinum
897 2237 968 2291 ad
991 2236 1174 2291 vitalis
1195 2235 1460 2291 carminis
1473 2251 1680 2307 expan-

91 2328 247 2382 damus
268 2330 585 2397 oraculum,
618 2330 771 2401 quod
794 2331 874 2385 ita
901 2330 1103 2401 incipit
1132 2347 1146 2385 :

142 2422 289 2478 Credo
316 2423 572 2479 inDeum
596 2426 823 2480 Patrem
860 2424 1329 2496 omnipotentem,
1350 2424 1678 2479 Creatorem

92 2516 183 2569 czeli
198 2521 246 2571 et
273 2521 452 2572 terrae.
498 2510 681 2573 Crédo
707 2522 764 2573 et
804 2517 864 2573 in
901 2520 1093 2574 Jesum
1131 2517 1441 2588 Christum,
1469 2516 1678 2572 Filium

93 2606 183 2673 ejus
201 2604 554 2676 unigenitum
578 2605 1013 2678 sempiternum.
1043 2606 1150 2671 Qui
1175 2609 1480 2680 conceptus
1499 2612 1583 2663 est
1608 2607 1677 2663 de

90 2696 256 2767 Spiritu
278 2702 483 2766 sancto,
510 2706 686 2755 natus
712 2705 798 2756 est
827 2701 895 2756 de
921 2701 1090 2757 Maria
1104 2701 1349 2772 virgine.
1378 2703 1576 2755 Passus
1592 2704 1678 2755 est

90 2790 169 2844 sub
191 2792 364 2847 Pontio
391 2793 614 2863 Pilato;
653 2794 973 2862 cruciﬁxus,
1012 2799 1272 2850 mortuus
1307 2798 1363 2850 et
1397 2795 1671 2866 sepultus.

92 2884 335 2940 Descendit
370 2887 439 2941 ad
476 2887 724 2943 inferna.
764 2888 951 2943 Tertia
990 2888 1080 2944 die
1120 2886 1490 2944 resurrexita
1517 2905 1673 2943 mor-

90 2978 190 3043 tuis,
212 2979 442 3035 ascendit
467 2981 545 3035 ad
572 2981 759 3036 czelos.
790 2982 943 3038 Sedit
962 2982 1033 3036 ad
1053 2981 1345 3037 dexteram
1373 2981 1470 3036 Dei
1494 2981 1673 3036 Patris

88 3070 454 3142 omnipotentis.
482 3073 620 3131 Inde
656 3080 930 3130 venturus
951 3074 1213 3146 judicare
1239 3076 1391 3132 vivos
1430 3080 1487 3131 et
1513 3093 1670 3132 mor-

90 3168 200 3218 tuos.
221 3166 386 3222 Credo
405 3168 465 3222 in
485 3173 752 3225 sanctum
771 3169 1074 3241 Spiritum;
1095 3172 1346 3224 sanctam
1368 3169 1670 3225 Ecclesiam

1781 1908 1977 1963 Videte
2021 1923 2159 1980 ergo
2203 1913 2602 1980 cooperantem
2643 1910 2749 1964 sibi
2788 1909 3029 1965 invicem
3066 1909 3415 1965 Trinitatem.

1780 2000 2019 2073 Spiritus
2054 2007 2277 2057 sanctus
2319 2002 2511 2058 venire
2551 2002 2759 2058 dicitur
2804 2020 2975 2075 super
3002 2002 3331 2077 Virginem;
3363 2007 3422 2057 et

1780 2094 1956 2150 virtus
1981 2096 2289 2151 Altissimia
2322 2138 2336 2165 ,
2372 2096 2483 2150 nisi
2523 2096 2642 2167 ipse
2674 2095 2858 2169 341
2899 2097 3177 2167 Christus,
3206 2097 3305 2168 qui
3336 2099 3421 2152 est

1781 2188 1877 2244 Dei
1909 2189 2097 2245 Virtus
2123 2194 2179 2245 et
2204 2190 2305 2244 Dei
2331 2191 2658 2262 Sapientia?
2682 2192 2803 2245 lam
2816 2190 2940 2261 jam
2970 2190 3018 2245 si
3031 2190 3269 2261 jubetis,
3292 2191 3417 2245 haec

1778 2298 1907 2354 quae
1935 2282 2082 2338 dicta
2107 2288 2258 2346 sunt,
2286 2283 2508 2339 caritati
2535 2288 2735 2340 vestrae
2765 2282 3047 2339 sufﬁciant
3066 2302 3083 2354 ;
3102 2287 3159 2339 et
3184 2283 3273 2339 die
3296 2300 3413 2338 cra-

1778 2376 1942 2443 stina,
1982 2377 2297 2432 secundum
2339 2382 2589 2433 sanctam
2635 2376 3107 2433 consuetudinem
3148 2381 3415 2445 vestram,

1777 2485 1881 2540 per
1905 2469 2285 2525 ministerium
2310 2471 2552 2526 fratrum
2588 2475 2915 2527 nostrorum
2947 2487 3013 2527 ea
3039 2487 3167 2544 quae
3197 2474 3418 2527 restant

1777 2563 2056 2618 maturius
2082 2564 2340 2619 audietis.
2369 2564 2533 2630 Quod
2556 2564 2686 2636 ipsi.

1848 2678 2043 2738 Natus,
2070 2675 2275 2747 inquit,
2313 2676 2379 2730 de
2412 2678 2598 2732 Maria
2627 2679 2868 2747 virgine;
2908 2683 3186 2749 conceptus
3223 2683 3302 2735 est
3347 2679 3415 2734 de

1774 2770 1985 2839 Spiritu
2028 2774 2250 2836 sancto;
2275 2785 2467 2840 passus
2510 2772 2609 2826 sub
2648 2774 2839 2828 Pontio
2881 2773 3080 2828 Pilato.
3132 2772 3409 2843 Requira-

1775 2878 1923 2931 mus,
1963 2861 2331 2932 dilectissimi,
2369 2880 2472 2918 cur
2514 2864 2766 2935 Symboli
2798 2866 3117 2921 conditores
3152 2881 3409 2921 necessa-

1776 2956 1926 3010 rium
1944 2956 2294 3027 judicarunt,
2316 2960 2381 3011 ut
2408 2957 2582 3028 ipsius
2606 2959 2775 3013 etiam
2796 2959 2960 3014 Pilati
2976 2976 3188 3014 nomen
3203 2960 3414 3015 insere-

1774 3053 1922 3105 rent.
1942 3050 2068 3104 ldeo
2095 3050 2310 3121 utique,
2326 3050 2459 3121 quia
2473 3051 2802 3107 Antichristi
2832 3052 2999 3107 multi
3024 3052 3202 3108 futuri
3225 3058 3407 3120 erant,

1773 3147 1838 3197 ut
1871 3144 2027 3197 nulla
2066 3143 2299 3197 haeresis
2328 3144 2617 3199 Christum
2657 3145 2834 3199 alium
2862 3163 2981 3201 esse
3013 3146 3245 3214 diceret,
3275 3163 3406 3200 cum

50 3282 51 3287 η
89 3258 385 3328 catholicam,
403 3260 599 3336 340
615 3221 942 3318 ωηοιοξηω
965 3263 1445 3334 communionem;
1466 3263 1668 3319 remis_
1691 3221 1745 3294 C
1770 3253 1951 3291 unum
1977 3237 2173 3309 utique
2202 3254 2336 3336 esse.
2347 3243 2647 3305 constaret,
2663 3255 2834 3309 quem
2854 3240 2960 3294 sub
2978 3239 3158 3294 Pilato
3180 3256 3406 3321 passum

92 3352 263 3408 sionem
293 3361 684 3426 peccatorum;
716 3356 899 3412 carnis
946 3356 1455 3428 resurrectionem;
1500 3357 1675 3413 vitam

90 3450 333 3503 teter-nam.
360 3453 565 3507 Amen.

141 3541 458 3615 Symbolum,
488 3544 699 3600 fratres
734 3543 1031 3613 carissimi,
1062 3561 1178 3599 non
1206 3545 1266 3599 in
1306 3544 1508 3600 tabulis
1545 3545 1675 3600 scri-

87 3631 222 3703 bitur,
248 3636 335 3691 sed
358 3637 414 3691 in
456 3638 627 3693 corde
658 3642 986 3710 susceptum
1010 3638 1340 3694 memoriter
1373 3638 1670 3693 retinetur.

87 3725 135 3779 Et
159 3727 263 3783 ideo
283 3729 435 3800 juvat
459 3732 691 3799 iterare,
721 3732 871 3805 quod
901 3748 1221 3805 numquam
1246 3732 1508 3788 convenit
1536 3731 1681 3787 obli»

90 3835 208 3874 VlSCl.

143 3916 282 3971 Credo
308 3921 359 3972 in
384 3923 554 3975 Deum
580 3922 793 3975 Patrem
823 3924 1253 3992 omnipotentem.
1276 3920 1431 3975 Sicut
1459 3919 1674 3991 Optime

89 4012 207 4066 novit
229 4016 413 4072 caritas
445 4022 655 4087 vestra,
705 4018 1001 4088 carissimi,
1029 4018 1168 4076 ﬁdes
1198 4018 1453 4074 omnium
1490 4018 1673 4073 Chris-

88 4102 325 4163 tianorum
359 4110 417 4165 in
459 4111 736 4167 Trinitate
777 4113 1064 4182 consistit;
1104 4117 1160 4168 et
1190 4112 1316 4168 ideo
1356 4112 1527 4166 etiam
1564 4117 1673 4167 ter-

90 4196 200 4252 tium
234 4203 375 4258 vobis
411 4208 633 4261 textum
670 4205 922 4278 Symboli
961 4206 1293 4278 repetimus,
1320 4210 1385 4261 ut
1414 4205 1531 4277 ipse
1571 4222 1674 4260 nu-

90 4301 241 4343 merus
285 4294 647 4366 repetitionis,
696 4295 756 4350 in
806 4295 967 4367 signo
1018 4295 1315 4349 conveniat
1362 4293 1669 4349 Trinitatis.

92 4380 222 4436 Credo
263 4387 313 4440 in
354 4391 519 4444 Deum
558 4391 777 4445 Patrem
821 4392 1255 4459 omnipotentem.
1316 4388 1670 4459 Symbolum,

90 4471 248 4529 fratres
285 4481 572 4552 carissimi,
600 4483 753 4554 quod
788 4482 1042 4553 audistis,
1082 4486 1267 4537 totum
1306 4498 1403 4536 vos
1436 4482 1497 4536 in
1522 4482 1674 4536 auris

91 4565 299 4666 {inditum
333 4576 657 4646 convertite,
696 4581 762 4631 ut
803 4591 997 4631 semen
1032 4575 1189 4629 verbi
1226 4578 1451 4647 paratos
1488 4575 1748 4667 sulcosD

89 4650 309 4729 inveniat,
343 4664 544 4734 quibus
582 4664 883 4720 salubriter
917 4665 1190 4732 insidens,
1223 4666 1279 4719 et
1318 4663 1532 4719 radices
1560 4663 1670 4718 for-

92 4744 193 4800 titer
219 4749 393 4825 ﬁgere,
423 4762 481 4813 et
516 4760 769 4828 tempore
799 4757 1185 4812 retributionis
1210 4756 1412 4812 uberes
1432 4756 1669 4827 justitia:

89 4836 261 4897 fructus
275 4850 433 4917 possit
460 4850 685 4906 afferre.
723 4850 810 4906 Sic
840 4866 977 4922 ergo
1004 4850 1173 4905 habet
1198 4849 1494 4904 exordium
1515 4849 1670 4921 Sym-

91 4928 177 4987 boli
202 4953 214 4990 :
240 4942 389 4999 Credo
436 4948 495 5000 in
537 4950 705 5001 Deum
755 4945 971 4999 Patrem
1021 4946 1450 5014 omnipotentem.
1502 4946 1669 4999 Deum

91 5039 190 5080 cum
228 5035 389 5105 audis,
440 5038 816 5094 substantiam
859 5035 1119 5107 intellige
1165 5035 1285 5091 sine
1320 5036 1504 5105 initio,
1548 5036 1669 5091 sine

93 5116 193 5175 line.
224 5127 416 5185 Patrem
440 5148 574 5186 cum
606 5131 787 5201 audis,
829 5130 953 5185 Filii
993 5128 1248 5202 intellige
1277 5131 1523 5185 Patrem.
1554 5130 1667 5185 Hoc

92 5224 196 5281 ετεο
226 5217 331 5289 ipso
363 5225 592 5280 nomine
620 5224 773 5297 quod
800 5225 946 5279 Deus
972 5225 1136 5279 Pater
1167 5223 1505 5294 appellatur,
1535 5240 1667 5278 cum

94 5305 217 5362 Patre
245 5314 438 5382 pariter
472 5317 775 5374 subsistere
810 5316 984 5373 etiam
1012 5316 1186 5372 Filius
1219 5316 1663 5372 demonstratur.

93 5396 326 5461 Quomodo
347 5425 478 5465 sane
504 5412 648 5466 Deus
678 5412 841 5466 Pater
872 5409 1135 5483 genuerit
1160 5410 1385 5479 Filium,
1418 5409 1547 5464 nolo
1576 5408 1663 5464 di-

96 5493 270 5551 scutias.
314 5501 629 5559 Credendus
677 5507 762 5559 est
803 5520 941 5575 ergo
980 5504 1128 5559 Deus
1159 5519 1278 5558 esse
1307 5505 1471 5557 Pater
1510 5500 1666 5557 unici

96 5578 190 5638 Filii
223 5591 296 5645 sui
332 5594 549 5652 Domini
590 5596 804 5666 nostri;
853 5614 969 5652 non
1017 5595 1424 5652 discutiendus.
1473 5596 1665 5666 Neque

98 5675 211 5732 enim
242 5681 313 5739 fas
341 5694 418 5744 est
449 5707 609 5746 servo
648 5691 718 5745 de
759 5690 1041 5745 natalibus
1086 5689 1310 5745 Domini
1352 5688 1659 5761 disputare.

97 5765 382 5836 Contestatus
406 5789 487 5839 est
513 5786 679 5840 Pater
710 5784 780 5839 de
807 5784 959 5839 caelis
986 5783 1178 5839 dicens
1207 5800 1220 5838 :
1254 5783 1352 5838 Hic
1381 5786 1464 5837 est
1491 5780 1664 5835 Filius

1774 3330 2107 3401 Symbolum
2136 3330 2474 3387 tradidisset.
2508 3335 2822 3402 Cruciﬁrus,
2854 3338 3117 3396 mortuus,
3147 3338 3199 3389 et
3225 3335 3406 3405 sepul-

1775 3428 1879 3486 tus,
1910 3426 2071 3479 tertia
2096 3425 2183 3479 die
2205 3428 2522 3480 resurrexit.
2545 3427 2624 3480 De
2650 3425 2950 3481 manifesta
2975 3432 3032 3482 et
3055 3427 3355 3499 reprobata
3379 3444 3412 3481 a

1774 3515 1968 3572 multis
1988 3517 2215 3572 Domini
2230 3518 2643 3574 resurrectione
2659 3520 2789 3575 licet
2805 3520 3224 3576 evidentissime
3238 3523 3412 3576 Evan-

1775 3610 1921 3681 gelia
1945 3612 2145 3665 testata
2177 3610 2309 3677 sint,
2339 3615 2531 3665 tamen
2558 3612 2730 3666 etiam
2760 3614 3060 3683 Apostolus
3084 3614 3413 3684 praedicavit

1773 3703 1962 3758 dicens
1986 3704 2359 3759 resurrexisse
2397 3705 2466 3759 ab
2510 3704 2706 3760 inferis
2730 3706 3077 3761 Salvatorem
3103 3707 3195 3761 die
3221 3707 3403 3761 tertia.

1774 3797 1849 3867 (Si
1877 3812 1943 3852 ea
1984 3797 2075 3852 die
2119 3814 2231 3869 qua
2269 3802 2530 3852 mortuus
2567 3803 2673 3867 est,
2713 3800 2802 3854 vel
2842 3803 3007 3854 nocte
3042 3816 3172 3871 quae
3222 3804 3413 3854 secuta

1775 3895 1878 3960 est,
1909 3890 2097 3945 statim
2140 3892 2554 3959 resurrexisset,
2593 3892 2686 3946 vix
2720 3908 2854 3947 eum
2897 3892 3072 3965 aliqui
3117 3894 3413 3948 crederent

1772 4000 1902 4040 vere
1929 3984 2100 4039 fuisse
2127 3984 2477 4040 defunctum.
2503 3985 2665 4041 Vides
2682 3986 2816 4057 quia
2833 3985 3189 4041 conﬁrmatio
3212 3986 3413 4041 mortis

1773 4080 1857 4132 est
1880 4078 2072 4132 dilatio
2096 4079 2550 4150 resurrectionis;
2580 4083 2636 4134 et
2662 4096 2692 4135 e
2728 4080 3008 4135 contrario
3036 4080 3236 4135 mortis
3260 4080 3408 4135 veri-

1771 4176 1855 4225 tas
1872 4171 2107 4227 rationis
2128 4172 2431 4227 auctoritas
2450 4178 2552 4228 est.
2578 4173 2691 4227 Nisi
2713 4173 2865 4228 enim
2885 4190 3233 4246 quemquam
3254 4175 3413 4246 prius

1773 4266 2085 4321 ostenderis
2127 4266 2480 4335 inclinatum,
2515 4283 2629 4322 non
2669 4268 2952 4322 convincis
2976 4272 3267 4337 erectum;
3299 4276 3356 4325 et
3380 4287 3412 4326 e

1774 4363 1969 4414 contra
1980 4359 2143 4415 facile
2158 4361 2427 4432 probabis
2446 4361 2506 4415 in
2527 4377 2727 4416 somno
2744 4362 2919 4417 fuisse
2934 4362 3243 4417 resolutum
3254 4406 3267 4432 ,
3280 4380 3411 4418 cum

1774 4453 2032 4508 docueris
2060 4454 2435 4525 suscitatum.)
2466 4456 2534 4509 Et
2561 4454 2693 4526 quia
2718 4455 2868 4509 visus
2896 4460 2978 4510 est
3003 4456 3171 4526 Cefaa,
3200 4461 3257 4511 et
3284 4462 3412 4528 post

1773 4546 1896 4601 ὴωα
1925 4545 2031 4600 illis
2054 4547 2340 4615 undecim,
2373 4547 2574 4603 deinde
2612 4548 2764 4603 visus
2799 4552 2882 4603 est
2907 4551 3208 4621 plusquam
3238 4549 3405 4621 quin-

1773 4638 1957 4710 gentis
1980 4638 2247 4693 fratribus
2274 4639 2463 4695 simul.
2491 4641 2534 4696 Ο
2555 4641 2761 4696 miram
2787 4642 3012 4697 Domini
3029 4647 3086 4697 et
3108 4642 3411 4697 inaestima-

1768 4731 1938 4787 bilem
1980 4731 2287 4803 pietatem!
2318 4736 2522 4789 Parum
2558 4736 2629 4790 ad
2667 4735 3122 4791 conﬁrmandum
3147 4737 3409 4791 Ecclesiae

1770 4826 1941 4882 ﬁdem
1956 4825 2315 4895 existimavit,
2335 4829 2488 4899 quod
2504 4844 2636 4883 eum
2656 4835 2784 4901 post
2799 4830 3273 4886 resurrectionem
3292 4848 3409 4886 om-

1768 4936 1869 4975 nes
1893 4919 2130 4992 apostoli
2156 4920 2435 4991 viderant,
2468 4922 2578 4976 nisi
2606 4923 2914 4979 videndum
2942 4940 3001 4978 se
3028 4925 3199 4979 etiam
3228 4926 3410 4981 turbis

1769 5013 2118 5069 adstantibus
2144 5014 2502 5085 prasbuisset.
2527 5014 2794 5088 Sequitur
2817 5021 3011 5073 autem
3029 5018 3089 5073 in
3108 5019 3403 5091 Symbolo:

1839 5125 2097 5181 Ascendit
2138 5126 2214 5180 ad
2255 5116 2437 5194 caelos;
2479 5128 2618 5184 sedit
2659 5130 2735 5184 ad
2779 5130 3058 5186 demteram
3096 5134 3194 5187 Dei
3228 5134 3409 5189 Patris

1766 5221 2162 5289 omnipotentis.
2190 5220 2311 5274 Non
2336 5221 2709 5293 corporaliter
2726 5222 2818 5278 hic
2845 5225 2941 5279 Dei
2974 5224 3205 5279 dextera
3230 5230 3411 5279 osten-

1767 5311 1939 5382 ditur,
1969 5311 2337 5382 dilectissimi,
2365 5314 2499 5386 quia
2539 5316 2728 5371 divina
2754 5318 3006 5389 Majestas
3048 5334 3163 5372 non
3204 5334 3404 5372 secun-

1766 5404 1903 5460 dum
1933 5406 2246 5461 humanam
2295 5408 2538 5480 speciem
2575 5410 2904 5481 designatur
2930 5410 3143 5465 sedere.
3178 5411 3306 5464 Ideo
3336 5407 3407 5463 ad

1765 5498 2053 5554 dexteram
2085 5499 2267 5555 Patris
2296 5501 2469 5557 Filius
2486 5502 2711 5570 dicitur,
2743 5505 2875 5576 quia
2898 5504 2957 5559 in
2988 5520 3054 5559 eo
3079 5503 3239 5557 nulla
3264 5501 3401 5557 sini—

1764 5592 1986 5647 steritas
2006 5592 2313 5650 invenitur.
2332 5596 2474 5650 Cum
2496 5596 2651 5652 enim
2669 5597 2728 5650 in
2751 5597 3055 5668 Scripturis
3074 5596 3247 5651 sacris
3266 5613 3408 5650 sem-

1762 5702 1865 5757 per
1893 5687 2045 5758 quod
2082 5686 2381 5743 dexterum
2419 5693 2503 5744 est
2543 5690 2614 5745 ad
2648 5689 2906 5758 meliora,
2936 5690 3086 5761 quod
3114 5690 3405 5744 sinistrum

1763 5780 1829 5835 ad
1862 5779 2140 5835 deteriora
2158 5781 2461 5854 pertineat,
2491 5782 2698 5839 idcirco
2730 5781 2792 5836 in
2816 5781 2927 5836 Deo
2956 5781 3294 5850 dextera,§id
3323 5783 3407 5833 est

154 5901 172 5929 ³
198 5894 394 5975 ευρριθ,
420 5908 761 5965 obumbrabit
796 5909 916 5965 tibi.
949 5909 1075 5979 Quae
1100 5913 1177 5964 est
1213 5909 1385 5962 virtus
1416 5905 1708 5975 Altissum',
1738 5905 1864 5967 nisi,
1901 5905 2009 5957 ctc.
