4014 6230
560 320 652 378 351
1354 319 1682 376 AI’PENDIX
1721 319 1808 373 AD
1845 318 2067 373 OPERA
2105 315 2338 371 SANCTI
2376 315 2675 372 GERMANI
2715 316 3142 375 PABISIENSIS.
3853 309 3956 366 35"?

554 430 704 489 bona
728 431 890 498 sunt;
911 427 1012 486 ubi
1039 428 1284 497 sinistra,
1307 429 1366 485 id
1394 433 1479 484 est
1509 427 1655 482 mala
1681 441 1989 499 possumus
2015 427 2192 498 suspi-
2214 435 2272 510 Α
2291 406 2484 481 nistris
2533 425 2703 482 illius.
2764 426 2852 481 Hii
2907 431 3152 499 quatuor
3215 424 3316 484 has
3367 421 3580 498 ﬁguras
3635 417 3955 505 habentes,

557 540 707 582 care.
2296 519 2664 591 evangelistas
2705 535 2826 576 esse
2861 537 2978 575 non
3015 520 3254 577 dubium
3289 523 3409 588 est;
3437 520 3536 575 sed
3563 517 3816 574 nomina
3859 531 3956 570 eo-

627 618 778 683 Inde,
804 618 1012 690 inquit,
1039 622 1294 674 venturus
1302 616 1556 685 judicare
1579 618 1727 672 vivos
1753 619 1805 671 et
1832 620 2084 672 mortuos.
2295 629 2445 682 rum,
2468 613 2567 685 qui
2587 614 2886 686 Evangelia
2907 615 3273 686 scripserunt,
3297 614 3420 670 haec
3437 616 3593 684 sunt,
3616 611 3956 676 Mattheus,

633 712 799 771 Credo
829 715 888 767 in
914 717 1157 766 sanctum
1177 712 1461 780 Spiritum.
1486 709 1569 764 Ad
1598 710 1947 765 excludenda
1974 709 2197 765 hazreti-
2294 709 2528 776 Marcus,
2559 708 2755 778 Lucas,
2783 708 3087 764 Iohannes.

558 821 755 862 corum
785 804 1041 860 omnium
1073 803 1392 858 calamitosa
1431 807 1772 870 commenta,
1801 803 2000 859 eodem
2026 802 2196 858 verbo
2365 804 2491 856 Post
2518 802 2628 856 haec
2656 803 2786 871 legit
2812 803 3069 858 diaconus
3096 805 3315 858 initium
3341 801 3628 872 Evangelii
3651 799 3961 856 secundum

558 899 907 954 credulitatis
936 914 1050 969 quo
1081 896 1140 950 in
1166 896 1444 968 principio
1484 897 1571 952 sui
1607 897 1942 968 Symbolum
1975 899 2198 952 Patrem
2297 897 2634 951 Matthaeum.
2663 898 2734 951 Et
2751 900 3041 968 postquam
3071 897 3278 967 legerit,
3308 901 3511 953 tractat
3542 896 3846 967 presbyter
3877 894 3961 949 his

557 992 857 1048 honoravit
881 993 937 1046 et
964 991 1190 1061 Filium,
1222 991 1282 1046 in
1310 991 1670 1046 conclusione
1715 995 1903 1047 textus
1929 991 2015 1046 sui
2042 1007 2199 1046 nunc
2296 989 2490 1044 verbis.

560 1086 799 1140 honorat
813 1083 1086 1156 Spiritum
1107 1089 1386 1154 sanctum,
1410 1100 1538 1139 cum
1563 1085 1641 1138 ait
1665 1101 1679 1138 :
1702 1085 1867 1142 Credo
1881 1087 1938 1139 in
1953 1089 2199 1139 sanctum
2370 1081 2495 1138 Filii
2519 1083 2814 1154 carissimi,
2845 1099 2918 1139 ne
2953 1083 3166 1139 diutius
3191 1099 3328 1156 ergo
3367 1100 3463 1138 vos
3489 1087 3817 1150 teneamus,
3852 1098 3955 1136 ex-

555 1180 840 1248 Spi-ritum.
879 1178 956 1232 Ne
1002 1177 1288 1233 inferioris
1332 1194 1470 1248 ergo
1517 1178 1749 1232 fortasse
1792 1177 2198 1232 contumeliam
2298 1193 2575 1248 ponamus
2618 1178 2775 1232 vobis
2825 1194 2997 1249 quam
3041 1177 3320 1233 rationem
3369 1182 3427 1233 et
3470 1193 3646 1249 quam
3689 1176 3957 1248 ﬁguram

559 1269 752 1344 342
779 1275 1090 1342 pateretur,
1113 1271 1245 1341 jure
1271 1287 1404 1326 eum
1449 1271 1556 1326 sibi
1595 1271 1889 1342 aequaliter
1915 1270 2197 1325 vindicare
2298 1270 2689 1342 unusquisque
2715 1272 2775 1326 in
2810 1289 2868 1326 se
2907 1272 3223 1340 contineat;
3251 1276 3307 1326 et
3345 1287 3520 1342 quare
3553 1271 3864 1325 Matthaeus
3896 1270 3958 1323 in

557 1367 616 1418 et
655 1364 890 1419 Deitatis
928 1364 1171 1419 ostendit
1209 1364 1642 1434 plenitudinem,
1674 1368 1730 1418 et
1767 1363 1948 1417 Patris
1983 1380 2046 1418 ac
2073 1363 2196 1417 Filii
2301 1380 2357 1419 se
2383 1363 2628 1434 ﬁguram
2652 1365 2902 1419 hominis
2927 1365 3150 1434 habeat,
3170 1365 3303 1436 quia
3321 1364 3484 1419 initio
3502 1380 3603 1419 suo
3617 1364 3766 1418 nihil
3788 1362 3960 1416 aliud

558 1458 930 1529 dignitatem;
959 1457 1092 1529 quia
1135 1457 1193 1512 in
1233 1458 1506 1512 Trinitate
1544 1456 1735 1512 divina
1772 1472 1887 1510 non
1927 1461 2010 1511 est
2045 1457 2196 1527 quod
2300 1457 2438 1528 agit,
2470 1457 2580 1512 nisi
2616 1458 2968 1513 nativitatem
3005 1458 3300 1514 Salvatoris
3339 1458 3504 1530 pleno
3534 1457 3734 1513 ordine
3768 1473 3958 1528 gene-

559 1552 744 1622 majus
791 1551 1048 1606 minusve
1092 1551 1405 1606 credendus
1449 1551 1538 1616 sit,
1585 1549 1866 1620 siquidem
1903 1550 2004 1603 ubi
2052 1565 2201 1604 unus
2301 1551 2540 1605 rationis
2567 1555 2812 1606 enarrat.
2841 1552 2928 1606 Sic
2961 1552 3113 1606 enim
3144 1552 3314 1624 coepit
3343 1568 3356 1606 :
3386 1553 3544 1606 Liber
3580 1553 3960 1620 generationis

559 1644 745 1715 major
771 1644 995 1713 dicitur,
1028 1645 1219 1698 deesse
1250 1644 1437 1699 minor
1464 1643 1667 1714 aliquis
1686 1643 1988 1697 indicatur.
2016 1643 2075 1696 ln
2097 1643 2202 1696 hac
2300 1646 2424 1699 Jesu
2470 1645 2671 1702 Christi
2711 1646 2815 1714 ﬁlii
2851 1646 3048 1708 David,
3089 1646 3194 1715 ﬁlii
3232 1646 3530 1701 Abraham.
3563 1644 3778 1698 Videtis
3813 1645 3956 1715 quia

560 1753 698 1809 ergo
728 1737 848 1808 ipsa
872 1737 1259 1806 Divinitate,si
1277 1737 1432 1791 aliud
1458 1735 1643 1806 majus
1661 1735 1806 1806 quis,
1829 1735 1984 1789 aliud
2008 1735 2197 1789 minus
2220 1807 2258 1810 _
2302 1753 2418 1792 non
2458 1737 2742 1792 immerito
2782 1738 2915 1793 huic
2946 1738 3194 1794 hominis
3229 1739 3523 1810 adsignata
3556 1753 3804 1809 persona
3845 1741 3954 1805 est,

559 1807 800 1900 adserat,
827 1831 879 1884 ei
916 1830 1036 1901 ipse
1080 1829 1360 1901 majestati
1396 1828 1802 1884 contumeliam
1841 1827 1992 1896 facit,
2025 1844 2200 1898 quam
2219 1807 2275 1879 B
2299 1831 2524 1902 quando
2551 1831 2620 1885 ab
2648 1831 2896 1886 hominis
2922 1832 3213 1887 nativitate
3237 1807 3464 1887 initium
3486 1807 3953 1902 comprehendit,

560 1924 835 1994 majorem
861 1927 1056 1994 putat:
1081 1923 1214 1994 quia
1235 1940 1365 1977 cum
1395 1922 1628 1995 aequalis
1655 1926 1897 1993 potestas
1923 1938 1987 1976 ac
2015 1921 2199 1991 digni-
2299 1940 2402 1979 nec
2427 1923 2714 1978 immerito
2747 1924 2830 1994 (ut
2869 1924 3134 1997 diximus)
3163 1925 3296 1980 huic
3337 1925 3610 1996 mysterio
3646 1925 3957 1997 adsignata

561 2021 644 2071 tas
685 2017 975 2072 Trinitatis
1011 2017 1102 2086 sit,
1149 2017 1426 2089 quidquid
1470 2017 1571 2070 uni
1611 2015 1948 2084 detrahitur,
1981 2019 2200 2070 cunctae
2300 2021 2383 2073 est
2407 2017 2652 2074 Mattheei
2679 2034 2940 2089 persona.
2971 2021 3219 2090 Emplecit
3245 2020 3535 2074 secundum
3559 2020 3763 2075 Matth.

560 2112 756 2181 procul
781 2110 953 2165 dubio
980 2111 1183 2166 Deitati
1209 2111 1507 2183 aequaliter
1532 2110 1860 2181 derogatur.
2719 2110 2907 2174 Incipit
2936 2112 3224 2161 secundum
3259 2113 3511 2161 Marcum.

634 2205 821 2268 Credo,
848 2204 1053 2275 inquit,
1082 2209 1328 2259 sanctam
1362 2205 1654 2259 Ecclesium
1683 2205 2022 2258 catholicam.
2053 2204 2194 2260 San-

2370 2193 2521 2261 Legit
2549 2191 2808 2246 diaconus
2825 2193 3045 2246 initium
3065 2193 3353 2262 Evangelii
3367 2191 3656 2248 secundum
3676 2192 3945 2248 Marcum.

561 2302 767 2352 ciorum
811 2300 1247 2353 communionem.
1288 2300 1478 2355 Carnis
1519 2299 1975 2352 resurrectionem.
2015 2299 2142 2353 Vita

1297 2300 1478 2355 Carnis
1519 2299 1975 2352 resurrectionem.
2015 2299 2062 2353 V
2063 2300 2198 2352 itam
2297 2286 2536 2355 Exponit
2560 2286 2882 2354 presbyter:

561 2396 836 2446 aeternam.
865 2394 1055 2448 Amen.
1078 2393 1366 2447 Eternam
1387 2391 1560 2445 vitam
1585 2391 1728 2445 bene
1753 2390 1812 2445 in
1838 2390 2196 2445 conclusione
2370 2379 2584 2432 Marcus
2610 2378 2955 2450 evangelista
2979 2377 3158 2434 Ῑθοηίε
3187 2394 3391 2450 gerens
3410 2379 3676 2450 ﬁguram:
3700 2396 3734 2434 3
3754 2379 3953 2434 δοῙίῖυι·

562 2485 810 2556 Symboli
859 2485 1158 2557 coaptavit,
1198 2485 1332 2557 quia
1365 2485 1539 2556 ipsius
1574 2484 1819 2555 Symboli
1860 2483 1998 2539 ﬁdes
2043 2500 2193 2555 prae-
2297 2470 2427 2526 dine
2445 2471 2648 2542 incipit
2671 2472 2894 2528 dicere:
2922 2474 3039 2527 Vox
3058 2473 3351 2528 clamantis
3374 2474 3435 2528 in
3465 2474 3689 2528 deserto
3716 2490 3729 2526 :
3753 2475 3953 2527 Parata

563 2579 746 2632 mium
779 2581 862 2633 est
897 2578 1248 2634 aeternitatis.
1277 2579 1354 2633 Ac
1384 2595 1487 2650 per
1519 2579 1625 2632 hoc
1665 2579 1801 2633 ordo
1832 2577 2081 2650 Symboli
2107 2594 2194 2632 sa-
2297 2563 2448 2619 Viam
2492 2565 2738 2631 Domini,
2787 2565 3004 2621 seilieet
3048 2566 3183 2637 qnia
3228 2569 3428 2637 regnat
3469 2566 3731 2621 inViet‘lS-
3772 2566 3954 2637 Hujus

565 2673 698 2727 lutis
725 2674 974 2728 ascensio
1001 2678 1121 2742 est;
1154 2672 1287 2744 quia
1314 2672 1360 2727 si
1397 2672 1641 2728 ﬁdeliter
1679 2673 1917 2744 quisque
1941 2673 2012 2726 ad
2037 2688 2194 2726 sum-
2298 2657 2475 2712 leonis
2519 2658 2832 2713 meltiferie
2870 2659 3192 2714 invenimus
3232 2660 3510 2731 exempla,
3542 2665 3606 2714 ut
3643 2677 3762 2716 Ποῐι
3792 2665 3952 2714 vacet

565 2767 819 2822 [nitatem
869 2767 1018 2821 illius
1070 2767 1306 2834 venerit,
1367 2766 1674 2821 certissime
1721 2765 1917 2820 salutis
1969 2769 2197 2820 mter-na;
2299 2750 2512 2804 dictum
2557 2751 2727 2805 illut:
2761 2751 2902 2806 Juda
2949 2751 3096 2806 ﬁlius
3141 2768 3321 2818 meus,
3369 2753 3587 2808 catulus
3629 2752 3837 2821 leonis,
3881 2753 3947 2806 de

565 2863 854 2918 cardinem
888 2862 1216 2935 possidebit,
1256 2865 1534 2932 regnante
1572 2861 1810 2916 Domino
1846 2865 2036 2936 ηοεηο
2069 2862 2198 2915 13m
2300 2843 2556 2913 germine
2584 2844 2728 2899 mihi
2756 2845 3056 2901 ascendisti
3089 2863 3102 2900 :
3132 2846 3411 2900 recubans
3440 2847 3700 2901 dormisti
3735 2850 3803 2901 ut
3841 2847 3943 2914 leo,

563 2957 805 3027 Christo,
837 2957 998 3028 cujus
1041 2962 1126 3012 est
1169 2957 1353 3011 honor
1399 2960 1454 3010 et
1503 2955 1809 3026 imperium
1858 2971 1962 3026 per
2011 2955 2200 3010 omnia
2299 2940 2357 2992 et
2381 2936 2526 2992 Sient
2549 2938 2766 2993 eamme
2792 2939 3001 3008 leonis;
3034 2939 3161 3010 quis
3190 2939 3459 2994 exeitﬂbit
3484 2941 3658 2994 eum?

564 3052 770 3106 secula
796 3051 1146 3106 smculorum_
2752 3030 2940 3094 Incipit
2965 3032 3255 3082 secundum
3280 3033 3488 3082 Lucam.

1254 3122 1522 3173 Collectio.
2231 3174 2272 3184 Α
2370 3113 2520 3181 Legit
2549 3111 2807 3167 diaconus
2833 3115 3052 3168 initium
3081 3114 3370 3184 Evangelii
3397 3114 3686 3169 secundum
3726 3116 3943 3170 Lucam.

638 3207 873 3274 Exaudi,
909 3206 1169 3274 Domine,
1191 3208 1658 3279 supplicationem
1684 3206 1912 3261 familia:
1938 3210 2074 3276 tuac,
2102 3205 2201 3278 qui
2221 3174 2274 3248 C
2305 3174 2522 3260 Tractat
2541 3207 2822 3276 presbyter
2847 3225 2863 3260 :

564 3300 820 3355 ﬁdelium
857 3306 1086 3355 tuorum
1132 3302 1416 3356 consortio
1455 3301 1778 3356 desiderant
1801 3299 2021 3366 sociari,
2049 3304 2114 3356 ut
2141 3301 2200 3355 in
2369 3299 2544 3352 Lucas
2587 3299 2928 3370 evangelista
2966 3300 3211 3372 speciem
3250 3301 3411 3354 vituli
3454 3304 3654 3372 gestat,
3684 3301 3760 3355 ad
3787 3302 3947 3372 cujus

566 3394 656 3449 die
681 3397 886 3449 sanctas
917 3394 1326 3464 sollemnitatis,
1357 3393 1657 3450 clementia
1691 3398 1789 3448 tua
1817 3394 2032 3448 donum
2055 3395 2196 3466 bap-
2300 3392 2475 3446 instar
2491 3392 2744 3447 Salvator
2762 3397 2954 3447 noster
2974 3399 3056 3448 est
3074 3393 3418 3450 immolatus.
3442 3395 3538 3449 Hic
3561 3395 3716 3448 enim
3739 3394 3946 3449 Christi

566 3489 808 3542 tismatis
849 3488 1140 3559 percipere
1180 3492 1527 3544 mereantur.
1560 3489 1666 3542 Per
1704 3488 1866 3541 Dom.
1939 3491 2198 3544 nostrum
2300 3485 2669 3556 Evangelium
2722 3486 3034 3555 locuturus,
3084 3487 3161 3540 sic
3212 3488 3381 3558 caapit
3429 3488 3498 3542 de
3541 3488 3848 3542 Zaccharia
3895 3491 3947 3540 et

563 3584 756 3639 Jesum
785 3582 1094 3638 Christum.
2299 3577 2598 3648 Helisabet,
2631 3579 2700 3633 de
2745 3579 2952 3650 quibus
3001 3580 3284 3636 Iohannes
3328 3581 3577 3652 Baptista
3626 3581 3686 3635 in
3726 3597 3943 3635 summa

599 3700 706 3754 XII.
753 3695 1035 3755 erosmo
1074 3713 1487 3758 EVANGELIORUM
1526 3713 1580 3753 IN
1619 3712 1824 3753 AURIUM
1861 3713 2162 3754 APERTIONE

2351 3675 2462 3726 itus
2503 3675 2587 3726 est
2621 3676 2932 3727 senectute.
2964 3675 3029 3728 Et
3067 3674 3195 3728 ideo
3227 3675 3402 3728 Lucas
3443 3674 3620 3729 vitulo
3649 3692 3936 3746 compara-

1195 3788 1265 3826 AD
1306 3784 1558 3824 ELECTOS.
2297 3767 2411 3833 tur,
2440 3764 2574 3835 quia
2613 3766 2724 3820 duo
2761 3781 2992 3833 cornua,
3025 3767 3138 3821 duo
3177 3769 3567 3836 Testamenta;
3607 3773 3664 3823 et
3701 3772 3943 3839 quatuor

634 3873 935 3942 Aperturi‘
962 3874 1136 3943 vobis,
1178 3871 1278 3927 ﬁlii
1319 3872 1613 3940 carissimi,
1659 3871 1983 3943 Evangelia,
2016 3873 2072 3926 id
2113 3876 2199 3928 est
2297 3857 2510 3928 pedum
2540 3860 2798 3930 ansulae»,
2832 3863 2889 3913 et
2933 3865 3180 3931 quatuor
3208 3861 3512 3932 Evangelia
3552 3861 3712 3932 quasi
3755 3867 3944 3916 tenera

565 3966 768 4039 gaudia
796 3967 1004 4035 divina,
1031 3967 1190 4039 prius
1218 3965 1415 4020 ordine
1442 3965 1733 4021 insinuare
1761 3966 2030 4021 debemus
2061 3966 2196 4036 quid
2299 3950 2625 4006 inﬁrmitate
2651 3952 2962 4022 nascentia:
2991 3953 3051 4007 in
3081 3970 3140 4009 3e
3167 3953 3497 4025 PleniSSime
3525 3955 3875 4010 continebat-

565 4025 950 4131 Evangelium,
981 4025 1212 4116 etunde
1240 4059 1556 4128 descendat,
1581 4064 1638 4114 et
1664 4058 1824 4129 cujus
1849 4059 1911 4112 in
1937 4075 2004 4112 eo
2028 4025 2150 4113 veri

2369 4047 2501 4100 Item
2556 4047 2685 4115 legit
2736 4047 2994 4101 diaconus
3043 4050 3260 4102 initium
3315 4050 3602 4118 Evangelii
3649 4050 3943 4104 secundum

560 4157 864 4222 ponantur,
895 4158 953 4208 et
981 4167 1155 4224 quare
1181 4157 1425 4222 quatuor
1454 4151 1566 4206 sint
1599 4151 1699 4222 qui
1727 4151 1851 4205 haec
1878 4155 2035 4222 gesta
2061 4151 2193 4205 scri-
2295 4139 2606 4193 JOha-"nem-
2644 4143 2866 4194 Τνασίαί
2884 4141 3167 4209 Ρτθεδυίθν
3193 4142 3275 4195 his
3302 4142 3514 4195 verbis:

561 4251 824 4318 pserunt;
849 4246 935 4301 νει
962 4245 1061 4317 qui
1087 4248 1219 4300 sunt
1243 4246 1355 4316 ipsi
1375 4245 1458 4300 hii
1476 4249 1722 4315 quatuor
1745 4244 1840 4315 qui
1870 4243 2058 4298 divino
2081 4243 2198 4313 spi.
2367 4231 2650 4286 Johannes
2677 4232 2846 4287 habet
2873 4232 3305 4288 similitudinem
3330 4235 3556 4306 aquilae,
3585 4235 3744 4305 quod
3773 4235 3941 4289 nimis
3996 4233 3997 4244 ‘

560 4339 695 4408 ritu,
741 4339 1120 4395 adnunciante
1171 4339 1468 4410 propheta,
1514 4340 1645 4391 ante
1690 4336 1899 4407 signati
1948 4335 2080 4404 sint,
2124 4352 2198 4391 ne
2296 4322 2408 4375 ene
2434 4323 2678 4393 Petierit-
2705 4325 2796 4379 Αίῐ
2825 4325 2982 4380 enim
3014 4343 3026 4380 ε
3056 4329 3118 4381 Ῑη
3139 4329 3414 4398 Primi?“
3443 4333 3561 4383 εναί
3601 4329 3871 4394 Verbum;
3898 4331 3943 4383 εί

560 4433 703 4488 forte
744 4433 862 4488 sine
905 4432 1010 4486 hac
1056 4430 1270 4486 ordinis
1314 4430 1530 4486 ratione
1573 4429 1659 4483 vel
1706 4445 1872 4483 causa
1907 4433 2145 4500 stupore]

2355 4417 2536 4470 erbum
2576 4423 2694 4472 erat
2733 4419 2884 4489 apud
2911 4423 3102 4481 Deum,
3137 4425 3188 4475 et
3225 4423 3359 4475 Deus
3394 4425 3512 4475 erat
3551 4422 3809 4476 Verbum.
3839 4425 3940 4477 Hoc

559 4527 848 4582 vobiscum
875 4526 935 4580 in
967 4525 1253 4580 mentibus
1287 4524 1699 4594 relinquamus.
1733 4523 1800 4576 Et
1827 4521 1961 4593 quia
1990 4523 2061 4577 ad
2091 4523 2144 4576 11(

2354 4512 2413 4562 at
2452 4511 2510 4562 in
2533 4513 2804 4580 principio
2841 4512 2992 4582 apud
3034 4515 3218 4567 Deum.
3253 4513 3322 4566 Et
3363 4512 3538 4566 David
3583 4528 3653 4567 ex
3696 4529 3939 4584 persona

559 4619 791 4674 venistis
813 4625 880 4674 ut
904 4635 1068 4674 aures
1093 4618 1248 4673 vobis
1276 4615 1626 4688 aperiantur,
1658 4631 1729 4670 ne
1753 4615 1986 4687 incipiat
2005 4632 2198 4671 sensus
2217 4601 2266 4612 υ
2297 4601 2502 4656 Christi
2527 4602 2663 4657 die“
2689 4619 2703 4657 ε
2734 4605 3116 4659 Renovabitm‘
3141 4605 3286 4659 Sient
3309 4605 3805 4677 aQUileerVentus
3823 4611 3936 4672 tua,

558 4717 744 4768 vester
769 4713 1027 4782 obtundi,
1052 4711 1422 4782 Evangelium
1449 4709 1656 4764 dicitur
1679 4710 1907 4782 proprie
1932 4709 2081 4764 bona
2105 4709 2200 4764 ad-
2298 4693 2357 4748 id
2393 4698 2479 4749 θεῖ’
2521 4697 2648 4750 Jesu
2689 4695 2894 4751 Christi
2938 4697 3159 4751 Domini
3202 4698 3401 4767 ΠοείΓίν
3431 4697 3528 4769 (illi
3570 4713 3878 4769 νθειιτεεῐιδ
3911 4716 3938 4751 ³

558 4807 866 4862 nunciatio.
899 4807 1036 4870 01183
1082 4805 1280 4875 utique
1319 4801 1684 4858 adnunciatio
1714 4808 1798 4858 est
1835 4805 1967 4858 Jesu
1991 4802 2197 4858 Christi
2297 4788 2559 4855 merulis:
2586 4789 2838 4844 ascendit
2861 4790 2922 4844 in
2943 4790 3137 4860 059105;
3168 4791 3319 4845 unde
3338 4792 3456 4861 iam
3480 4790 3636 4846 "01353
3657 4793 3936 4863 conceptis

561 4899 782 4955 Domini
812 4899 910 4955 Dei
936 4898 1134 4953 nostri.
1163 4896 1464 4951 Descendit
1495 4900 1686 4950 autem
1721 4895 2090 4967 Evangelium
2127 4896 2196 4950 ab
2296 4897 2545 4952 regnans
2591 4880 2867 4951 glorietur
2909 4883 3170 4952 ΕεοῙθδίθν
3201 4881 3393 4954 344
3433 4884 3592 4937 omni
3639 4883 3935 4939 feSﬁVitate

559 5011 625 5048 eo
655 4993 805 5064 quod
835 4990 1141 5046 adnunciet
1167 4994 1223 5044 et
1247 4989 1524 5057 ostendat,
1553 4990 1703 5060 quod
1730 4989 1777 5043 is
1807 4990 1906 5061 qui
1935 5006 2038 5060 per
2063 5005 2194 5060 pro-
2297 4978 2556 5028 votorum
2598 4973 2668 5028 ad
2704 4990 2851 5028 nova
2877 4975 3109 5030 tendere
3147 4976 3480 5031 Christiana:
3506 4977 3647 5048 legis
3675 4979 3930 5042 exordia;

559 5087 756 5158 phetas
773 5101 901 5139 suos
919 5083 1275 5153 loquebatur,
1291 5082 1446 5137 venit
1465 5082 1524 5136 in
1545 5098 1734 5148 carne,
1758 5083 1904 5137 sicut
1924 5082 2195 5154 scriptum
2297 5069 2360 5120 ιιι
2404 5065 2737 5120 adveniente
2787 5067 2877 5121 die
2925 5068 3265 5123 Venerabilis
3303 5069 3549 5138 P3301133:
3581 5070 3804 5124 lavacro
3843 5071 3932 5124 δεῖ·

559 5184 644 5236 est
674 5198 686 5233 :
719 5177 824 5242 Qui
872 5176 1161 5247 loquebar,
1212 5192 1337 5230 ecce
1387 5176 1608 5230 adsum.
1657 5175 2010 5247 Explicantes
2061 5192 2198 5246 ergo
2298 5159 2576 5229 ptismatis
2604 5163 2978 5228 renascentes,
3007 5161 3151 5216 sicut
3179 5162 3358 5216 sancti
3387 5179 3586 5216 omnes
3616 5179 3935 5219 mereamur

558 5271 804 5326 breviter
831 5269 968 5340 quid
1005 5269 1078 5323 sit
1115 5268 1504 5339 Evangelium,
1534 5268 1619 5322 vel
1647 5268 1746 5339 qui
1783 5274 1916 5323 sunt
1945 5268 2024 5322 hii
2051 5284 2194 5339 qua-
2297 5251 2462 5306 ﬁdele
2488 5267 2698 5306 munus
2723 5252 2978 5308 infantiae
3004 5270 3034 5308 a
3063 5255 3284 5309 Christo
3319 5256 3449 5310 Jesu
3487 5255 3726 5311 Domino
3753 5259 3935 5311 nostro

558 5370 709 5428 tuor,
742 5362 839 5432 qui
878 5377 982 5431 per
1017 5362 1356 5432 pr0phetam
1382 5365 1512 5415 ante
1542 5361 1839 5416 monstrati
1865 5366 2016 5429 sunt,
2046 5377 2143 5414 nui

1827 5361 1839 5415 ί
1865 5366 2016 5429 sunt,
2046 5375 2198 5414 nunc
2297 5345 2611 5416 percipere.
2639 5345 2748 5409 Qui
2774 5346 2908 5401 vivit
2936 5351 2991 5401 et
3014 5353 3216 5419 regnat
3245 5349 3412 5403 Deus.

559 5457 772 5526 ﬁguras
800 5454 984 5525 adque
1011 5453 1244 5508 nomina
1282 5454 1518 5526 singulis
1557 5454 1924 5525 adsignemus
1949 5452 2142 5508 indicii

2066 5452 2194 5507 iciis,
2584 5447 2716 5501 Xlll.
2760 5463 3162 5505 PRAEMISSIONES
3201 5467 3268 5505 AD
3311 5465 3651 5507 scaurum.

559 5549 652 5602 Ait
688 5547 842 5602 enim
881 5547 1160 5619 propheta
1199 5548 1509 5602 Hezechiel.
1549 5549 1616 5602 Et
1661 5546 1972 5601 similitudo
2013 5546 2200 5600 vultus
2370 5546 2462 5612 Te,
2495 5543 2751 5614 Domine,
2791 5546 3160 5617 deprecamur
3190 5552 3246 5602 et
3283 5548 3592 5619 poscimus,
3625 5554 3690 5604 ut
3715 5548 3818 5603 hos
3853 5548 3932 5602 fa-

558 5657 757 5696 eorum
795 5646 862 5696 ut
905 5641 1071 5696 facies
1104 5640 1370 5710 hominis,
1410 5645 1472 5695 ut
1513 5640 1681 5695 facies
1725 5639 1901 5694 leonis
1944 5637 2138 5711 343
2167 5655 2200 5692 a
2299 5639 2484 5692 mulos
2513 5643 2639 5693 tuos
2668 5639 2908 5695 ﬁrmiter
2933 5640 3182 5696 stabilire
3202 5641 3476 5713 digneris.
3501 5643 3674 5714 Aperi
3695 5642 3777 5698 eis
3796 5647 3935 5696 totos

557 5735 770 5791 dextris
797 5735 971 5805 illius;
1002 5738 1058 5790 et
1090 5733 1258 5790 facies
1294 5733 1476 5801 vituli,
1515 5738 1571 5788 et
1607 5732 1776 5788 facies
1813 5731 2019 5803 aquilae
2061 5748 2094 5785 a
2121 5731 2196 5785 si-
2299 5731 2483 5787 aditus
2508 5731 2660 5801 ﬁdei,
2688 5737 2752 5787 ut
2775 5733 3118 5789 credulitatis
3152 5734 3370 5807 possint
3403 5735 3587 5791 muris
3614 5735 3854 5806 includi;
3885 5741 3933 5789 et

630 5873 654 5899 ³
689 5861 870 5916 Exsta.
905 5860 962 5915 in
991 5858 1206 5914 Ordine
1233 5858 1514 5922 Romano,
1546 5859 1603 5910 ct
1629 5872 1756 5927 qum
1785 5859 2122 5926 sequuntur,
2158 5871 2337 5928 usque
2370 5856 2442 5910 ad
2471 5873 2630 5911 num.
2666 5860 3026 5928 sequentem.
