4014 6230
70 309 146 360 353

1116 309 1202 362 DE
1242 307 1554 364 LITURGIA
1590 311 1964 366 GALLICANA
2007 313 2202 368 LIBER
2245 317 2332 369 lll.

3305 335 3406 388 3:31.

67 415 186 468 viam
209 410 444 466 veritatis
484 411 568 467 eis
593 412 814 484 plenius
857 415 1106 471 revelare
1149 417 1409 487 dignare,
1454 423 1518 472 ut
1563 435 1665 473 ne-
1689 434 1748 505 Α
1841 423 2042 474 Panem
2082 427 2325 477 nostrum
2361 425 2739 493 quotidianum
2774 429 2849 485 da
2887 431 3038 489 nobis
3086 435 3260 494 hodie.
3308 441 3408 495 llic

67 510 213 561 sciant
237 521 332 576 per
360 505 600 560 semitas
623 507 882 562 falsitatis
922 525 1132 565 errare.
1173 512 1498 580 Agnoscant
1541 528 1668 583 quze

65 604 172 654 sunt
203 597 476 664 salutaria,
509 603 579 654 ut
613 601 826 671 possint
869 601 1043 657 vitare
1082 602 1409 673 mortifera;
1449 609 1505 659 et
1538 605 1664 660 the—

64 709 223 746 sauros
247 691 566 762 intelligant
611 693 760 762 vitae,
806 699 873 749 ut
910 697 1175 751 noverint
1215 696 1412 752 mortis
1445 697 1665 752 foveam

64 788 264 853 evitare;
293 789 346 838 et
373 785 674 841 residuum
699 789 851 859 quod
877 805 1009 844 cum
1037 790 1278 861 caligine
1304 790 1536 860 habent,
1566 793 1662 847 de-

63 883 262 951 ponant,
303 883 362 932 ut
401 879 867 936 inlustrationem
911 883 1086 938 totius
1133 884 1364 938 luminis
1406 890 1660 954 sumant;

64 973 175 1028 nihil
216 972 354 1026 intra
395 971 522 1026 illos
567 977 745 1029 restet
781 976 1143 1031 saecularium
1185 977 1560 1048 macularum,
1600 984 1665 1032 ut

65 1067 191 1136 digni
221 1064 656 1121 sanctiﬁcatione
690 1067 1045 1139 baptismatis
1086 1075 1500 1141 praeparentur.
1560 1073 1665 1126 Per

65 1161 189 1214 Dom.
217 1162 491 1213 nostrum.

574 1231 824 1280 Collectio
851 1232 1085 1295 sequitur

117 1298 304 1354 Christe
330 1301 482 1367 Jesu,
526 1302 626 1373 qui
672 1303 889 1358 cunctis
937 1310 1127 1374 portas
1170 1307 1375 1377 aperis,
1415 1312 1471 1362 et
1513 1308 1660 1362 viam

65 1391 218 1447 salutis
241 1394 506 1463 ostendis,
541 1397 835 1452 venientes
860 1398 1103 1453 famulos
1129 1404 1255 1454 tuos
1283 1401 1353 1454 ad
1400 1401 1659 1456 notitiam

63 1486 262 1540 nominis
289 1488 370 1542 tui
395 1489 646 1545 libenter
670 1490 1012 1562 amplectere
1033 1511 1048 1560 ;
1083 1497 1149 1547 ut
1174 1493 1258 1547 hii
1286 1494 1489 1549 divina:
1516 1496 1658 1567 legis

62 1579 199 1634 initiis
220 1581 506 1651 auspicati,
538 1588 594 1638 te
621 1584 944 1640 desiderent
969 1586 1224 1641 sensibus
1262 1588 1442 1659 sequi,
1485 1605 1658 1660 quem

62 1679 304 1744 coeperunt
323 1677 684 1732 sermonibus
705 1678 964 1733 confiteri
985 1698 1001 1748 ;
1021 1686 1077 1734 et
1097 1679 1166 1734 ab
1188 1680 1278 1735 his
1293 1682 1656 1752 plasmatibus

58 1766 140 1819 tuis
161 1767 350 1838 repelle
379 1769 593 1823 diaboli
620 1771 975 1827 incursantes
1000 1773 1255 1844 insidias,
1289 1779 1350 1829 ut
1385 1775 1455 1829 ab
1496 1776 1654 1830 omni
1676 1801 1732 1873 B

62 1861 234 1924 loco,ab
247 1861 395 1916 omni
411 1863 617 1920 fraude
631 1865 1010 1936 dejectus,nec
1027 1868 1232 1922 anima:
1247 1885 1520 1940 umquam
1534 1887 1656 1941 pos-

62 1954 315 2023 sitnocere,
333 1971 436 2010 nec
452 1959 714 2029 corpori;
737 1965 801 2013 ut
819 1959 1082 2014 inimicus
1103 1960 1306 2015 divinae
1333 1962 1652 2034 inscriptio-

64 2047 127 2099 nis
149 2047 416 2103 character
440 2067 778 2122 agnoscens,
805 2054 959 2124 quod
990 2070 1108 2108 esse
1127 2054 1249 2124 jam
1268 2056 1436 2126 coepit
1463 2060 1650 2127 tuum,

63 2156 85 2191 a
107 2156 149 2194 se
170 2141 394 2196 fateatur
416 2143 675 2199 alienum
697 2162 801 2216 per
825 2146 1055 2218 signum
1081 2148 1282 2217 crucis,
1301 2149 1455 2220 quod
1480 2166 1650 2204 num-

65 2250 194 2303 quam
210 2235 403 2290 delebit
423 2237 767 2309 impressum
782 2239 842 2294 in
853 2240 1059 2295 saecula
1075 2241 1433 2296 saeculorum.
1449 2245 1647 2299 Amen.

171 2333 282 2386 XIV.
323 2351 520 2391 INCIPIT
561 2353 835 2393 PRJEFATIO
875 2355 1163 2395 ommoms
1202 2356 1498 2399 DOMINICE.

116 2421 347 2476 Dominus
373 2421 398 2450 ‘
439 2429 497 2478 et
532 2425 789 2480 Salvator
828 2432 1020 2482 noster
1064 2429 1352 2500 discipulis
1391 2432 1505 2485 suis
1549 2448 1647 2503 pe-

68 2511 259 2568 tentibus
290 2518 774 2586 quemadmodum
809 2536 968 2574 orare
995 2520 1284 2592 deberent,
1315 2540 1431 2578 non
1469 2524 1649 2579 solum

69 2605 252 2661 formam
287 2609 555 2664 orationis
581 2612 876 2681 concessit,
899 2631 1098 2669 verum
1122 2616 1292 2671 etiam
1317 2634 1431 2689 qua
1460 2625 1649 2674 mente

68 2703 104 2750 et
123 2701 329 2768 puritate
357 2711 734 2773 precarentur
754 2707 1017 2777 ostendit,
1040 2713 1105 2763 ut
1123 2708 1182 2764 in
1208 2711 1475 2780 praesenti
1495 2728 1649 2766 sacra

70 2789 156 2844 haec
177 2793 319 2848 lectio
352 2796 764 2854 demonstravit
787 2817 800 2854 :
835 2801 916 2854 Tu
943 2805 1135 2856 autem
1162 2819 1293 2857 cum
1322 2804 1527 2873 orabis,
1555 2805 1643 2858 in-

44 2893 45 2904 ‘
71 2886 126 2936 ira
146 2885 193 2939 in
216 2887 532 2946 cubiculum
560 2897 762 2963 tuum;
794 2898 849 2948 et
879 2895 1070 2949 clauso
1096 2895 1258 2966 ostio,
1291 2913 1388 2951 ora
1423 2899 1645 2952 Patrem

71 2983 206 3034 tuum.
239 2981 564 3040 Cubiculum
597 2988 751 3057 quod
783 2988 1059 3056 nominat,
1089 3007 1206 3044 non
1237 2991 1512 3046 occultam
1541 2991 1642 3046 do-

71 3087 186 3127 mum
213 3077 460 3148 ostendit,
485 3080 586 3134 sed
608 3081 794 3136 cordis
819 3082 997 3136 nostri
1027 3089 1310 3139 secretum
1335 3102 1348 3140 :
1384 3085 1441 3140 id
1471 3091 1554 3141 est
1580 3091 1644 3141 ut

72 3165 190 3220 malae
210 3169 524 3240 cogitationi
553 3178 752 3245 pectus
782 3180 1044 3230 nostrum
1073 3178 1306 3249 mystica
1335 3179 1467 3234 ﬁdei
1494 3181 1643 3235 clave
1665 3170 1719 3244 C

71 3258 360 3333 claudamus;
403 3282 466 3321 ac
503 3267 668 3323 labiis
694 3269 917 3338 clausis,
945 3271 1272 3343 incorrupta
1308 3277 1498 3329 mente
1535 3275 1646 3329 Deo

69 3349 326 3423 loquamur.
353 3359 497 3416 Deus
524 3362 682 3416 enim
703 3367 896 3418 noster
924 3363 1074 3434 ﬁdei,
1104 3382 1219 3420 non
1244 3367 1394 3422 vocis
1423 3368 1647 3424 auditor

71 3450 140 3499 est.
171 3448 300 3522 Ergo
324 3455 473 3510 unde
504 3472 694 3511 sermo
721 3462 823 3526 est,
855 3457 913 3512 id
939 3462 1022 3513 est
1051 3459 1344 3531 sapientia,
1389 3462 1644 3517 Christus

73 3535 280 3598 Dominus
312 3552 499 3605 noster
525 3551 676 3606 hanc
705 3550 1020 3608 orationem
1059 3569 1161 3607 nos
1202 3554 1410 3625 docuit,
1452 3561 1516 3612 ut
1567 3556 1646 3612 ita

43 3635 48 3649 ’
70 3645 243 3689 oremus
269 3655 281 3691 ἶ

120 3723 276 3801 345
313 3736 470 3790 Pater
496 3741 702 3804 noster,
732 3741 827 3808 qui
859 3755 910 3794 es
938 3741 995 3794 in
1025 3741 1186 3796 cwlis.
1214 3739 1341 3797 Haec
1366 3740 1644 3798 libertatis

69 3830 145 3871 vox
165 3825 253 3892 est,
279 3830 330 3880 et
350 3828 514 3898 plena
545 3830 772 3886 fiducia.
811 3835 958 3903 Ergo
1007 3834 1095 3888 his
1139 3836 1392 3890 moribus
1435 3841 1518 3891 est
1559 3837 1641 3891 vi-

68 3911 281 3987 vendum,
311 3925 368 3976 ut
391 3927 445 3977 et
475 3922 577 3978 filii
606 3925 728 3995 Dei,
761 3930 817 3980 et
843 3926 1046 3983 fratres
1074 3928 1280 3983 Christi
1312 3945 1432 3984 esse
1461 3931 1638 4001 possi—

70 4018 180 4060 mus.
206 4007 330 4067 Nam
357 4015 580 4073 Patrem
601 4036 768 4074 suum
785 4015 964 4075 Deum
981 4039 1095 4093 qua
1114 4023 1432 4078 temeritate
1457 4022 1642 4080 dicere

69 4105 322 4175 Prasumit,
368 4111 462 4181 qui
502 4113 576 4167 ab
627 4114 750 4184 ejus
794 4115 1082 4170 voluntate
1109 4116 1452 4188 degenerat?
1489 4119 1642 4173 unde

71 4203 141 4244 Vos
181 4195 353 4268 dignos
406 4206 669 4261 exhibete
718 4208 1017 4279 adoptione
1080 4210 1301 4280 divina,
1370 4209 1642 4283 quoniam

72 4285 283 4356 Scriptum
305 4301 415 4352 est:
445 4301 735 4373 Quotquot
759 4302 1122 4359 crediderunt
1141 4303 1201 4359 in
1222 4319 1373 4374 eum,
1394 4304 1548 4362 dedit
1562 4306 1641 4361 eis

76 4382 343 4443 potestatem
368 4392 509 4449 ﬁlios
537 4395 638 4450 Dei
667 4395 811 4451 ﬁeri.

124 4473 440 4548 Sanctiﬁcetur
465 4505 674 4544 nomem
705 4495 877 4545 tuum.
908 4491 1029 4546 Non
1055 4493 1208 4564 quod
1250 4494 1393 4548 Deus
1431 4493 1642 4548 nostris

77 4569 382 4630 sanctiﬁcetur
425 4570 800 4652 orationibus,
851 4586 948 4657 qui
989 4603 1215 4657 semper
1258 4589 1341 4641 est
1381 4547 1719 4641 sanctus:D

75 4655 144 4709 sed
165 4663 377 4730 Petimus
403 4679 465 4730 ut
490 4693 703 4732 nomen
749 4678 872 4748 ejus
913 4679 1293 4735 sanctificetur
1334 4680 1393 4734 in
1428 4679 1590 4734 nobis
1620 4695 1636 4749 ;

78 4751 122 4800 οἳ
143 4755 218 4822 qui
250 4757 302 4815 in
323 4763 650 4838 baptismate
681 4771 729 4842 ej
740 4788 804 4825 us
831 4773 1264 4844 sanctiﬁcamur,
1298 4773 1356 4828 in
1402 4774 1458 4829 id
1489 4773 1640 4846 quod

77 4853 162 4896 esse
186 4855 424 4923 capimus
449 4879 899 4935 perseveremus.

128 4939 352 5006 Adveniet
361 4969 579 5026 regnum
594 4963 767 5014 tuum.
782 4959 932 5014 Deus
941 4975 1190 5033 namque
1205 4965 1399 5016 noster
1413 4961 1641 5033 quando

78 5038 159 5127 13°"
183 5049 374 5116 regnat,
401 5051 651 5107 maxime
679 5054 840 5125 cujus
868 5070 1116 5127 regnum
1155 5060 1239 5110 est
1274 5055 1594 5112 immortale
1614 5057 1642 5111 τ

81 5117 157 5177 Sed
177 5143 281 5188 cum
299 5137 525 5200 dicimus
550 5162 563 5201 :
600 5149 1035 5219 Veniatregnum
1063 5154 1236 5214 tuum,
1267 5155 1527 5205 nostrum
1554 5166 1642 5206 re-

82 5227 212 5314 ξξλαῐη
244 5232 466 5299 petimus
510 5241 795 5312 advenire,
842 5259 875 5297 a
918 5245 1033 5298 Deo
1067 5243 1231 5298 nobis
1273 5242 1637 5314 promissum,

81 5301 234 5409 Christi
256 5332 510 5400 sanguine
538 5340 594 5391 et
613 5301 875 5407 passidne
902 5337 1228 5409 quaesitum-

132 5405 225 5464 Fiat
246 5420 469 5483 voluntas
494 5405 777 5493 tum—sicut
798 5433 856 5486 in
882 5405 1005 5486 celo
1027 5436 1078 5486 et
1100 5435 1160 5487 in
1190 5437 1354 5487 terra.
1381 5433 1441 5487 ld
1473 5437 1556 5488 est
1581 5433 1638 5487 in

86 5504 132 5590 ἑο
149 5495 225 5598 flat
243 5513 475 5576 voluntas
497 5527 596 5578 tua
627 5527 689 5578 ut
713 5521 867 5596 quod
894 5530 959 5580 tu
984 5523 1066 5580 vis
1092 5525 1153 5580 in
1193 5525 1352 5598 caelo,
1390 5524 1496 5582 hoc
1534 5543 1639 5582 nos

84 5598 126 5640 In
146 5595 263 5655 terra
281 5611 434 5676 positi
450 5595 1035 5690 inreprehensibiliter
1060 5595 1352 5676 faciamus.

136 5709 155 5800 ξ
178 5718 238 5800 [Et
256 5725 308 5784 in
331 5734 527 5797 Ordine
555 5743 836 5800 Romano.

104 5850 109 5858 .
137 5781 157 5821 δ
187 5790 233 5846 1d
263 5807 334 5859 est
354 5781 1122 5886 inuD‘dniin‘i‘dauPalmarum,
1175 5822 1238 5874 ut
1281 5815 1538 5874 videmus
1581 5817 1640 5874 in

85 5847 161 5910 11b.
187 5877 233 5929 ιι,
255 5876 300 5929 et
323 5875 374 5929 in
401 5882 589 5929 Miamli
623 5886 857 5929 Cnthinn

152 5896 161 5910 .
187 5882 233 5932 ιι,
255 5882 300 5929 et
323 5882 374 5934 in
401 5882 593 5941 Missali
623 5886 879 5945 Gothico.

1769 512 2082 583 spiritalem
2109 515 2300 570 cibum
2319 517 2639 591 intelligere
2666 522 2956 582 debemus.
2979 528 3232 586 Christus
3252 533 3405 588 enim

1767 607 1929 676 panis
1976 612 2060 662 est
2099 613 2310 680 noster,
2347 612 2446 683 qui
2487 613 2674 670 dixit:
2717 618 2834 689 Ego
2875 636 3002 675 sum
3029 625 3190 693 panis
3214 627 3404 694 vivus,

1767 699 1867 770 qui
1895 700 1964 755 de
1993 701 2132 756 czelo
2173 703 2458 760 descendi.
2487 708 2666 771 Quem
2701 712 3034 770 cotidianum
3080 717 3289 790 dicens,
3327 720 3407 775 ita

1764 808 1871 847 nos
1901 809 2124 866 semper
2153 795 2435 853 immunes
2454 804 2726 875 praecepit
2752 821 2872 861 esse
2898 811 3134 879 peccati,
3151 815 3216 867 ut
3243 813 3405 886 digni

1766 885 1943 940 simus
1973 888 2289 944 caelestibus
2316 891 2619 951 alimentis.

1834 983 1906 1034 Et
1929 981 2142 1036 dimitte
2166 984 2315 1038 nobis
2345 985 2529 1042 debita
2555 995 2760 1057 nostra,
2788 995 2929 1048 sicut
2951 1000 3002 1050 et
3036 1012 3129 1053 nos
3164 1000 3398 1058 dimitti-

1762 1087 1880 1128 mus
1906 1074 2234 1131 debitoribus
2258 1082 2477 1134 nostris.
2505 1082 2616 1136 Hoc
2645 1089 2874 1154 pactum
2903 1094 3005 1159 est,
3054 1092 3398 1167 significans,

1763 1182 1879 1222 non
1907 1184 2010 1222 nos
2029 1170 2191 1224 aliter
2215 1176 2575 1240 peccatorum
2601 1193 2763 1246 posse
2797 1181 3019 1237 veniam
3061 1189 3398 1260 promereri,

1760 1261 1869 1314 nisi
1907 1262 2067 1332 prius
2094 1279 2198 1317 nos
2242 1264 2301 1318 in
2334 1266 2496 1320 nobis
2539 1268 2998 1342 delinquentibus
3028 1278 3148 1334 aliis
3174 1282 3398 1338 veniam

1761 1353 2100 1424 relaxemus,
2130 1357 2274 1413 sicut
2288 1358 2347 1413 in
2369 1361 2677 1433 Evangelio
2699 1364 2968 1422 Dominus
2992 1376 3184 1427 noster
3211 1374 3346 1430 dicit
3381 1393 3395 1432 :

1761 1447 1874 1501 Nisi
1903 1449 2227 1505 dimiseritis
2251 1459 2479 1522 peccata
2507 1455 2854 1527 hominibus,
2891 1478 2996 1517 nec
3047 1465 3203 1520 vobis
3237 1469 3398 1524 Pater

1760 1546 1942 1596 vester
1967 1543 2212 1599 dimittet
2237 1553 2484 1616 peccata.

1828 1635 1898 1689 Et
1928 1651 1992 1690 ne
2018 1653 2114 1692 nos
2133 1639 2362 1695 inducas
2385 1644 2441 1696 in
2464 1647 2828 1701 tentationem.
2867 1648 2925 1702 Id
2951 1655 3034 1704 est
3063 1667 3134 1707 ne
3161 1668 3264 1708 nos
3292 1671 3393 1726 pa-

1758 1727 1916 1782 tiaris
1960 1729 2150 1784 induci
2190 1733 2260 1786 ab
2297 1750 2363 1788 eo
2402 1735 2502 1806 qui
2544 1741 2740 1806 tentat,
2795 1742 3085 1811 pravitatis
3139 1751 3391 1806 auctore.

1757 1820 1894 1874 Nam
1921 1822 2054 1877 dicit
2082 1824 2373 1898 Scriptura
2400 1846 2414 1882 :
2457 1830 2603 1884 Deus
2626 1831 2779 1887 enim
2806 1833 3112 1894 intentator
3140 1845 3224 1895 est
3268 1858 3394 1898 ina-

1756 1914 1962 1970 lorum.
1998 1917 2256 1974 Diabolus
2276 1936 2408 1975 vero
2434 1926 2680 1978 tentator
2705 1931 2808 1982 est.
2832 1929 2915 1983 Ad
2943 1947 3116 2001 quem
3139 1935 3396 1992 evincen-

1755 2007 1892 2062 dum
1923 2010 2194 2066 Dominus
2220 2013 2362 2069 dixit
2388 2034 2401 2069 :
2439 2017 2675 2087 Vigilate
2702 2025 2758 2075 et
2783 2027 2957 2093 orate,
2980 2041 3051 2079 ne
3083 2027 3306 2084 intretis
3333 2030 3394 2085 in

1754 2103 2149 2159 tentationem.

1823 2197 1928 2252 Sed
1958 2198 2126 2253 libera
2167 2216 2262 2255 nos
2303 2218 2337 2256 a
2383 2205 2546 2259 malo.
2603 2206 2714 2260 Hoc
2756 2207 2883 2264 ideo
2921 2211 3018 2279 ait,
3061 2215 3196 2284 quia
3249 2215 3394 2272 dixit

1752 2291 2048 2361 Apostolus
2083 2311 2096 2347 :
2130 2295 2362 2350 Nescitis
2393 2298 2531 2368 quid
2558 2299 2714 2354 vobis
2737 2308 2994 2372 oporteat
3021 2323 3204 2363 orare.
3232 2309 3390 2366 Unde

1753 2383 1898 2437 Deus
1924 2386 2280 2458 omnipotens
2303 2389 2381 2444 ita
2405 2407 2436 2444 a
2453 2391 2616 2446 nobis
2641 2396 2885 2450 orandus
2905 2403 3007 2469 est,
3025 2405 3090 2455 ut
3111 2402 3389 2475 quidquid

1751 2475 2003 2532 humana
2027 2479 2302 2551 fragilitas
2329 2499 2521 2539 cavere
2542 2490 2598 2540 et
2623 2486 2798 2543 vitare
2825 2506 2941 2544 non
2966 2495 3254 2564 praevalet,
3283 2496 3389 2551 hoc

1751 2568 1843 2623 ille
1869 2571 2147 2642 propitius
2172 2574 2338 2629 nobis
2369 2578 2627 2634 conferre
2654 2580 2924 2651 dignetur
2949 2586 3106 2640 Jesus
3132 2587 3392 2645 Christus

1751 2663 2024 2720 Dominus
2060 2673 2269 2735 noster,
2299 2670 2398 2741 qui
2424 2671 2558 2726 vivit
2585 2677 2642 2727 et
2666 2680 2872 2746 regnat
2899 2693 3029 2733 cum
3055 2681 3179 2751 ,Deo
3226 2684 3391 2739 Patre

1748 2757 2135 2828 omnipotente
2163 2765 2218 2816 et
2242 2763 2454 2834 Spiritu
2484 2771 2678 2821 sancto
2704 2785 2808 2839 per
2836 2772 3027 2827 omnia
3057 2775 3261 2830 saecula
3290 2793 3390 2831 sae-

1748 2852 2026 2908 culorum.

1818 2943 2010 3018 346
2026 2948 2372 3005 Patefactum
2392 2953 2567 3023 vobis,
2592 2955 2934 3012 dilectissimi
2959 2960 3141 3030 nobis,
3167 2960 3384 3018 Oratio-

1744 3053 1878 3092 nem
1907 3044 1962 3094 et
1988 3041 2316 3111 Symbolum
2343 3046 2634 3102 catholica:
2661 3050 2794 3104 ﬁdei
2821 3053 3158 3122 cognovistis
3192 3072 3204 3110 :
3233 3072 3388 3112 nunc

1743 3137 1933 3188 autem
1957 3134 2175 3190 habetis
2204 3138 2503 3208 magistros
2528 3141 2690 3196 illum
2744 3144 3156 3217 Primicerium,
3196 3153 3252 3204 et
3288 3151 3385 3206 Se‘

1745 3227 1995 3282 cundum
2023 3230 2144 3300 ejus
2169 3229 2353 3302 illum,
2386 3234 2485 3304 qui
2511 3252 2606 3290 vos
2652 3237 2932 3293 edoceant
2967 3241 3126 3296 nullo
3168 3247 3386 3298 mutato

1745 3336 2024 3393 sermone,
2061 3324 2159 3379 sed
2188 3328 2251 3379 ut
2280 3326 2514 3382 audistis
2540 3329 2601 3383 in
2628 3332 2918 3401 praesenti.
2946 3335 3149 3390 Potens
3178 3341 3263 3392 est
3284 3339 3388 3392 Do-

1744 3415 1933 3470 minus
1977 3422 2187 3488 noster,
2220 3423 2282 3474 ut
2307 3437 2404 3474 vos
2436 3421 2624 3494 quiad
2655 3425 2826 3480 ﬁdem
2857 3427 3104 3499 curritis,
3136 3430 3207 3484 ad
3231 3431 3386 3488 lava-

1745 3525 1907 3563 crum
1931 3527 2095 3582 aquae
2116 3513 2566 3584 regenerationis
2585 3517 2887 3589 perducat;
2917 3524 2974 3575 et
2989 3538 3089 3576 nos
3106 3523 3206 3595 qui
3230 3525 3387 3582 vobis

1743 3604 2077 3674 mysterium
2103 3604 2234 3661 ﬁdei
2273 3605 2560 3664 catholicae
2603 3627 2717 3665 una
2752 3610 3048 3686 tradimus,
3094 3617 3384 3675 vobiscum

1742 3695 1812 3752 ad
1839 3697 2077 3753 caelestia
2095 3716 2273 3770 regna
2291 3698 2457 3756 faciat
2475 3704 2792 3775 pervenire,
2819 3713 3121 3774 praestante
3143 3711 3383 3768 Domino

1742 3795 1934 3845 nostro
1977 3793 2106 3846 Jesu
2150 3793 2391 3866 Christo,
2435 3796 2526 3850 cui
2563 3801 2648 3852 est
2683 3798 2871 3854 honor
2900 3806 2955 3856 et
2983 3801 3292 3874 imperium
3323 3806 3384 3862 in

1744 3885 1950 3940 saecula
1969 3885 2329 3942 saeculorum.
2364 3892 2564 3945 Amen.

2012 3979 2116 4032 XV.
2159 3995 2317 4035 MlSSA
2358 3998 2411 4036 IN
2450 3999 2676 4039 svueou
2704 3985 2730 4026 δ
2767 4001 3106 4044 mammona.

1815 4059 1875 4112 In
1899 4060 2152 4130 geminas
2178 4063 2365 4132 partes
2391 4063 2541 4118 diem
2566 4064 2720 4120 hunc
2747 4068 3122 4124 excolendum
3145 4069 3387 4144 comple-

1745 4151 1936 4222 ctitur,
1968 4151 2222 4224 Domine,
2264 4159 2472 4212 nostra:
2503 4159 2788 4215 servitutis
2821 4161 3134 4235 famulatio,
3177 4165 3263 4222 vel
3295 4167 3386 4224 die

1736 4243 1944 4316 jejunii
1970 4246 2123 4303 cultu
2152 4255 2386 4322 sacrato,
2419 4253 2508 4307 vel
2535 4253 2603 4309 de
2636 4254 2954 4328 insignibus
2981 4255 3092 4312 tuis
3121 4275 3250 4330 quae
3276 4261 3380 4316 ho-

1743 4340 1832 4396 die
1862 4341 2146 4398 fulserunt
2191 4345 2546 4402 mirabilibus
2579 4365 2592 4403 :
2643 4367 2756 4422 qua
2800 4351 3068 4407 Lazarum
3109 4352 3386 4410 reduxisti

1743 4438 1869 4505 post
1893 4434 2140 4508 Tartara,
2170 4456 2301 4494 cum
2326 4440 2396 4494 ad
2424 4458 2617 4496 vocem
2646 4444 2998 4500 intonantem
3023 4444 3294 4517 exsilivit;
3329 4452 3386 4503 et

1743 4531 2105 4600 quatriduani
2127 4533 2250 4603 jam
2274 4536 2521 4592 faetentis
2548 4537 2720 4592 funus
2749 4537 3035 4593 viviﬁcans
3077 4537 3340 4596 animasti
3365 4561 3381 4611 ;

1742 4624 1828 4679 vel
1845 4625 2013 4680 etiam
2035 4642 2201 4681 causa
2223 4627 2481 4684 miraculi
2509 4630 2894 4703 obstupefacta
2912 4633 3187 4704 plaudens
3218 4636 3385 4692 turba

1742 4719 1998 4774 Bettania
2043 4722 2289 4777 accurrit
2339 4740 2470 4778 cum
2518 4725 2722 4795 palmis
2772 4726 2875 4780 tibi
2943 4727 3164 4782 obviam
3218 4730 3381 4802 Regi.

1742 4812 1957 4868 Exaudi
1988 4830 2089 4868 nos
2121 4814 2181 4869 in
2208 4816 2313 4870 hoc
2361 4817 2646 4888 geminato
2692 4819 2978 4874 servitutis
3023 4828 3235 4878 nostra:
3281 4824 3382 4880 ob-

1741 4907 1958 4978 sequio,
2015 4913 2071 4963 et
2121 4914 2325 4980 praesta
2377 4910 2716 4982 propitiatus
2763 4917 2932 4985 atque
2989 4914 3262 4989 placatus,
3319 4921 3386 4975 ut

1740 5001 1947 5055 animae
1975 5007 2202 5073 nostrae,
2235 5020 2363 5075 quae
2402 5005 2622 5060 tumulo
2667 5011 2800 5062 sunt
2843 5015 3205 5079 peccatorum
3248 5030 3385 5070 con-

1742 5094 1932 5163 clusae,
1962 5101 2017 5150 et
2059 5095 2385 5152 cicatricum
2425 5099 2739 5156 morbidata
2769 5109 3000 5176 corrupt
3040 5119 3084 5163 ο.
3131 5150 3143 5164 .
3189 5150 3203 5164 .
3249 5151 3263 5166 .
3311 5151 3322 5166 .
3370 5150 3382 5165 .

1699 5215 1704 5218 -
1812 5193 2011 5245 Desunt
2037 5192 2122 5246 hic
2144 5193 2339 5247 multa.

1743 5299 1758 5315 ο
1807 5302 1820 5315 ο
1867 5302 1880 5315 ο
1926 5303 1938 5316 ο
1985 5301 1998 5317 ο
2046 5304 2058 5316 ο
2105 5303 2118 5317 ο
2163 5305 2176 5317 ο
2223 5302 2235 5317 δ
2283 5306 2295 5318 ο
2343 5305 2355 5318 ο
2403 5306 2415 5319 Ι
2463 5307 2476 5320 ο
2524 5308 2536 5321 ο
2583 5309 2596 5322 ο
2644 5308 2656 5321 ο
2703 5308 2716 5323 ο
2763 5311 2775 5323 ο
2824 5311 2837 5324 ο
2885 5311 2898 5324 ο
2943 5312 2956 5325 ο
3004 5311 3016 5326 ⁸
3064 5312 3077 5327 ο
3124 5313 3137 5328 ο
3183 5313 3195 5327 ο
3245 5314 3258 5329 ο
3307 5315 3318 5330 δ
3371 5314 3383 5330 δ

1739 5334 1907 5387 Pater
1941 5349 2012 5388 ex
2037 5334 2150 5388 alto
2179 5335 2476 5405 clarificat;
2511 5339 2583 5393 ad
2609 5355 2914 5396 commune
2942 5340 3214 5414 gaudium
3245 5362 3380 5402 con-

1741 5427 1954 5482 cutitur
1977 5427 2137 5498 plebs
2172 5427 2510 5499 hominum;
2563 5439 2825 5490 movetur
2864 5440 2921 5490 et
2971 5436 3194 5492 caelum.
3234 5441 3382 5495 Ante

1741 5521 1902 5592 cujus
1927 5527 2291 5593 conspectum
2321 5524 2543 5581 adstant
2567 5528 2778 5599 angeli,
2809 5532 2864 5582 et
2901 5530 3231 5604 archangeli
3267 5551 3380 5592 non

1741 5618 1959 5670 cessant
1986 5616 2252 5688 clamare,
2282 5618 2532 5675 dicentes
2565 5639 2579 5675 :
2613 5621 2870 5676 Sanctus.

1812 5753 1834 5782 ο
1869 5743 2007 5807 Quae
2033 5741 2376 5825 hic_desunt,
2406 5749 2597 5825 repete
2637 5761 2713 5825 ex.
2742 5745 2942 5802 Missali
2979 5748 3375 5825 Gothicogalli-

1742 5830 1879 5870 cano
1905 5829 2067 5870 num.
2099 5817 2190 5882 27,
2216 5814 2315 5869 ubi
2345 5814 2542 5869 eadem
2573 5815 2773 5875 oratio.
