4014 6230
625 352 726 408 3ὅὸ
1420 345 1749 400 APPENDIX
1790 343 1874 395 AD
1911 342 2130 396 ()PERA
2169 339 2400 395 SANCTI
2438 340 2737 394 GERMANI
2775 339 3200 394 PARISIENSIS.
3911 342 3997 390 33c

1251 458 1373 505 Post
1404 455 1623 502 secreta.

2274 448 2557 534 Aﬁducia
2598 449 2954 521 resurgendi.
2997 448 3177 519 Digne
3225 464 3363 520 ergo
3393 446 3744 503 adtentiores
3788 449 3854 499 et
3896 444 3998 497 fre-

692 540 895 611 ΑδΡίϐθ
915 552 939 581 ⁸
967 538 1185 595 δίπλεθΓο
1204 538 1384 604 νιιιῐυν
1403 537 1498 607 Pie
1513 534 1829 604 miserat“:
1844 532 1969 589 11330
1988 548 2250 603 munera,
2276 532 2319 534 ἡ
2355 542 2681 615 quentiores
2717 559 2820 614 pro
2850 542 3069 598 ratione
3097 542 3368 613 temporis
3404 539 3598 613 ipsius,
3628 538 3912 612 puriores
3941 539 3998 592 ad

622 635 720 707 qui
749 650 975 706 semper
999 650 1056 687 es
1094 647 1407 704 propensus
1432 629 1501 684 ad
1530 630 1711 697 dona;
1750 632 1814 683 ut
1838 628 1961 699 ipsa
1996 631 2251 682 contem-

622 728 870 802 platione
931 727 1114 781 oblata
1163 724 1471 779 sanctiﬁces
1513 723 1760 778 naturali
1797 722 2110 793 majestate,
2155 721 2256 791 qui

621 825 895 894 perpetue
916 823 1139 874 sanctus
1161 835 1239 883 es,
1263 822 1321 872 et
1339 821 1535 872 sancta
1557 817 1803 888 largiris.
1823 819 1926 872 Per
1950 816 2253 872 Dominum

623 920 883 970 nostrum
905 916 1095 969 Jesum
1121 912 1407 967 Christum
1428 911 1632 966 Filium
1661 916 1848 966 tuum.

1058 1009 1306 1060 Collectio
1347 1012 1464 1059 ante
1505 1008 1813 1060 orationem.

692 1092 1113 1147 Venerabilibus
1139 1091 1429 1146 informati
1448 1093 1761 1163 praeceptis,
1776 1090 1991 1147 incitati
2015 1105 2251 1146 munere

619 1185 860 1257 pietatis,
888 1186 987 1257 qui
1015 1185 1200 1240 Mariae
1227 1186 1414 1240 ﬂentis
1439 1186 1717 1257 lacrymas
1741 1202 1857 1240 non
1886 1185 2125 1256 spernis,
2155 1185 2253 1238 La-

619 1296 743 1334 zaro
774 1280 1077 1351 dignanter
1095 1284 1543 1349 cognomentum
1571 1280 1759 1335 fratris
1784 1279 2047 1350 imponis,
2071 1278 2253 1333 Eccle-

617 1375 715 1430 siae
752 1374 968 1429 soboles
1000 1374 1251 1445 appellas
1277 1390 1373 1428 ore
1402 1374 1597 1442 gratia:
1623 1374 1948 1444 coheredes,
1981 1373 2083 1428 tibi
2112 1389 2248 1444 sup-

615 1468 788 1541 plices
814 1469 1121 1523 clamamus
1149 1476 1205 1524 et
1235 1468 1472 1522 dicimus
1501 1485 1516 1521 :
1543 1469 1709 1523 Pater
1733 1472 1945 1523 noster.

1037 1568 1161 1615 Post
1184 1565 1473 1616 orationem
1498 1565 1842 1615 Dominicam.

688 1649 918 1715 Exerce,
951 1647 1239 1715 liberator,
1268 1648 1329 1702 in
1366 1646 1528 1701 nobis
1569 1647 1717 1717 juris
1752 1646 1967 1718 proprii
2014 1646 2245 1701 faculta-

615 1748 755 1811 tem,
786 1742 883 1814 qui
909 1743 1180 1797 Lazarum
1204 1740 1431 1810 virtute,
1460 1740 1688 1795 Mariam
1714 1740 1945 1812 pietate,
1974 1741 2249 1796 Martham

2354 637 2701 692 audiendum
2752 636 3084 708 Symbolum
3124 634 3455 691 convenitis.
3514 632 3810 705 Quicquid
3856 631 3998 686 enim

2352 731 2782 803 praeformatum
2808 734 2891 785 est
2916 731 2976 785 in
3001 729 3357 802 patriarchis,
3390 727 3661 801 quicquid
3688 726 3998 782 denuncia-

2352 830 2479 881 tum
2507 830 2593 881 est
2616 824 2677 880 in
2703 824 3026 896 Scripturis,
3066 823 3338 896 quicquid
3380 822 3762 895 praedicatum
3814 824 3906 876 est
3951 820 3998 874 in

2351 920 2665 992 prophetis,
2686 919 2775 975 vel
2800 918 2869 974 de
2896 920 3008 973 Deo
3033 918 3311 989 ingenito,
3339 917 3428 972 vel
3452 933 3522 972 ex
3548 916 3660 972 Deo
3711 914 3782 970 in
3827 914 3998 968 Deum

2351 1018 2505 1082 nato,
2535 1014 2624 1069 vel
2652 1013 2721 1069 de
2751 1012 2961 1084 Spiritu
2988 1016 3178 1067 sancto
3209 1010 3484 1084 (quamvis
3509 1010 3765 1065 latenter
3811 1012 3998 1063 osten-

2352 1124 2478 1163 sum
2508 1108 2595 1179 sit)
2621 1108 2708 1161 vel
2734 1107 2804 1162 de
2830 1105 3173 1177 suscipiendi
3197 1105 3447 1161 hominis
3482 1106 3877 1171 sacramento,
3922 1102 3998 1155 vel

2352 1201 2420 1256 de
2447 1206 2628 1256 morte
2655 1200 2901 1271 Domini,
2925 1198 3465 1270 resurrectionisque
3483 1195 3678 1271 348
3696 1196 3998 1268 mysterio,

2350 1298 2535 1350 totum
2563 1295 2669 1350 hoc
2698 1295 2866 1349 breve
2910 1297 3133 1349 tantum
3163 1294 3329 1364 juxta
3368 1292 3661 1347 oraculum
3698 1288 3998 1363 propheti-

2352 1406 2483 1443 cum
2510 1388 2808 1460 Symbolus
2838 1387 2897 1442 in
2922 1404 2980 1442 se
3006 1387 3275 1454 continet,
3298 1385 3636 1464 continendo
3663 1388 3723 1440 et
3751 1383 3998 1439 salutem

2350 1486 2626 1553 nostram,
2661 1481 3035 1537 conlationem
3073 1480 3224 1549 ﬁdei,
3269 1485 3325 1536 et
3368 1480 3629 1552 gratiam,
3676 1477 3996 1551 professio-

2349 1593 2484 1632 nem
2509 1576 2763 1647 mysterii
2791 1574 3088 1631 memoriae
3115 1575 3403 1630 instruens
3446 1571 3998 1628 commendandam.

2349 1668 2456 1725 Sed
2476 1670 2600 1741 jam
2627 1670 2698 1725 ad
2719 1669 2876 1725 istius
2912 1668 3248 1724 sacramenti
3281 1666 3693 1740 plenitudinem
3736 1669 3992 1721 textum-

2348 1780 2458 1836 que
2481 1763 2795 1829 veniamus,
2824 1763 2975 1836 quod
3004 1762 3065 1818 in
3091 1763 3197 1818 hoc
3227 1763 3399 1817 modo
3422 1760 3641 1832 incipit.

614 1836 808 1891 labore
834 1852 1191 1903 remuneras;
1222 1835 1471 1889 favorem
1511 1833 1692 1905 plebis
1723 1834 1951 1905 excipis,
2005 1839 2061 1890 et
2096 1835 2247 1906 pacis
2266 1835 2324 1908 B
2365 1833 2386 1836 “
2420 1858 2598 1913 Credo
2625 1858 2683 1913 in
2701 1833 2881 1914 Dem},
2910 1860 3136 1913 patrem
3162 1856 3634 1928 omnipotentem,
3660 1854 3995 1909 Creatorem

614 1946 747 1985 voce
778 1930 1017 1984 concina
1045 1929 1322 1999 gloriaris.
1351 1930 1459 1983 Per
1486 1928 1646 1982 Dom.
1676 1932 1956 1983 nostrum.

1164 2025 1466 2077 Benedictio
1489 2026 1688 2090 pOpuli.

684 2105 874 2181 347
905 2109 1229 2162 Perseveret
1254 2107 1313 2161 in
1342 2108 1453 2178 his,
1494 2108 1748 2175 Domine,
1790 2109 2012 2165 caeleste
2052 2108 2243 2180 signa-

610 2201 824 2270 culum,
855 2202 1009 2272 quod
1039 2202 1100 2255 in
1129 2200 1209 2256 eis
1238 2201 1497 2256 conferre
1528 2201 1796 2272 dignatus
1829 2218 1888 2257 es
1918 2202 1986 2273 3L;
2014 2207 2082 2257 ut
2107 2219 2242 2275 pro-

610 2296 742 2350 tecti
795 2294 1008 2366 Spiritu
1060 2299 1274 2364 sancto,
1324 2294 1744 2350 incrementum
1794 2294 1947 2364 ﬁdei,
2008 2297 2243 2351 tutelam

608 2388 911 2458 mentium,
966 2387 1264 2443 sanitatem
1308 2404 1615 2460 corporum
1665 2388 1935 2461 consequi
1981 2405 2241 2445 merean-

612 2487 709 2537 tur
736 2486 794 2547 +.

680 2575 933 2630 Concede
956 2574 1016 2629 in
1046 2574 1134 2629 his
1176 2575 1557 2632 immaculata:
1605 2577 1735 2632 vita:
1782 2576 2024 2648 divitias,
2070 2578 2243 2634 ﬁdem

607 2672 821 2725 rectam
830 2710 844 2733 ,
862 2684 1058 2740 pacem
1070 2668 1370 2739 sinceram,
1382 2670 1714 2742 patientiam
1726 2674 1997 2739 sanctam,
2015 2672 2242 2728 humili-

606 2766 779 2817 tatem
806 2762 1147 2833 religiosam,
1179 2770 1235 2818 et
1264 2763 1667 2819 conscientiam
1693 2780 1898 2835 puram
1913 2762 1971 2826 in
2001 2767 2238 2837 Prospe-

604 2860 692 2911 ret
719 2856 799 2910 eis
824 2856 1076 2911 sanitatis
1119 2856 1334 2926 laetitia,
1368 2857 1534 2928 plena
1578 2857 1981 2913 incolumitatis
2009 2860 2236 2931 gaudia,

602 2954 660 3005 et
695 2950 1136 3005 inluminatione
1183 2954 1487 3022 aeterna-:3
1529 2955 1595 3006 ut
1629 2956 1818 3007 sancte
1861 2953 2130 3024 viventes,
2169 2955 2238 3010 de

572 3043 708 3121 ‘hac
727 3043 931 3099 humili
956 3047 1296 3116 terrenaque
1334 3046 1593 3118 prosapia
1627 3046 1865 3102 heredes
1903 3048 2151 3103 caelestes
2178 3048 2240 3104 in

600 3138 698 3193 illo
722 3138 902 3194 beatae
934 3137 1131 3210 gloriae
1160 3155 1338 3210 regno
1366 3156 1499 3195 cum
1530 3139 1724 3197 electis
1766 3141 1983 3214 angelis
2024 3148 2081 3197 te
2127 3143 2235 3214 hy-

598 3249 736 3288 mno
763 3232 1124 3289 confessionis
1150 3232 1271 3288 sine
1288 3232 1401 3290 ﬁne
1422 3236 1781 3293 conlaudent.
1805 3238 1910 3292 Per
1934 3237 2239 3293 Dominum
2259 3207 2315 3283 Ο

598 3331 881 3381 nostrum.

1002 3396 1236 3447 Praefatio
1270 3402 1388 3463 post
1421 3398 1819 3449 Eucharistiam.

669 3478 944 3550 Acceptis,
999 3479 1200 3534 fratres
1241 3480 1536 3550 carissimi,
1590 3480 1934 3552 spiritalibus
1976 3482 2133 3551 cibis,
2181 3489 2237 3540 et

597 3571 805 3627 Christi
866 3588 1063 3627 cruore
1112 3576 1357 3645 gustato,
1400 3578 1661 3645 petamus
1711 3578 1777 3630 ut
1811 3574 2092 3647 possideat
2129 3594 2233 3649 pe-

595 3669 768 3737 ctora,
797 3667 895 3739 qui
934 3670 1129 3721 nostra
1168 3685 1266 3722 ora
1317 3668 1584 3739 dignatus
1627 3672 1712 3723 est
1747 3669 2090 3725 sanctiﬁcare
2131 3687 2236 3743 per

591 3777 875 3816 munera:
924 3761 1042 3833 ipse
1094 3761 1343 3833 corporis
1399 3761 1578 3817 nostri
1629 3767 1838 3835 purget
1875 3763 2229 3837 hospitium;

592 3858 824 3928 totoque
850 3855 1149 3911 intrisecus
1164 3855 1396 3911 homine
1410 3855 1652 3926 deterso,
1671 3857 2025 3913 sanctiﬁcatis
2049 3875 2227 3914 mem-

595 3949 713 4005 bris
740 3950 971 4005 innovet
997 3949 1260 4021 spiritum
1291 3950 1652 4006 sanctiorem.

1282 4048 1551 4099 Collectio.

664 4129 828 4184 Panis
853 4129 981 4186 vitae
1006 4134 1213 4185 nostrae
1241 4131 1446 4202 aspice,
1482 4130 1630 4185 Deus
1661 4146 1674 4184 :
1706 4129 1782 4184 sis
1817 4131 2068 4186 custodia
2102 4148 2227 4187 cor-

588 4237 820 4295 porum,
850 4224 924 4279 sis
950 4224 1285 4279 salviﬁcator
1303 4223 1647 4294 animarum,
1679 4228 1741 4278 ut
1772 4229 2000 4296 pectora
2037 4231 2229 4282 nostra

586 4321 743 4372 tanto
767 4320 970 4390 poculo
1006 4319 1244 4391 ciboque
1284 4317 1526 4387 firmata,
1572 4316 1802 4372 inimica
1846 4318 2064 4374 subdoli
2104 4337 2223 4377 ser-

586 4408 773 4483 pentis
796 4413 1188 4468 blandimenta
1205 4429 1323 4467 non
1342 4410 1618 4484 quatiant.
1641 4412 1748 4467 Per
1773 4412 1936 4468 Dom.
1964 4419 2224 4471 nostrum

584 4503 777 4562 Iesum
803 4506 1093 4564 Christum
1121 4505 1349 4560 Filium.

881 4612 1012 4666 XVI.
1040 4611 1079 4673 -Ξο
1116 4626 1310 4665 INCIPIT
1350 4624 1620 4666 sxrosmo
1660 4626 1914 4669 svueou.

656 4706 880 4765 Fratres
908 4707 1278 4777 dilectissimi,
1309 4708 1485 4764 virtus
1514 4714 1599 4765 est
1622 4711 1957 4767 sacramenti
1985 4712 2217 4768 inlumi-

585 4802 738 4857 natio
765 4802 1005 4871 animae;
1035 4801 1326 4874 plenitudo
1352 4808 1436 4859 est
1468 4805 1731 4860 credendi
1757 4806 1818 4860 in
1862 4822 1948 4876 eo,
1976 4808 2078 4879 qui
2116 4808 2217 4862 do-

582 4899 771 4975 cetur,
794 4913 858 4951 ac
888 4896 1124 4953 discitur
1148 4915 1166 4967 ;
1200 4902 1256 4953 et
1284 4899 1475 4957 Unitas
1504 4905 1586 4955 est
1613 4901 1919 4967 Trinitatis,
1948 4905 2005 4956 et
2033 4902 2217 4956 Trini-

582 4995 668 5044 tas
710 4990 971 5046 distincta
1036 4991 1311 5064 personis,
1367 4999 1424 5049 et
1474 4996 1763 5067 opulentia
1811 4995 2106 5066 Creatoris,
2163 4998 2220 5050 et

582 5084 899 5156 redemptio
925 5086 1221 5157 passionis.
1250 5088 1363 5143 Hoc
1392 5105 1571 5144 nexus
1601 5088 1949 5145 inﬁdelitatis
1974 5090 2214 5147 absolvi-

582 5179 695 5250 tur,
723 5179 830 5235 hoc
854 5180 984 5235 vita:
1002 5181 1184 5253 janua
1208 5182 1496 5254 panditur,
1521 5183 1626 5237 hoc
1646 5183 1827 5254 gloria
1852 5184 2216 5241 confessionis

579 5274 914 5331 ostenditur.
942 5275 1261 5348 Symbolus,
1290 5276 1655 5347 dilectissimi,
1688 5278 1873 5333 brevis
1900 5284 1985 5335 est
2008 5280 2213 5350 verbis,

579 5369 677 5424 sed
703 5384 947 5441 magnus
973 5374 1057 5425 est
1080 5370 1481 5440 sacramentis;
1510 5386 1714 5441 parum
1759 5373 2060 5429 ostendens
2102 5374 2213 5429 im-

576 5462 895 5518 minutione
913 5464 1251 5531 latitudinis,
1279 5464 1378 5519 sed
1402 5468 1585 5518 totum
1615 5465 1908 5521 continens
1941 5483 2210 5540 compen-

576 5555 668 5611 dio
696 5557 1017 5614 brevitatis:
1065 5558 1306 5629 exiguus
1355 5561 1420 5612 ut
1460 5559 1796 5614 memoriam
1836 5577 1952 5616 non
1987 5563 2210 5634 obruat,

574 5648 812 5708 diﬂ‘usus
844 5658 910 5709 ut
960 5651 1397 5723 intelligentiam
1447 5655 1782 5725 supercedat
1799 5673 1816 5727 ;
1872 5655 2214 5713 conﬁrmans

578 5761 776 5804 omnes
810 5746 1160 5820 perfectione
1206 5746 1495 5821 credendi,
1548 5748 1829 5807 desiderio
1868 5752 2209 5825 conﬁtendi,

643 5886 667 5916 ι
707 5875 834 5928 Haec
852 5876 909 5929 et
936 5872 1063 5930 duae
1089 5880 1386 5949 sequentes
1410 5877 1691 5936 orationes
1722 5877 1957 5939 ibidem.

2347 1953 2469 2008 caeli
2519 1957 2575 2008 et
2607 1957 2797 2008 terra}:
2849 1954 2917 2007 Et
2957 1951 3019 2007 in
3050 1952 3241 2007 Iesum
3273 1950 3563 2005 Christum
3612 1947 3827 2003 Filium
3875 1948 3996 2018 ejus

2346 2047 2601 2117 unicum,
2630 2046 2935 2102 Dominum
2969 2050 3249 2101 nostrum.
3296 2044 3403 2109 Qui
3442 2047 3749 2114 conceptus
3798 2046 3889 2097 est
3930 2042 3994 2095 de

2346 2139 2560 2212 Spiritu
2588 2145 2813 2211 sancto;
2844 2144 3012 2195 natus
3038 2156 3107 2194 ex
3132 2139 3302 2195 Maria
3339 2138 3599 2210 Virgine;
3640 2152 3849 2208 passus
3891 2135 3991 2189 sub

2344 2236 2541 2291 Pontio
2595 2234 2806 2303 Pilato;
2856 2232 3179 2304 cruciﬁxus,
3234 2235 3513 2301 mortuus,
3571 2232 3631 2285 et
3688 2229 3987 2301 sepultus;

2344 2329 2509 2386 tertia
2536 2328 2625 2385 die
2651 2328 2963 2383 resurrexit
3003 2345 3037 2382 a
3080 2325 3354 2396 mortuis;
3398 2323 3650 2380 ascendit
3695 2323 3883 2377 victor
3923 2323 3987 2376 ad

2345 2424 2512 2479 caelos
2523 2442 2540 2492 ;
2572 2423 2717 2478 sedit
2740 2422 2812 2478 ad
2840 2422 3132 2477 dexteram
3175 2420 3274 2475 Dei
3312 2418 3492 2474 Patris
3533 2417 3983 2488 omnipotentis;

2342 2518 2474 2573 inde
2501 2521 2775 2572 venturus
2800 2515 3058 2588 judicare
3086 2514 3239 2569 vivos
3278 2518 3335 2568 et
3373 2516 3650 2566 mortuos.
3698 2511 3887 2565 Credo
3931 2511 3986 2564 in

2341 2615 2534 2668 sancto
2565 2609 2796 2683 Spiritu,
2827 2614 3018 2665 sancta
3048 2607 3291 2664 Ecclesia
3319 2604 3612 2675 catholica,
3652 2609 3986 2659 sanctorum

2340 2704 2822 2774 communionem,
2855 2720 2919 2758 ac
2952 2703 3346 2758 remissionem
3370 2704 3755 2773 peccatorum,
3803 2699 3984 2753 carnis

2340 2798 2833 2868 resurrectionem,
2861 2797 3036 2852 vitam
3061 2801 3355 2853 aeternam.

2413 2892 2741 2964 Symbolum
2768 2891 2939 2962 istud,
2981 2890 3349 2959 dilectissimi,
3375 2906 3492 2945 non
3526 2890 3851 2944 atramento
3883 2886 3972 2942 de-

2338 2986 2615 3058 pingitur,
2646 2986 2744 3041 sed
2770 2983 3037 3040 humanis
3078 2984 3342 3040 cordibus
3377 2983 3656 3039 insertum
3699 2982 3981 3038 memoria

2338 3080 2638 3136 retinetur.
2674 3087 2717 3152 ιι)
2744 3080 2941 3135 Credo.

2412 3176 2617 3230 Iterato
2644 3175 2800 3231 vobis
2826 3171 3159 3247 repetimus,
3201 3188 3316 3245 quo
3353 3170 3574 3228 facilius
3610 3188 3750 3227 eum
3788 3176 3976 3228 tenere

2338 3269 2583 3341 possitis.
2616 3272 2661 3339 η)
2689 3268 2887 3324 Credo.

2412 3364 2578 3421 Credo
2602 3366 2661 3418 in
2695 3367 2863 3420 Deum
2886 3365 3122 3419 Patrem.
3153 3365 3219 3419 Et
3244 3362 3379 3436 quia
3400 3360 3491 3417 lex
3515 3364 3726 3417 nostrae
3758 3360 3896 3417 ﬁdei
3923 3361 3977 3414 in

2336 3457 2609 3513 Trinitate
2640 3457 2911 3528 consistit,
2948 3458 3114 3513 tertio
3148 3457 3479 3530 repetimus,
3509 3460 3576 3510 ut
3611 3455 3732 3526 ipse
3771 3472 3970 3510 nume-

2336 3568 2434 3607 rus
2466 3551 2815 3623 repetitionis
2862 3568 2993 3608 cum
3035 3552 3198 3625 signo
3239 3550 3425 3607 veniat
3458 3548 3769 3605 Trinitatis.
3814 3549 3972 3607 Credo

2334 3648 2395 3701 in
2418 3650 2587 3702 Deum
2606 3648 2843 3701 Patrem.
2874 3646 3022 3717 Ergo
3049 3646 3109 3700 in
3135 3646 3323 3724 primo
3351 3644 3525 3700 habet
3565 3644 3758 3703 Credo.
3814 3642 3969 3695 Vides

2334 3740 2487 3812 quod
2523 3740 2672 3794 Deus
2716 3744 2909 3795 noster
2947 3756 3063 3794 non
3107 3756 3203 3794 vos
3242 3740 3407 3811 jubet
3443 3738 3723 3793 discutere
3761 3735 3968 3808 judicia

2333 3833 2542 3904 divina,
2588 3834 2687 3889 sed
2729 3833 2996 3903 credere;
3044 3849 3149 3889 nec
3185 3833 3465 3888 rationem
3505 3829 3822 3903 requirere,
3876 3828 3967 3882 sed

2332 3928 2505 3984 ﬁdem
2532 3928 2860 3999 simpliciter
2888 3932 2944 3982 et
2968 3926 3338 3983 immobiliter
3370 3925 3664 3981 adhibere.
3703 3927 3771 3980 In
3806 3927 3969 3979 Deum

2330 4023 2567 4078 Patrem.
2602 4022 2890 4077 Advertite
2924 4021 3078 4093 quod
3115 4021 3254 4075 dum
3293 4020 3391 4075 Dei
3429 4018 3606 4074 Patris
3654 4034 3871 4072 nomen
3915 4016 3969 4070 in

2329 4116 2677 4172 confessione
2712 4115 3032 4188 conjungit,
3066 4114 3311 4181 ostendit
3349 4113 3500 4185 quod
3524 4129 3640 4168 non
3665 4115 3801 4166 ante
3828 4112 3969 4166 Deus

2328 4226 2447 4266 esse
2474 4209 2726 4281 coeperit,
2756 4214 2813 4265 et
2847 4213 3039 4281 postea
3064 4210 3247 4280 Pater,
3281 4208 3377 4263 sed
3404 4206 3522 4262 sine
3550 4207 3667 4261 ullo
3706 4206 3877 4261 initio
3919 4210 3968 4261 et

2328 4305 2474 4359 Deus
2503 4320 2726 4376 semper
2752 4307 2808 4359 et
2836 4304 3021 4358 Pater.
3053 4303 3194 4367 Quia
3222 4319 3359 4374 ergo
3387 4317 3610 4373 semper
3633 4300 3744 4356 fuit
3783 4303 3962 4369 Pater,

2327 4415 2552 4471 semper
2577 4398 2776 4453 habuit
2796 4397 2998 4452 Filium
3024 4398 3186 4467 cujus
3206 4399 3370 4453 Pater
3399 4400 3503 4453 est.
3542 4397 3961 4466 Om-nipotentcm

2325 4510 2457 4549 vero
2495 4493 2621 4547 ideo
2648 4491 2807 4562 dixit,
2837 4491 2973 4563 quia
2997 4491 3187 4547 omnia
3211 4495 3427 4563 potest;
3456 4490 3662 4562 cuique
3690 4489 3839 4545 nihil
3865 4490 3961 4545 im-

2241 4586 2302 4659 D
2324 4585 2590 4659 possibile
2619 4591 2702 4642 est
2730 4604 2743 4641 :
2778 4585 2909 4658 quia
2928 4585 3151 4656 caelum,
3178 4590 3411 4656 terram,
3450 4601 3630 4656 mare,
3674 4585 3950 4655 homines,

2321 4681 2506 4753 adque
2533 4681 2725 4736 omnia
2752 4679 3041 4749 animalia,
3086 4695 3202 4734 non
3243 4678 3433 4752 aliquo
3473 4679 3659 4751 operis
3693 4683 3827 4735 actu
3862 4685 3952 4734 aut

2320 4774 2576 4846 artiﬁcio,
2608 4775 2705 4831 sed
2735 4775 2853 4830 solo
2880 4773 3090 4830 creavit
3115 4773 3375 4846 imperio.
3417 4774 3484 4829 Et
3506 4772 3635 4829 ideo
3661 4790 3781 4829 non
3807 4773 3947 4829 venit

2318 4868 2377 4923 in
2403 4869 2769 4942 cogitatione,
2804 4869 3090 4942 quomodo
3116 4868 3222 4923 hoc
3249 4873 3348 4924 aut
3372 4867 3512 4923 illud
3534 4869 3787 4939 potuerit
3813 4866 3939 4934 ﬁeri,

2318 4964 2419 5035 qui
2469 4956 2933 5035 Omnipotentem
2971 4978 3273 5036 precamur
3312 4962 3589 5018 conﬁteri.
3652 4965 3941 5021 Creatorem

2320 5059 2437 5113 caeli
2478 5062 2530 5113 et
2582 5063 2756 5113 terrae.
2807 5059 2917 5113 Hoc
2949 5058 3045 5128 ait,
3102 5058 3255 5131 quod
3298 5057 3558 5130 superius
3607 5056 3775 5126 dixit,
3824 5055 3943 5129 quia

2316 5151 2508 5206 omnia
2535 5151 2653 5206 sola
2676 5151 2834 5207 verbi
2860 5155 3132 5224 potestate
3156 5151 3396 5223 perﬁcit.

2389 5246 2555 5304 Credo
2581 5248 2639 5301 in
2684 5247 2879 5303 Filium
2918 5247 3046 5319 eius.
3090 5246 3376 5302 Advertite
3414 5246 3705 5318 quomodo
3741 5244 3801 5302 in
3846 5246 3938 5301 Pa-

2313 5343 2482 5409 trem,
2511 5340 2590 5396 sic
2626 5344 2683 5397 et
2705 5340 2766 5397 in
2793 5340 3000 5398 Filium
3032 5341 3105 5399 sit
3138 5340 3485 5398 credendum
3511 5357 3525 5397 :
3581 5345 3637 5397 et
3677 5340 3777 5414 qui
3821 5355 3936 5396 cum

2383 5596 2585 5649 Desunt
2609 5596 2773 5649 etiam
2798 5596 2883 5650 hic
2910 5596 3070 5663 folia.

2649 5688 2801 5767 ΧὶζῙΙ.
2844 5704 2997 5745 manu
3038 5705 3069 5741 ν
3109 5704 3162 5745 IN
3204 5704 3357 5747 eam
3396 5705 3609 5747 nonum.
