4014 6230
125 327 215 376 357
1190 322 1276 378 DE
1315 323 1628 380 LITURGIA
1662 325 1748 380 ΟΔ

1872 327 2034 382 CANA
2074 327 2272 382 LIBER
2313 327 2398 383 Ill.

3381 337 3482 389 358

125 425 303 501 349
328 424 588 496 gratiam
628 424 884 483 utilitatis
925 427 1194 496 indulsit;
1232 433 1289 484 et
1329 431 1752 501 plenitudinem
1775 446 1834 518 Α
1855 450 2056 492 cruore
2083 440 2331 506 gustato,
2366 438 2631 506 petamus
2671 439 2734 490 ut
2774 435 3066 507 possideat
3099 439 3352 508 pectora,
3385 442 3484 510 qui

123 527 222 576 tua:
235 519 664 576 benedictionis
678 521 909 592 adjecit.
929 523 1038 576 Per
1057 522 1210 596 hunc
1231 540 1370 594 ergo
1395 528 1470 590 te,
1486 526 1748 592 Domine,

124 630 213 686 per
230 629 399 684 quem
419 629 656 679 omnes,
675 613 808 668 licet
825 613 1223 686 indignorum,
1244 621 1500 671 attamen
1518 619 1753 672 creden-

125 708 252 761 tium
277 723 480 777 preces
511 706 782 778 placabili
815 725 953 762 aure
984 710 1238 776 exaudis,
1269 711 1602 782 suppliciter
1631 729 1750 766 ora-

126 818 252 866 mus,
283 803 343 853 ut
367 799 528 866 huic,
565 801 722 872 quod
755 801 1075 869 offerimus,
1105 807 1402 872 unguento
1431 822 1496 858 ex
1523 822 1750 859 aroma-

123 895 254 950 tibus
279 892 430 948 horti
461 895 552 947 tui
584 899 642 949 et
667 895 915 966 paradisi
939 897 1022 950 tui
1043 897 1185 951 tlore
1207 900 1486 968 perpetuo
1509 898 1748 953 odorem

124 987 393 1042 suavitatis
415 987 678 1058 injicias;
709 990 1038 1044 accumules
1066 990 1303 1061 insuper
1324 1008 1452 1045 eam
1479 991 1749 1060 gratiam,

125 1096 348 1152 eamque
375 1079 680 1148 virtutem,
712 1099 828 1153 qua
858 1083 1154 1154 quondam
1183 1101 1370 1153 reges,
1402 1084 1749 1150 sacerdotes,

125 1174 434 1245 prophetas,
466 1191 654 1229 cornu
684 1193 718 1230 a
746 1176 1054 1231 dilectione
1087 1181 1184 1231 tua
1211 1178 1537 1253 exundante
1567 1179 1754 1248 perfu—

123 1285 219 1334 sos,
240 1268 444 1339 plenus
475 1269 810 1324 officiorum
833 1287 1070 1326 suorum
1092 1270 1468 1341 dignitatibus
1493 1270 1749 1338 induisti,

122 1367 176 1416 ut
218 1379 344 1416 cum
391 1361 608 1417 exinde
658 1380 870 1418 novam
915 1364 1017 1418 tibi
1061 1364 1348 1419 familiam
1401 1364 1750 1432 unxerimus,

123 1455 518 1526 superveniens
549 1455 610 1510 in
647 1474 766 1522 eos,
800 1457 1210 1528 cooperatione
1242 1458 1487 1528 Spiritus
1513 1459 1592 1513 tui
1620 1475 1749 1512 san-

123 1551 205 1614 cti,
238 1565 374 1602 aura
412 1549 621 1620 gratia:
667 1551 911 1604 cmlestis
955 1550 1237 1622 adspiret;
1286 1555 1347 1605 ut
1389 1552 1479 1606 his
1523 1568 1751 1623 quoque

123 1659 238 1696 vere
263 1641 472 1696 Christi
519 1643 606 1696 tui
644 1647 700 1696 et
738 1644 860 1698 Filii
901 1643 1004 1709 tui,
1037 1645 1220 1698 sancti
1253 1645 1495 1715 Spiritus
1532 1646 1754 1716 inlapsa

124 1737 331 1800 virtute,
364 1735 698 1791 efﬁciantur
731 1737 902 1808 hujus
942 1754 1170 1808 semper
1216 1738 1468 1792 nominis
1513 1739 1750 1793 cohere-

127 1829 229 1884 des.
257 1829 362 1883 Per
393 1831 716 1885 Dominum
745 1833 1007 1886 nostrum
1031 1833 1246 1886 Jcsum.

580 1915 703 1963 Post
727 1914 963 1971 Sanctus,
997 1913 1059 1962 Te
1087 1913 1277 1977 igitur.

185 1985 729 2052 Communieantes,
778 1988 836 2039 et
890 1985 1044 2038 diem
1096 1985 1548 2042 sacratissimum
1601 1989 1747 2041 cele-

127 2079 356 2147 brantes,
406 2097 526 2151 quo
582 2079 828 2134 traditus
881 2082 967 2133 est
1015 2079 1296 2134 Dominus
1345 2084 1541 2136 noster
1591 2083 1751 2136 Jesus

129 2172 386 2240 Christus;
420 2173 526 2226 sed
559 2177 618 2227 et
645 2172 994 2227 memoriam
1022 2176 1382 2228 venerantes.

187 2267 331 2321 Hanc
374 2265 558 2337 igitur
603 2267 982 2335 oblationem,
1015 2284 1190 2338 quam
1221 2267 1320 2321 tibi
1352 2265 1648 2322 oﬂ'erimus
1679 2267 1750 2320 ob

132 2357 264 2412 diem
286 2359 497 2430 jejunii
523 2361 716 2416 Coma:
746 2360 1083 2427 Dominicm,
1117 2360 1174 2414 in
1197 2377 1312 2432 qua
1339 2361 1620 2415 Dominus
1646 2378 1749 2415 no-

132 2458 230 2507 sier
250 2455 406 2509 Jesus
445 2454 710 2510 Christus
743 2455 912 2508 Filius
945 2457 1076 2508 tuus
1115 2455 1176 2508 in
1208 2470 1355 2510 novo
1382 2456 1750 2509 Testamento

133 2548 464 2602 sacriﬁcandi
515 2548 692 2602 ritum
737 2548 1002 2614 instituit,
1037 2548 1176 2602 dum
1215 2565 1428 2618 panem
1460 2565 1526 2602 ae
1551 2548 1749 2602 vinum

135 2641 260 2710 (quin
285 2641 664 2696 Melchisedee
693 2643 750 2696 in
787 2642 1258 2712 prmﬁguratione
1286 2642 1464 2696 futuri
1492 2641 1751 2712 mysterii

135 2735 374 2790 sacerdos
401 2735 718 2807 obtulerat)
746 2735 807 2789 in
837 2739 1203 2790 sacramento
1239 2735 1382 2807 [Leg.
1420 2752 1748 2790 sacramen-

136 2828 258 2898 tum]
285 2829 368 2883 sui
395 2829 662 2900 corporis
692 2832 749 2884 et
788 2829 1086 2900 sanguinis
1116 2829 1564 2896 transformavit,
1595 2847 1747 2901 quaa-

135 2937 326 2989 sumus,
356 2924 634 2990 Domine,
675 2926 736 2978 ut
785 2923 1042 2994 placatus
1078 2922 1343 2994 accipias,
1377 2923 1612 2994 diesque
1647 2940 1748 2978 no-

137 3018 278 3070 siros.

196 3111 290 3176 Qui
315 3113 502 3185 pridie
534 3129 712 3184 quam
757 3129 862 3184 pro
907 3113 1173 3169 omnium
1213 3115 1396 3168 salute
1435 3114 1749 3184 pateretur,

135 3205 393 3261 hodierna
423 3207 518 3262 die
549 3210 708 3261 stans
735 3208 794 3262 in
824 3208 1022 3264 medio
1051 3207 1462 3280 discipulorum
1493 3223 1748 3274 suorum,

137 3300 330 3372 accepit
357 3317 596 3372 panem.
627 3304 697 3357 Et
722 3303 819 3357 rel.

385 3389 644 3440 Collectio
669 3394 787 3441 ante
815 3390 1108 3442 orationem
1133 3389 1478 3440 Dominicam.

195 3461 491 3517 Precamur
524 3479 696 3531 nunc,
720 3464 966 3520 Domine
987 3466 1152 3530 Deus,
1173 3467 1236 3517 ut
1255 3463 1751 3534 quemadmodum

141 3553 285 3609 Filius
304 3559 429 3610 tuus
451 3555 735 3612 Dominus
761 3561 956 3613 noster
981 3557 1040 3612 in
1066 3557 1166 3612 illa
1184 3557 1503 3628 gratiarum
1527 3557 1752 3613 actione

142 3651 358 3704 mortem
391 3652 654 3705 nostram
701 3655 1063 3722 suscepturus
1103 3651 1332 3706 auditus
1361 3653 1466 3718 est,
1495 3651 1576 3706 ita
1603 3669 1753 3706 nunc

141 3744 190 3794 et
211 3759 307 3796 nos
345 3743 440 3815 qui
479 3745 676 3816 ipsum
722 3749 780 3798 et
819 3744 995 3800 vitam
1037 3745 1159 3816 ejus
1205 3745 1535 3816 quaerimus,
1566 3745 1753 3800 audiri

143 3850 443 3892 mereamur
470 3837 535 3894 in
566 3838 852 3906 oratione,
884 3855 1062 3910 quam
1090 3855 1196 3894 nos
1233 3841 1476 3909 paterno
1501 3838 1752 3910 alloquio

145 3945 285 3985 orare
314 3931 528 4000 docuit,
559 3931 756 3988 dicens
786 3950 799 3988 :
835 3935 1022 3988 Pater.

704 4022 827 4072 Post
859 4021 1171 4071 orationem.

204 4089 430 4147 Domine
453 4093 608 4147 Deus
639 4093 1032 4164 omnipotens,
1061 4093 1246 4148 libera
1285 4109 1390 4148 nos
1420 4109 1454 4147 a
1491 4092 1666 4160 malo,
1696 4093 1755 4147 et

149 4181 196 4236 in
221 4187 461 4258 tempore
495 4191 731 4259 accepto
765 4189 918 4242 salva
946 4204 1078 4254 nos;
1107 4191 1171 4241 ut
1209 4185 1355 4242 sicut
1387 4187 1446 4242 in
1475 4187 1749 4241 condem-

152 4277 352 4334 natione
401 4281 478 4336 tui
543 4281 898 4354 perfidorum
951 4282 1240 4353 piaculum
1291 4282 1442 4336 salus
1491 4281 1753 4336 omnium

152 4368 256 4438 fuit,
284 4371 356 4428 sic
382 4391 486 4446 pro
527 4374 926 4430 misericordia
951 4374 1279 4430 communis
1304 4375 1504 4446 gratim
1534 4375 1606 4429 sit
1635 4375 1752 4442 cul-

151 4463 226 4516 tus
250 4464 344 4520 iste
367 4468 754 4524 credentibus.
784 4469 930 4534 Quia
959 4468 1061 4524 tibi
1087 4472 1175 4523 est
1201 4469 1385 4541 gloria
1422 4472 1561 4540 aput
1585 4472 1749 4524 acter-

156 4571 272 4612 num
293 4561 538 4629 Patrem,
566 4579 695 4617 cum
725 4579 838 4634 quo
865 4563 1068 4618 beatus
1093 4563 1250 4617 vivis.

587 4649 886 4700 Benedictio
920 4650 984 4700 ad
1013 4651 1284 4715 populum.

212 4713 455 4788 Benedic,
509 4720 774 4788 Domine,
824 4721 972 4775 hanc
1017 4713 1302 4777 familiam
1352 4725 1530 4790 tuam,
1581 4739 1755 4793 quam

155 4807 404 4876 plasmare
423 4815 695 4886 dignatus
716 4831 777 4869 es
795 4832 862 4870 ex
881 4832 1064 4884 coeno,
1089 4819 1148 4870 et
1167 4815 1438 4887 deinceps
1467 4813 1661 4889 350
1681 4814 1757 4870 vi-

154 4899 350 4960 vificare
373 4924 474 4979 per
504 4909 794 4963 lavacrum
820 4926 833 4963 :
859 4911 1086 4980 praesta,
1106 4912 1169 4963 ut
1197 4927 1341 4980 quos
1367 4908 1622 4980 perdidit
1639 4905 1755 4964 vita

157 5007 244 5063 per
268 5004 506 5071 gustum,
537 5017 697 5058 mors
739 5001 993 5057 reddidit
1031 5019 1134 5074 per
1169 5001 1512 5074 patibulum,
1547 5003 1755 5057 merita

163 5075 444 5157 gloriﬁcent
486 5113 590 5168 per
629 5093 1010 5157 adventum-la
1038 5098 1111 5152 Ut
1147 5113 1266 5153 non
1294 5095 1352 5150 in
1382 5097 1464 5151 eis
1501 5096 1757 5152 inveniat

163 5180 357 5242 dolosus
389 5190 565 5246 hostis
605 5208 711 5262 per
751 5207 850 5246 eos
895 5190 1049 5262 quod
1085 5192 1294 5263 capiat,
1339 5189 1531 5248 divina
1575 5190 1756 5262 pictas

163 5280 291 5346 quod
331 5286 586 5356 repellat,
635 5284 804 5339 ultrix
850 5285 1091 5340 ﬂamma
1130 5285 1284 5357 quod
1333 5283 1598 5346 saeviat't.
1642 5285 1756 5340 Sed

167 5385 270 5427 cum
303 5378 544 5433 terribile
591 5378 731 5433 illud
762 5378 965 5448 judicii
1007 5382 1237 5450 tempus
1274 5378 1590 5446 advenerit,
1619 5378 1756 5433 tuba

167 5473 432 5526 evocentur
451 5472 525 5527 ad
539 5473 766 5540 caelum,
789 5472 1012 5527 meritis
1032 5472 1316 5528 ducantur
1329 5473 1402 5527 ad
1423 5472 1752 5544 praemium,

169 5557 386 5625 palmam
409 5565 690 5638 accipiant
715 5570 844 5638 post
873 5565 1250 5639 triumphum.
1282 5565 1447 5632 Quod
1479 5570 1669 5638 prmst.

645 5661 767 5710 Post
789 5659 1234 5710 communionem.

228 5727 520 5805 Acceptis',
553 5732 854 5805 carissimi,
885 5733 1238 5807 spiritalibus
1269 5734 1430 5804 cibis,
1461 5736 1522 5790 et
1547 5735 1755 5791 Christi

231 5857 251 5885 '
273 5852 385 5914 Haec
413 5863 466 5917 et
492 5877 741 5934 sequens
771 5861 955 5919 oratio
986 5863 1171 5918 exstat
1191 5877 1382 5933 supra,
1406 5877 1568 5917 num.
1598 5861 1681 5918 14.

1855 533 2051 586 nostra
2081 547 2184 584 ora
2211 530 2481 601 dignatus
2509 535 2621 597 est;
2649 530 2772 601 ipse
2792 529 3047 601 corporis
3073 531 3252 586 nostri
3278 535 3486 604 purget

1853 626 2098 690 ostium;
2127 627 2365 695 totoque
2385 624 2728 682 intrinsecus
2748 623 2987 679 homine
3009 624 3257 693 deterso,
3281 627 3486 682 sancti-

1853 718 2036 772 ficatis
2075 717 2353 772 membris
2386 717 2623 774 innovet
2653 717 2919 789 spiritum
2954 718 3323 774 sanctiorem.
3355 721 3480 774 Per.

2409 806 2660 856 Collectio
2674 805 2922 872 sequitur.

1921 885 2089 941 Panis
2115 885 2242 940 vites
2269 889 2480 941 nostra:
2509 887 2719 958 aspice,
2749 888 2899 941 Deus
2924 904 2936 942 :
2963 887 3037 941 sis
3063 888 3323 944 custodia
3357 906 3482 945 cor-

1854 997 2084 1051 porum,
2103 980 2178 1034 sis
2200 981 2542 1035 salviﬁcator
2561 981 2891 1036 animarum
2914 999 2926 1048 ;
2952 984 3013 1036 ut
3035 985 3265 1052 pectora
3289 987 3486 1038 nostra

1853 1078 2014 1129 tanto
2047 1075 2250 1144 poculo
2290 1074 2532 1145 ciboque
2565 1075 2812 1141 ﬁrmata,
2845 1074 3075 1129 inimica
3110 1076 3336 1131 subdoli
3366 1094 3482 1132 ser-

1853 1167 2043 1239 pentis
2067 1165 2470 1222 blandimenta
2494 1184 2610 1222 non
2639 1167 2919 1238 quatiant.
2948 1170 3056 1223 Per
3080 1169 3410 1225 Dominum.

2134 1262 2310 1316 XVIII.
2353 1276 2554 1317 INCIPIT
2592 1277 2789 1316 ommo
2829 1278 2880 1317 lN
2918 1279 2972 1316 γι
3020 1279 3194 1319 mnu.

1853 1354 2054 1410 Eadem
2093 1371 2215 1410 vero
2249 1355 2336 1409 die
2363 1371 2470 1410 non
2502 1355 2729 1418 salutat,
2761 1371 2866 1410 non
2883 1357 3098 1426 psallit.
3126 1360 3344 1428 Legitur
3368 1359 3486 1414 Lec-

1925 1446 2000 1498 tio
2027 1445 2170 1501 Osee.
2200 1447 2356 1514 Resp.
2389 1443 2634 1499 Domine
2675 1443 2886 1498 audivi.
2927 1447 3061 1500 Item
3094 1447 3212 1501 alia
3240 1447 3485 1503 :Mensis

1924 1533 2031 1586 iste
2058 1531 2424 1602 principium.
2461 1536 2661 1592 Cantat
2685 1552 2700 1586 :

1924 1627 2073 1680 Deus
2100 1643 2133 1679 a
2160 1642 2274 1697 quo
2302 1629 2359 1679 et
2383 1627 2410 1681 ,Ι
2418 1625 2559 1680 udas
2598 1629 2792 1680 reatus
2827 1625 2912 1680 sui
2941 1626 3202 1697 proditor
3227 1644 3484 1699 poenam,

1855 1721 1912 1772 et
1926 1719 2304 1774 confessionis
2320 1736 2434 1774 suae
2456 1720 2603 1774 latro
2621 1719 2926 1790 precmium
2950 1721 3214 1791 sumpsit,
3237 1722 3487 1778 concede

1773 1811 1828 1884 B
1854 1813 2018 1867 nobis
2057 1814 2165 1884 pia:
2204 1813 2497 1884 petitionis
2542 1813 2842 1880 effectum;
2872 1817 2936 1868 ut
2961 1814 3104 1868 sicut
3135 1815 3192 1868 in
3221 1815 3500 1871 Passione-

1852 1922 1953 1960 sua
1981 1907 2143 1962 Jesus
2169 1906 2424 1961 Christus
2453 1906 2733 1960 Dominus
2759 1909 2957 1962 noster
2980 1907 3204 1962 diversa
3236 1908 3488 1980 utrisque

1851 1999 2044 2054 intulit
2067 1999 2354 2070 stipendia
2388 1999 2752 2066 meritorum,
2783 2000 2881 2066 ita,
2909 2018 2943 2054 a
2983 2001 3148 2056 nobis
3174 2002 3366 2057 ablato
3391 2019 3486 2056 ve-

1853 2092 2079 2148 tustatis
2121 2107 2337 2158 errore,
2369 2095 2428 2146 et
2471 2093 2910 2147 resurrectionis
2947 2110 3062 2148 suae
3099 2094 3348 2164 gratiam
3372 2096 3484 2150 lar-

1851 2185 2062 2257 giatur.
2093 2186 2218 2240 Per.

1933 2277 2056 2325 item
2083 2277 2202 2339 post
2223 2274 2506 2325 lectionem
2532 2273 2802 2337 Evangelii
2829 2274 3090 2326 orationes
3113 2275 3410 2328 sollemnes.

1922 2355 2182 2422 Oremus,
2212 2354 2566 2409 dilectissimi
2596 2354 2782 2422 nobis,
2806 2353 2864 2408 in
2893 2355 3094 2425 primis
3114 2374 3218 2426 pro
3240 2358 3488 2416 Ecclesia

1853 2452 2048 2502 sancta
2079 2448 2209 2514 Dei;
2239 2452 2302 2502 ut
2345 2465 2474 2502 eam
2511 2449 2660 2502 Deus
2706 2451 2764 2501 et
2805 2448 3082 2502 Dominus
3112 2454 3309 2504 noster
3332 2452 3487 2522 paci-

1850 2541 2044 2609 ficare,
2073 2541 2454 2612 multiplicare
2483 2544 2541 2595 et
2571 2540 2860 2595 custodire
2899 2541 3173 2612 dignetur
3197 2547 3320 2600 toto
3351 2545 3489 2600 orbe

1852 2637 2159 2702 terrarum,
2201 2633 2509 2704 subjiciens
2554 2634 2608 2688 ei
2650 2634 3005 2706 principatus
3054 2639 3112 2692 et
3155 2641 3487 2708 potestates,

1853 2727 2068 2798 detque
2093 2727 2259 2784 nobis
2287 2727 2662 2798 tranquillam
2697 2731 2754 2782 et
2784 2728 3043 2800 quietam
3073 2729 3250 2786 vitam
3279 2731 3492 2802 degen~

1851 2822 2002 2876 tibus
2033 2821 2355 2893 gloriﬁcare
2388 2823 2572 2877 Deum
2593 2823 2826 2876 Patrem
2849 2823 3335 2894 omnipotentem.
3358 2827 3486 2882 Per.

2543 2916 2805 2970 Oremus.

1924 2993 2304 3066 Omnipotens
2333 2995 2686 3066 sempiterne
2714 2995 2883 3061 Deus,
2917 2994 3016 3066 qui
3045 2996 3294 3066 gloriam
3323 2999 3484 3052 tuam

1853 3088 2122 3144 omnibus
2145 3087 2202 3143 in
2223 3088 2448 3144 Christo
2471 3087 2740 3160 gentibus
2759 3088 3044 3156 revelasti,
3067 3089 3290 3144 custodi
3311 3106 3489 3162 opera

1773 3191 1827 3265 ρ
1851 3182 2262 3238 misericordiae
2295 3185 2426 3249 tua},
2457 3185 2517 3236 ut
2543 3181 2792 3237 Ecclesia
2812 3183 2932 3238 toto
2960 3181 3098 3237 orbe
3126 3182 3352 3252 diffusa,
3379 3187 3488 3240 star

1852 3275 1952 3331 bili
1997 3276 2110 3331 fide
2149 3276 2211 3330 in
2253 3275 2680 3331 confessionem
2719 3275 2802 3330 tui
2841 3275 3097 3332 nominis
3138 3281 3482 3348 perseveret.

1852 3371 1960 3425 Per
1985 3370 2298 3425 Dominum
2325 3373 2608 3425 nostrum.

1925 3462 2108 3537 351
2147 3464 2390 3519 Oremus
2421 3467 2479 3519 et
2503 3481 2608 3536 pro
2635 3461 2972 3518 beatissimo
2997 3480 3150 3535 papa
3176 3468 3394 3533 nostro,
3427 3469 3490 3520 ut

1852 3559 2004 3615 Deus
2033 3558 2422 3630 omnipotens,
2452 3557 2554 3628 qui
2580 3557 2756 3627 elegit
2781 3573 2916 3611 eum
2941 3556 3000 3611 in
3035 3557 3240 3612 ordine
3268 3559 3484 3631 episco-

1852 3655 2040 3724 patus,
2067 3652 2284 3706 salvum
2313 3655 2371 3706 et
2389 3650 2743 3706 incolumem
2763 3649 3048 3705 custodiat
3073 3651 3337 3706 Ecclesiae
3363 3669 3489 3707 san-

1854 3750 1958 3801 cta!
1990 3745 2064 3800 ad
2092 3743 2418 3816 regendum
2445 3743 2725 3816 populum
2753 3746 3016 3797 sanctum
3044 3743 3166 3798 Dei.

2545 3832 2806 3887 Oremus.

1924 3911 2304 3985 Omnipotens
2333 3909 2688 3984 sempiterne
2719 3911 2888 3978 Deus,
2918 3910 3080 3981 cujus
3099 3913 3318 3967 aeterno
3341 3909 3492 3984 judi-

1854 4005 1941 4062 cio
1968 4007 2232 4062 universa
2262 4006 2614 4084 fundantur,
2631 4003 2850 4076 respice
2884 4003 3166 4076 pr0pitius
3191 4004 3266 4060 ad
3292 4022 3490 4078 preces

1854 4103 2099 4169 nostras,
2151 4105 2208 4155 et
2254 4101 2499 4156 electum
2549 4098 2712 4154 nobis
2762 4097 3082 4152 antistitem
3130 4101 3230 4154 tua
3276 4099 3489 4171 pietate

1854 4211 2156 4260 conserva;
2186 4197 2248 4248 ut
2273 4192 2596 4249 Christiana
2621 4191 2802 4263 plebs,
2833 4208 2960 4264 qua:
3004 4189 3103 4246 tali
3136 4192 3491 4263 gubernatur

1855 4292 2107 4356 auctore,
2142 4287 2244 4342 sub
2264 4289 2427 4342 tanto
2455 4287 2724 4357 pontiﬁce
2753 4284 3109 4340 credulitatis
3131 4303 3246 4342 sua:
3269 4288 3490 4343 meritis

1855 4384 2155 4453 augeatur.
2189 4383 2314 4436 Per.
3477 4389 3484 4394 '

1926 4475 2166 4530 Oremus
2215 4479 2272 4530 et
2320 4491 2423 4546 pro
2470 4473 2738 4530 omnibus
2781 4472 3084 4546 episcopis,
3121 4473 3486 4545 presbyteris,

1770 4563 1828 4634 D
1852 4568 2207 4635 diaconibus,
2239 4567 2494 4641 acolytis,
2525 4565 2836 4634 exorcistis,
2864 4565 3190 4634 lectoribus,
3219 4567 3486 4638 ostiariis,

1856 4662 2296 4729 confessoribus,
2335 4661 2672 4732 virginibus,
2709 4659 2913 4728 viduis,
2955 4662 3012 4714 et
3048 4676 3150 4730 pro
3197 4662 3361 4717 omni
3388 4680 3489 4736 po-

1856 4759 1990 4830 pulo
2019 4759 2216 4812 sancto
2243 4756 2362 4810 Dei.

2550 4825 2810 4881 Oremus.

1927 4907 2308 4980 Omnipotens
2327 4907 2676 4979 sempiterne
2695 4907 2864 4973 Deus,
2888 4904 3050 4977 cujus
3070 4906 3285 4978 Spiritu
3307 4911 3492 4968 totum

1855 5019 2063 5075 corpus
2088 5002 2352 5058 Ecclesia:
2383 5001 2772 5056 sanctiﬁcatur
2799 5003 2857 5055 et
2889 4999 3129 5072 regitur,
3159 5005 3366 5060 exaudi
3393 5023 3496 5062 nos

1855 5113 1960 5170 pro
1987 5097 2264 5152 universis
2297 5094 2596 5151 ordinibus
2621 5095 3029 5166 supplicantes,
3061 5099 3123 5151 ut
3152 5097 3354 5168 gratiae
3385 5103 3496 5155 tuae

1858 5207 2101 5246 munere
2139 5191 2210 5245 ab
2251 5190 2521 5246 omnibus
2559 5187 2661 5244 tibi
2700 5188 2972 5261 gradibus
2999 5189 3248 5245 fideliter
3282 5192 3490 5247 servia-

1857 5288 1968 5340 tur.
1997 5287 2106 5340 Per
2134 5285 2467 5340 Dominum.

1929 5379 2172 5434 Oremus
2197 5380 2255 5432 et
2280 5393 2384 5448 pro
2425 5375 2928 5433 Christianissimis
2961 5375 3211 5447 regibus,
3246 5379 3306 5429 ut
3346 5373 3494 5432 Deus

1859 5475 1916 5527 et
1957 5471 2238 5528 Dominus
2265 5473 2463 5526 noster
2493 5470 2750 5525 subditas
2792 5469 2902 5524 illis
2931 5469 3104 5524 faciat
3129 5483 3333 5524 omnes
3361 5470 3493 5525 bar-

1855 5563 2026 5622 baras
2057 5565 2324 5620 nationes
2345 5565 2420 5619 ad
2447 5566 2704 5619 nostram
2731 5565 3072 5634 perpetuam
3108 5575 3333 5634 pacem.
3367 5564 3490 5618 Per.

2549 5653 2813 5708 Oremus.

1929 5735 2312 5808 Omnipotens
2337 5733 2688 5806 sempiterne
2713 5733 2882 5799 Deus,
2902 5727 2962 5784 in
2983 5730 3145 5801 cujus
3164 5743 3346 5784 manu
3363 5727 3493 5787 sunt
