4014 6230
372 530 397 551 0

492 348 591 409 347

1268 350 1600 410 ΑΡΡΕΝΒΙΧ
1636 351 1724 406 AD
1764 350 1986 406 OPERA
2023 350 2258 407 SANCTI
2294 350 2595 409 GERMANI
2633 351 3061 410 PARISIENSIS.

3764 354 3868 411 348

488 477 594 536 pro
622 458 826 535 gratia.
860 461 1177 536 Implentur
1204 478 1343 535 ergo
1375 460 1576 518 omnia
1599 459 1885 528 laudibus,
1916 460 2121 517 caelum
2143 471 2203 546 Α
2256 462 2389 517 VIII.
2431 478 2557 519 [rem
2594 478 2791 521 onum
2832 479 2886 520 IN
2925 479 3088 520 manu
3133 476 3309 521 nocrs
3349 477 3570 520 unus
3610 477 3833 523 nonam.

490 560 547 611 et
574 559 727 611 terra
740 557 917 629 signis
939 562 995 613 et
1022 557 1324 630 prodigiis;
1351 559 1409 611 et
1434 556 1553 627 ipse
1572 554 1783 610 inferni
1808 554 2123 610 terroribus

490 655 805 712 descendit.
828 659 936 711 Per
960 658 1146 729 ipsum
1168 654 1435 710 inimicus
1460 653 1757 721 occiditur,
1781 652 2120 707 resurrectio

489 746 548 803 in
580 766 749 805 carne
800 753 1170 815 monstratur,
1218 749 1364 802 liber
1391 747 1518 801 vitae
1544 746 1817 818 perennis
1845 746 2118 817 aperitur.

486 843 797 899 Veniamus
827 861 964 914 ergo
1008 843 1081 897 ad
1111 858 1243 895 eum
1271 857 1493 907 omnes,
1525 839 1621 911 qui
1659 839 1883 894 onerati
1925 856 2123 893 sumus

488 939 754 1009 peccatis,
801 938 935 1007 quia
962 936 1171 1006 jugum
1218 934 1339 1005 ejus
1380 936 1663 1011 sanctum,
1707 950 1897 1000 suave,
1933 933 2121 1003 adque

488 1048 634 1087 onus
650 1032 771 1102 ejus
795 1031 916 1085 leve
946 1032 1048 1083 est.
1091 1030 1271 1083 Nemo
1302 1027 1577 1083 formidet
1609 1028 1697 1081 vel
1727 1026 1966 1080 dubitet.
1996 1027 2121 1081 Non

488 1128 785 1179 taurorum
805 1126 903 1177 aut
920 1122 1211 1177 hircorum
1228 1120 1461 1192 sanguis
1477 1120 1780 1192 expetitur,
1796 1119 1897 1173 sed
1910 1119 1968 1173 in
1990 1118 2123 1173 sim-

485 1218 736 1288 plicitate
983 1215 1170 1270 cordis
1195 1214 1537 1270 sacriﬁcium
1566 1213 1752 1268 laudis
1778 1213 2118 1285 postulatur.

487 1312 615 1366 Hazc
648 1327 787 1383 ergo
814 1312 964 1365 Deus
996 1309 1054 1364 in
1082 1308 1267 1376 nobis,
1302 1308 1375 1362 ad
1404 1308 1669 1362 nationes
1696 1307 1997 1361 nationum
2027 1323 2117 1361 ce-

486 1404 932 1459 lebratissimam
976 1406 1231 1469 noctem,
1266 1402 1326 1456 id
1356 1405 1442 1455 est
1466 1401 1833 1455 Nativitatem
1862 1399 1985 1454 Filii
2012 1400 2119 1467 sui,

485 1499 829 1571 propitiatus
860 1498 1025 1555 nobis
1056 1498 1355 1569 indulgeat
1380 1514 1392 1563 ;
1423 1496 1741 1551 sanctiﬁcat
1767 1495 2077 1550 Ecclesiam
2104 1512 2118 1563 ;

488 1593 734 1648 aediﬁcet
758 1592 1086 1648 sacerdotes
1104 1595 1129 1622 ⁸
1156 1608 1168 1658 ;
1200 1592 1409 1646 exaltet
1430 1591 1714 1656 seniores;
1747 1589 2012 1644 inlustret
2036 1590 2118 1643 le-

484 1687 656 1752 vitas;
688 1687 996 1741 benedicat
1038 1687 1315 1756 populum
1366 1701 1562 1751 suum;
1591 1683 1889 1754 extinguat
1922 1681 2121 1737 omnia

486 1784 723 1852 peccata
748 1784 943 1835 nostra
968 1797 981 1846 ;
1012 1780 1188 1834 vitam
1220 1783 1498 1833 aeternam
1519 1793 1961 1848 consequamur.
1991 1778 2116 1831 Per.

956 1872 1206 1922 Collectio
1250 1886 1390 1922 nunc
1424 1871 1656 1934 sequitur

557 1945 877 2000 Sublimem
900 1943 1204 1999 ineﬁ‘abilis
1232 1943 1556 1997 clementiae
1584 1943 1891 1997 Rectorem
1913 1940 2121 1995 annuis

486 2039 993 2110 supplicationibus
1018 2038 1078 2091 in
1114 2039 1219 2092 hac
1246 2036 1570 2108 vespertina
1591 2053 1781 2107 prece,
1808 2036 2015 2089 fratres
2040 2034 2119 2089 di-

484 2132 795 2199 lectissimi,
822 2132 995 2186 unitis
1016 2132 1228 2185 animis
1250 2131 1650 2201 deprecemur,
1675 2134 1733 2185 ut
1752 2130 1918 2184 nobis
1942 2132 2122 2182 trans-

486 2226 599 2280 acti
656 2225 936 2297 temporis
985 2226 1261 2280 hactenus
1304 2224 1497 2279 debita
1561 2225 1766 2291 donet,
1810 2239 2117 2294 superven-

484 2322 627 2373 tura':
663 2320 845 2374 noctis
880 2319 1330 2374 sollemnitatem
1360 2318 1573 2373 Natalis
1604 2318 1727 2373 Filii
1762 2318 1849 2371 sui
1892 2333 2124 2387 prospe-

488 2428 614 2468 ram
641 2417 894 2483 praestet,
920 2413 1210 2467 assiduam
1239 2414 1412 2467 futuri
1442 2412 1578 2468 anni
1598 2413 1626 2453 δ
1655 2411 1975 2465 custodiam
1997 2411 2124 2463 red-

486 2506 605 2574 dat,
639 2506 713 2560 ad
742 2509 976 2560 aeternas
1002 2506 1127 2561 vita!
1150 2506 1359 2577 gaudia
1383 2506 1623 2577 spiritali
1655 2504 1994 2559 defensione
2017 2520 2121 2557 nos

484 2599 766 2670 perducat
792 2602 1044 2654 orantes.
1078 2602 1188 2655 Per
1215 2599 1552 2654 Dominum.

1046 2692 1296 2743 Collectio
1312 2692 1558 2755 sequitur.

560 2765 713 2835 Rege
749 2781 871 2833 nos,
902 2764 1165 2832 Domine,
1198 2764 1433 2818 brachio
1484 2766 1581 2817 tuo
1614 2762 1854 2828 excelso,
1884 2764 1941 2813 et
1986 2777 2119 2815 con-

484 2874 645 2911 serva
677 2873 781 2910 nos
808 2874 910 2928 per
933 2858 1185 2912 alternas
1213 2857 1436 2910 dierum
1467 2859 1525 2909 et
1548 2858 1883 2925 temporum
1910 2870 2126 2907 succes-

485 2950 709 3016 siones;
757 2954 818 3004 ut
867 2950 1047 3020 adjuti
1107 2953 1438 3003 sanctorum
1488 2947 1770 3019 precibus,
1824 2946 1921 3017 qui
1967 2947 2123 3001 diem

485 3043 637 3100 hunc
670 3061 773 3114 per
818 3060 1026 3097 munus
1063 3041 1474 3096 misericordiae
1513 3044 1626 3094 tum
1667 3039 1951 3105 duximus,
1988 3056 2123 3094 noc-

485 3140 605 3190 tem
639 3153 869 3208 quoque
902 3136 1070 3190 istam
1113 3134 1385 3206 placitam
1413 3133 1519 3188 tibi
1549 3133 1880 3189 animarum
1907 3135 1965 3187 et
1998 3149 2123 3187 cor-

486 3247 692 3301 porum
721 3230 971 3301 puritate
994 3229 1288 3283 ducamus.
1319 3230 1428 3282 Per
1451 3227 1779 3282 Dominum.

487 3334 595 3386 VII.
643 3349 911 3388 INCIPIL’NT
949 3348 1247 3385 ORATIONES
1296 3348 1363 3385 AD
1415 3345 1619 3385 INITIUH
1669 3344 1853 3385 NOCTIS
1903 3345 2124 3385 NATALIS

890 3419 1098 3457 DOMINI.
1134 3419 1251 3456 ISTA
1288 3419 1358 3457 AD
1397 3417 1731 3456 DUODECIMA.

558 3494 660 3551 Dei
689 3495 871 3550 Patris
916 3496 1332 3567 omnipotentis
1363 3495 1549 3549 vivum
1598 3494 1848 3548 Verbum
1897 3496 1971 3559 te,
2020 3494 2126 3547 Do-

486 3590 643 3643 mine
662 3591 794 3644 Jesu
812 3589 1054 3656 Christe,
1080 3590 1463 3661 deprecamur
1483 3591 1789 3653 mternum,
1820 3584 1899 3639 uti
1928 3602 2034 3639 nos
2064 3586 2122 3639 in

484 3683 597 3737 ﬁde
628 3684 711 3737 tui
729 3682 983 3737 nominis
1002 3683 1239 3737 robores
1266 3700 1368 3754 per
1392 3682 1512 3752 spei
1531 3677 2038 3752 perseverantiam,
2068 3682 2126 3732 et

483 3776 738 3831 caritatis
777 3777 1207 3842 excellentiam;
1251 3791 1537 3830 renovans
1580 3776 1779 3827 nostra
1815 3771 1873 3825 in
1917 3761 2125 3825 melius

484 3869 789 3937 desideria,
824 3874 887 3923 ut
915 3886 1146 3941 semper
1172 3869 1229 3923 in
1259 3870 1411 3923 bono
1452 3868 1908 3937 perseverantes,
1942 3868 1996 3918 te
2028 3864 2123 3935 pio

484 3981 651 4017 sensu
676 3964 1022 4034 intelligere,
1056 3966 1114 4016 et
1140 3963 1355 4015 mundo
1387 3960 1560 4015 corde
1586 3958 1781 4013 videre
1818 3958 2121 4029 possimus:

484 4057 581 4125 qui
609 4073 675 4109 ex
704 4059 867 4110 utero
897 4059 1030 4109 ante
1058 4055 1361 4109 luciferum
1394 4057 1636 4123 paterno
1664 4054 1833 4105 natus
1863 4052 2121 4106 ineffabi-

484 4148 632 4213 liter,
670 4150 819 4201 Deus
860 4148 929 4200 de
958 4150 1092 4213 Deo,
1129 4164 1273 4200 unus
1291 4147 1360 4199 de
1394 4162 1528 4211 uno,
1568 4146 1763 4199 lumen
1807 4145 1876 4199 de
1904 4144 2124 4199 lumine

484 4242 555 4293 de
574 4241 929 4311 sempiterno
948 4242 1113 4294 Patre
1133 4244 1451 4295 comternus
1472 4238 1662 4293 Filius.
1678 4241 1819 4295 Cum
1842 4252 1956 4310 quo
1979 4255 2126 4293 sem-

484 4350 589 4403 per
606 4338 663 4388 et
683 4334 899 4405 Spiritu
924 4338 1122 4388 sancto
1144 4334 1203 4387 in
1226 4332 1628 4404 splendoribus
1649 4336 1979 4387 sanctorum
2002 4331 2123 4386 sine

486 4426 766 4499 principio
793 4430 851 4481 et
872 4427 996 4482 sine
1024 4428 1140 4481 ﬁne
1158 4443 1368 4497 regnas
1390 4430 1447 4480 et
1470 4442 1782 4497 permanes
1804 4426 1863 4480 in
1897 4425 2120 4479 smcula.

1044 4519 1295 4571 Collectio
1310 4520 1561 4584 sequitur.

548 4592 789 4647 Mirabili
843 4594 1051 4649 iterum
1108 4597 1472 4649 sacramento
1515 4591 1817 4646 nobiscum
1862 4590 2011 4645 Deus
2044 4590 2194 4665 abD

481 4686 704 4756 angelis
734 4688 1075 4743 Emmanuel
1106 4687 1456 4752 nominatus,
1491 4684 1661 4739 Filius
1704 4683 1974 4751 hominis,
2007 4684 2117 4738 hoc

481 4782 567 4832 est
593 4779 783 4834 Marias
802 4780 1058 4852 virginis,
1086 4784 1246 4838 Jesus
1274 4779 1527 4834 nasceris
1554 4778 1611 4831 in
1633 4779 1878 4832 salutem
1921 4777 2118 4849 populi

482 4871 582 4937 tui;
606 4872 665 4925 in
694 4874 855 4945 cujus
882 4891 1128 4930 numero
1161 4890 1264 4928 nos
1293 4889 1416 4927 esse
1450 4872 1539 4943 pie
1566 4871 1806 4926 Domine
1835 4871 2119 4926 concedas

480 4965 721 5034 Christe,
752 4968 914 5039 cujus
944 4967 1158 5022 Natalis
1183 4968 1431 5022 salutare
1454 4964 1795 5037 mysterium
1826 4964 2120 5019 celebran-

478 5061 583 5125 tes,
616 5060 676 5115 in
704 5062 888 5116 noctis
916 5060 1085 5130 hujus
1114 5076 1344 5130 magna:
1372 5059 1535 5114 initio
1556 5058 1840 5130 primitias
1883 5074 2118 5128 precum
2170 5065 2191 5073 ’

477 5153 592 5207 acsi
623 5154 953 5220 offerentes,
978 5169 1254 5222 rogamus
1280 5153 1362 5207 tui
1388 5152 1643 5208 nominis
1672 5152 1788 5205 vim
1824 5151 2117 5206 nascendo

480 5246 645 5301 nobis
678 5263 907 5318 quoque
944 5263 978 5300 a
1256 5249 1308 5300 te
1347 5245 1568 5311 donari,
1603 5245 1865 5300 Salvator
1893 5243 2115 5298 mundi.

481 5343 589 5407 Qui
619 5343 773 5399 vivis.

545 5475 571 5503 ⁸
623 5471 953 5532 Sacerdotes,
1004 5469 1060 5523 id
1103 5472 1188 5523 est
1227 5468 1563 5539 episcopos;
1608 5469 1861 5534 seniores,
1915 5465 1973 5520 id
2035 5470 2120 5520 est

478 5539 861 5623 presbyteros.
885 5541 1090 5623 supra,
1132 5541 1193 5595 in
1221 5539 1450 5623 Missali'
1470 5540 1841 5623 Francorum,
1871 5553 2029 5591 num.
2047 5539 2117 5622 .8,

482 5609 576 5662 ubi
617 5610 687 5664 de
732 5609 1100 5668 ordinatione
1136 5610 1475 5684 presbyteri,
1501 5611 1693 5682 probet
1718 5625 1772 5667 se
1799 5624 1907 5667 esse
1941 5611 2116 5665 senio-

483 5696 612 5735 rem.

550 5751 578 5791 δ
606 5751 887 5824 Nimirum
919 5754 1054 5822 quia
1076 5770 1255 5809 novus
1284 5771 1469 5808 annus
1501 5771 1534 5808 a
1565 5754 1658 5807 die
1690 5753 1990 5824 sequente,
2021 5750 2120 5804 sci-

483 5821 673 5895 licetga
698 5823 883 5895 Natali
911 5821 1158 5895 Domini,
1189 5829 1323 5879 tunc
1357 5824 1688 5895 incipiebat.

551 5905 570 5931 ε
611 5892 879 5948 Scrutinii
903 5894 1057 5950 tertii
1082 5911 1213 5966 pars
1235 5899 1340 5967 est,
1371 5892 1527 5967 quod
1553 5893 1728 5950 ﬁebat
1755 5893 1893 5948 olim
1918 5893 2122 5965 quarta

2145 3216 2199 3290 C

2291 567 2367 621 Te
2421 582 2673 634 oramus,
2732 566 2971 622 Domine
3018 570 3211 622 sancte
3256 568 3427 622 Pater
3472 566 3870 639 omnipotens,

2223 668 2436 718 aeterne
2468 665 2635 733 Deus,
2666 665 2723 719 in
2750 665 2856 720 hac
2901 669 3069 720 nocte
3118 665 3336 719 Natalis
3358 664 3479 720 Filii
3506 664 3618 732 tui;
3655 665 3870 719 noctis-

2223 775 2336 829 que
2367 758 2573 813 media:
2597 761 2857 830 tempore
2899 759 2998 814 tibi
3024 760 3388 827 adsistentes,
3422 744 3773 830 quaesumus,
3810 763 3873 814 ut

2223 851 2367 906 sicut
2396 852 2674 924 separasti
2700 853 2888 907 lucem
2931 870 2965 907 a
3008 852 3282 907 tenebris.
3329 895 3340 906 .
3380 894 3391 905 .
3438 894 3449 906 .
3499 894 3510 905 .
3556 894 3569 906 .
3615 894 3626 906 .
3674 895 3686 907 .
3735 894 3748 907 .
3796 894 3809 907 .
3856 894 3868 908 .

2226 986 2238 999 .
2285 986 2296 998 .
2343 987 2355 999 .
2400 986 2412 999 .
2460 987 2471 999 .
2514 949 2584 1001 Et
2607 947 2692 1001 hic
2718 946 2911 1002 desunt
2932 947 3095 1013 rom.

2550 1050 2631 1103 IX.
2664 1066 2733 1105 AD
2773 1065 3078 1105 FACIENDUM
3109 1063 3129 1090 ε
3166 1064 3511 1105 scnurlxlcu.

2223 1221 2297 1275 da
2324 1220 2401 1275 illi
2432 1221 2890 1276 misericordiam
2919 1225 3081 1277 tuam
3107 1225 3164 1277 et
3193 1224 3492 1294 pietatem,
3523 1239 3626 1294 per
3657 1223 3871 1277 lavacri

2223 1315 2749 1385 regenerationem,
2787 1316 3001 1387 perduc
3038 1333 3172 1369 eum
3221 1316 3295 1369 ad
3339 1316 3588 1387 gratiam
3636 1316 3869 1387 spirita-

2222 1409 2359 1475 lem,
2411 1412 2472 1462 ut
2518 1409 2817 1463 nobiscum
2869 1410 3085 1480 pariter
3130 1410 3229 1464 tibi
3266 1409 3511 1465 Domino
3550 1412 3665 1465 Deo
3710 1410 3869 1464 Patri

2223 1502 2611 1571 omnipotenti
2655 1503 2854 1557 laudes
2902 1505 2962 1556 et
2993 1504 3207 1574 gratias
3237 1505 3489 1558 referat:
3526 1503 3700 1558 induc
3732 1521 3868 1558 eum

2222 1596 2281 1650 in
2311 1596 2402 1650 via
2438 1596 2711 1665 veritatis,
2752 1596 2892 1651 doce
2933 1613 3068 1651 eum
3112 1597 3555 1667 justiﬁcationes
3583 1601 3729 1653 tuas.
3760 1599 3870 1653 Per

2221 1688 2558 1744 Dominum.

2709 1762 2767 1815 X.
2801 1777 2999 1818 mcmr
3038 1777 3396 1818 EXORCISMUS.

2143 1848 2200 1920 B
2294 1853 2662 1924 Adgrediord
2692 1857 2768 1922 te,
2804 1854 3266 1910 immundissime
3297 1857 3570 1912 damnate
3607 1857 3863 1928 spiritus,

2222 1947 2319 2018 qui
2372 1965 2431 2001 es
2480 1947 2830 2003 inveterator
2880 1949 3138 2017 malitiae,
3193 1950 3467 2005 materies
3532 1950 3863 2016 criminum,

2222 2041 2385 2110 origo
2431 2041 2667 2112 peccati,
2721 2041 2817 2113 qui
2867 2043 3185 2112 fraudibus,
3240 2044 3574 2115 sacrilegiis,
3631 2044 3864 2115 stupris,

2222 2134 2472 2188 caedibus
2522 2134 2759 2205 gaudes.
2804 2137 2899 2203 Te,
2950 2136 3213 2192 invocato
3246 2137 3479 2193 Domini
3515 2137 3698 2192 nostri
3734 2140 3865 2193 Iesu

2222 2227 2427 2282 Christi
2460 2227 2718 2297 nomine,
2745 2228 2801 2283 in
2832 2246 2977 2284 o.....
3006 2248 3135 2284 mus
3163 2235 3219 2286 et
3245 2232 3578 2303 adjuramus
3602 2250 3707 2303 per
3723 2232 3869 2302 ejus-

2224 2322 2356 2375 dem
2385 2322 2749 2392 majestatem
2784 2322 2973 2394 adque
3002 2324 3293 2392 virtutem,
3320 2326 3647 2396 passionem
3678 2343 3745 2379 ac
3774 2343 3863 2380 re-

2224 2415 2655 2483 surrectionem,
2708 2417 3019 2471 adventum
3077 2418 3265 2490 adque
3313 2418 3626 2488 judicium;
3689 2423 3752 2473 ut
3808 2419 3866 2473 in

2224 2524 2587 2579 quacumque
2632 2513 2795 2580 parte
2841 2511 3238 2565 membrorum
3275 2512 3485 2579 latitas,
3526 2512 3761 2583 propria
3812 2517 3865 2565 te

2224 2601 2583 2656 confessione
2623 2602 2960 2659 manifestes
2995 2621 3007 2659 :
3039 2604 3473 2677 exagitatusque
3516 2605 3868 2677 spiritalibus

2222 2695 2418 2765 flagris
2447 2695 2937 2768 invisibilibusque
2986 2698 3309 2767 tormentis,
3346 2716 3443 2752 vas
3491 2699 3645 2770 quod
3698 2716 3866 2753 occu-

2223 2805 2388 2858 passe
2416 2789 2686 2856 mstimas,
2714 2790 2921 2861 fugias,
2957 2791 3363 2862 expiatumque
3392 2796 3524 2863 post
3554 2792 3864 2846 habitatio-

2227 2898 2358 2937 nem
2389 2884 2549 2936 tuam
2580 2883 2822 2938 Domino
2846 2882 3233 2956 derelinquas.
3261 2885 3525 2950 Sufﬁciat
3541 2885 3694 2956 quod
3721 2885 3869 2957 prio-

2224 2974 2381 3029 ribus
2414 2975 2632 3030 szcculis
2663 2993 2767 3047 per
2798 2977 3103 3031 hominum
3136 2978 3313 3032 corda
3362 2995 3529 3049 paene
3579 2982 3699 3033 toto
3730 2980 3867 3033 orbe

2226 3068 2555 3122 dominatus
2610 3086 2687 3123 es.
2734 3072 2861 3125 Jam
2916 3070 2975 3124 in
3035 3069 3156 3125 dies
3227 3072 3485 3143 singulos
3555 3072 3869 3127 destruitur

2230 3164 2390 3216 tuum
2423 3179 2693 3233 regnum,
2727 3166 2941 3235 tuaque
2975 3165 3186 3220 cotidie
3219 3183 3398 3237 usque
3430 3166 3491 3219 in
3528 3166 3707 3221 ﬁnem
3755 3168 3869 3221 tela

2226 3254 2513 3309 deﬁciant.
2562 3257 2688 3310 Jam
2732 3256 2957 3327 pridem
2999 3259 3369 3329 prazﬁgurata
3403 3262 3535 3313 sunt
3580 3258 3689 3313 ista
3741 3277 3869 3331 quae

2224 3347 2457 3418 pateris.
2490 3349 2615 3402 Jam
2643 3352 2703 3402 tu
2733 3353 2987 3404 vastatus
3026 3352 3425 3423 .IEgyptiorum
3468 3330 3671 3424 plagis,
3700 3330 3766 3407 tu
3812 3353 3868 3407 in

2224 3441 2525 3495 Pharaone
2555 3441 2871 3510 demersus,
2907 3443 2963 3496 in
3002 3443 3226 3499 Hierico
3271 3444 3612 3513 destructus,
3647 3445 3707 3499 in
3739 3463 3865 3516 sep-

2224 3537 2343 3588 tem
2374 3534 2713 3599 Chananazis
2753 3535 3021 3607 gentibus
3053 3540 3282 3605 stratus,
3316 3555 3420 3609 per
3455 3540 3783 3595 Sansonem
3808 3539 3865 3594 in

2223 3627 2539 3697 Allophylis
2563 3628 2918 3697 subjugatus,
2950 3632 3245 3684 truncatus
3264 3630 3326 3684 in
3348 3631 3512 3686 Golia
3535 3649 3639 3703 per
3665 3632 3861 3699 David,

2225 3742 2328 3795 per
2351 3725 2711 3781 Mardoceum
2742 3726 2800 3779 in
2830 3728 3018 3782 Aman
3049 3744 3376 3799 suspensus,
3400 3746 3505 3800 per
3533 3730 3777 3784 Danihel
3809 3730 3865 3783 in

2226 3817 2611 3889 Beldejectus,
2636 3819 2695 3872 in
2718 3820 2974 3875 Dracone
3000 3821 3251 3891 punitus,
3275 3839 3379 3893 per
3399 3822 3596 3877 Judith
3616 3823 3677 3876 in
3702 3824 3866 3878 Holo-

2224 3912 2445 3983 pherne
2488 3913 2852 3981 transfossus,
2888 3930 2993 3985 per
3035 3915 3345 3969 Dominum
3378 3916 3649 3970 humanis
3677 3916 3862 3989 impe-

2225 4006 2325 4059 riis
2348 4006 2704 4077 subjugatus,
2732 4024 2838 4078 per
2858 4008 3099 4063 Paulum
3133 4013 3376 4064 caecatus
3408 4010 3467 4064 in
3497 4011 3681 4081 Mago,
3709 4015 3865 4065 ustus

2226 4100 2284 4152 in
2302 4098 2516 4171 vipera,
2540 4116 2644 4171 per
2662 4102 2896 4154 Petrum
2921 4100 2979 4155 in
3005 4102 3241 4157 Simone
3270 4103 3586 4175 disruptus,
3608 4121 3717 4174 per
3746 4121 3867 4159 om-

2227 4209 2329 4247 nes
2377 4196 2604 4256 sanctos
2652 4194 2891 4264 fugaris,
2956 4196 3262 4266 torqueris,
3323 4196 3574 4259 elideris,
3632 4197 3865 4252 aeternis

2225 4286 2455 4357 ignibus
2480 4290 2537 4339 et
2556 4287 2798 4341 infernis
2830 4288 3081 4342 tenebris
3126 4289 3451 4359 deputatus.
3481 4290 3644 4343 Unde
3672 4290 3860 4346 homi-

2226 4396 2363 4434 nem
2388 4379 2663 4435 Dominus
2690 4379 2884 4454 339
2918 4385 3115 4437 noster
3132 4384 3291 4436 Jesus
3317 4382 3573 4437 Christus
3594 4382 3654 4438 in
3675 4385 3863 4439 Adam

2225 4474 2477 4529 secundo
2499 4474 2637 4529 dum
2662 4475 2732 4529 de
2754 4478 2806 4528 te
2822 4474 3157 4546 triumphat,
3183 4474 3396 4529 eximit.
3420 4475 3701 4545 Abscede,
3734 4479 3858 4533 abs-

2219 4567 2357 4622 cede
2372 4584 2737 4640 quocumque
2753 4585 2832 4635 es,
2851 4572 2907 4621 et
2919 4584 3165 4639 corpora
3176 4569 3290 4623 Deo
3307 4568 3496 4623 dicata
3511 4586 3585 4623 ne
3606 4574 3853 4642 repetas.

2218 4660 2526 4715 lnterdicta
2554 4660 2668 4715 sint
2699 4661 2798 4715 tibi
2838 4660 2947 4715 ista
2974 4661 3033 4715 in
3063 4665 3362 4733 perpetuo.
3398 4664 3460 4715 ln
3497 4664 3735 4718 nomine
3763 4666 3858 4718 Pa-

2219 4755 2320 4810 tris
2348 4757 2406 4810 et
2435 4754 2557 4809 Filii
2582 4757 2641 4809 et
2670 4753 2914 4825 Spiritus
2936 4754 3138 4821 sancti,
3174 4758 3233 4809 et
3257 4756 3316 4809 in
3340 4755 3527 4826 gloria
3555 4756 3856 4812 dominica:

2218 4848 2517 4920 passionis,
2559 4848 2718 4918 cujus
2755 4864 2957 4901 cruore
2998 4850 3309 4916 salvantur,
3346 4850 3507 4920 cujus
3543 4850 3855 4906 adventum

2220 4940 2542 5009 expectant,
2570 4935 2853 5007 judicium
2884 4937 3250 4992 conﬁtentur.
3280 4940 3389 4992 Per
3418 4938 3747 4994 Dominum.

2324 5048 2407 5100 XI.
2453 5061 2650 5101 INCIPIT
2674 5053 2695 5080 °
2737 5059 3023 5100 exrosmo
3064 5062 3164 5101 ver.
3201 5062 3451 5103 resumo
3492 5062 3745 5103 smsou.

2290 5153 2491 5208 Sermo
2537 5154 2596 5206 et
2630 5154 3063 5213 sacramentum
3108 5152 3282 5208 totius
3320 5153 3600 5225 Symboli,
3651 5154 3856 5208 fratres

2221 5245 2592 5312 dilectissimi,
2628 5246 2771 5300 ﬁdes
2825 5248 2911 5299 est
2953 5246 3264 5301 Christiani
3306 5246 3559 5302 hominis
3606 5250 3666 5301 et
3702 5246 3850 5300 vita:

2220 5341 2362 5396 ﬁdes
2382 5340 2442 5395 in
2466 5339 2757 5411 praesenti,
2786 5338 2901 5394 vita
2929 5338 2988 5394 in
3009 5340 3201 5396 futuro
3223 5357 3238 5408 ;
3264 5340 3409 5396 ﬁdes
3429 5341 3489 5396 in
3521 5340 3630 5409 via,
3662 5340 3775 5394 vita
3795 5339 3852 5393 in

2220 5466 2365 5521 feria
2393 5465 2576 5520 tertiae
2606 5464 2991 5520 hebdomadas
3013 5465 3505 5537 Quadragesimae.
3529 5465 3667 5522 Vide
3699 5463 3853 5521 Ordi-

2222 5553 2357 5591 nem
2389 5538 2737 5592 Romanum.

2290 5609 2317 5649 ά
2348 5608 2475 5663 Alia
2515 5609 2571 5662 in
2617 5607 2833 5663 Ordine
2866 5607 3132 5663 Romano
3168 5625 3182 5662 :
3223 5609 3394 5675 Audi,
3436 5607 3717 5663 mledicte
3754 5608 3849 5663 Sa-

2223 5683 2633 5804 tazcibed‘rdine
2662 5749 2925 5805 Romano
2955 5748 3066 5803 alia
3096 5749 3300 5815 oratio,
3333 5753 3392 5802 et
3417 5748 3691 5819 praecedit
3709 5748 3852 5803 hanc

2223 5819 2641 5946 exppsitionem
2669 5820 2947 5894 expositio
2975 5820 3445 5893 Evangeliorum,
3475 5834 3602 5892 qua:
3631 5819 3722 5874 hic
3766 5834 3850 5872 se-

2224 5907 2325 5964 qm
2355 5906 2441 5947 ur.
