4014 6230
44 1690 47 1713 ι
85 1681 131 1719 se
164 1664 338 1735 magis
370 1679 575 1735 capere
620 1664 862 1720 aestimat
901 1680 1075 1735 quam
1108 1662 1410 1733 credendo,
1433 1661 1510 1715 sic
1535 1661 1687 1729 facit,

42 1818 45 1905 Γ

42 2046 43 2059 ‘
88 2037 392 2093 credulitatis
407 2038 634 2094 salubre
657 2038 1082 2109 compendium,
1104 2036 1203 2092 ubi
1224 2034 1507 2091 imbecilla
1525 2051 1688 2089 mens

42 2290 44 2303 ,
88 2225 389 2281 credulitatis
414 2226 663 2297 pectoris
688 2226 876 2281 sinum
905 2225 976 2279 ad
999 2224 1182 2280 vitalis
1202 2223 1468 2280 carminis
1480 2239 1687 2294 expan-

40 2888 43 2905 ν
88 2876 341 2931 Descendit
377 2876 448 2932 ad
488 2877 733 2933 inferna.
774 2877 961 2932 Tertia
1000 2877 1089 2933 die
1130 2874 1445 2932 resurrexit
1466 2893 1499 2929 a
1526 2892 1682 2930 mor-

92 327 178 383 3i9

1158 322 1244 379 DE
1284 321 1595 378 LITURGIA
1632 319 2006 377 GALLICANA
2041 318 2241 375 LIBER
2278 314 2368 374 ll].

3327 313 3430 370 350

92 438 280 512 patria;
306 437 447 495 ﬁdes
476 437 534 494 in
564 455 684 512 spe,
709 439 823 496 vita
852 439 912 496 in
949 456 1040 509 re;
1072 441 1210 496 fides
1246 439 1306 495 in
1334 440 1554 512 praelia,
1586 439 1699 495 vita
1719 452 1778 526 Α
1798 452 1961 493 meus
1988 436 2245 507 dilectus,
2277 436 2338 492 in
2364 451 2479 508 quo
2516 433 2658 491 mihi
2683 435 2829 493 bene
2851 434 3211 509 complacuit,
3237 435 3428 509 ipsum

92 535 143 589 in
168 549 331 605 regno
360 549 375 587 :
403 533 543 589 ﬁdes
567 534 625 590 in
652 550 843 608 opere,
871 534 989 590 vita
1013 535 1073 590 in
1101 534 1500 590 retributione.
1523 535 1598 590 Ac
1620 531 1698 588 sic

89 628 177 700 qui
190 628 348 683 ﬁdem
362 645 496 683 cum
508 630 775 701 operibus
790 630 1057 685 habuerit
1078 629 1136 684 in
1152 630 1258 684 hoc
1273 629 1501 697 saeculo,
1522 627 1696 682 vitam

90 734 333 784 aeternam
359 729 595 800 recipiet
632 729 692 785 in
727 729 920 785 futuro
948 744 963 784 :
994 732 1050 785 et
1075 728 1203 783 ideo
1230 727 1421 783 statim
1445 726 1506 781 in
1531 726 1695 797 prin-

90 823 218 895 cipio
250 822 496 893 Symboli
534 823 706 879 habet
735 840 748 879 :
778 824 947 882 Credo
974 826 1033 879 in
1070 827 1235 880 Deum
1262 841 1278 887 ;
1316 826 1372 877 et
1407 823 1598 892 postea
1635 819 1694 874 in

89 912 419 968 conclusione
460 913 715 984 Symboli
752 933 769 968 :
804 916 990 970 Vitam
1024 918 1296 968 aeternam.
1334 911 1420 966 Sic
1446 925 1583 981 ergo
1612 912 1696 964 est

91 1006 388 1078 Symbolun,
434 1007 805 1075 dilectissimi,
834 1007 994 1079 quasi
1031 1004 1485 1078 pulcherrimum
1511 1002 1692 1058 aediﬁ-

91 1101 220 1154 cium
242 1100 380 1155 bene
408 1105 660 1172 emptum
679 1118 694 1171 ;
714 1101 877 1173 cujus
900 1105 955 1156 et
970 1101 1367 1155 firmissimum
1392 1103 1476 1153 est
1494 1097 1694 1153 funda-

89 1197 336 1263 mentum,
368 1199 426 1248 et
456 1194 779 1250 immortale
814 1194 1131 1265 fastigium,
1157 1209 1289 1248 cum
1328 1192 1387 1246 in
1413 1191 1692 1263 principio

88 1288 264 1342 habeat
295 1288 507 1358 Deum‘,
548 1293 605 1345 et
641 1288 700 1343 in
735 1288 850 1344 ﬁne
881 1288 1055 1343 vitam
1090 1292 1381 1343 aeternam.
1426 1287 1573 1341 Deus
1611 1289 1693 1341 est

86 1382 516 1449 fundamentum,
546 1386 603 1437 et
630 1383 742 1437 vita
769 1387 984 1437 aeterna
1006 1382 1318 1453 fastigium.
1350 1381 1534 1447 Fides,
1573 1380 1689 1434 fra-

86 1483 178 1530 tres
201 1476 490 1546 carissimi,
532 1477 663 1532 vita:
703 1477 934 1543 ostium,
961 1476 1067 1530 viae
1104 1475 1468 1547 principium,
1496 1473 1690 1529 salutis
1715 1518 1729 1529 .

86 1576 152 1625 est
170 1558 623 1625 fundamentum.
652 1570 758 1635 Qui
794 1570 983 1625 divina
1012 1569 1279 1640 mysteria
1322 1567 1691 1639 intelligendo

1797 532 2011 587 audite.
2030 532 2193 586 Pater
2217 530 2403 602 ipsum
2429 546 2548 586 esse
2568 530 2704 585 dicit
2725 530 2927 586 Filium
2946 548 3137 599 suum,
3158 535 3215 586 et
3237 531 3427 604 ipsum

1796 625 1991 680 audire
2014 624 2212 695 jubet;
2242 624 2369 697 quis
2406 628 2493 680 est
2534 626 2631 698 qui
2674 628 2848 696 neget
2874 641 2993 680 esse
3024 641 3243 695 verum,
3272 626 3426 700 quod

1796 720 1998 775 veritas
2025 718 2199 774 dicit?
2228 719 2517 791 Sequitur.

1870 841 2035 899 Credo
2064 844 2114 895 et
2142 843 2198 894 in
2225 844 2393 897 Iesum
2421 841 2688 899 Christum
2722 843 2917 897 Filium
2956 842 3066 909 ejus
3091 843 3427 911 unigenitum

1792 937 2190 1005 sempiternum.
2208 937 2352 989 Iesus
2372 934 2621 989 hebraici
2646 934 2899 990 vocabuli
2916 951 3128 990 nomen
3148 940 3250 1005 est,
3273 933 3427 1006 quod

1793 1031 1933 1100 aput
1969 1044 2072 1082 nos
2109 1029 2359 1083 Salvator
2393 1028 2617 1083 dicitur.
2652 1030 2895 1086 Christus
2936 1046 2968 1083 a
3008 1027 3328 1096 chrismate,
3366 1026 3425 1082 id

1794 1126 1877 1177 est
1904 1122 1973 1176 ab
2004 1121 2268 1176 unctione
2294 1122 2636 1194 appellatur.
2671 1124 3032 1192 Unigenitum,
3060 1121 3265 1193 inquit.
3298 1120 3426 1176 Uni-

1793 1231 1890 1270 cus
1919 1219 2003 1272 est
2028 1232 2275 1289 namque
2310 1215 2460 1270 Patri
2499 1214 2773 1284 Christus,
2803 1218 2867 1270 ut
2895 1216 3161 1288 splendor
3186 1213 3328 1286 igni,
3361 1216 3426 1269 ut

1792 1309 1926 1364 forti
1952 1309 2149 1377 virtus,
2176 1313 2242 1364 ut
2269 1308 2541 1380 sapientia
2566 1308 2829 1380 sapienti.

1865 1429 2175 1496 Conceptus,
2208 1426 2415 1497 inquit,
2447 1427 2513 1481 de
2539 1428 2751 1497 Spiritu
2784 1430 2988 1480 sancto.
3016 1425 3256 1497 Spiritus
3283 1441 3421 1497 ergo

1792 1524 2018 1575 sanctus
2041 1519 2286 1574 refertur
2314 1520 2612 1575 dominicae
2644 1520 2826 1574 carnis
2862 1523 2917 1573 et
2952 1520 3149 1590 templi
3186 1523 3422 1574 creator.

1794 1613 1980 1684 Incipe
1997 1614 2116 1684 jam
2146 1613 2279 1667 hinc
2310 1614 2625 1685 intelligere
2654 1617 2805 1667 ctam
2836 1614 3011 1668 sancti
3041 1612 3282 1684 Spiritus
3310 1629 3426 1666 ma-

1783 1707 2071 1778 jestatem.
2101 1708 2188 1763 Sic
2215 1707 2369 1762 enim
2397 1708 2475 1762 ait
2500 1706 2870 1778 Evangelium
2897 1706 3172 1778 :Spiritus
3200 1709 3425 1761 sanctus

1709 1828 1765 1901 B
1789 1800 2151 1901 superveniet
2178 1801 2237 1856 in
2256 1805 2332 1871 te,
2349 1805 2406 1856 et
2424 1801 2600 1856 virtus
2617 1800 3279 1901 Altissimiobumbrabit
3296 1798 3419 1855 tibi.

1789 1894 1984 1950 Videte
2028 1909 2166 1966 ergo
2210 1899 2610 1966 cooperantem
2649 1894 2755 1949 sibi
2794 1894 3035 1949 invicem
3072 1893 3422 1949 Trinitatem.

1788 1987 2027 2059 Spiritus
2061 1992 2285 2043 sanctus
2326 1988 2517 2044 venire
2557 1987 2766 2043 dicitur
2810 2004 2981 2059 super
3010 1987 3338 2061 Virginem;
3369 1991 3428 2041 et

1789 2081 1964 2137 virtus
1989 2082 2297 2136 Altissimia
2329 2124 2343 2152 ,
2379 2082 2490 2136 nisi
2530 2082 2649 2153 ipse
2681 2080 2865 2155 341
2907 2082 3184 2151 Christus,
3213 2081 3312 2152 qui
3342 2084 3426 2136 est

84 1757 337 1829 quomodo
356 1757 402 1811 si
422 1757 651 1829 aliquis,
674 1758 870 1813 relicta
896 1757 1001 1825 via,
1025 1760 1181 1829 petat
1198 1756 1443 1824 devium,
1463 1756 1550 1809 vel
1570 1754 1689 1809 sine

86 1852 423 1906 fundamento
457 1855 751 1906 construat
781 1850 1103 1919 editicium,
1148 1850 1233 1905 vel
1271 1865 1375 1921 per
1403 1848 1686 1919 objectum

86 1944 601 2017 parietemtrequirat
620 1944 962 2015 ingressum.
982 1942 1381 1999 Adhibendum
1401 1944 1484 1997 est
1498 1942 1689 2012 itaque

88 2141 660 2247 ῗῗΡῗῗέλὲξὶιῗῗδῗῗῗὲ,
680 2137 930 2247 iiii???
946 2136 1687 2247 f‘i‘if‘ffE’Iilﬁtfﬁit"
1788 2136 1889 2231 Dei
1918 2175 2106 2231 Virtus
2131 2180 2187 2230 et
2212 2175 2313 2231 Dei
2330 2136 2665 2247 'Sapieniia?
2682 2136 2810 2230 ἷῖιὲῖι
2824 2136 2947 2246 iam
2978 2136 3276 2246 sijubétié.
3299 2176 3424 2229 haec

1785 2284 1914 2340 qua:
1944 2268 2090 2324 dicta
2115 2273 2267 2332 sunt.
2295 2268 2516 2324 caritati
2543 2274 2743 2325 vestrae
2773 2268 3055 2324 sufﬁciant
3074 2287 3090 2338 ;
3109 2272 3167 2324 et
3191 2268 3281 2323 die
3303 2284 3419 2322 cra-

1785 2362 1950 2430 stina,
1991 2362 2304 2417 secundum
2347 2368 2598 2418 sanctam
2643 2361 3114 2418 consuetudinem
3155 2366 3421 2431 vestram,

1785 2471 1889 2527 per
1912 2455 2294 2511 ministerium
2318 2456 2561 2513 fratrum
2597 2461 2924 2512 nostrorum
2956 2472 3021 2511 ea
3047 2472 3175 2529 quae
3205 2458 3424 2512 restant

1785 2549 2064 2604 maturius
2090 2549 2348 2605 audietis.
2379 2550 2541 2615 Quod
2565 2550 2694 2622 ipsi.

88 2320 251 2374 damus
273 2320 594 2387 oraculum,
627 2320 779 2391 quod
803 2320 883 2375 ita
910 2318 1111 2390 incipit
1140 2336 1154 2373 :

140 2413 294 2469 Credo
320 2412 379 2468 in
393 2415 580 2469 Deum
604 2415 832 2469 Patrem
868 2413 1337 2484 omnipotentem,
1358 2411 1686 2466 Creatorem

90 2507 185 2561 caeli
200 2512 249 2562 et
278 2512 463 2562 terra}.
510 2498 691 2562 Crédo
716 2511 773 2562 et
812 2506 872 2561 in
910 2508 1102 2564 Jesum
1140 2505 1450 2575 Christum,
1477 2504 1686 2559 Filium

90 2598 183 2667 ejus
202 2596 562 2667 unigenitum
587 2595 1021 2667 sempiternum.
1052 2595 1159 2661 Qui
1184 2598 1489 2667 conceptus
1507 2599 1591 2650 est
1616 2594 1686 2650 de

88 2689 259 2759 Spiritu
282 2693 496 2756 sancto,
526 2696 695 2745 natus
722 2693 807 2745 est
836 2689 904 2745 de
930 2690 1099 2745 Maria
1113 2689 1358 2760 virgine.
1387 2690 1585 2743 Passus
1601 2692 1686 2743 est

88 2782 168 2837 sub
191 2783 371 2837 Pontio
401 2784 623 2853 Pilato;
662 2783 983 2851 cruciﬁxus,
1022 2788 1281 2838 mortuus
1316 2786 1373 2837 et
1406 2782 1679 2854 sepultus.

1857 2664 2051 2725 Natus,
2080 2660 2285 2733 inquit,
2322 2662 2388 2717 de
2420 2663 2606 2718 Maria
2635 2664 2876 2732 virgine;
2916 2668 3194 2734 conceptus
3232 2668 3310 2719 est
3355 2663 3423 2718 de

1782 2757 1994 2826 Spiritu
2037 2760 2259 2821 sancto;
2283 2772 2476 2826 passus
2519 2758 2617 2812 sub
2656 2760 2848 2812 Pontio
2890 2758 3089 2813 Pilato.
3141 2756 3418 2828 Require-

1784 2865 1933 2919 mus,
1972 2848 2340 2918 dilectissimi,
2379 2865 2481 2904 cur
2523 2850 2774 2921 Symboli
2807 2850 3125 2906 conditores
3161 2866 3418 2905 necessa-

1784 2943 1935 2998 rium
1954 2943 2304 3014 judicarunt,
2326 2947 2391 2997 ut
2417 2943 2590 3014 ipsius
2615 2944 2785 2999 etiam
2805 2943 2969 2999 Pilati
2986 2960 3198 2998 nomen
3213 2943 3422 2999 insere-

1785 3040 1931 3092 rent.
1952 3037 2078 3091 ldeo
2105 3036 2469 3107 utique,quia
2482 3037 2811 3092 Antichristi
2842 3037 3008 3093 multi
3033 3037 3212 3093 futuri
3235 3042 3417 3105 erant,

1783 3134 1848 3184 ut
1880 3130 2037 3183 nulla
2076 3129 2310 3184 haeresis
2338 3130 2626 3185 Christum
2666 3130 2842 3185 alium
2872 3147 2991 3185 esse
3023 3131 3254 3199 diceret,
3284 3148 3416 3185 cum

1701 3208 1755 3281 Ε
1780 3239 1961 3278 unum
1987 3223 2183 3295 utique
2212 3239 2332 3278 esse
2358 3228 2656 3290 constaret,
2672 3240 2845 3295 quem
2864 3224 2969 3279 sub
2986 3224 3167 3279 Pilato
3188 3240 3416 3305 passum

1783 3317 2117 3388 Symbolum
2147 3316 2484 3372 tradidisset.
2518 3320 2831 3387 Cruciﬂws,
2864 3322 3127 3380 mortuus,
3157 3322 3208 3373 et
3234 3320 3416 3388 sepul-

1785 3416 1890 3474 tus,
1921 3413 2081 3465 tertia
2107 3411 2194 3465 die
2215 3413 2532 3465 resurrexit.
2555 3412 2634 3466 De
2660 3409 2958 3465 manifesta
2984 3415 3041 3466 et
3065 3411 3365 3482 reprobata
3389 3428 3421 3465 a

1785 3503 1980 3559 multis
1999 3503 2226 3558 Domini
2241 3503 2653 3559 resurrectione
2668 3505 2799 3560 licet
2815 3504 3234 3560 evidentissime
3247 3507 3423 3560 Evan-

1786 3597 1932 3669 gelia
1957 3599 2157 3652 testata
2189 3597 2319 3664 sint,
2351 3602 2542 3651 tamen
2569 3597 2739 3653 etiam
2772 3599 3069 3669 Apostolus
3094 3598 3423 3669 praedicavit

1785 3690 1973 3745 dicens
1997 3690 2371 3746 resurrexisse
2408 3691 2477 3745 ab
2521 3690 2717 3746 inferis
2741 3691 3088 3747 Salvatorem
3114 3692 3205 3747 die
3230 3691 3412 3746 tertia.

1786 3784 1860 3854 (Si
1888 3799 1954 3838 ea
1996 3783 2086 3839 die
2130 3800 2243 3855 qua
2281 3787 2541 3838 mortuus
2579 3790 2685 3853 est,
2724 3786 2813 3840 vel
2855 3790 3018 3841 nocte
3053 3802 3182 3857 qua:
3232 3789 3423 3839 secuta

88 2969 189 3033 tuis,
212 2970 452 3025 ascendit
478 2971 555 3026 ad
582 2971 770 3026 caelos.
799 2970 952 3026 Sedit
972 2970 1043 3025 ad
1063 2970 1354 3025 dexteram
1383 2968 1480 3024 Dei
1503 2968 1683 3023 Patris

87 3063 465 3134 omnipotentis.
495 3064 630 3121 Inde
665 3070 940 3119 venturus
960 3063 1222 3135 judicare
1248 3063 1400 3119 vivos
1439 3067 1497 3119 et
1522 3080 1680 3119 mor-

87 3162 200 3211 tuos.
223 3158 395 3213 Credo
415 3159 475 3213 in
500 3163 762 3215 sanctum
780 3158 1084 3229 Spiritum;
1105 3160 1356 3212 sanctam
1378 3157 1681 3212 Ecclesiam

88 3251 395 3319 catholicam,
412 3250 609 3325 340
625 3256 951 3307 sanctorum
975 3251 1455 3321 communionem;
1476 3250 1678 3305 remis-

91 3346 267 3400 sionem
299 3351 695 3418 peccatorum;
727 3346 910 3401 carnis
957 3345 1465 3416 resurrectionem;
1510 3344 1685 3400 vitam

91 3444 340 3494 aeternam.
368 3444 575 3497 Amen.

141 3533 470 3605 Symbolum,
504 3534 709 3589 fratres
745 3532 1042 3603 carissimi,
1073 3549 1189 3588 non
1218 3533 1277 3587 in
1318 3532 1519 3588 tabulis
1556 3532 1685 3587 scri-

88 3625 225 3696 bitur,
251 3628 342 3681 sed
366 3628 425 3682 in
468 3627 638 3682 corde
669 3631 998 3699 susceptum
1022 3626 1350 3682 memoriter
1384 3625 1681 3681 retinetur.

88 3719 137 3773 Et
159 3720 267 3776 ideo
288 3721 447 3792 juvat
472 3722 703 3788 iterare,
732 3721 883 3794 quod
913 3736 1233 3794 numquam
1258 3719 1519 3775 convenit
1547 3719 1691 3775 obli-

88 3813 210 3868 visci.

143 3909 286 3964 Credo
312 3912 367 3963 in
393 3914 566 3965 Deum
591 3912 807 3965 Patrem
835 3912 1266 3981 omnipotentem.
1289 3907 1443 3963 Sicut
1472 3906 1685 3978 optime

88 4006 209 4060 novit
231 4008 424 4063 caritas
458 4012 667 4076 vestra,
717 4007 1013 4077 carissimi,
1042 4007 1180 4063 fides
1210 4006 1466 4062 omnium
1504 4005 1685 4060 Chris-

89 4097 331 4155 tianorum
367 4101 428 4156 in
472 4101 748 4156 Trinitate
788 4101 1075 4170 consistit;
1116 4105 1172 4156 et
1204 4100 1328 4155 ideo
1368 4099 1539 4153 etiam
1577 4104 1686 4154 ter-

91 4191 201 4246 tium
237 4195 383 4249 vobis
421 4198 645 4251 textum
682 4194 934 4267 Symboli
973 4194 1306 4267 repetimus,
1332 4197 1397 4250 ut
1426 4192 1545 4265 ipse
1583 4208 1687 4247 nu-

91 4296 245 4336 merus
288 4283 661 4355 rapetitionis,
708 4283 768 4338 in
817 4284 980 4356 signo
1031 4282 1327 4338 conveniat
1375 4281 1682 4336 Trinitatis.

93 4375 223 4430 Credo
264 4380 319 4431 in
360 4381 532 4434 Deum
572 4380 790 4434 Patrem
834 4380 1267 4446 omnipotentem.
1329 4375 1683 4446 Symbolum,

92 4466 251 4523 fratres
289 4471 584 4540 carissimi,
614 4471 766 4542 quod
801 4470 1055 4541 audistis,
1096 4473 1281 4524 totum
1319 4486 1416 4523 vos
1450 4469 1511 4523 in
1534 4468 1687 4523 auris

93 4560 304 4654 auditum
340 4565 669 4634 convertite,
709 4568 775 4619 ut
815 4578 1011 4618 semen
1046 4562 1203 4617 verbi
1240 4566 1464 4654 paratos
1501 4562 1685 4654 sulcos
1704 4582 1761 4654 D

92 4650 315 4721 inveniat,
350 4654 557 4725 quibus
596 4652 896 4708 salubriter
932 4652 1204 4719 insidens,
1236 4654 1293 4706 et
1331 4650 1546 4706 radices
1574 4650 1683 4705 for-

1787 3882 1889 3946 est,
1920 3876 2109 3932 statim
2151 3878 2566 3945 resurrexisset,
2605 3879 2698 3933 vix
2732 3895 2866 3935 eum
2909 3878 3083 3951 aliqui
3128 3879 3423 3934 crederent

1784 3987 1914 4027 vere
1940 3970 2112 4025 fuisse
2139 3970 2489 4025 defunctum.
2515 3971 2677 4027 Vides
2694 3972 2828 4043 quia
2846 3971 3201 4027 confirmatio
3225 3971 3423 4025 mortis

1785 4068 1869 4119 est
1892 4064 2084 4119 dilatio
2108 4064 2562 4134 resurrectionis;
2591 4069 2648 4120 et
2673 4081 2704 4120 e
2740 4067 3020 4121 contrario
3048 4066 3248 4121 mortis
3271 4065 3420 4120 veri-

1784 4163 1868 4212 tas
1884 4158 2119 4213 rationis
2140 4158 2443 4212 auctoritas
2462 4163 2564 4213 est.
2588 4158 2703 4213 Nisi
2725 4158 2877 4213 enim
2897 4175 3244 4232 quemquam
3265 4160 3425 4232 prius

1785 4252 2096 4307 ostenderis
2139 4251 2493 4319 inclinatum,
2527 4268 2641 4307 non
2681 4252 2964 4307 convincis
2987 4258 3279 4324 erectum;
3312 4261 3368 4311 et
3393 4272 3425 4311 e

1786 4348 1981 4399 contra
1993 4344 2155 4400 facile
2172 4346 2441 4417 probabis
2459 4347 2519 4401 in
2540 4362 2740 4402 somno
2756 4347 2930 4402 fuisse
2945 4347 3279 4418 resolutum,
3292 4366 3424 4403 cum

1786 4439 2045 4493 docueris
2073 4439 2449 4511 suscitatam.)
2479 4442 2547 4495 Et
2574 4440 2707 4511 quia
2730 4440 2881 4495 visus
2908 4446 2990 4496 est
3015 4442 3183 4512 Cefm,
3212 4446 3269 4496 et
3296 4447 3425 4513 post

1786 4532 1910 4587 haec
1936 4531 2044 4586 illis
2067 4533 2353 4602 undecim,
2386 4534 2588 4588 deinde
2625 4533 2776 4589 visus
2811 4537 2895 4588 est
2920 4535 3220 4606 plusquam
3250 4535 3418 4606 quin-

1786 4624 1970 4697 gentis
1992 4624 2261 4680 fratribus
2288 4625 2477 4681 simul.
2505 4627 2548 4681 Ο
2569 4627 2772 4681 miram
2800 4627 3025 4682 Domini
3042 4632 3099 4682 et
3121 4626 3424 4682 inaestima—

92 4740 195 4795 titer
222 4717 404 4817 ﬁgere,
436 4751 493 4801 et
528 4750 782 4817 tempore
812 4717 1200 4800 retributionis
1224 4743 1426 4799 uberes
1446 4743 1683 4815 justitiae
1781 4718 1951 4817 Ῑξίξθπλ
1995 4717 2300 4817 Ρξθῐξλίθπιέ
2331 4720 2536 4817 pum?)
2572 4721 2644 4776 ad
2681 4720 3135 4775 conﬁrmandum
3160 4721 3421 4776 ΕεοῙθδίθθ

91 4812 447 4909 [ωεωέροεέῆ
472 4812 698 4895 θίγεηὲ.
736 4838 824 4895 Sic
853 4855 991 4910 ergo
1018 4838 1188 4893 habet
1213 4812 1509 4891 exordium
1530 4836 1685 4907 εγω,
1785 4814 1954 4868 ﬁdem
1970 4812 2329 4910 existimavit,
2349 4814 2502 4884 quod
2519 4820 2798 4910 eumgpost
2808 4816 3287 4910 resurrectionem
3305 4832 3423 4870 om-

92 4924 179 4981 δολί
204 4947 215 4983 ε
244 4905 401 4989 σλράο
450 4937 508 4989 in
550 4938 719 4989 Deum
767 4905 985 4988 Patre,”
1035 4934 1464 5002 omnipotentem
1516 4905 1683 4985 Dm
1782 4922 1882 5002 nes
1906 4906 2144 5002 apostoli
2170 4905 2449 5002 viderant,
2482 4907 2592 5002 nisi
2620 4908 2929 5002 videndum
2956 4925 3014 4963 se
3043 4910 3213 4964 etiam
3240 4910 3424 4965 turbis

94 5034 193 5075 cum
232 5026 401 5095 audis,
455 5027 831 5083 substantiam
872 5024 1134 5096 intellige
1176 4999 1300 5079 ’sine
1335 5024 1519 5092 initio,
1562 5023 1683 5078 sine
1783 4999 2132 5054 adstantibus
2158 4999 2516 5070 praebuisset.
2541 4999 2809 5073 Sequitur
2832 5003 3417 5075 auteminSymbolo:

95 5112 197 5169 line.
228 5120 429 5177 Patrem
455 5138 588 5176 cum
620 5121 802 5191 audis,
844 5119 968 5174 Filii
1008 5117 1263 5190 intellige
1292 5119 1537 5173 Patrem.
1569 5117 1682 5171 Hoc
1854 5111 2111 5167 Ascendit
2152 5112 2229 5167 ad
2270 5102 2451 5179 celos;
2494 5113 2633 5169 sedit
2673 5114 2749 5168 ad
2794 5115 3073 5170 dexteram
3109 5118 3208 5171 Dei
3242 5119 3424 5173 Patris

95 5221 200 5277 ergo
229 5212 341 5283 ipso
374 5215 606 5269 nomine
635 5214 788 5287 quod
814 5215 960 5267 Deus
988 5214 1151 5266 Pater
1182 5210 1519 5282 appellatur,
1549 5226 1682 5264 cum
1782 5207 2176 5275 omnipotentis.
2205 5205 2325 5259 Non
2350 5207 2723 5278 corporaliter
2740 5207 2832 5262 hic
2860 5209 2956 5264 Dei
2988 5208 3219 5264 dextera
3244 5214 3426 5264 osten-

96 5302 220 5358 Patre
250 5306 452 5377 parlter
486 5307 790 5363 subsistere
825 5305 999 5361 etiam
1027 5304 1200 5359 Filius
1235 5304 1678 5360 demonstratur.
1782 5297 1954 5368 ditur,
1984 5296 2351 5367 dilectissimi,
2380 5300 2513 5371 quia
2553 5301 2743 5355 divina
2768 5302 3022 5373 Majestas
3063 5319 3177 5356 non
3218 5319 3419 5357 secun-

96 5394 335 5455 0uomodo
359 5416 493 5455 sane
518 5402 662 5456 Deus
693 5402 856 5454 Pater
887 5397 1150 5470 genuerit
1176 5397 1400 5466 Filium,
1432 5397 1562 5451 nolo
1591 5396 1678 5451 di-
1781 5391 1917 5447 dum
1947 5392 2261 5447 humanam
2310 5393 2553 5465 speciem
2589 5395 2919 5467 designatur
2946 5395 3159 5451 sedere.
3193 5395 3322 5449 Ideo
3352 5393 3423 5449 ad

99 5488 276 5546 sentias.
323 5493 643 5548 Credendus
691 5496 776 5547 est
818 5508 956 5562 ergo
996 5491 1144 5546 Deus
1175 5506 1293 5545 esse
1322 5492 1486 5545 Pater
1526 5488 1681 5544 unici
1780 5485 2068 5541 dexteram
2100 5486 2281 5541 Patris
2311 5486 2485 5542 Filius
2501 5487 2725 5555 dicitur,
2758 5490 2891 5562 quia
2914 5489 2973 5544 in
3004 5505 3070 5545 eo
3095 5488 3254 5544 nulla
3280 5487 3417 5543 sini-

100 5576 194 5633 Filii
228 5583 304 5637 sui
340 5585 564 5641 Domini
607 5585 818 5655 nostri;
867 5601 985 5640 non
1033 5582 1439 5639 discutiendae.
1489 5583 1680 5652 Neque
1780 5579 2001 5633 steritas
2022 5578 2328 5635 invenitur.
2347 5581 2489 5636 Cum
2512 5582 2743 5637 enimin
2766 5582 3071 5653 Scripturis
3091 5582 3263 5637 sacris
3282 5599 3424 5636 sem-

102 5671 215 5727 enim
246 5675 321 5731 fas
352 5683 435 5734 est
466 5695 625 5735 servo
662 5680 732 5734 de
774 5678 1057 5734 natalibus
1103 5676 1326 5732 Domini
1368 5675 1675 5747 disputare.
1779 5688 1881 5742 per
1909 5672 2060 5743 quod
2098 5673 2397 5729 dexterum
2434 5678 2519 5730 est
2559 5676 2629 5730 ad
2664 5676 2922 5745 meliora,
2952 5676 3103 5747 quod
3131 5676 3422 5730 sinistrum

102 5761 395 5826 Coutestatus
422 5777 504 5828 est
529 5775 693 5829 Pater
724 5774 794 5828 de
823 5772 974 5828 caelis
1002 5771 1193 5827 dicens
1222 5787 1236 5825 :
1270 5770 1368 5824 Hic
1397 5772 1480 5824 est
1507 5766 1679 5821 Filius
1778 5765 1845 5820 ad
1878 5765 2156 5820 deteriora
2173 5767 2477 5841 pertineat,
2506 5768 2714 5824 idcirco
2747 5768 2807 5823 in
2833 5769 2943 5823 Deo
2973 5768 3311 5838 dextera,§id
3340 5768 3424 5819 est

159 5898 177 5925 ³
202 5890 410 5966 Supple,
438 5897 775 5953 obumbrabit
811 5898 930 5953 tibi.
964 5897 1091 5966 Dux
1116 5900 1192 5952 est
1229 5896 1403 5949 virtus
1432 5890 1724 5961 Altissimi,
1754 5890 1879 5953 nisi,
1917 5891 2025 5943 etc.
