4014 6230
540 339 631 396 Mil
1335 338 1660 394 .\l’PENDlX
1703 338 1788 392 ΑΙ)
1825 337 2047 392 OPERA
2085 333 2318 390 SANCTI
2356 334 2654 391 GERMANI
2695 335 3122 393 PARISIENSIS.

3818 331 3921 387 335?

533 449 684 506 bona
707 448 870 516 sunt;
891 444 992 504 ubi
1019 445 1265 515 sinistra,
1289 447 1346 503 id
1375 451 1458 502 est
1488 446 1636 501 mala
1662 459 1969 518 possumus
1995 445 2172 516 suspi-
2195 453 2252 528 Α
2272 425 2464 499 nistris
2513 443 2684 501 illius.
2743 444 2830 500 Hii
2886 449 3132 518 quatuor
3195 443 3296 502 has
3346 440 3558 517 ﬁguras
3613 437 3923 524 habentes,

537 558 664 600 081‘6
673 584 686 598 .

607 637 758 700 Inde,
784 636 991 709 inquit,
1019 641 1275 692 venturus
1283 634 1536 704 judicare
1560 637 1707 690 vivos
1733 638 1785 690 et
1812 638 2065 690 mortuos.

613 731 779 788 Credo
809 733 868 786 in
894 735 1138 785 sanctum
1157 731 1442 798 Spiritum.
1467 728 1549 782 Ad
1579 728 1926 784 excludenda
1954 727 2177 783 haereti-

539 840 736 881 corum
765 823 1022 878 omnium
1053 821 1372 877 calamitosa
1411 825 1752 889 commenta,
1781 821 1981 877 eodem
2006 820 2176 876 verbo

539 917 887 972 credulitatis
916 933 1030 987 quo
1061 915 1120 970 in
1146 914 1424 986 principio
1464 915 1552 970 sui
1588 915 1921 987 Symbolum
1955 917 2178 971 Patrem

537 1010 837 1068 honoravit
861 1013 917 1064 et
944 1009 1170 1079 Filium,
1203 1009 1262 1064 in
1290 1009 1650 1064 conclusione
1696 1014 1883 1064 textus
1909 1009 1994 1064 sui
2023 1025 2179 1064 nunc

540 1105 779 1159 honorat
793 1103 1066 1174 Spiritum
1087 1107 1366 1172 sanctum,
1390 1119 1517 1156 cum
1543 1103 1620 1156 ait
1645 1119 1658 1156 :
1682 1103 1847 1160 Credo
1861 1105 1918 1156 in
1933 1107 2179 1158 sanctum

535 1199 820 1267 Spiritum.
858 1196 936 1251 Ne
983 1196 1267 1251 inferioris
1313 1212 1450 1266 ergo
1496 1195 1729 1250 fortasse
1772 1195 2178 1250 contumeliam

539 1288 733 1362 342
759 1294 1070 1361 pateretur,
1093 1289 1224 1360 jure
1250 1305 1383 1344 eum
1429 1289 1536 1344 sibi
1575 1289 1869 1360 aequaliter
1895 1288 2178 1344 vindicare

538 1386 596 1437 et
635 1383 870 1438 Deitatis
907 1382 1150 1437 ostendit
1189 1381 1623 1452 plenitudinem,
1654 1387 1710 1437 et
1748 1381 1928 1436 Patris
1964 1399 2027 1436 ac
2054 1381 2177 1436 Filii

537 1476 909 1547 dignitatem;
939 1475 1072 1547 quia
1114 1475 1173 1530 in
1213 1475 1486 1530 Trinitate
1525 1476 1716 1530 divina
1752 1491 1868 1529 non
1907 1480 1991 1530 est
2026 1475 2176 1546 quod

2276 537 2644 609 evangelistas
2684 554 2805 594 esse
2841 555 2957 594 non
2994 539 3236 596 dubium
3269 542 3389 607 est;
3417 538 3516 594 sed
3542 537 3786 592 nomina
3825 552 3921 590 eo-

2275 648 2425 700 rum,
2448 632 2546 704 qui
2567 633 2866 704 Evangelia
2886 633 3252 705 scripserunt,
3277 633 3399 688 haec
3419 635 3571 703 sunt,
3596 630 3924 695 Matthaaus,

2275 727 2508 795 Marcus,
2539 727 2734 796 Lucas,
2763 727 3068 783 Iohannes.

2345 823 2470 875 Post
2498 821 2607 874 haec
2635 821 2765 890 legit
2791 821 3049 876 diaconus
3077 823 3296 876 initium
3321 820 3608 891 Evangelii
3631 818 3929 875 secundum

2277 915 2614 970 Matthaeum.
2643 917 2714 970 Et
2731 919 3021 986 postquam
3051 916 3258 985 legerit,
3288 919 3491 971 tractat
3523 915 3816 985 presbyter
3843 913 3930 968 his

2276 1007 2470 1062 verbis.

2351 1100 2474 1156 Filii
2499 1101 2795 1172 carissimi,
2825 1118 2898 1157 ne
2933 1102 3146 1158 diutius
3171 1117 3308 1174 ergo
3347 1118 3445 1156 vos
3471 1105 3792 1169 teneamus,
3821 1117 3924 1155 ex-

2278 1211 2555 1266 ponamus
2598 1197 2755 1251 vobis
2805 1212 2978 1267 quam
3021 1196 3301 1252 rationem
3350 1199 3408 1251 et
3452 1212 3626 1268 quam
3670 1194 3927 1266 ﬁguram

2279 1288 2669 1360 unusquisque
2696 1289 2757 1344 in
2790 1307 2848 1345 se
2887 1290 3203 1358 contineat;
3232 1294 3288 1344 et
3326 1305 3500 1360 quare
3535 1289 3834 1343 Matthxi-us
3864 1289 3930 1342 in

2281 1398 2338 1437 se
2363 1383 2608 1452 ﬁguram
2633 1383 2882 1438 hominis
2907 1383 3131 1452 habeat,
3151 1383 3284 1454 quia
3302 1382 3465 1438 initio
3483 1399 3584 1437 suo
3597 1382 3746 1437 nihil
3766 1381 3930 1435 aliud

2279 1475 2419 1546 agit,
2451 1475 2561 1530 nisi
2597 1477 2948 1532 nativitatem
2985 1477 3281 1532 Salvatoris
3320 1477 3486 1548 pleno
3515 1475 3715 1531 ordine
3748 1491 3931 1546 gene-

539 1570 724 1640 majus
771 1569 1028 1624 minusve
1072 1569 1385 1624 credendus
1429 1570 1519 1635 sit,
1566 1569 1846 1640 siquidem
1885 1569 1985 1622 ubi
2033 1583 2182 1622 unus
2282 1569 2520 1624 rationis
2548 1574 2793 1625 enarrat.
2822 1570 2909 1625 Sic
2942 1570 3094 1625 enim
3125 1570 3295 1643 coepit
3324 1586 3338 1624 :
3368 1571 3526 1625 Liber
3561 1571 3933 1639 generationis

539 1662 725 1732 major
751 1661 975 1731 dicitur,
1008 1662 1199 1716 deesse
1230 1662 1418 1717 minor
1445 1662 1648 1733 aliquis
1667 1662 1970 1717 indicatur.
1995 1663 2056 1715 In
2077 1661 2184 1715 hac
2281 1665 2405 1717 Iesu
2451 1664 2652 1721 Christi
2692 1665 2796 1732 ﬁlii
2832 1665 3030 1726 David,
3070 1665 3175 1733 ﬁlii
3213 1664 3511 1720 Abraham.
3545 1662 3758 1716 Videtis
3790 1663 3931 1734 quia

541 1771 678 1826 ergo
708 1754 828 1826 ipsa
853 1754 1174 1824 Divinitate,
1193 1755 1240 1809 si
1258 1755 1412 1810 aliud
1439 1755 1624 1826 majus
1643 1755 1787 1826 quis,
1811 1755 1964 1808 aliud
1988 1754 2178 1808 minus
2201 1825 2237 1828 3
2283 1772 2399 1810 non
2438 1755 2723 1811 immerito
2763 1757 2896 1812 huic
2927 1757 3176 1812 hominis
3211 1757 3504 1828 adsignata
3537 1772 3782 1827 persona
3819 1760 3929 1823 est,

540 1825 780 1917 adserat,
808 1848 858 1901 ei
896 1848 1016 1918 ipse
1061 1847 1340 1918 majestati
1377 1825 1782 1903 contumeliam
1822 1846 1972 1915 facit,
2005 1863 2179 1918 quam
2200 1825 2256 1898 B
2279 1849 2505 1922 quando
2531 1850 2602 1904 ab
2629 1850 2877 1905 hominis
2902 1851 3194 1906 nativitate
3219 1825 3446 1905 initium
3467 1825 3929 1920 comprehendit,

541 1941 815 2011 majorem
843 1945 1038 2012 putat:
1063 1942 1194 2013 quia
1217 1958 1345 1996 cum
1376 1941 1609 2012 zequalis
1636 1944 1878 2012 potestas
1904 1957 1967 1995 ac
1995 1940 2180 2010 digni-

542 2038 624 2088 tas
666 2034 956 2089 Trinitatis
992 2034 1083 2103 sit,
1130 2035 1408 2106 quidquid
1451 2035 1552 2089 uni
1592 2033 1929 2103 detrahitur,
1962 2038 2180 2089 cunctae

541 2129 737 2198 procul
761 2127 934 2182 dubio
960 2129 1164 2183 Deitati
1190 2128 1488 2200 aequaliter
1513 2129 1840 2199 derogatur.

615 2223 802 2284 Credo,
828 2221 1033 2293 inquit,
1062 2227 1308 2277 sanctam
1344 2223 1635 2278 Ecclesiam
1663 2223 2004 2277 catholicam.
2034 2223 2175 2279 San-

542 2319 747 2370 ctorum
792 2318 1226 2371 communionem.
1267 2319 1459 2373 Carnis
1499 2319 1956 2371 resurrectionem.
1995 2318 2179 2371 Vitam

542 2413 817 2464 aeternam.
848 2411 1035 2465 Amen.
1057 2411 1346 2465 Eternam
1367 2410 1539 2464 vitam
1565 2409 1709 2464 bene
1735 2409 1794 2463 in
1819 2408 2178 2464 conclusione

543 2502 792 2573 Symboli
840 2503 1137 2574 coaptavit,
1179 2503 1311 2576 quia
1345 2503 1519 2574 ipsius
1555 2503 1801 2573 Symboli
1842 2502 1979 2556 ﬁdes
2025 2519 2176 2573 pras-

544 2597 726 2650 mium
760 2600 842 2651 est
877 2597 1228 2652 aeternitatis.
1257 2600 1334 2652 Ac
1364 2614 1467 2668 per
1500 2597 1606 2650 hoc
1645 2597 1782 2651 ordo
1813 2596 2062 2667 Symboli
2089 2613 2176 2650 sa-

545 2691 679 2746 lutis
705 2692 954 2746 ascensio
981 2697 1101 2760 est;
1134 2691 1268 2763 quia
1294 2691 1338 2745 si
1379 2690 1622 2745 ﬁdeliter
1661 2690 1898 2762 quisque
1923 2691 1993 2744 ad
2019 2707 2176 2744 sum-

545 2785 798 2840 mitatem
847 2785 999 2840 illius
1050 2785 1286 2850 venerit,
1348 2784 1656 2839 certissime
1703 2783 1898 2838 salutis
1951 2787 2179 2838 aeternae

545 2882 833 2937 cardinem
868 2880 1196 2954 possidebit,
1237 2883 1515 2950 regnante
1554 2879 1792 2934 Domino
1826 2883 2018 2954 nostro
2051 2880 2181 2933 Jesu

544 2976 786 3045 Christo,
817 2975 980 3046 cujus
1022 2980 1106 3030 est
1151 2975 1334 3029 honor
1381 2978 1436 3028 et
1486 2973 1792 3044 imperium
1839 2989 1944 3045 per
1993 2973 2182 3028 omnia

545 3071 750 3124 smcula
777 3069 1127 3124 saeculorum.

1235 3140 1504 3190 Collectio.

2279 1959 2383 1998 nec
2409 1943 2695 1997 immerito
2727 1943 2810 2013 (ut
2850 1943 3115 2015 diximus)
3143 1944 3276 1999 huic
3317 1943 3590 2015 mysterio
3626 1943 3934 2015 adsignata

2281 2040 2364 2092 est
2388 2036 2633 2092 Matthaai
2661 2053 2921 2108 persona.
2952 2039 3199 2108 Erplecit
3226 2038 3517 2093 secundum
3541 2039 3741 2093 Matth.

2699 2129 2888 2193 Incipit
2917 2131 3205 2180 secundum
3241 2131 3492 2180 Marcum.

2351 2211 2502 2280 Legit
2531 2210 2789 2264 diaconus
2807 2212 3025 2265 initium
3046 2211 3334 2280 Evangelii
3349 2209 3636 2266 secundum
3655 2211 3924 2265 Marcum.

2280 2305 2517 2373 Emponit
2541 2304 2820 2373 presbyter
2847 2323 2863 2357 :

2351 2397 2566 2451 Marcus
2592 2396 2936 2468 evangelista
2961 2396 3139 2452 leonis
3168 2412 3372 2469 gerens
3390 2397 3656 2468 ﬁguram,
3679 2414 3712 2451 a
3731 2397 3932 2452 solitu-

2279 2488 2409 2544 dine
2428 2489 2629 2561 incipit
2653 2490 2840 2546 dicere
2863 2507 2876 2544 :
2903 2493 3019 2545 Vox
3039 2491 3331 2546 clamantis
3354 2492 3414 2546 .in
3446 2492 3668 2546 deserto
3695 2508 3707 2544 :
3731 2493 3934 2546 Parata

2279 2582 2430 2637 viam
2475 2583 2719 2650 Domini,
2769 2584 2984 2639 scilicet
3029 2585 3163 2656 quia
3209 2588 3408 2656 regnat
3449 2584 3710 2639 invictus.
3751 2585 3934 2654 Hujus

2280 2676 2457 2730 leonis
2501 2676 2814 2731 multifaria
2853 2677 3173 2732 invenimus
3213 2678 3490 2749 exempla,
3523 2683 3587 2733 ut
3624 2695 3742 2734 non
3772 2684 3933 2731 vacet

2280 2768 2495 2823 dictum
2539 2769 2709 2824 illut:
2743 2769 2884 2824 Juda
2930 2769 3078 2824 ﬁlius
3121 2786 3302 2837 meus,
3350 2771 3569 2827 catulus
3611 2770 3816 2839 leonis,
3859 2771 3929 2824 de

2283 2861 2538 2931 germine
2566 2862 2710 2917 mihi
2738 2863 3038 2919 ascendisti
3070 2881 3083 2918 :
3113 2865 3392 2918 recubans
3421 2864 3680 2920 dormisti
3714 2868 3781 2919 ut
3820 2865 3926 2932 leo,

2281 2957 2339 3010 et
2363 2955 2508 3010 sicut
2531 2956 2748 3011 catulus
2775 2957 2983 3026 leonis;
3015 2957 3142 3028 quis
3171 2957 3439 3012 excitabit
3465 2959 3640 3012 eum?

2733 3048 2922 3112 Incipit
2947 3050 3238 3100 secundum
3262 3051 3469 3100 Lucam.

2351 3131 2501 3200 Legit
2531 3130 2789 3186 diaconus
2816 3134 3034 3186 initium
3063 3132 3350 3202 Evangelii
3378 3132 3666 3187 secundum
3705 3134 3927 3188 Lucam.

619 3226 853 3292 Exaudi,
888 3225 1150 3293 Domine,
1172 3226 1640 3297 supplicationem
1666 3224 1894 3280 familiae
1920 3228 2055 3294 tuae,
2083 3223 2183 3296 qui
2203 3192 2256 3266 Ο
2288 3192 2504 3278 Tractat
2523 3226 2804 3294 presbyter
2829 3243 2845 3278 :

544 3319 800 3374 ﬁdelium
838 3324 1067 3373 tuorum
1113 3320 1398 3374 consortio
1437 3319 1760 3375 desiderant
1783 3317 2003 3385 sociari,
2031 3323 2095 3374 ut
2124 3319 2182 3373 in

546 3412 637 3468 die
663 3416 867 3467 sanctae
898 3412 1308 3483 sollemnitatis,
1339 3411 1639 3468 clementia
1673 3417 1771 3467 tua
1799 3411 2012 3466 donum
2037 3413 2178 3484 bap-

547 3507 788 3561 tismatis
830 3507 1120 3578 percipere
1162 3510 1510 3563 mereantur.
1542 3507 1648 3561 Per
1686 3506 1848 3560 Dom.
1922 3509 2180 3561 nostrum

543 3603 736 3657 Jesum
765 3601 1076 3657 Christum.

579 3719 687 3773 XII.
733 3733 1016 3774 EXPOSITIO
1055 3731 1469 3775 EVANGELIORUM
1509 3732 1562 3772 IN
1601 3731 1806 3772 AURIUM
1843 3732 2144 3772 APERTIONE

1177 3806 1247 3844 AD
1289 3803 1541 3843 ELECTOS.

614 3893 916 3962 Aperturi'
945 3891 1119 3961 vobis,
1162 3890 1262 3945 ﬁlii
1302 3890 1596 3959 carissimi,
1641 3890 1965 3960 Evangelia,
1997 3892 2054 3945 id
2095 3895 2181 3945 est

545 3986 748 4057 gaudia
777 3986 986 4052 divina,
1014 3984 1173 4055 prius
1201 3983 1398 4038 ordine
1426 3983 1714 4039 insinuare
1743 3985 2012 4040 debemus
2042 3985 2177 4055 quid

546 4043 933 4148 Evang’elium,
963 4043 1195 4132 et‘unde
1223 4076 1539 4146 descendat,
1563 4082 1619 4132 et
1645 4077 1806 4148 cujus
1830 4079 1891 4131 in
1919 4093 1984 4131 eo
2009 4043 2180 4132 verba

542 4174 848 4240 ponantur,
878 4174 936 4224 et
965 4185 1138 4240 quare
1164 4174 1408 4241 quatuor
1437 4170 1548 4225 sint
1581 4171 1680 4242 qui
1709 4171 1831 4224 haec
1859 4174 2015 4241 gesta
2041 4170 2174 4224 scri-

543 4266 779 4334 pserunt
792 4280 808 4331 ;
832 4262 918 4317 vel
945 4262 1043 4333 qui
1071 4266 1202 4317 sunt
1227 4263 1336 4333 ipsi
1356 4263 1439 4318 hii
1458 4268 1703 4335 quatuor
1726 4263 1821 4334 qui
1851 4263 2039 4317 divino
2061 4263 2179 4334 Spi-

544 4355 678 4424 ritu,
724 4355 1103 4411 adnunciante
1153 4357 1450 4428 propheta,
1495 4360 1627 4411 ante
1671 4355 1879 4427 signati
1929 4355 2061 4425 sint,
2105 4372 2179 4411 ne

2352 3318 2526 3371 Lucas
2569 3317 2909 3387 evangelista
2947 3318 3191 3389 speciem
3232 3318 3392 3372 vituli
3435 3322 3635 3389 gestat,
3665 3319 3737 3373 ad
3765 3320 3932 3390 cujus

2282 3409 2457 3464 instar
2473 3411 2726 3466 Salvator
2745 3415 2936 3466 noster
2956 3417 3038 3466 est
3056 3411 3398 3466 immolatus.
3424 3413 3520 3466 Hic
3541 3412 3698 3466 enim
3719 3413 3931 3467 Christi

2283 3503 2649 3574 Evangelium
2705 3504 3016 3573 locuturus,
3066 3505 3142 3558 sic
3194 3506 3362 3576 cmpit
3411 3506 3479 3560 de
3522 3505 3827 3559 Zaccharia
3879 3510 3933 3559 et

2281 3596 2581 3666 Helisabet,
2613 3597 2682 3652 de
2727 3597 2934 3668 quibus
2983 3599 3266 3653 Iohannes
3310 3599 3559 3670 Baptista
3606 3599 3667 3653 in
3705 3616 3931 3654 summa

2279 3694 2445 3744 natus
2485 3694 2569 3744 est
2604 3694 2914 3745 senectute.
2945 3693 3011 3746 Et
3050 3692 3177 3746 ideo
3210 3693 3384 3746 Lucas
3424 3692 3602 3748 vitulo
3629 3710 3924 3764 compara-

2279 3785 2393 3852 tur,
2423 3781 2556 3853 quia
2595 3784 2708 3838 duo
2743 3800 2975 3852 cornua,
3008 3785 3121 3839 duo
3159 3787 3548 3853 Testamenta;
3589 3791 3646 3840 et
3682 3790 3929 3857 quatuor

2279 3875 2491 3946 pedum
2522 3878 2780 3948 angulas,
2814 3883 2871 3932 et
2915 3882 3162 3949 quatuor
3191 3878 3493 3948 Evangelia
3534 3880 3693 3950 quasi
3733 3885 3931 3934 tenera

2280 3968 2606 4024 infirmitate
2634 3971 2944 4040 nascentia,
2973 3971 3033 4025 in
3063 3988 3121 4026 se
3149 3972 3479 4043 plenissime
3507 3972 3857 4027 continebat.

2351 4065 2483 4118 Item
2538 4065 2666 4132 legit
2718 4065 2976 4119 diaconus
3025 4067 3242 4119 initium
3298 4067 3584 4136 Evangelii
3631 4067 3931 4121 secundum

2275 4157 2589 4212 Iohannem.
2625 4161 2847 4212 Tractat
2867 4159 3149 4228 presbyter
3175 4159 3257 4212 his
3285 4160 3458 4213 verbis
3481 4179 3497 4212 :

2348 4249 2632 4304 Johannes
2659 4250 2829 4304 habet
2855 4250 3287 4306 similitudinem
3312 4252 3538 4322 aquilae,
3568 4253 3724 4323 quod
3753 4252 3928 4306 nimis
4007 4255 4014 4272 '

2277 4341 2389 4395 alta
2415 4342 2660 4413 petierit.
2687 4343 2779 4397 Ait
2808 4343 2964 4398 enim
2997 4360 3009 4398 :
3039 4347 3101 4400 In
3122 4347 3395 4415 principio
3425 4350 3543 4400 erat
3583 4346 3852 4411 Verbum;
3881 4351 3933 4400 et

542 4449 686 4503 forte
727 4448 845 4504 sine
888 4449 992 4503 hac
1038 4448 1252 4504 ordinis
1296 4450 1512 4504 ratione
1555 4448 1641 4502 vel
1686 4465 1852 4502 causa
1887 4452 2177 4520 stuporem
2284 4437 2516 4491 Verbum
2558 4441 2676 4490 εναί
2714 4437 2866 4507 apud
2894 4441 3084 4498 Deum,
3119 4443 3170 4492 εί
3207 4441 3342 4493 Deus
3376 4443 3494 4492 θναί
3534 4439 3788 4494 verbm"-
3816 4442 3930 4494 Ηοε

541 4542 829 4597 vobiscum
856 4543 916 4596 in
949 4542 1234 4597 mentibus
1268 4544 1680 4612 relinquamus.
1715 4542 1780 4595 Et
1808 4541 1942 4612 quia
1971 4542 2042 4596 ad
2072 4543 2177 4596 hoc

2294 4532 2395 4582 arat
2433 4529 2490 4582 in
2515 4531 2786 4598 principio
2823 4530 2974 4600 apud
3017 4533 3200 4584 Deum.
3236 4531 3305 4583 Et
3345 4529 3521 4584 David
3565 4546 3634 4584 ex
3678 4546 3928 4602 persona

540 4635 772 4690 venistis
795 4640 861 4690 ut
886 4652 1050 4691 aures
1073 4637 1230 4691 vobis
1257 4634 1607 4705 aperiantur,
1638 4650 1710 4688 ne
1734 4634 1967 4705 incipiat
1986 4651 2179 4690 sensus
2198 4620 2248 4632 υ
2278 4620 2483 4675 Christi
2508 4621 2645 4676 die“
2671 4638 2684 4675 ³
2716 4622 3098 4676 Βθηονθδίίυν
3123 4622 3269 4677 Sient
3291 4623 3784 4694 aquileuventus
3804 4628 3924 4690 tua.

540 4733 726 4784 vester
750 4729 1006 4799 obtundi,
1032 4728 1403 4798 Evangelium
1431 4727 1638 4782 dicitur
1661 4728 1888 4800 proprie
1914 4729 2062 4783 bona
2087 4729 2182 4783 ad-

541 4822 846 4878 nunciatio.
879 4825 1016 4888 Quae
1063 4821 1260 4892 utique
1301 4820 1666 4876 adnunciatio
1695 4826 1780 4876 est
1817 4823 1948 4877 Jesu
1973 4821 2178 4876 Christi

543 4915 761 4970 Domini
793 4917 890 4971 Dei
916 4913 1115 4969 nostri.
1145 4914 1445 4969 Descendit
1477 4918 1667 4968 autem
1702 4914 2072 4985 Evangelium
2109 4915 2179 4969 ab

539 5026 605 5063 eo
634 5010 785 5080 quod
815 5005 1121 5063 admmciet
1147 5011 1204 5062 et
1228 5007 1505 5076 ostendat,
1535 5007 1685 5078 quod
1713 5007 1760 5061 is
1789 5008 1888 5079 qui
1917 5024 2021 5078 per
2045 5023 2177 5078 pro-

540 5103 736 5174 phetas
753 5117 882 5156 suos
899 5099 1256 5169 loquebatur,
1274 5099 1428 5155 venit
1446 5101 1505 5154 in
1527 5116 1716 5166 carne,
1740 5101 1886 5155 sicut
1907 5100 2178 5172 scriptum

537 5201 666 5252 est:
699 5193 804 5258 Qui
852 5192 1142 5263 loquebar,
1192 5210 1318 5248 ecce
1367 5194 1590 5247 adsum.
1639 5193 1993 5265 Explicantes
2044 5210 2180 5265 ergo

537 5287 785 5344 breviter
811 5285 948 5356 quid
986 5286 1058 5341 sit
1095 5285 1486 5357 Evangelium,
1516 5286 1602 5340 vel
1629 5286 1728 5358 qui
1767 5291 1899 5342 sunt
1928 5286 2004 5340 hii
2034 5302 2177 5356 qua-

537 5387 690 5444 tuor,
723 5378 819 5450 qui
859 5394 962 5448 per
997 5379 1339 5451 prephetam
1364 5382 1494 5432 ante
1524 5379 1822 5434 monstrati
1849 5383 1999 5446 sunt,
2029 5394 2182 5433 nunc

539 5475 752 5544 ﬁguras
779 5472 963 5545 adque
989 5472 1225 5527 nomina
1263 5471 1501 5542 singulis
1540 5471 1906 5543 adsignemus
1933 5470 2177 5526 indiciis.

539 5566 631 5620 Ait
668 5566 820 5621 enim
860 5567 1141 5638 propheta
1181 5564 1492 5619 Hezechiel.
1531 5567 1599 5620 Et
1644 5564 1954 5620 similitudo
1995 5563 2183 5618 vultus

537 5676 735 5715 eorum
774 5665 841 5714 ut
884 5658 1052 5713 facies
1086 5657 1352 5727 hominis,
1393 5663 1455 5713 ut
1495 5658 1663 5714 facies
1707 5658 1884 5713 leonis
1926 5655 2120 5730 343
2150 5674 2183 5711 a

536 5754 748 5810 dextris
777 5751 953 5820 illius;
983 5749 1040 5806 e't
1071 5750 1239 5807 facies
1275 5751 1457 5820 vituli,
1496 5757 1552 5808 et
1590 5751 1757 5808 facies
1795 5750 2001 5822 aquilae
2043 5767 2076 5804 a
2103 5749 2178 5804 si-

2280 4713 2337 4767 id
2374 4717 2459 4768 est
2502 4715 2630 4769 Jesu
2671 4715 2876 4770 Christi
2920 4715 3142 4770 Domini
3185 4715 3384 4786 nostri,
3413 4715 3510 4787 qui
3552 4731 3862 4786 resurgens
3895 4733 3926 4769 a

2280 4807 2540 4874 mortuis,
2567 4808 2820 4864 ascendit
2844 4809 2904 4863 in
2925 4809 3090 4863 caelos
3103 4828 3120 4878 ;
3151 4809 3301 4864 unde
3321 4809 3439 4880 jam
3462 4809 3618 4864 vobis
3639 4811 3924 4880 conceptis

2279 4915 2527 4971 regnans
2573 4899 2850 4971 gloriatur
2892 4901 3152 4971 Ecclesia,
3183 4900 3376 4974 344
3415 4902 3571 4956 omni
3621 4901 3923 4958 festivitate

2280 4998 2538 5047 votorum
2580 4993 2650 5047 ad
2686 5009 2833 5047 nova
2860 4994 3092 5048 tendere
3130 4995 3462 5050 Christianae
3487 4994 3628 5066 legis
3655 4996 3918 5061 exordia;

2279 5089 2344 5138 ut
2387 5085 2720 5140 adveniente
2770 5085 2860 5140 die
2909 5087 3247 5142 venerabilis
3285 5088 3531 5156 Paschaz,
3561 5088 3784 5142 lavacro
3823 5089 3919 5142 ba-

2283 5177 2558 5247 ptismatis
2587 5183 2961 5246 renascentes,
2990 5180 3134 5234 sicut
3162 5181 3339 5235 sancti
3370 5197 3568 5235 omnes
3598 5196 3924 5236 mereamur

2280 5270 2445 5325 ﬁdele
2471 5286 2681 5325 munus
2706 5271 2961 5326 infantia:
2987 5289 3018 5326 a
3047 5273 3267 5328 Christo
3302 5275 3431 5329 Iesu
3469 5273 3706 5329 Domino
3732 5278 3922 5329 nostro

2281 5363 2594 5434 percipere.
2622 5364 2731 5428 Qui
2757 5365 2892 5420 vivit
2920 5369 2974 5420 et
2998 5371 3200 5437 regnat
3229 5367 3396 5421 Deus.

2567 5465 2700 5519 XIII.
2743 5481 3146 5522 rnemxssmnss
3183 5485 3252 5523 AD
3295 5484 3633 5526 seminum.

2353 5564 2446 5630 Te,
2479 5563 2736 5633 Domine,
2775 5565 3144 5635 deprecamur
3173 5569 3230 5620 et
3267 5566 3574 5636 poscimus,
3607 5570 3669 5620 ut
3695 5565 3800 5620 hos
3837 5566 3919 5620 fa-

2282 5657 2468 5712 mulos
2497 5663 2623 5712 tuos
2652 5657 2892 5713 ﬁrmiter
2918 5659 3167 5714 stabilire
3186 5659 3460 5730 digneris.
3484 5659 3654 5731 Aperi
3675 5659 3757 5713 eis
3777 5663 3924 5715 totos

2282 5750 2466 5806 aditus
2491 5749 2644 5819 ﬁdei,
2672 5756 2736 5806 ut
2759 5751 3102 5807 credulitatis
3136 5751 3354 5824 possint
3387 5753 3569 5808 muris
3595 5751 3840 5822 includi;
3871 5756 3923 5806 et

609 5890 632 5916 a
668 5877 853 5929 Exsta.
887 5875 943 5930 in
974 5875 1187 5932 Ordine
1212 5877 1494 5942 Romano,
1526 5878 1583 5928 et
1610 5891 1737 5945 quas
1767 5877 2105 5945 sequuntur,
2141 5891 2320 5947 usque
2352 5875 2426 5929 ad
2457 5891 2613 5930 num.
2649 5877 3011 5945 sequentem.
