4014 6230
55 335 138 385 353

1118 333 1204 388 DE
1242 333 1555 389 LITURGIA
1592 336 1966 391 GALLICANA
2008 339 2205 394 LIBER
2247 341 2333 394 lli.

3306 361 3408 412 3:34

51 439 182 492 viam
208 436 451 492 veritatis
491 437 571 493 eis
594 438 816 509 plenius
859 441 1108 496 revelare
1150 442 1411 512 dignare,
1455 447 1520 497 ut
1564 459 1667 498 ne-
1691 459 1750 530 Α
1841 448 2044 499 Panem
2084 451 2327 502 nostrum
2363 451 2741 518 quotidianum
2776 454 2850 510 da
2889 455 3040 513 nobis
3088 459 3263 517 hodie.
3310 465 3410 519 Hic

51 535 211 586 sciant
238 547 338 602 per
366 532 600 587 semitas
625 533 884 588 falsitatis
924 551 1134 590 errare.
1174 538 1499 605 Agnoscant
1543 553 1670 608 quae
1771 537 2084 608 spiritalem
2111 539 2302 595 cibum
2321 541 2641 615 intelligere
2668 547 2958 606 debemus.
2981 552 3234 611 Christus
3254 557 3407 612 enim

51 629 168 678 sunt
201 623 485 690 salutaria,
517 629 581 680 ut
614 626 829 696 possint
871 626 1044 682 vitare
1083 627 1409 698 mortifera;
1450 634 1506 684 et
1539 630 1666 684 the-

49 734 223 772 sauros
249 717 569 788 intelligant
612 719 763 788 vitae,
808 725 876 775 ut
911 722 1176 776 noverint
1216 722 1413 776 mortis
1447 723 1666 778 foveam

49 813 268 878 evitare;
299 816 353 864 et
381 811 676 866 residuum
701 815 854 884 quod
880 831 1010 869 cum
1039 815 1279 885 caligine
1306 815 1537 884 habent,
1569 817 1665 872 de-

49 909 267 976 ponant,
309 908 370 958 ut
409 904 870 962 inlustrationem
915 908 1088 963 totius
1133 909 1366 964 luminis
1407 915 1662 979 sumant;

48 997 173 1052 nihil
220 997 363 1052 intra
403 997 529 1052 illos
573 1003 748 1055 restet
784 1001 1144 1057 saecularium
1187 1003 1562 1073 macularum,
1601 1009 1667 1057 ut

49 1091 190 1162 digni
223 1090 659 1147 sanctiﬁcatione
693 1093 1047 1164 baptismatis
1088 1102 1502 1167 praeparentur.
1562 1098 1666 1152 Per

50 1186 188 1239 Dom.
217 1189 500 1239 nostrum.

577 1256 828 1306 Collectio
854 1257 1100 1320 sequitur.

109 1324 308 1380 Christe
336 1327 490 1394 Jesu,
533 1327 630 1399 qui
675 1329 891 1383 cunctis
940 1335 1130 1400 portas
1172 1332 1378 1402 aperis,
1417 1337 1474 1388 et
1515 1333 1661 1387 viam

50 1417 218 1472 salutis
243 1420 514 1490 ostendis,
546 1421 838 1478 venientes
863 1422 1105 1478 famulos
1131 1429 1257 1479 tuos
1285 1426 1356 1479 ad
1403 1426 1662 1481 notitiam

49 1511 263 1566 nominis
293 1514 375 1568 tui
403 1515 649 1571 libenter
673 1516 1014 1588 amplectere
1035 1536 1050 1586 ;
1086 1523 1151 1573 ut
1177 1519 1260 1572 hii
1288 1519 1492 1574 divinae
1518 1521 1661 1591 legis

48 1605 198 1659 initiis
221 1607 514 1678 auspicati,
543 1614 599 1664 te
624 1610 946 1666 desiderent
971 1612 1227 1666 sensibus
1265 1613 1445 1684 sequi,
1487 1630 1661 1685 quem

48 1705 308 1770 coeperunt
327 1703 688 1757 sermonibus
708 1703 967 1758 conﬁteri
986 1723 1004 1772 ;
1024 1711 1080 1760 et
1100 1704 1170 1758 ab
1191 1706 1280 1760 his
1296 1707 1660 1777 plasmatibus

45 1793 134 1846 tuis
157 1794 356 1864 repelle
386 1795 598 1850 diaboli
625 1797 977 1853 incursantes
1003 1798 1258 1869 insidias,
1292 1805 1353 1855 ut
1388 1800 1458 1854 ab
1499 1801 1658 1855 omni
1680 1827 1735 1898 B

48 1886 234 1952 loco,ab
249 1887 404 1942 omni
418 1888 621 1946 fraude
635 1891 1013 1962 dejectus,nec
1029 1893 1234 1946 anima:
1250 1909 1524 1965 umquam
1537 1912 1660 1965 pos-

48 1980 319 2049 sitnocere,
338 1997 443 2036 nec
460 1985 684 2054 corpori
701 2001 716 2052 ;
740 1989 805 2039 ut
820 1984 1085 2040 inimicus
1106 1985 1308 2040 divina:
1337 1987 1656 2058 inscriptio-

52 2074 120 2126 nis
144 2074 422 2130 character
448 2093 781 2148 agnoscens,
807 2079 962 2150 quod
993 2095 1110 2134 esse
1130 2080 1252 2149 jam
1271 2081 1440 2151 coepit
1467 2085 1654 2152 tuum,

50 2183 74 2218 a
98 2183 145 2221 se
166 2167 401 2223 fateatur
423 2169 680 2225 alienum
701 2188 805 2242 per
829 2172 1058 2243 signum
1084 2173 1284 2242 crucis,
1305 2174 1458 2245 quod
1483 2191 1654 2230 num-

52 2277 192 2331 quam
209 2261 410 2317 delebit
429 2263 770 2335 impressum
786 2265 846 2319 in
857 2266 1062 2321 saecula
1079 2266 1436 2322 saeculorum.
1452 2271 1651 2324 Amen.

168 2360 286 2414 XIV.
329 2377 530 2417 INCIPIT
568 2379 839 2419 ramulo
879 2380 1166 2420 ORATIONIS
1205 2381 1502 2424 nouimus.

108 2447 352 2503 Dominus
377 2447 403 2476 ⁸
446 2455 506 2505 et
540 2451 792 2506 Salvator
833 2459 1024 2508 noster
1068 2455 1356 2525 discipulis
1394 2456 1509 2510 suis
1553 2473 1651 2528 pe-

56 2539 261 2594 tentibus
294 2544 778 2612 quemadmodum
813 2562 971 2600 orare
999 2546 1288 2617 deberent,
1319 2565 1434 2603 non
1472 2549 1654 2604 solum

58 2633 254 2688 formam
290 2635 563 2691 orationis
587 2638 879 2707 concessit,
903 2657 1102 2694 verum
1125 2642 1295 2696 etiam
1321 2659 1435 2714 qua
1464 2649 1652 2698 mente

56 2729 97 2779 et
116 2728 334 2796 puritate
362 2737 737 2800 precarentur
758 2732 1021 2802 ostendit,
1045 2739 1108 2788 ut
1126 2733 1186 2788 in
1212 2736 1480 2806 praesenti
1499 2753 1652 2790 sacra

57 2818 150 2872 haec
172 2821 322 2876 lectio
357 2823 768 2880 demonstravit
791 2842 804 2880 :
839 2826 919 2880 Tu
946 2831 1139 2882 autem
1167 2845 1297 2882 cum
1326 2829 1532 2899 orabis,
1559 2830 1648 2884 in-

20 2919 24 2938 '
57 2916 119 2966 ira
139 2913 190 2968 in
215 2914 540 2973 cubiculum
567 2923 767 2988 tuum;
798 2924 853 2974 et
883 2921 1074 2975 clauso
1101 2920 1262 2992 ostio,
1295 2939 1392 2976 ora
1427 2925 1650 2978 Patrem

59 3011 202 3062 tuum.
238 3009 572 3066 Cubiculum
602 3013 755 3084 quod
787 3014 1064 3082 nominat,
1093 3032 1210 3070 non
1241 3017 1516 3071 occultam
1546 3017 1646 3071 do-

57 3117 183 3156 mum
211 3105 470 3175 ostendit,
496 3106 593 3160 sed
613 3107 798 3161 cordis
823 3108 1002 3162 nostri
1032 3115 1315 3165 secretum
1339 3127 1353 3165 :
1388 3111 1446 3165 id
1476 3115 1558 3166 est
1585 3116 1650 3166 ut

59 3194 185 3250 malae
207 3197 534 3269 cogitationi
561 3205 756 3271 pectus
787 3207 1050 3256 nostrum
1077 3204 1312 3275 mystica
1340 3204 1470 3260 ﬁdei
1499 3205 1648 3260 clave
1669 3195 1724 3269 C

58 3288 364 3361 claudamus;
407 3310 475 3347 ac
512 3293 673 3348 labiis
699 3295 921 3364 clausis,
950 3297 1277 3368 incorrupta
1313 3302 1503 3354 mente
1540 3300 1651 3354 Deo

56 3380 327 3453 loquamur.
357 3387 507 3442 Deus
534 3388 688 3442 enim
709 3394 901 3444 noster
929 3389 1079 3459 ﬁdei,
1109 3408 1224 3445 non
1250 3393 1399 3446 vocis
1428 3393 1652 3448 auditor

58 3481 132 3530 est.
165 3478 301 3551 Ergo
327 3481 483 3537 unde
514 3499 700 3537 sermo
726 3488 828 3552 est,
861 3483 917 3538 id
945 3488 1028 3539 est
1057 3485 1350 3556 sapientia,
1395 3487 1650 3543 Christus

59 3563 281 3628 Dominus
315 3580 510 3632 noster
533 3577 681 3632 hanc
711 3576 1025 3633 orationem
1065 3595 1166 3633 nos
1208 3579 1416 3651 docuit,
1457 3587 1521 3638 ut
1573 3581 1651 3637 ita

19 3659 25 3682 ⁸
55 3678 241 3720 oremus
269 3683 282 3721 :

109 3755 275 3832 345
313 3765 480 3818 Pater
506 3768 708 3830 noster,
738 3767 833 3834 qui
864 3780 916 3820 es
943 3767 1001 3820 in
1031 3767 1192 3822 σκιάς.
1219 3766 1346 3822 Haec
1372 3765 1650 3824 libertatis

56 3863 136 3904 vox
158 3857 251 3923 est,
278 3859 331 3909 et
353 3856 524 3927 plena
553 3855 777 3912 ﬁducia.
817 3859 964 3929 Ergo
1013 3860 1101 3914 his
1146 3861 1398 3916 moribus
1441 3867 1524 3917 est
1565 3863 1647 3917 vi-

54 3942 279 4016 vendum,
312 3954 372 4004 ut
396 3954 454 4005 et
486 3947 583 4004 ﬁlii
613 3950 733 4021 Dei,
767 3956 823 4006 et
848 3952 1053 4008 fratres
1080 3954 1287 4008 Christi
1318 3972 1437 4011 esse
1467 3957 1645 4027 possi-

55 4052 173 4092 mus.
200 4038 331 4097 Nam
359 4043 587 4099 Patrem
607 4062 774 4099 suum
791 4043 970 4101 Deum
988 4064 1102 4118 qua
1121 4049 1438 4103 temeritate
1463 4049 1648 4105 dicere

57 4135 322 4206 prasumit,
370 4138 472 4209 qui
513 4138 582 4192 ab
635 4139 756 4210 ejus
802 4141 1090 4196 voluntate
1117 4143 1459 4214 degenerat?
1496 4144 1648 4198 unde

56 4237 131 4277 vos
173 4226 355 4299 dignos
410 4231 676 4287 exhibete
725 4233 1025 4304 adoptione
1087 4235 1308 4306 divina,
1376 4234 1649 4308 quoniam

57 4318 281 4389 scriptum
305 4329 384 4380 est
407 4342 420 4380 :
453 4327 742 4398 Quotquot
766 4328 1128 4385 crediderunt
1149 4329 1208 4385 in
1228 4345 1380 4400 eum,
1400 4329 1554 4386 dedit
1569 4331 1648 4386 eis

60 4414 343 4478 potestatem
369 4420 518 4475 ﬁlios
546 4421 646 4476 Dei
673 4421 818 4476 ﬁeri.

111 4507 448 4580 Sanctiﬁcatur
476 4531 682 4570 nomem
713 4521 884 4572 tuum.
915 4517 1037 4572 Non
1062 4518 1214 4590 quod
1257 4519 1400 4574 Deus
1437 4517 1649 4572 nostris

61 4602 386 4660 sanctiﬁcetur
431 4596 807 4677 orationibus,
857 4611 957 4682 qui
996 4628 1223 4682 semper
1265 4614 1348 4666 est
1387 4615 1643 4666 sanctus:

60 4690 132 4744 sed
156 4695 380 4764 petimus
407 4705 474 4755 ut
499 4719 712 4759 nomen
756 4704 880 4774 ejus
920 4705 1300 4761 sanctiﬁcetur
1340 4706 1401 4760 in
1436 4705 1596 4760 nobis
1627 4720 1642 4775 ;

61 4786 210 4856 utqui
247 4790 300 4846 in
324 4793 658 4866 baptismate
689 4797 812 4867 ejus
839 4799 1272 4870 sanctiﬁcamur,
1304 4799 1363 4854 in
1409 4799 1466 4854 id
1496 4797 1646 4870 quod

61 4889 152 4932 esse
177 4886 430 4955 ccepimus
458 4905 906 4961 perseveremus.

114 4973 352 5037 Adveniet
363 4997 588 5052 regnum
603 4989 775 5040 tuum.
790 4986 939 5040 Deus
949 5000 1197 5059 namque
1212 4990 1406 5041 noster
1421 4986 1648 5058 quando

62 5071 148 5119 non
175 5080 376 5146 regnat,
405 5077 660 5133 maxime
687 5079 848 5150 cujus
875 5096 1123 5152 regnum
1162 5084 1247 5136 est
1282 5080 1601 5136 immortale
1621 5082 1648 5136 τ

64 5153 145 5212 Sed
166 5177 277 5220 cum
297 5169 533 5226 dicimus
559 5189 572 5227 :
608 5175 805 5230 Veniat
818 5190 1043 5245 regnum
1071 5179 1244 5238 tuum,
1275 5179 1534 5230 nostrum
1561 5191 1649 5230 re-

65 5263 206 5340 gnum
239 5262 475 5331 petimus
519 5267 803 5338 advenire,
849 5285 883 5323 a
927 5270 1040 5324 Deo
1074 5268 1238 5324 nobis
1280 5266 1645 5340 promissum,

64 5339 228 5405 Christi
251 5358 520 5430 sanguine
547 5365 604 5416 et
622 5361 882 5433 passione
909 5362 1234 5435 qumsitum.

118 5442 217 5499 Fiat
241 5452 478 5509 voluntas
503 5459 618 5519 tua,
641 5458 783 5511 sicut
805 5459 864 5512 in
889 5459 1013 5513 caelo
1034 5461 1086 5512 et
1108 5460 1167 5511 in
1197 5462 1361 5513 terra.
1388 5457 1448 5512 1d
1480 5463 1564 5513 est
1588 5459 1646 5513 in

69 5543 116 5623 eo
136 5533 218 5593 ﬁat
236 5545 483 5603 voluntas
505 5552 605 5603 tua
635 5554 697 5604 ut
721 5543 874 5622 quod
901 5555 966 5606 tu
992 5549 1074 5605 vis
1101 5550 1160 5606 in
1200 5550 1360 5623 celo,
1397 5549 1504 5607 hoc
1542 5569 1646 5608 nos

67 5622 113 5678 in
133 5632 259 5689 terra
277 5641 439 5709 positi
457 5642 1043 5716 inreprehensibiliter
1067 5645 1360 5701 faciamus.

123 5748 142 5826 _'
167 5756 232 5811 Ila
252 5760 305 5817 in
331 5765 535 5823 Ordine
563 5770 843 5826 Romano.

89 5819 146 5910 ub
177 5827 227 5883 Μ
257 5840 333 5910 est
349 5819 1130 5910 ih"ﬁ61£ii£1i}3£‘ﬁi1mannm,
1183 5847 1244 5899 ut
1288 5841 1546 5899 videmus
1587 5841 1647 5898 in

72 5887 150 5950 ιίδ-
177 5913 226 5972 ιιι
249 5887 304 5962 et
319 5887 886 5970 ὶιΓΜὲξέιὶἷῖόῐιιῖοὖῖ

1768 631 1931 700 panis
1978 637 2062 687 est
2101 638 2313 704 noster,
2350 637 2449 707 qui
2489 638 2676 694 dixit:
2719 643 2836 713 Ego
2877 661 3005 700 sum
3030 649 3192 718 panis
3217 650 3406 719 vivus,

1769 724 1869 795 qui
1897 725 1967 780 de
1995 726 2134 780 caelo
2175 728 2460 784 descendi.
2489 732 2668 795 Quem
2703 737 3035 794 cotidianum
3082 741 3292 814 dicens,
3331 745 3409 799 ita

1766 833 1873 871 nos
1903 834 2128 890 semper
2156 821 2438 878 immunes
2457 828 2728 900 praecepit
2754 845 2875 886 esse
2901 835 3136 903 peccati,
3152 839 3219 891 ut
3245 838 3407 910 digni

1768 910 1945 965 simus
1975 913 2291 969 caelestibus
2318 917 2621 975 alimentis.

1837 1008 1908 1060 Et
1931 1006 2145 1060 dimitte
2169 1008 2318 1062 nobis
2347 1010 2531 1066 debita
2558 1020 2762 1082 nostra,
2790 1020 2931 1073 sicut
2953 1024 3006 1074 et
3038 1037 3132 1077 nos
3166 1024 3400 1082 dimitti-

1764 1112 1883 1153 mus
1909 1099 2237 1156 debitoribus
2260 1106 2480 1158 nostris.
2509 1107 2619 1160 Hoc
2648 1114 2874 1178 pactum
2904 1118 3007 1184 est,
3056 1116 3401 1191 signiﬁcans,

1765 1207 1881 1246 non
1910 1209 2013 1247 nos
2032 1194 2194 1248 aliter
2217 1200 2578 1265 peccatorum
2604 1217 2765 1270 posse
2800 1205 3021 1261 veniam
3063 1214 3400 1284 promereri,

1763 1285 1872 1339 nisi
1911 1287 2070 1358 prius
2097 1304 2201 1342 nos
2244 1288 2304 1343 in
2337 1290 2498 1344 nobis
2542 1292 3001 1366 delinquentibus
3031 1302 3151 1358 aliis
3177 1306 3401 1362 veniam

1763 1379 2103 1450 relaxemus,
2133 1381 2278 1438 sicut
2293 1382 2350 1437 in
2372 1385 2680 1456 Evangelio
2701 1389 2971 1446 Dominus
2994 1400 3186 1451 noster
3213 1398 3349 1454 dicit
3383 1417 3398 1454 :

1764 1472 1876 1525 Nisi
1907 1473 2230 1529 dimiseritis
2255 1483 2482 1547 peccata
2510 1479 2856 1551 hominibus,
2893 1502 2997 1541 nec
3050 1489 3205 1543 vobis
3239 1492 3400 1547 Pater

1763 1571 1944 1620 vester
1969 1567 2215 1624 dimittet
2240 1578 2487 1641 peccata.

1831 1661 1901 1714 Et
1931 1676 1994 1715 ne
2022 1677 2116 1716 nos
2136 1663 2365 1720 inducas
2387 1668 2444 1720 in
2466 1671 2830 1725 tentationem.
2869 1671 2928 1725 ld
2953 1678 3036 1728 est
3065 1691 3136 1730 ne
3163 1692 3266 1732 nos
3294 1694 3395 1749 pa-

1760 1752 1919 1806 tiaris
1963 1753 2154 1809 induci
2193 1757 2263 1810 ab
2300 1774 2366 1812 eo
2405 1760 2504 1830 qui
2546 1765 2743 1830 tentat,
2798 1766 3086 1835 pravitatis
3142 1775 3393 1829 auctore.

1759 1845 1898 1899 Nam
1925 1847 2057 1901 dicit
2085 1849 2376 1922 Scriptura
2404 1871 2416 1905 :
2460 1855 2605 1908 Deus
2629 1856 2781 1912 enim
2811 1857 3114 1917 intentator
3142 1869 3226 1919 est
3271 1881 3395 1920 ma—

1759 1939 1966 1994 lorum.
2000 1941 2260 1997 Diabolus
2281 1960 2412 1999 vero
2438 1950 2683 2003 tentator
2707 1955 2810 2006 est.
2835 1953 2917 2007 Ad
2945 1971 3119 2024 quem
3141 1958 3398 2015 evincen-

1759 2031 1895 2086 dum
1926 2034 2198 2091 Dominus
2225 2037 2365 2093 dixit
2391 2058 2404 2093 :
2440 2041 2678 2111 Vigilate
2705 2049 2761 2100 et
2786 2051 2959 2118 orate,
2982 2065 3054 2103 ne
3086 2050 3308 2108 intretis
3336 2055 3396 2109 in

1757 2128 2153 2184 tentationem.

1826 2221 1933 2277 Sed
1961 2223 2130 2277 libera
2171 2240 2266 2279 nos
2307 2243 2342 2280 a
2387 2229 2550 2284 malo.
2606 2231 2718 2285 Hoc
2760 2231 2886 2288 ideo
2924 2235 3021 2304 ait,
3065 2240 3200 2309 quia
3252 2239 3396 2296 dixit

1756 2315 2053 2385 Apostolus
2087 2335 2100 2372 :
2133 2319 2366 2374 Nescitis
2397 2322 2536 2392 quid
2561 2324 2718 2379 vobis
2741 2332 2997 2398 oporteat
3025 2348 3208 2388 orare.
3235 2335 3393 2390 Unde

1757 2407 1902 2462 Deus
1927 2411 2284 2482 omnipotens
2308 2414 2384 2469 ita
2409 2432 2440 2468 a
2457 2416 2620 2471 nobis
2645 2421 2889 2476 orandus
2909 2428 3010 2494 est,
3028 2429 3094 2480 ut
3115 2427 3392 2500 quidquid

1755 2499 2007 2559 humana
2031 2505 2306 2576 fragilitas
2332 2524 2525 2564 cavere
2546 2515 2602 2565 et
2627 2511 2802 2568 vitare
2830 2532 2944 2569 non
2970 2499 3392 2590 praevaletihoc

1754 2593 1847 2648 ille
1873 2597 2150 2668 propitius
2177 2599 2342 2654 nobis
2372 2602 2631 2658 conferre
2658 2605 2928 2676 dignetur
2953 2611 3110 2666 Jesus
3137 2612 3395 2670 Christus

1756 2688 2028 2745 Dominus
2063 2697 2274 2760 noster,
2304 2695 2402 2766 qui
2429 2695 2562 2751 vivit
2589 2702 2645 2752 et
2670 2706 2876 2770 regnat
2902 2719 3034 2758 cum
3060 2707 3183 2776 ‘Deo
3230 2709 3394 2764 Patre

1752 2782 2139 2854 omnipotente
2167 2791 2223 2841 et
2246 2787 2458 2858 Spiritu
2488 2795 2681 2846 sancto
2707 2810 2812 2863 per
2839 2797 3031 2852 omnia
3061 2801 3265 2855 srecula
3294 2818 3393 2856 sae.

1753 2876 2030 2932 culorum.

1823 2969 2015 3043 346
2031 2973 2376 3030 Patefactum
2397 2977 2571 3047 vobis,
2595 2979 2938 3037 dilectissimi
2963 2985 3145 3055 nobis,
3171 2985 3388 3042 Oratio-

1749 3078 1883 3116 nem
1912 3069 1967 3118 et
1993 3066 2320 3136 Symbolum
2348 3071 2639 3126 catholicae
2664 3074 2798 3128 ﬁdei
2825 3078 3162 3147 cognovistis
3195 3097 3208 3134 :
3237 3096 3391 3137 nunc

1747 3162 1939 3212 autem
1961 3159 2180 3214 habetis
2207 3163 2507 3233 magistros
2533 3165 2696 3221 illum
2747 3169 3159 3242 Primicerium,
3199 3178 3256 3228 et
3292 3176 3389 3230 Se-

1750 3251 2000 3306 cundum
2028 3255 2149 3324 ejus
2175 3254 2358 3326 illum,
2391 3259 2488 3329 qui
2516 3276 2611 3314 vos
2657 3261 2936 3318 edoceant
2973 3266 3130 3321 nullo
3171 3273 3390 3323 mutato

1750 3361 2030 3417 sermone,
2067 3349 2166 3403 sed
2192 3353 2256 3404 ut
2285 3350 2518 3406 audistis
2546 3354 2605 3407 in
2632 3357 2922 3426 praesenti.
2951 3361 3152 3415 Potens
3182 3367 3266 3417 est
3287 3364 3392 3417 Do-

1748 3439 1938 3495 minus
1982 3446 2192 3513 noster,
2225 3448 2287 3498 ut
2311 3461 2409 3499 vos
2441 3446 2542 3518 qui
2559 3447 2629 3502 ad
2660 3449 2831 3504 ﬁdem
2861 3453 3107 3524 curritis,
3140 3456 3210 3510 ad
3235 3456 3388 3512 lava-

1751 3551 1912 3588 crum
1938 3552 2100 3606 aquae
2122 3539 2571 3608 regenerationis
2590 3542 2891 3613 perducat;
2921 3549 2978 3600 et
2992 3562 3093 3600 nos
3109 3548 3209 3618 qui
3232 3550 3390 3606 vobis

1748 3629 2082 3699 mysterium
2107 3628 2240 3685 fidei
2278 3632 2566 3689 catholicae
2608 3653 2723 3690 una
2757 3633 3052 3709 tradimus,
3098 3641 3387 3699 vobiscum

1747 3721 1818 3777 ad
1845 3722 2083 3778 caelestia
2101 3740 2279 3795 regna
2296 3723 2463 3780 faciat
2481 3730 2798 3800 pervenire,
2825 3737 3126 3800 praestante
3149 3736 3386 3792 Domino

1748 3820 1941 3871 nostro
1983 3819 2112 3871 Jesu
2157 3818 2396 3890 Christo,
2440 3821 2530 3874 cui
2569 3826 2653 3877 est
2689 3824 2877 3880 honor
2907 3831 2962 3882 et
2991 3826 3297 3900 imperium
3327 3831 3388 3887 in

1750 3911 1956 3965 saecula
1975 3911 2335 3968 saeculorum.
2369 3916 2570 3969 Amen.

2018 4004 2122 4058 XV.
2166 4020 2324 4060 mssa
2363 4023 2416 4061 IN
2456 4024 2682 4063 svueom
2709 4008 2736 4049 δ
2773 4025 3113 4069 mxumam.

1822 4084 1881 4137 In
1905 4085 2158 4154 geminas
2184 4089 2370 4157 partes
2396 4088 2546 4143 diem
2570 4088 2724 4144 hunc
2753 4093 3128 4150 excolendum
3152 4093 3393 4170 comple-

1752 4176 1942 4246 ctitur,
1975 4175 2227 4249 Domine,
2271 4184 2477 4237 nostrae
2508 4183 2793 4240 servitutis
2826 4186 3140 4261 famulatio,
3184 4191 3271 4247 vel
3302 4193 3393 4249 die

1743 4269 1950 4341 jejunii
1977 4269 2130 4326 cultu
2158 4281 2392 4346 sacrato,
2424 4278 2512 4332 vel
2540 4278 2609 4333 de
2641 4278 2960 4352 insignibus
2987 4280 3098 4337 tuis
3128 4301 3257 4356 quae
3283 4287 3387 4342 ho—

1749 4364 1838 4420 die
1868 4366 2153 4422 fulserunt
2197 4369 2551 4426 mirabilibus
2585 4390 2598 4427 :
2649 4391 2762 4446 qua
2806 4375 3076 4430 Lazarum
3114 4377 3393 4436 reduxisti

1749 4462 1877 4529 post
1899 4459 2147 4531 Tartara,
2176 4479 2308 4517 cum
2333 4463 2402 4518 ad
2430 4481 2622 4521 vocem
2653 4468 3005 4524 intonantem
3029 4469 3301 4542 exsilivit;
3336 4477 3393 4528 et

1667 4571 1726 4644 D
1749 4556 2112 4624 quatriduani
2133 4557 2257 4627 jam
2281 4559 2527 4616 fmtentis
2555 4561 2727 4616 funus
2755 4562 3042 4618 viviﬁcans
3085 4562 3347 4622 animasti
3373 4586 3388 4636 ;

1749 4649 1834 4704 vel
1851 4650 2020 4705 etiam
2041 4667 2208 4706 causa
2231 4651 2488 4708 miraculi
2515 4653 2901 4727 obstupefacta
2919 4658 3195 4730 plaudens
3225 4661 3392 4716 turba

1749 4744 2004 4798 Bettania
2050 4747 2296 4802 accurrit
2346 4764 2476 4802 cum
2525 4748 2729 4819 palmis
2779 4751 2883 4805 tibi
2950 4752 3172 4808 obviam
3226 4755 3389 4827 Regi.

1749 4838 1964 4893 Exaudi
1994 4855 2095 4893 nos
2127 4839 2188 4894 in
2215 4841 2320 4895 hoc
2367 4842 2654 4913 geminato
2700 4843 2985 4899 servitutis
3029 4853 3243 4904 nostra:
3287 4849 3389 4904 ob-

1748 4933 1965 5003 sequio,
2021 4937 2077 4987 et
2128 4939 2332 5005 praesta
2384 4935 2723 5007 propitiatus
2770 4943 2939 5010 atque
2996 4939 3270 5014 placatus,
3327 4944 3394 5000 ut

1747 5026 1953 5080 anima:
1982 5031 2210 5099 nostrae,
2243 5045 2370 5100 quae
2410 5031 2630 5086 tumulo
2675 5036 2807 5088 sunt
2850 5040 3212 5104 peccatorum
3255 5055 3393 5094 con-

1749 5120 1938 5188 clusas,
1969 5125 2024 5176 et
2065 5120 2392 5177 cicatricum
2432 5125 2746 5181 morbidata
2776 5134 3008 5200 corrupt
3047 5144 3091 5187 ο.
3138 5175 3150 5188 .
3197 5175 3211 5189 .
3257 5176 3270 5190 .
3318 5176 3329 5190 .
3377 5174 3389 5189 .

1820 5218 2018 5270 Desunt
2043 5216 2128 5271 hic
2151 5218 2347 5272 multa.

1751 5324 1766 5340 ο
1814 5327 1827 5340 ο
1875 5327 1886 5341 ι
1933 5329 1946 5341 ο
1991 5326 2004 5342 ο
2053 5329 2065 5342 ι
2112 5329 2125 5342 ο
2171 5330 2183 5342 ι
2231 5329 2242 5343 ι
2291 5331 2302 5342 I
2351 5331 2362 5343 ι
2411 5331 2422 5344 ο
2471 5331 2484 5345 ο
2532 5333 2544 5345 ο
2591 5333 2604 5347 ο
2651 5331 2665 5346 ο
2711 5333 2724 5347 ο
2771 5335 2783 5348 ο
2831 5335 2844 5348 ο
2892 5335 2904 5348 ι
2950 5336 2963 5350 α
3012 5335 3024 5351 ι
3071 5337 3084 5351 ο
3132 5337 3144 5352 ο
3191 5338 3203 5353 ο
3253 5339 3266 5354 ο
3314 5340 3326 5355 ο
3379 5339 3391 5356 δ

1747 5359 1915 5413 Pater
1949 5374 2019 5413 ex
2045 5359 2158 5414 alto
2186 5360 2484 5430 clariﬁcat;
2519 5363 2591 5418 ad
2617 5379 2921 5420 commune
2949 5365 3223 5438 gaudium
3253 5387 3389 5426 con-

1749 5452 1961 5507 cutitur
1984 5453 2145 5524 plebs
2179 5453 2518 5525 hominum;
2571 5462 2832 5514 movetur
2871 5464 2929 5515 et
2978 5461 3202 5518 caelum.
3242 5467 3390 5520 Ante

1749 5546 1909 5617 cujus
1935 5552 2299 5619 conspectum
2328 5549 2550 5605 adstant
2575 5553 2785 5624 angeli,
2816 5557 2872 5608 et
2909 5555 3240 5629 archangeli
3275 5577 3389 5618 non

1748 5644 1967 5696 cessant
1994 5642 2259 5713 clamare,
2289 5643 2539 5699 dicentes
2573 5663 2586 5699 :
2621 5645 2878 5701 Sanctus.

1820 5778 1842 5807 ο
1878 5768 2015 5832 Quae
2041 5767 2384 5854 hic_desunt,
2414 5772 2605 5854 repete
2645 5786 2720 5854 ex
2749 5771 2949 5826 Missali
2986 5774 3386 5854 Gothicogalli-

1749 5854 1888 5894 cano
1914 5855 2074 5894 num.
2107 5841 2197 5906 27,
2223 5838 2322 5893 ubi
2352 5838 2550 5894 eadem
2581 5839 2780 5900 oratio.
