4014 6230
613 334 713 391 353

1238 441 1360 488 Post
1390 440 1610 487 secreta.

1408 328 1735 384 APPENDIX
1777 327 1861 379 AD
1897 327 2117 380 ()PERA
2156 324 2387 380 SANCTl
2425 324 2722 378 GERMANI
2764 323 3187 378 PARISIENSIS.

1748 434 1755 441 ’
1834 516 1845 518 _
2260 432 2545 518 Aﬁdueia
2584 432 2941 504 resurgendi.
2983 433 3163 504 Digne
3211 448 3350 505 ergo
3380 430 3725 488 adtentiores
3765 435 3828 484 et
3873 430 3993 483 fre-

3892 325 3923 375 3
3933 328 3995 375 ὀύ

679 524 881 596 Aspice
900 535 926 565 ⁸
953 521 1171 579 sincero
1190 522 1371 587 vultu.
1390 520 1485 591 Pie
1500 518 1817 588 ῐηίδθνδῖοτ,
1831 516 1956 573 11330
1974 532 2236 587 munem,
2264 516 2299 518 Ἦ
2342 526 2668 599 quentiores
2703 543 2808 598 pro
2837 526 3056 581 ratione
3084 526 3355 599 temporis
3390 524 3584 597 ipsius,
3613 524 3891 597 puriores
3924 524 3996 578 ad

608 619 708 691 qui
736 634 962 689 semper
985 634 1043 671 es
1080 630 1395 687 propensus
1419 612 1489 667 ad
1517 613 1698 681 dona;
1738 616 1802 667 ut
1825 612 1948 683 ipsa
1982 615 2238 667 contem-

609 712 856 786 platione
917 711 1101 765 oblata
1149 706 1458 763 sanctiﬁces
1499 706 1746 761 naturali
1784 706 2096 777 majestate,
2141 706 2243 776 qui

608 810 881 877 perpetue
903 807 1126 858 sanctus
1148 819 1226 867 es,
1250 806 1307 856 et
1326 804 1521 855 sancta
1545 800 1790 871 largiris.
1809 802 1913 856 Per
1936 800 2241 856 Dominum

609 903 869 954 nostrum
892 899 916 952 J
924 912 1082 951 esum
1108 895 1394 950 Christum
1415 895 1619 950 Filium
1648 900 1835 949 tuum.

1044 993 1293 1043 Collectio
1333 996 1451 1043 ante
1492 992 1800 1043 orationem.

678 1075 1099 1131 Venerabilibus
1128 1075 1415 1131 informati
1434 1076 1748 1147 praeceptis,
1763 1074 1978 1130 incitati
2001 1089 2239 1129 munere

605 1169 847 1241 pietatis,
875 1170 975 1241 qui
1000 1169 1187 1225 Mariae
1213 1169 1400 1224 ﬂentis
1426 1170 1704 1241 lacrymas
1728 1185 1843 1224 non
1872 1168 2111 1239 spernis,
2142 1169 2239 1222 La-

605 1279 730 1318 zaro
760 1264 1063 1334 dignanter
1082 1268 1529 1334 cognomentum
1558 1264 1745 1318 fratris
1770 1262 2034 1333 imponis,
2058 1262 2239 1317 Eccle-

604 1358 701 1413 siae
738 1358 954 1413 soboles
987 1358 1237 1429 appellas
1263 1374 1359 1412 ore
1388 1358 1583 1426 gratiae
1610 1357 1935 1428 coheredes,
1967 1356 2069 1412 tibi
2099 1372 2234 1428 sup-

601 1452 774 1525 plices
800 1453 1107 1508 clamamus
1134 1460 1191 1508 et
1221 1452 1459 1507 dicimus
1487 1470 1502 1506 :
1529 1453 1695 1506 Pater
1719 1455 1931 1507 noster.

1024 1552 1147 1599 Post
1170 1549 1459 1600 orationem
1484 1548 1829 1599 Dominicam.

675 1632 904 1699 Exerce,
938 1631 1225 1699 liberator,
1253 1631 1315 1685 in
1352 1630 1514 1685 nobis
1555 1630 1702 1701 juris
1737 1629 1954 1702 proprii
1999 1630 2232 1686 faculta—

601 1731 741 1795 tem,
772 1726 868 1798 qui
896 1726 1164 1780 Lazarum
1188 1724 1415 1794 virtute,
1446 1724 1674 1779 Mariam
1700 1724 1931 1795 pietate,
1960 1724 2235 1780 Martham

2340 621 2688 676 audiendum
2738 620 3071 692 Symbolum
3111 618 3442 676 convenitis.
3502 618 3785 690 Quicquid
3829 617 3993 672 enim

2339 715 2767 787 prmformatum
2794 719 2878 770 est
2901 715 2963 769 in
2988 714 3343 787 patriarchis,
3377 712 3646 785 quicquid
3672 710 3995 767 denuncia-

2339 814 2465 865 tum
2494 814 2580 865 est
2604 809 2664 863 in
2689 808 3013 880 Scripturis,
3053 808 3324 881 quicquid
3366 806 3741 879 praedicatum
3790 810 3885 862 est
3934 805 3994 859 in

2338 904 2651 976 prophetis,
2672 903 2760 958 vel
2786 903 2855 958 de
2882 904 2995 957 Deo
3020 902 3298 974 ingenito,
3325 901 3414 957 vel
3438 917 3509 957 ex
3536 901 3646 956 Deo
3694 900 3759 955 in
3801 900 3989 955 Deum

2338 1002 2492 1066 nato,
2521 998 2610 1052 vel
2639 997 2707 1053 de
2737 996 2947 1069 Spiritu
2974 1001 3165 1052 sancto
3196 995 3471 1068 (quamvis
3495 995 3745 1051 latenter
3787 997 3989 1049 osten—

2338 1108 2465 1147 sum
2495 1092 2581 1163 sit)
2608 1092 2695 1146 vel
2721 1091 2789 1146 de
2816 1089 3159 1162 suscipiendi
3183 1090 3434 1145 hominis
3469 1092 3853 1157 sacramento,
3900 1088 3990 1141 vel

2339 1185 2407 1240 de
2433 1190 2615 1240 morte
2641 1184 2887 1255 Domini,
2912 1184 3452 1255 resurrectionisque
3470 1180 3664 1256 348
3681 1181 3988 1253 mysterio,

2336 1282 2520 1334 totum
2549 1280 2655 1334 hoc
2684 1279 2853 1333 breve
2896 1282 3119 1333 tantum
3149 1278 3316 1349 juxta
3354 1277 3647 1331 oraculum
3684 1275 3992 1348 prepheti-

2338 1389 2470 1427 cum
2496 1372 2795 1445 Symbolus
2822 1371 2883 1427 in
2909 1388 2966 1426 se
2992 1372 3261 1440 continet,
3284 1370 3623 1449 continendo
3649 1374 3708 1426 et
3735 1369 3989 1424 salutem

2336 1471 2613 1536 nostram,
2648 1466 3022 1522 conlationem
3059 1465 3210 1534 ﬁdei,
3255 1469 3311 1521 et
3354 1464 3615 1537 gratiam,
3662 1462 3984 1536 professio-

2335 1578 2470 1616 nem
2497 1560 2748 1631 mysterii
2777 1558 3074 1615 memoriae
3101 1560 3389 1615 instruens
3432 1557 3987 1613 commendandam.

2336 1653 2443 1709 Sed
2463 1654 2586 1725 jam
2614 1654 2684 1710 ad
2705 1654 2862 1710 istius
2898 1653 3233 1709 sacramenti
3267 1652 3680 1725 plenitudinem
3719 1656 3979 1707 textum-

2335 1765 2445 1821 que
2468 1748 2781 1814 veniamus,
2809 1748 2962 1820 quod
2990 1747 3050 1803 in
3077 1748 3183 1803 hoc
3213 1747 3384 1802 modo
3407 1745 3626 1817 incipit.

599 1820 794 1875 labore
822 1836 1176 1887 remuneras;
1206 1818 1457 1913 favorem
1497 1817 1678 1888 plebis
1708 1817 1937 1889 excipis,
1992 1823 2048 1873 et
2083 1818 2234 1889 pacis
2253 1819 2311 1892 B
2351 1817 2373 1821 “
2406 1843 2585 1898 Credo
2610 1843 2670 1897 in
2687 1817 2869 1898 Dem},
2896 1844 3122 1898 patrem
3148 1841 3619 1913 omnipotentem,
3646 1839 3981 1894 Creatorem

599 1930 733 1969 voce
763 1914 1003 1968 concina
1031 1912 1307 1983 gloriaris.
1339 1914 1444 1967 Per
1472 1912 1632 1966 Dom.
1663 1916 1942 1967 nostrum.

1150 2009 1452 2060 Benedictio
1475 2010 1674 2074 populi.

671 2089 859 2164 347
892 2093 1215 2147 Perseveret
1240 2091 1300 2144 in
1328 2092 1439 2161 his,
1480 2092 1734 2159 Domine,
1776 2092 1998 2148 caeleste
2038 2093 2230 2164 signa-

597 2185 810 2254 culum,
841 2185 996 2256 quod
1025 2186 1086 2238 in
1116 2184 1196 2240 eis
1224 2184 1483 2239 conferre
1515 2184 1782 2256 dignatus
1814 2202 1873 2241 es
1904 2186 1971 2256 ἧος
2000 2190 2067 2241 ut
2093 2204 2229 2258 pro-

597 2280 729 2334 tecti
782 2278 994 2350 Spiritu
1046 2283 1261 2348 sancto,
1311 2278 1730 2334 incrementum
1780 2279 1932 2348 ﬁdei,
1994 2280 2229 2336 tutelam

594 2372 897 2442 mentium,
953 2370 1250 2427 sanitatem
1294 2388 1601 2445 corporum
1652 2373 1921 2446 consequi
1966 2390 2227 2430 merean-

599 2471 696 2521 tur
722 2470 780 2531 ᾧ.

666 2558 919 2614 Concede
942 2558 1003 2613 in
1031 2558 1120 2613 his
1161 2558 1543 2615 immaculatae
1590 2560 1719 2616 vita:
1767 2561 2010 2633 divitias,
2056 2562 2229 2618 ﬁdem

593 2656 830 2719 rectam,
848 2669 1045 2724 pacem
1055 2652 1355 2723 sinceram,
1368 2654 1699 2726 patientiam
1711 2660 1982 2724 sanctam,
2000 2656 2228 2712 humili-

591 2750 764 2801 tatem
791 2746 1133 2817 religiosam,
1165 2754 1221 2802 et
1250 2748 1652 2804 conscientiam
1678 2766 1883 2821 puram
1898 2747 1956 2810 'i‘.
1985 2751 2224 2822 Prospe-

590 2845 679 2895 ret
705 2840 785 2895 eis
810 2840 1062 2895 sanitatis
1104 2841 1320 2911 laetitia,
1353 2842 1519 2912 plena
1562 2842 1966 2897 incolumitatis
1994 2844 2222 2916 gaudia,

589 2938 646 2990 et
681 2934 1122 2990 inluminatione
1169 2940 1383 2990 aeterna
1404 2939 1474 3007 +;
1514 2939 1581 2992 ut
1614 2941 1803 2991 sancte
1846 2937 2115 3009 viventes,
2154 2939 2223 2994 de

560 3029 694 3105 \hac
714 3028 917 3084 humili
943 3032 1282 3101 terrenaque
1320 3030 1578 3103 prosapia
1612 3030 1850 3086 heredes
1889 3032 2136 3087 cazlestes
2163 3032 2225 3088 in

586 3123 686 3178 illo
708 3123 890 3179 beatae
922 3122 1118 3195 gloriae
1147 3140 1323 3195 regno
1351 3141 1484 3179 cum
1516 3124 1709 3180 electis
1751 3124 1969 3197 angelis
2009 3130 2067 3181 te
2113 3126 2220 3198 by-

585 3232 723 3273 mno
750 3217 1110 3273 confessionis
1136 3218 1256 3274 sine
1274 3217 1386 3275 ﬁne
1407 3219 1766 3276 conlaudent.
1788 3221 1895 3275 Per
1920 3220 2225 3277 Dominum
2244 3191 2299 3267 Ο

585 3315 868 3366 nostrum.

987 3382 1221 3433 Praefatio
1255 3386 1373 3448 post
1405 3381 1804 3433 Eucharistiam.

656 3462 929 3535 Acceptis,
984 3464 1185 3520 fratres
1226 3463 1521 3534 carissimi,
1574 3463 1919 3536 spiritalibus
1960 3466 2118 3535 cibis,
2166 3472 2223 3524 et

583 3555 791 3612 Christi
851 3574 1048 3613 cruore
1097 3561 1342 3630 gustato,
1384 3561 1646 3629 petamus
1697 3562 1761 3613 ut
1796 3558 2076 3631 possideat
2114 3578 2217 3634 pe-

581 3653 754 3721 ctora,
782 3652 881 3725 qui
919 3655 1114 3707 nostra
1154 3668 1251 3706 ora
1302 3651 1569 3722 dignatus
1612 3655 1696 3706 est
1732 3653 2074 3709 sanctiﬁcare
2115 3671 2221 3727 per

577 3762 861 3801 munera:
910 3746 1028 3818 ipse
1080 3744 1328 3816 corporis
1384 3744 1562 3800 nostri
1615 3750 1822 3818 purget
1860 3747 2213 3819 hospitium;

577 3842 809 3913 totoque
835 3840 1135 3895 intrisecus
1150 3839 1381 3894 homine
1395 3839 1636 3908 deterso,
1655 3841 2009 3896 sanctiﬁcatis
2032 3858 2211 3897 mem-

580 3932 699 3989 bris
726 3935 955 3989 innovet
982 3932 1246 4005 spiritum
1276 3933 1636 3989 sanctiorem.

1266 4030 1535 4081 Collectio.

648 4114 814 4169 Panis
838 4112 966 4168 vitae
991 4116 1199 4167 nostrae
1226 4112 1430 4184 aspice,
1466 4113 1613 4168 Deus
1644 4130 1657 4168 :
1689 4113 1765 4168 sis
1801 4114 2051 4170 custodia
2085 4132 2210 4170 cor-

571 4222 806 4280 porum,
835 4206 909 4260 sis
936 4204 1271 4261 salviﬁcator
1288 4206 1630 4278 animarum,
1662 4211 1723 4262 ut
1756 4212 1983 4279 pectora
2021 4214 2212 4265 nostra

569 4305 728 4357 tanto
752 4300 956 4372 poculo
991 4300 1228 4373 ciboque
1268 4299 1508 4372 ﬁrmata,
1554 4300 1784 4356 inimica
1828 4301 2047 4357 subdoli
2087 4320 2206 4359 ser-

572 4390 759 4466 pentis
782 4395 1172 4450 blandimenta
1189 4412 1305 4451 non
1325 4396 1600 4469 quatiant.
1623 4396 1730 4450 Per
1756 4395 1919 4451 Dom.
1946 4401 2208 4454 nostrum

2333 1937 2456 1992 caeli
2504 1942 2561 1992 et
2593 1941 2783 1993 terra);
2836 1938 2903 1992 Et
2942 1936 3004 1991 in
3036 1937 3226 1992 Iesum
3259 1935 3549 1991 Christum
3599 1932 3808 1988 Filium
3854 1933 3984 2004 ejus

2333 2031 2587 2102 unicum,
2617 2030 2921 2086 Dominum
2955 2034 3235 2087 nostrum.
3282 2029 3388 2095 Qui
3426 2032 3733 2099 conceptus
3780 2032 3868 2083 est
3910 2027 3982 2081 de

2332 2123 2545 2196 Spiritu
2574 2129 2764 2180 sancto
2781 2142 2799 2197 ;
2829 2129 2997 2180 natus
3024 2140 3092 2179 ex
3116 2124 3287 2180 Maria
3324 2123 3585 2195 Virgine;
3625 2137 3829 2194 passus
3870 2121 3979 2175 sub

2331 2220 2526 2275 Pontio
2581 2219 2791 2288 Pilato;
2842 2216 3165 2289 cruciﬁxus,
3219 2221 3499 2286 mortuus,
3558 2218 3617 2271 et
3674 2215 3972 2286 sepultus;

2330 2314 2495 2370 tertia
2521 2313 2611 2369 die
2636 2312 2948 2368 resurrexit
2988 2330 3023 2366 a
3066 2310 3339 2382 mortuis;
3384 2308 3636 2365 ascendit
3681 2308 3863 2363 victor
3904 2309 3973 2362 ad

2331 2408 2526 2477 caalos;
2557 2407 2702 2463 sedit
2726 2406 2797 2462 ad
2825 2406 3119 2461 dexteram
3161 2404 3260 2459 Dei
3297 2403 3478 2459 Patris
3519 2402 3970 2474 omnipotentis;

2328 2503 2459 2558 inde
2487 2505 2759 2556 venturus
2784 2499 3043 2572 judicare
3070 2499 3224 2554 vivos
3264 2503 3320 2554 et
3358 2501 3635 2552 mortuos.
3684 2496 3869 2551 Credo
3912 2497 3973 2550 in

2328 2599 2519 2652 sancto
2550 2594 2781 2667 Spiritu,
2812 2598 3003 2649 sancta
3033 2592 3276 2649 Ecclesia
3304 2590 3598 2661 catholica,
3637 2594 3971 2645 sanctorum

2326 2688 2807 2759 communionem,
2840 2705 2904 2743 ac
2937 2688 3332 2743 remissionem
3356 2690 3740 2759 peccatorum,
3786 2685 3971 2740 carnis

2325 2782 2818 2853 resurrectionem,
2846 2782 3020 2837 vitam
3046 2787 3339 2839 aeternam.

2398 2877 2726 2949 Symbolum
2754 2876 2925 2947 istud,
2967 2875 3334 2944 dilectissimi,
3360 2891 3477 2930 non
3512 2876 3834 2930 atramento
3867 2873 3961 2929 de-

2324 2970 2601 3043 pingitur,
2632 2971 2729 3025 sed
2755 2969 3022 3025 humanis
3063 2969 3327 3025 cordibus
3362 2968 3640 3025 insertum
3686 2969 3968 3024 memoria

2323 3065 2623 3121 retinetur.
2659 3072 2702 3136 η]
2728 3064 2926 3120 Credo.

2396 3161 2601 3215 Iterato
2629 3159 2785 3215 vobis
2810 3156 3144 3231 repetimus,
3186 3173 3301 3230 quo
3338 3155 3560 3212 facilius
3596 3173 3735 3212 eum
3771 3162 3963 3214 tenere

2324 3253 2567 3326 possitis.
2600 3257 2645 3323 al
2673 3253 2872 3308 Credo.

2397 3349 2561 3406 Credo
2586 3350 2645 3402 in
2679 3351 2847 3403 Deum
2871 3350 3107 3404 Patrem.
3138 3349 3204 3403 Et
3229 3346 3363 3420 quia
3386 3345 3477 3401 lex
3501 3349 3712 3401 nostrae
3742 3345 3881 3403 ﬁdei
3907 3347 3963 3401 in

2321 3442 2593 3497 Trinitate
2623 3441 2896 3512 consistit,
2933 3442 3099 3498 tertio
3133 3442 3464 3514 repetimus,
3495 3445 3561 3495 ut
3596 3440 3716 3512 ipse
3754 3457 3955 3496 nume-

2320 3552 2418 3591 rus
2451 3535 2800 3607 repetitionis
2846 3552 2976 3593 cum
3019 3537 3183 3609 signo
3223 3535 3409 3591 veniat
3443 3534 3752 3589 Trinitatis.
3796 3535 3957 3593 Credo

2319 3632 2379 3685 in
2402 3634 2570 3685 Deum
2589 3632 2827 3685 Patrem.
2858 3631 3007 3701 Ergo
3033 3630 3094 3684 in
3120 3630 3308 3709 primo
3337 3629 3509 3684 habet
3551 3630 3740 3687 Credo.
3797 3627 3955 3681 Vides

2319 3724 2472 3796 quod
2507 3724 2655 3778 Deus
2700 3728 2893 3779 noster
2932 3740 3048 3778 non
3091 3740 3187 3779 vos
3226 3724 3392 3795 jubet
3428 3722 3708 3778 discutere
3744 3720 3953 3792 judicia

2317 3817 2526 3887 divina,
2571 3817 2670 3872 sed
2712 3818 2980 3888 credere;
3028 3833 3133 3873 nec
3169 3817 3448 3872 rationem
3489 3815 3805 3888 requirere,
3861 3814 3954 3867 sed

2315 3912 2487 3967 ﬁdem
2516 3911 2844 3982 simpliciter
2872 3916 2929 3967 et
2951 3910 3322 3967 immobiliter
3354 3910 3649 3966 adhibere.
3689 3912 3752 3965 In
3788 3912 3955 3965 Deum

2313 4006 2551 4062 Patrem.
2585 4005 2873 4061 Advertite
2908 4005 3061 4077 quod
3099 4005 3237 4060 dum
3277 4004 3375 4059 Dei
3412 4004 3591 4059 Patris
3640 4018 3856 4058 nomen
3900 4002 3956 4056 in

2312 4099 2661 4155 confessione
2695 4099 3015 4171 conjungit,
3050 4098 3295 4165 ostendit
3333 4098 3484 4170 quod
3509 4114 3625 4154 non
3649 4099 3781 4152 ante
3811 4097 3956 4152 Deus

2312 4209 2431 4249 esse
2458 4193 2709 4265 coeperit,
2739 4198 2796 4248 et
2830 4198 3023 4265 postea
3047 4195 3231 4264 Pater,
3264 4193 3361 4248 sed
3388 4192 3507 4247 sine
3535 4192 3652 4247 ullo
3691 4190 3863 4247 initio
3905 4195 3955 4247 et

2311 4288 2457 4343 Deus
2486 4303 2709 4359 semper
2735 4291 2791 4343 et
2819 4288 3003 4342 Pater.
3036 4287 3177 4352 Quia
3205 4303 3343 4359 ergo
3371 4303 3594 4358 semper
3617 4286 3727 4341 fuit
3764 4288 3949 4354 Pater,

2310 4398 2535 4453 semper
2560 4380 2758 4437 habuit
2778 4381 2982 4436 Filium
3008 4382 3170 4452 cujus
3189 4383 3354 4438 Pater
3383 4385 3488 4437 est.
3526 4382 3950 4451 Omnipotentem

2308 4492 2440 4531 vero
2478 4476 2604 4531 ideo
2631 4475 2790 4546 dixit,
2820 4475 2956 4548 quia
2980 4475 3171 4531 omnia
3195 4480 3411 4548 potest;
3441 4475 3646 4547 cuique
3673 4474 3823 4530 nihil
3850 4476 3947 4531 im-
3986 4542 3987 4545 η

570 4487 762 4544 Jesum
788 4488 1077 4545 Christum
1106 4490 1331 4545 Filium.

866 4593 996 4649 XVI.
1024 4595 1062 4657 ’Σ-
1098 4611 1292 4651 mcmr
1331 4608 1602 4649 exeosmo
1642 4608 1897 4652 srnaom.

641 4689 863 4749 Fratres
891 4692 1260 4762 dilectissimi,
1289 4692 1467 4747 virtus
1495 4697 1581 4747 est
1605 4694 1941 4749 sacramenti
1968 4694 2200 4750 inlumi-

568 4786 721 4841 natio
748 4786 987 4858 animoe;
1017 4785 1309 4860 plenitudo
1334 4790 1418 4841 est
1450 4786 1715 4842 credendi
1740 4788 1801 4842 in
1845 4805 1931 4860 eo,
1959 4790 2062 4861 qui
2099 4791 2201 4845 do-

566 4883 752 4961 cetur,’
776 4898 839 4937 ac
870 4882 1105 4938 discitur
1129 4899 1146 4949 ;
1181 4885 1238 4935 et
1266 4881 1458 4938 Unitas
1487 4886 1569 4937 est
1596 4883 1901 4950 Trinitatis,
1931 4888 1989 4939 et
2016 4885 2200 4940 Trini-

566 4980 650 5030 tas
692 4976 951 5032 distincta
1017 4974 1293 5046 personis,
1349 4981 1406 5031 et
1456 4977 1745 5049 opulentia
1794 4978 2089 5050 Creatoris,
2146 4982 2203 5034 et

564 5070 880 5142 redemptio
906 5067 1203 5141 passionis.
1232 5070 1346 5125 Hoc
1374 5087 1555 5126 nexus
1583 5071 1932 5129 inﬁdelitatis
1956 5074 2197 5131 absolvi-

562 5165 676 5235 tur,
704 5165 811 5219 hoc
836 5164 966 5218 vitae
985 5162 1166 5235 janua
1190 5165 1479 5236 panditur,
1502 5166 1610 5220 hoc
1629 5166 1810 5238 gloria
1835 5169 2199 5226 confessionis

561 5257 896 5316 ostenditur.
925 5257 1244 5329 Symbolus,
1272 5259 1638 5330 dilectissimi,
1672 5262 1856 5317 brevis
1882 5268 1967 5320 est
1990 5264 2196 5334 verbis,

560 5353 660 5408 sed
686 5367 929 5423 magnus
955 5357 1039 5408 est
1063 5352 1464 5423 sacramentis;
1492 5370 1697 5425 parum
1742 5357 2043 5413 ostendens
2084 5358 2196 5413 im-

557 5445 878 5501 minutione
895 5447 1233 5513 latitudinis,
1261 5447 1359 5502 sed
1383 5450 1567 5503 totum
1597 5450 1891 5506 continens
1923 5468 2194 5524 compen-

558 5538 650 5594 dio
680 5539 999 5598 brevitatis:
1048 5540 1288 5613 exiguus
1338 5545 1403 5597 ut
1443 5544 1778 5599 memoriam
1819 5562 1933 5600 non
1970 5547 2193 5617 obruat,

556 5632 795 5692 diffusus
818 5640 892 5691 ut
942 5634 1379 5708 intelligentiam
1429 5640 1798 5710 supercedat;
1854 5640 2197 5697 conﬁrmans

559 5746 759 5787 omnes
793 5729 1141 5802 perfectione
1187 5731 1477 5805 credendi,
1531 5733 1811 5792 desiderio
1850 5735 2191 5807 conﬁtendi,

2224 4569 2284 4642 D
2308 4570 2573 4643 possibile
2602 4574 2685 4626 est
2713 4588 2726 4625 :
2760 4569 2893 4642 quia
2912 4569 3134 4641 caelum,
3161 4574 3395 4641 terram,
3434 4586 3613 4640 mare,
3657 4570 3938 4641 homines,
3982 4562 3985 4579 ⁴

2304 4664 2489 4737 adque
2516 4665 2709 4719 omnia
2735 4663 3024 4734 animalia,
3070 4679 3185 4719 non
3226 4663 3417 4737 aliquo
3458 4664 3643 4736 operis
3676 4666 3811 4719 actu
3848 4671 3939 4719 aut

2303 4758 2559 4830 artiﬁcio,
2591 4759 2687 4815 sed
2718 4760 2835 4814 solo
2863 4757 3072 4814 creavit
3098 4757 3358 4829 imperio.
3401 4758 3469 4813 Et
3491 4757 3618 4813 ideo
3644 4775 3761 4814 non
3788 4759 3932 4814 venit

2300 4852 2361 4908 in
2386 4853 2752 4925 cogitatione,
2786 4853 3072 4926 quomodo
3099 4852 3206 4907 hoc
3233 4857 3331 4908 aut
3355 4852 3495 4907 illud
3519 4854 3767 4925 potuerit
3794 4852 3926 4920 ﬁeri,

2302 4948 2403 5019 qui
2452 4940 2915 5019 Omnipotentem
2954 4962 3257 5020 precamur
3295 4947 3573 5003 conﬁteri.
3636 4950 3925 5006 Creatorem

2302 5042 2420 5096 θεειὶ
2461 5046 2513 5097 et
2564 5047 2739 5097 terrae.
2790 5043 2900 5097 Hoc
2931 5042 3028 5111 ait,
3085 5042 3238 5114 quod
3281 5042 3542 5115 superius
3590 5041 3756 5111 dixit,
3806 5041 3929 5114 quia

2299 5135 2491 5190 omnia
2518 5135 2636 5191 sola
2659 5135 2816 5191 verbi
2842 5139 3115 5208 potestate
3139 5136 3380 5208 perﬁcit.

2372 5231 2538 5288 Credo
2564 5233 2623 5286 in
2667 5231 2862 5286 Filium
2900 5231 3029 5302 ejus.
3073 5230 3359 5286 Advertite
3397 5230 3686 5304 quomodo
3722 5228 3782 5285 in
3830 5230 3925 5286 Pa-

2297 5327 2466 5393 trem,
2494 5325 2573 5380 sic
2609 5329 2666 5381 et
2688 5324 2749 5381 in
2776 5324 2982 5381 Filium
3015 5324 3088 5382 sit
3121 5325 3509 5382 credendum:
3564 5330 3620 5381 et
3658 5324 3758 5398 qui
3804 5340 3925 5381 cum

2296 5420 3917 5479 Patre.........................

2367 5580 2569 5633 Desunt
2592 5580 2755 5633 etiam
2780 5580 2865 5633 hic
2892 5580 3053 5646 folia.

2632 5672 2783 5753 XXII.
2827 5688 2980 5730 manu
3020 5689 3052 5726 v
3092 5689 3146 5731 IN
3188 5689 3341 5731 ccam
3380 5690 3590 5732 comm.
3968 5686 3969 5725 ι

626 5869 650 5899 ι
690 5856 817 5911 Haec
835 5859 891 5913 et
918 5857 1045 5913 duae
1071 5864 1368 5933 sequentes
1392 5860 1675 5919 orationes
1705 5861 1940 5921 ibidem.
