4014 6230
142 331 235 380 337
1211 326 1296 383 DE
1335 328 1645 384 LITURGIA
1682 330 2055 386 GALLICA.th
2095 333 2291 388 LIBER
2332 334 2418 388 Ill.

3401 342 3502 395 358

143 430 328 505 349
353 430 609 502 gratiam
646 429 905 487 utilitatis
946 432 1213 502 indulsit;
1252 438 1308 488 et
1350 436 1770 506 plenitudinem
1795 450 2077 524 Acruore
2103 445 2351 511 gustato,
2387 442 2650 511 petamus
2691 444 2754 496 ut
2796 439 3085 512 possideat
3119 444 3372 513 pectora,
3406 448 3503 515 qui

143 531 245 581 tua:
261 524 682 580 benedictionis
699 525 929 596 adjecit.
950 528 1058 581 Per
1076 527 1230 599 hunc
1252 545 1390 599 ergo
1415 533 1490 596 te,
1506 531 1768 597 Domine,

141 634 236 691 per
254 634 425 688 quem
445 635 676 683 omnes,
696 618 829 672 licet
846 618 1242 691 indignorum,
1264 626 1519 676 attamen
1538 623 1773 677 creden-

144 713 277 765 tium
304 728 505 782 preces
536 711 803 783 placabili
835 730 972 767 aure
1005 715 1258 775 exaudis,
1290 717 1622 786 suppliciter
1650 734 1771 771 ora-

144 823 278 872 mus,
309 809 369 858 ut
392 805 552 871 huic,
588 806 743 877 quod
776 807 1095 874 oﬁ'erimus,
1126 813 1422 878 unguento
1451 827 1515 862 ex
1542 827 1769 864 aroma-

142 900 280 955 tibus
304 898 455 953 horti
488 899 573 952 tui
605 904 662 954 et
687 900 934 970 paradisi
960 901 1041 954 tui
1062 902 1205 955 ﬂore
1227 906 1506 972 perpetuo
1529 903 1769 958 odorem

144 991 419 1046 suavitatis
442 992 698 1062 injicias;
729 995 1057 1049 accumules
1086 995 1322 1065 insuper
1343 1012 1471 1050 eam
1499 996 1768 1065 gratiam,

145 1102 374 1155 eamque
402 1085 700 1153 virtutem,
733 1104 848 1157 qua
878 1088 1173 1159 quondam
1204 1106 1389 1159 reges,
1423 1089 1769 1155 sacerdotes,

144 1179 459 1249 prophetas,
491 1196 675 1233 cornu
704 1198 738 1234 a
766 1181 1073 1235 dilectione
1106 1186 1203 1235 tua
1231 1183 1557 1258 exundante
1586 1184 1774 1252 perfu-

141 1290 243 1337 sos,
266 1274 468 1343 plenus
500 1274 829 1328 ofﬁciorum
853 1290 1090 1329 suorum
1113 1275 1487 1345 dignitatibus
1513 1276 1769 1343 induisti,

140 1371 197 1420 ut
242 1382 371 1420 cum
418 1365 628 1421 exinde
678 1385 890 1422 novam
933 1369 1037 1422 tibi
1080 1369 1365 1423 familiam
1422 1369 1769 1435 unxerimus,

142 1460 541 1530 superveniens
570 1460 629 1515 in
667 1478 785 1527 eos,
820 1462 1230 1532 coaperatione
1262 1463 1508 1533 Spiritus
1530 1464 1611 1518 tui
1640 1481 1769 1518 san-

141 1554 228 1619 cti,
262 1571 399 1606 aura
437 1554 641 1624 gratias
687 1556 931 1608 caelestis
975 1555 1257 1627 adspiret;
1306 1560 1367 1610 ut
1410 1557 1498 1611 his
1543 1573 1770 1627 quoque

142 1664 261 1701 vere
288 1646 497 1701 Christi
546 1648 625 1700 tui
664 1652 719 1701 et
758 1648 878 1702 Filii
922 1648 1024 1715 tui,
1058 1650 1240 1703 sancti
1273 1650 1515 1720 Spiritus
1551 1651 1773 1721 inlapsa

142 1742 356 1805 virtute,
390 1741 719 1796 efﬁciantur
752 1742 921 1812 hujus
961 1759 1190 1813 semper
1236 1743 1488 1797 nominis
1534 1745 1770 1799 cohere-

144 1834 252 1888 des.
281 1835 387 1888 Per
419 1836 734 1889 Dominum
766 1839 1025 1890 nostrum
1050 1838 1265 1890 Jesum.

602 1919 723 1968 Post
746 1919 982 1976 Sanctus,
1017 1919 1078 1967 Te
1106 1918 1296 1981 igitur.

207 1990 749 2057 Communicantes,
798 1994 856 2044 et
909 1990 1063 2044 diem
1116 1990 1568 2046 sacratissimum
1620 1994 1767 2046 cele-

144 2083 380 2151 brantes,
431 2102 548 2155 quo
605 2084 847 2139 traditus
901 2088 986 2138 est
1035 2085 1315 2139 Dominus
1366 2089 1561 2140 noster
1611 2089 1771 2140 Jesus

147 2177 411 2239 Christus;
445 2178 549 2231 sed
581 2181 638 2231 et
665 2177 1014 2232 memoriam
1042 2182 1402 2232 venerantes.

209 2272 355 2325 Hanc
400 2271 579 2341 igitur
624 2272 1001 2337 oblationem,
1035 2289 1207 2342 quam
1242 2271 1341 2326 tibi
1372 2270 1668 2327 offerimus
1699 2272 1770 2326 ob

149 2362 287 2417 diem
310 2364 519 2434 jejunii
547 2368 736 2419 Coma:
766 2366 1102 2432 Doniinicm,
1136 2365 1193 2419 in
1217 2382 1332 2436 qua
1358 2366 1639 2420 Dominus
1667 2384 1769 2419 no-

149 2463 252 2511 ster
273 2460 431 2513 Jesus
470 2459 731 2514 Christus
762 2460 932 2513 Filius
968 2463 1096 2513 tuus
1134 2460 1195 2512 in
1228 2475 1375 2515 novo
1402 2461 1770 2514 Testamento

150 2552 489 2606 sacriﬁcandi
538 2553 713 2607 ritum
757 2553 1021 2617 instituit,
1057 2553 1194 2607 dum
1234 2570 1448 2623 panem
1480 2570 1545 2607 ac
1570 2553 1769 2607 vinum

152 2648 283 2715 (quae
309 2646 683 2701 Melchisedec
714 2648 771 2700 in
808 2647 1278 2717 praeﬁguratione
1307 2646 1483 2701 futuri
1512 2647 1770 2717 mystcrii

152 2740 398 2794 sacerdos
426 2740 739 2810 obtulerat)
767 2740 825 2794 in
857 2742 1223 2795 sacramento
1259 2740 1402 2811 [Leg.
1439 2757 1767 2795 sacramen-

152 2833 279 2901 tum]
308 2834 393 2887 sui
420 2834 681 2905 corporis
712 2837 770 2889 et
809 2834 1106 2904 sanguinis
1136 2835 1584 2901 transformavit,
1614 2852 1767 2906 qua»

150 2941 348 2993 sumus,
379 2928 655 2993 Domine,
697 2930 755 2981 ut
806 2929 1061 2998 placatus
1098 2928 1362 2998 accipias,
1397 2928 1632 2999 diesque
1668 2946 1768 2983 no-

152 3022 299 3075 siros.

213 3116 311 3181 Qui
337 3118 528 3190 pridie
557 3134 733 3189 quam
778 3134 882 3189 pro
929 3118 1193 3174 omnium
1233 3120 1416 3173 salute
1454 3119 1768 3189 pateretur,

150 3209 414 3267 hodierna
445 3212 543 3266 die
571 3215 729 3266 stans
756 3212 815 3266 in
846 3214 1042 3268 medio
1071 3212 1481 3285 discipulorum
1513 3228 1768 3277 suorum,

151 3305 349 3376 accepit
378 3322 617 3377 panem.
648 3309 719 3361 Et
744 3308 840 3361 rel.

406 3394 665 3445 Collectio
690 3398 807 3444 ante
836 3395 1128 3446 orationem
1154 3394 1497 3445 Dominicam.

212 3467 517 3522 Precamur
546 3484 717 3535 nunc,
741 3468 987 3524 Domine
1008 3471 1172 3535 Deus,
1192 3471 1255 3522 ut
1275 3467 1771 3539 quemadmodum

155 3559 304 3614 Filius
324 3564 450 3615 tuus
473 3560 755 3615 Dominus
783 3566 977 3617 noster
1000 3562 1059 3616 in
1085 3562 1185 3616 illa
1204 3562 1522 3633 gratiarum
1546 3563 1771 3618 actione

155 3656 377 3709 mortem
409 3657 675 3711 nostram
721 3659 1083 3726 suscepturus
1124 3656 1352 3710 auditus
1381 3658 1485 3723 est,
1515 3656 1596 3710 ita
1622 3674 1772 3711 nunc

154 3750 205 3800 et
227 3764 325 3802 nos
364 3748 461 3820 qui
504 3749 696 3820 ipsum
742 3753 801 3803 et
842 3748 1015 3804 vitam
1057 3750 1179 3820 ejus
1224 3749 1555 3820 quaerimus,
1585 3750 1771 3805 audiri

155 3856 465 3898 mereamur
496 3842 555 3898 in
586 3843 871 3911 oratione,
904 3860 1081 3915 quam
1110 3860 1215 3899 nos
1253 3846 1495 3913 paterno
1521 3843 1771 3915 alloquio

158 3950 302 3990 orare
332 3937 549 4004 docuit,
580 3936 776 3992 dicens
806 3954 819 3992 :
854 3939 1042 3992 Pater.

724 4027 847 4075 Post
878 4026 1190 4076 orationem.

218 4095 449 4152 Domine
479 4097 629 4151 Deus
660 4097 1051 4169 omnipotens,
1081 4098 1266 4152 libera
1307 4114 1410 4152 nos
1441 4115 1473 4151 a
1512 4098 1685 4165 malo,
1716 4099 1774 4152 et

159 4186 209 4243 in
234 4194 486 4263 tempore
518 4195 751 4264 accepto
785 4194 937 4246 salva
967 4209 1098 4257 nos;
1128 4195 1190 4245 ut
1229 4191 1375 4246 sicut
1407 4192 1467 4246 in
1495 4192 1769 4246 condem-

162 4284 370 4340 natione
418 4285 504 4341 tui
564 4286 917 4357 perﬁdorum
971 4286 1259 4357 piaculum
1311 4287 1462 4340 salus
1511 4286 1773 4341 omnium

162 4374 269 4444 fuit,
300 4379 372 4433 sic
399 4397 509 4452 pro
547 4379 945 4434 misericordia
972 4379 1299 4434 communis
1325 4380 1524 4450 gratiae
1554 4380 1627 4433 sit
1655 4380 1771 4447 eul-

161 4471 239 4523 tus
264 4471 360 4527 iste
385 4473 773 4529 credentibus.
804 4474 949 4538 Quia
978 4472 1081 4528 tibi
1108 4477 1195 4527 est
1221 4473 1403 4545 gloria
1442 4476 1581 4544 aput
1606 4477 1769 4528 mter-

165 4578 285 4619 num
309 4567 558 4635 Patrem,
587 4585 715 4621 cum
745 4584 857 4639 quo
885 4567 1089 4623 beatus
1114 4567 1269 4621 vivis.

608 4655 906 4705 Benedictio
940 4655 1004 4704 ad
1033 4656 1303 4720 populum.

224 4721 477 4791 Benedic,
528 4725 793 4792 Domine,
844 4727 991 4780 hanc
1041 4727 1322 4781 familiam
1373 4731 1550 4794 tuam,
1600 4744 1773 4799 quam

165 4814 420 4883 plasmare
444 4819 715 4891 dignatus
735 4836 796 4874 es
814 4837 881 4874 ex
901 4837 1084 4889 coeno,
1110 4824 1168 4875 et
1188 4821 1459 4895 deinceps
1487 4819 1681 4894 350
1702 4820 1777 4875 vi-

164 4907 364 4967 viﬁcare
388 4930 495 4985 per
524 4914 813 4968 lavacrum
840 4930 852 4968 :
878 4917 1105 4985 praesta,
1128 4917 1189 4968 ut
1218 4932 1361 4985 quos
1390 4913 1642 4985 perdidit
1659 4913 1775 4968 vita

166 5014 255 5069 per
281 5012 525 5077 gustum,
558 5023 716 5063 mors
758 5006 1013 5062 reddidit
1051 5024 1154 5079 per
1191 5006 1532 5079 patibulum,
1566 5008 1775 5062 merita

170 5082 464 5165 gloriﬁcent
505 5118 609 5173 per
649 5099 1029 5162 adventum-1'.
1059 5103 1132 5157 Ut
1168 5119 1283 5157 non
1314 5101 1372 5155 in
1402 5102 1484 5155 eis
1522 5101 1777 5156 inveniat

171 5188 371 5250 dolosus
404 5195 584 5250 hostis
624 5213 730 5267 per
771 5213 869 5250 eos
915 5196 1069 5267 quod
1106 5197 1313 5268 capiat,
1359 5194 1551 5252 divina
1594 5196 1776 5267 pietas

171 5287 304 5354 quod
346 5291 604 5362 repellat,
652 5289 823 5344 ultrix
870 5289 1111 5345 ﬂamma
1151 5290 1304 5361 quod
1354 5289 1617 5352 saeviat-la
1663 5290 1775 5345 Sed

174 5392 281 5434 cum
315 5384 562 5438 terribile
610 5383 749 5438 illud
782 5383 985 5453 judicii
1026 5387 1256 5455 tempus
1294 5383 1610 5451 advenerit,
1638 5384 1775 5437 tuba

174 5480 450 5532 evocentur
469 5477 543 5532 ad
559 5478 785 5545 caelum,
806 5477 1032 5532 meritis
1052 5477 1335 5532 ducantur
1349 5478 1422 5532 ad
1443 5477 1773 5550 praemium,

176 5566 401 5633 palmani
424 5571 709 5643 accipiant
734 5575 864 5643 post
892 5570 1269 5644 triumphum.
1301 5570 1467 5637 Quod
1499 5576 1689 5643 priest.

664 5666 786 5715 Post
808 5664 1253 5716 communionem.

235 5735 473 5813 Acceptis
488 5739 539 5810 ⁸,
571 5738 873 5810 carissimi,
905 5739 1256 5813 spiritalibus
1288 5740 1449 5809 cibis,
1482 5743 1543 5795 et
1566 5742 1776 5798 Christi

240 5866 259 5894 ⁸
282 5861 399 5923 Haec
428 5869 485 5923 et
511 5882 760 5940 sequens
790 5866 975 5925 oratio
1006 5870 1190 5923 exstat
1211 5884 1402 5940 supra,
1426 5884 1588 5925 num.
1618 5869 1701 5925 14.

1875 539 2071 590 nostra
2102 551 2204 590 ora
2232 535 2502 605 dignatus
2529 540 2641 601 est;
2670 535 2791 606 ipse
2812 534 3067 606 corporis
3093 537 3273 591 nostri
3297 542 3506 609 purget

1873 630 2118 693 ostium;
2148 632 2386 700 totoque
2405 630 2748 685 intrinsecus
2767 628 3006 683 homine
3030 629 3277 698 deterso,
3301 632 3505 687 sancti-

1873 723 2056 777 ﬁcatis
2094 723 2373 777 membris
2407 722 2643 777 innovet
2673 722 2938 794 spiritum
2973 723 3343 779 sanctiorem.
3374 726 3500 780 Per.

2430 811 2679 861 Collectio
2694 811 2943 876 sequitur.

1942 890 2109 945 Panis
2136 890 2261 945 vitae
2291 894 2500 946 nostra:
2529 892 2739 963 aspice,
2770 893 2919 946 Deus
2944 909 2956 948 :
2984 892 3057 947 sis
3083 893 3342 949 custodia
3378 912 3502 950 cor-

1874 1002 2103 1056 porum,
2123 984 2198 1038 sis
2220 984 2562 1039 salviﬁcator
2581 986 2910 1041 animarum
2934 1004 2946 1053 ;
2970 989 3033 1041 ut
3053 990 3285 1058 pectora
3310 993 3506 1044 nostra

1873 1083 2034 1133 tanto
2068 1079 2270 1150 poculo
2311 1078 2552 1150 ciboque
2584 1080 2832 1145 ﬁrmata,
2863 1080 3095 1135 inimica
3131 1082 3355 1136 subdoli
3386 1100 3503 1137 ser-

1873 1173 2062 1244 pentis
2087 1171 2489 1227 blandimenta
2514 1189 2630 1226 non
2658 1173 2939 1243 quatiant.
2969 1176 3076 1228 Per
3101 1175 3430 1231 Dominum.

2153 1267 2329 1320 XVIII.
2373 1282 2575 1322 INCIPIT
2612 1282 2809 1321 ORATIO
2849 1284 2899 1323 IN
2940 1284 2991 1321 vr
3041 1284 3214 1325 FERIA.

1873 1359 2075 1415 Eadem
2112 1376 2234 1415 rere
2268 1360 2356 1415 die
2383 1377 2489 1415 non
2523 1361 2749 1423 salutat,
2781 1376 2887 1415 non
2903 1362 3117 1431 psallit.
3146 1366 3364 1434 Legitur
3388 1366 3505 1420 Lec-

1945 1451 2020 1503 tio
2047 1450 2190 1506 Osee.
2220 1452 2377 1519 Resp.
2410 1449 2654 1504 Domine
2696 1449 2907 1504 audivi.
2948 1453 3081 1506 Item
3115 1453 3232 1506 alia
3260 1453 3504 1508 :Mensis

1944 1538 2050 1591 iste
2078 1537 2444 1607 principium.
2481 1541 2681 1596 Cantat
2704 1558 2720 1592 :

1943 1631 2093 1685 Deus
2120 1648 2152 1685 a
2180 1648 2293 1702 quo
2322 1634 2379 1684 et
2403 1633 2430 1686 J
2439 1631 2578 1685 udas
2618 1634 2812 1685 reatus
2847 1632 2931 1685 sui
2962 1632 3222 1702 proditor
3248 1650 3503 1705 pcenam,

1874 1727 1932 1777 et
1946 1724 2325 1779 confessionis
2340 1742 2455 1779 suae
2476 1726 2623 1779 latro
2642 1725 2947 1795 praemium
2970 1727 3233 1797 sumpsit,
3257 1728 3507 1783 concede

1794 1816 1847 1888 B
1874 1819 2037 1871 nobis
2076 1819 2185 1889 pia:
2224 1818 2517 1889 petitionis
2562 1819 2862 1883 effectum;
2893 1823 2956 1873 ut
2982 1819 3123 1874 sicut
3156 1820 3211 1873 in
3241 1820 3521 1876 Passione.

1873 1928 1971 1965 sua
2001 1913 2162 1966 Jesus
2189 1912 2443 1965 Christus
2473 1911 2754 1965 Dominus
2781 1915 2977 1966 noster
3000 1912 3223 1968 diversa
3255 1914 3507 1985 utrisque

1871 2005 2064 2059 intulit
2088 2004 2373 2075 stipendia
2408 2004 2772 2069 meritorum,
2802 2005 2902 2071 ita,
2929 2022 2963 2059 a
3003 2007 3167 2061 nobis
3194 2007 3386 2062 ablato
3411 2024 3505 2062 ve-

1873 2097 2099 2152 tustatis
2141 2112 2357 2161 errore,
2389 2101 2447 2151 et
2490 2098 2930 2152 resurrectionis
2967 2115 3081 2153 suae
3119 2099 3367 2169 gratiam
3392 2101 3503 2155 lar-

1872 2191 2081 2262 giatur.
2114 2191 2239 2245 Per.

1953 2282 2077 2329 Item
2103 2282 2222 2343 post
2245 2279 2525 2329 lectionem
2553 2278 2823 2342 Evangelii
2849 2280 3110 2330 orationes
3134 2281 3430 2333 sollemnes.

1942 2360 2201 2427 Oremus,
2232 2360 2585 2414 dilectissimi
2618 2359 2802 2425 nobis,
2826 2359 2884 2413 in
2914 2361 3114 2431 primis
3134 2379 3237 2432 pro
3260 2363 3507 2421 Ecclesia

1872 2457 2069 2507 sancta
2100 2454 2229 2517 Dei;
2260 2456 2322 2507 ut
2364 2470 2493 2507 eam
2532 2454 2680 2507 Deus
2726 2457 2783 2506 et
2826 2453 3103 2507 Dominus
3132 2459 3328 2509 noster
3352 2457 3506 2527 paci-

1871 2546 2063 2611 ﬁeare,
2093 2546 2474 2616 multiplicare
2503 2550 2561 2600 et
2591 2546 2879 2601 custodire
2920 2547 3192 2618 dignetur
3217 2552 3339 2605 toto
3371 2551 3507 2606 orbe

1871 2642 2178 2707 terrarum,
2222 2639 2529 2709 subjiciens
2574 2639 2627 2693 ei
2670 2639 3025 2711 principatus
3074 2644 3131 2697 et
3173 2645 3506 2714 potestates,

1872 2733 2087 2803 detque
2112 2732 2278 2788 nobis
2309 2732 2682 2803 tranquillam
2717 2737 2774 2786 et
2804 2733 3063 2803 quietam
3092 2735 3269 2791 vitam
3298 2736 3511 2807 degen-

1870 2827 2022 2881 tibus
2054 2826 2375 2897 gloriﬁcare
2409 2828 2592 2881 Deum
2616 2828 2846 2880 Patrem
2869 2828 3354 2898 omnipotentem.
3378 2832 3505 2887 Per.

2564 2921 2825 2974 Oremus.

1944 2999 2324 3072 Omnipotens
2354 3000 2705 3071 sempiterne
2735 3000 2902 3065 Deus,
2937 2999 3036 3070 qui
3065 3000 3313 3070 gloriam
3342 3004 3502 3056 tuam

1873 3094 2142 3148 omnibus
2161 3093 2221 3148 in
2244 3093 2467 3149 Christo
2490 3092 2760 3165 gentibus
2780 3092 3064 3161 revelasti,
3087 3094 3310 3149 custodi
3331 3111 3508 3167 opera

1793 3196 1847 3270 ρ
1871 3187 2281 3243 misericordiae
2315 3190 2446 3253 tua},
2476 3190 2537 3241 ut
2563 3185 2811 3241 Ecclesia
2833 3189 2952 3241 toto
2981 3187 3117 3241 orbe
3146 3187 3371 3256 diffusa,
3399 3192 3508 3244 star

1872 3280 1971 3336 bili
2018 3281 2129 3335 ﬁde
2170 3281 2230 3335 in
2273 3281 2699 3336 confessionem
2739 3281 2822 3335 tui
2863 3280 3116 3336 nominis
3159 3285 3502 3353 perseveret.

1871 3376 1979 3430 Per
2006 3375 2317 3430 Dominum
2345 3379 2627 3429 nostrum.

1945 3467 2128 3542 351
2167 3469 2410 3524 Oremus
2441 3472 2499 3524 et
2524 3486 2627 3541 pro
2655 3466 2991 3523 beatissimo
3018 3485 3169 3540 papa
3196 3474 3413 3539 nostro,
3446 3474 3509 3525 ut

1873 3563 2023 3619 Deus
2053 3563 2441 3634 omnipotens,
2472 3563 2572 3633 qui
2600 3562 2775 3631 elegit
2801 3578 2935 3616 eum
2961 3561 3020 3616 in
3055 3562 3258 3617 ordine
3287 3564 3504 3635 episco-

1873 3660 2059 3729 patus,
2086 3657 2303 3710 salvum
2332 3660 2391 3710 et
2409 3655 2761 3710 incolumem
2783 3653 3067 3709 custodiat
3092 3655 3357 3711 Ecclesia:
3383 3674 3509 3712 san-

1874 3755 1977 3806 ctze
2009 3750 2084 3804 ad
2111 3749 2437 3821 regendum
2464 3748 2744 3820 populum
2773 3751 3033 3802 sanctum
3064 3749 3186 3803 Dei.

2564 3837 2826 3891 Oremus.

1944 3916 2323 3989 Omnipotens
2353 3915 2707 3989 sempiterne
2740 3917 2908 3982 Deus,
2938 3915 3099 3986 cujus
3120 3918 3337 3971 mterno
3361 3914 3511 3988 judi-

1874 4011 1959 4067 cio
1986 4012 2252 4066 universa
2282 4011 2633 4087 fundantur,
2652 4009 2869 4081 respice
2905 4007 3185 4080 pr0pitius
3212 4009 3285 4065 ad
3312 4027 3510 4083 preces

1874 4108 2118 4174 nostras,
2170 4110 2228 4160 et
2274 4107 2519 4160 electum
2569 4104 2732 4159 nobis
2782 4102 3101 4157 antistitem
3150 4106 3249 4159 tua
3297 4104 3508 4176 pietate

1874 4216 2175 4267 conserva;
2206 4203 2268 4254 ut
2293 4197 2617 4254 Christiana
2642 4197 2822 4269 plebs,
2853 4214 2979 4269 quae
3024 4194 3122 4252 tali
3155 4198 3511 4269 gubernatur

1874 4297 2126 4360 auctore,
2161 4292 2264 4347 sub
2284 4295 2447 4348 tanto
2475 4294 2743 4363 pontiﬁce
2774 4289 3128 4346 credulitatis
3150 4310 3266 4347 suae
3288 4293 3510 4348 meritis

1874 4390 2174 4459 augeatur.
2208 4388 2334 4441 Per.
3497 4394 3503 4399 ’

1946 4481 2186 4536 Oremus
2235 4484 2291 4535 et
2340 4498 2442 4552 pro
2490 4478 2758 4535 omnibus
2802 4477 3103 4549 episcopis,
3141 4479 3506 4550 presbyteris,

1790 4568 1848 4640 Ι)
1872 4573 2227 4642 diaconibus,
2261 4573 2515 4646 acolytis,
2545 4570 2856 4638 exorcistis,
2884 4570 3209 4638 lectoribus,
3238 4573 3506 4643 ostiariis,

1876 4669 2316 4735 confessoribus,
2356 4667 2692 4738 virginibus,
2730 4664 2932 4731 viduis,
2974 4667 3031 4719 et
3068 4680 3169 4735 pro
3217 4666 3379 4721 omni
3408 4685 3509 4740 po-

1876 4765 2010 4834 pulo
2040 4765 2236 4817 sancto
2264 4762 2383 4815 Dei.

2571 4832 2830 4887 Oremus.

1948 4913 2329 4985 Omnipotens
2347 4912 2697 4983 sempiterne
2716 4915 2884 4979 Deus,
2909 4911 3068 4983 cujus
3089 4912 3306 4984 Spiritu
3326 4917 3513 4973 totum

1876 5025 2084 5080 corpus
2109 5006 2372 5063 Ecclesiae
2403 5006 2793 5060 sanctiﬁcatur
2819 5009 2876 5059 et
2910 5005 3148 5077 regitur,
3178 5010 3386 5065 exaudi
3414 5028 3517 5067 nos

1876 5119 1981 5174 pro
2007 5101 2284 5156 universis
2316 5099 2615 5155 ordinibus
2642 5100 3047 5171 supplicantes,
3080 5105 3142 5156 ut
3172 5104 3374 5173 gratia:
3406 5108 3517 5160 tua:

1878 5213 2121 5252 munere
2159 5196 2229 5250 ab
2272 5194 2540 5251 omnibus
2580 5192 2681 5248 tibi
2720 5193 2991 5265 gradibus
3019 5195 3267 5251 ﬁdeliter
3303 5198 3511 5253 servias

1876 5293 1988 5345 tur.
2017 5292 2126 5345 Per
2154 5289 2487 5345 Dominum.

1950 5384 2191 5439 Oremus
2218 5386 2275 5437 et
2300 5399 2404 5454 pro
2446 5381 2947 5438 Christianissimis
2981 5382 3231 5453 regibus,
3266 5386 3327 5436 ut
3367 5378 3515 5437 Deus

1878 5480 1937 5532 et
1978 5478 2259 5533 Dominus
2286 5480 2483 5532 noster
2513 5476 2770 5531 subditas
2810 5476 2921 5530 illis
2951 5476 3124 5530 faciat
3149 5490 3354 5530 omnes
3381 5476 3513 5531 bar-

1876 5569 2046 5627 haras
2078 5572 2344 5627 nationes
2366 5572 2439 5625 ad
2466 5573 2725 5626 nostram
2752 5572 3091 5641 perpetuam
3127 5582 3353 5640 pacem.
3386 5572 3510 5625 Per.

2571 5660 2833 5715 Oremus.

1950 5741 2332 5815 Omnipotens
2358 5741 2715 5813 sempiterne
2734 5741 2903 5807 Deus,
2922 5737 2982 5794 in
3004 5737 3166 5811 cujus
3184 5755 3364 5794 manu
3382 5736 3514 5797 sunt
