4014 6230
477 330 577 383 3'59

1271 325 1598 380 APPENDIX
1637 325 1724 379 AD
1761 325 1980 381 OPERA
2020 323 2252 383 SANCTI
2291 329 2590 385 GERMANI
2628 330 3052 388 PARISIENSIS.

3754 341 3861 390 360

477 442 737 498 omnium
761 445 1090 512 temporum
1118 442 1445 510 potestates,
1475 444 1532 493 et
1557 438 1894 508 omniajura
1911 454 2115 510 regno-
2137 453 2194 524 Α
2215 442 2441 497 laudem
2467 445 2525 497 et
2554 443 2791 513 gloriam
2828 444 3074 498 nominis
3116 443 3221 499 tui.
3262 445 3367 500 Per
3401 445 3710 500 Dominum
3747 463 3857 501 no-

475 553 626 605 rum,
657 535 873 607 respice
915 534 1192 605 propitius
1229 531 1297 585 ad
1339 533 1660 585 Romanum
1687 531 1971 603 benignus
1998 533 2107 588 im-

475 630 720 701 perium,
764 632 830 682 ut
858 627 1072 697 'gentes
1123 641 1251 697 quae
1295 625 1355 678 in
1401 640 1501 677 sua
1537 623 1757 681 feritate
1799 625 2107 696 conﬁdunt,

475 722 744 794 potentiae
767 725 880 776 tute
910 721 1140 774 dextera
1162 721 1623 787 conpremantur.

550 817 788 872 Oremus
819 818 875 868 et
911 829 1013 883 pro
1055 810 1474 866 catechumenis
1515 811 1756 881 nostris;
1787 816 1853 866 ut
1881 812 2026 866 Deus
2057 817 2113 867 et

476 911 745 966 Dominus
772 910 962 961 noster
988 904 1276 976 adaperiat
1303 921 1468 959 aures
1493 905 1939 976 praecordiorum
1967 905 2110 977 ipso-

474 1019 626 1073 rum,
651 1003 1002 1074 januamque
1029 997 1450 1068 misericordiae,
1479 1002 1544 1054 ut
1571 1014 1675 1070 per
1700 999 1990 1054 lavacrum
2015 1016 2107 1055 re-

477 1092 854 1171 generationis
903 1095 1128 1163 accepta
1176 1091 1507 1147 remissione
1552 1092 1810 1148 omnium
1849 1098 2108 1164 peccato-

476 1208 626 1259 rum,
663 1193 720 1244 et
766 1187 873 1260 ipsi
915 1186 1274 1242 inveniantur
1323 1186 1382 1240 in
1429 1185 1650 1242 Christo
1697 1187 1827 1242 Iesu
1869 1186 2109 1243 Domino

473 1289 688 1340 nostro.

1160 1351 1419 1406 Oremus.

546 1448 914 1519 Omnipotens
933 1444 1278 1516 sempiterne
1309 1445 1473 1514 Deus,
1497 1444 1596 1516 qui
1621 1444 1926 1500 Ecclesiam
1951 1450 2109 1500 tuam

477 1551 619 1600 nova‘
647 1555 871 1611 semper
905 1539 1062 1609 prole
1087 1537 1396 1607 foecundas,
1429 1554 1576 1609 auge
1603 1537 1775 1592 ﬁdem
1802 1543 1858 1593 et
1885 1539 2107 1594 intelle-

475 1643 632 1693 ctum
662 1633 1081 1689 catechumenis
1123 1631 1348 1701 nostris,
1376 1635 1442 1685 ut
1479 1632 1661 1686 renati
1700 1632 1856 1687 fonte
1897 1631 2106 1704 baptis-

475 1730 661 1798 matis,
693 1726 1007 1798 adoptionis
1035 1729 1149 1781 tuae
1184 1724 1313 1779 ﬁliis
1348 1725 1754 1796 adgregentur.
1786 1728 1890 1781 Per
1916 1726 2106 1780 Domi-

475 1837 616 1880 num
624 1865 637 1878 .

546 1919 802 1981 Oremus,
832 1910 1178 1968 dilectissimi
1223 1911 1407 1979 nobis,
1437 1913 1616 1966 Deum
1655 1913 1879 1967 Patrem
1919 1913 2106 1967 omni-

474 2015 796 2083 potentem,
841 2011 906 2061 ut
952 2005 1167 2060 cunctis
1214 2005 1494 2060 mundum
1544 2010 1756 2077 purget
1801 2005 2106 2077 erroribus,

475 2105 704 2160 morbos
749 2100 986 2169 auferat,
1022 2098 1234 2152 famem
1278 2098 1540 2170 depellat,
1577 2098 1798 2170 aperiat
1839 2116 2106 2170 carceres,

473 2199 658 2254 vincla
684 2193 982 2261 dissoluat;
1005 2191 1504 2263 peregrinantibus
1530 2192 1799 2264 reditum,
1821 2193 2112 2248 inﬁrman-

471 2293 622 2347 tibus
651 2289 972 2357 sanitatem,
1003 2285 1404 2356 navigantibus
1440 2290 1669 2357 portum
1699 2287 1894 2342 salutis
1918 2287 2107 2342 indul-

476 2390 624 2458 geat.

1168 2451 1428 2505 Oremus.

546 2547 918 2617 Omnipotens
960 2547 1018 2598 et
1058 2543 1377 2598 misericors
1418 2543 1582 2612 Deus,
1613 2547 1946 2599 maestorum
1974 2561 2108 2600 con-

473 2641 673 2699 solatio
697 2637 1076 2693 laborantium
1105 2636 1404 2705 fortitudo,
1435 2637 1770 2708 perveniant
1794 2639 1864 2692 ad
1893 2644 1948 2694 te
1977 2654 2109 2710 pre-

475 2752 566 2791 ces
590 2736 658 2790 de
687 2747 1044 2805 quacumque
1071 2731 1436 2786 tribulatione
1477 2731 1867 2798 clamantium,
1897 2738 1962 2788 ut
1987 2749 2110 2787 om-

473 2847 576 2885 nes
615 2828 720 2883 sibi
760 2827 820 2881 in
863 2824 1286 2880 necessitatibus
1330 2824 1451 2879 suis
1479 2824 1924 2880 misericordiam
1954 2831 2111 2882 tuam

476 2922 761 2995 gaudeant
783 2919 1046 2975 adfuisse.
1073 2919 1180 2973 Per
1212 2918 1536 2973 Dominum.

547 3011 742 3089 352
771 3013 1011 3068 Oremus
1059 3029 1164 3084 pro
1208 3011 1488 3066 haereticis
1531 3016 1588 3068 et
1617 3012 2022 3084 schismaticis;
2048 3019 2114 3070 ut

472 3109 618 3166 Deus
639 3126 703 3163 ac
728 3107 1000 3162 Dominus
1027 3109 1221 3162 noster
1251 3110 1412 3161 emat
1439 3122 1533 3161 eos
1562 3106 1630 3160 ab
1662 3106 1952 3162 erroribus
1979 3107 2110 3163 uni-

2027 1828 2036 1834 ’
2128 1835 2184 1907 Β

2211 540 2392 591 strum
2417 537 2610 591 Iesum
2627 537 2916 593 Christum
2946 538 3148 593 Filium
3180 542 3370 610 tuum,
3399 540 3496 612 qui
3525 539 3661 595 vivit
3689 545 3746 596 et
3773 557 3860 595 re-

2212 633 2350 702 gnat
2381 629 2440 684 in
2466 629 2668 685 smcula
2697 631 3057 688 saeculorum.

2301 743 2428 797 XIX.
2459 758 2583 797 mea
2624 755 2963 799 ORATIONES‘
3002 761 3052 800 1N
3095 759 3261 800 coena
3299 758 3511 815 DOMINI,
3554 760 3675 800 sm:
3714 760 3766 800 IX

2901 831 3154 870 BIDUANA.

2282 903 2359 956 Da
2385 902 2568 970 nobis,
2599 903 2852 974 Domine,
2881 909 3173 977 perpetuae
3206 905 3614 962 benedictionis
3643 922 3860 960 munus

2211 997 2486 1066 accipere,
2516 1013 2621 1066 pro
2647 996 2854 1068 quibus
2884 998 3224 1069 Unigenitus
3254 1004 3389 1058 tuus,
3426 1000 3609 1071 sputis
3633 1000 3857 1066 inlitus,

2209 1089 2422 1160 palmas
2444 1089 2657 1160 accepit
2681 1095 2738 1144 et
2762 1091 3048 1162 colaphos.
3078 1093 3204 1146 Per.

2759 1187 3012 1238 Collectio
3039 1189 3290 1252 sequitur.

2281 1267 2536 1338 Respice,
2570 1268 2826 1336 Domine,
2859 1270 3138 1341 propitius
3177 1287 3350 1343 super
3387 1271 3534 1326 hanc
3573 1271 3858 1327 familiam

2208 1364 2386 1428 tuam,
2422 1377 2525 1431 pro
2570 1378 2681 1432 qua
2731 1362 3003 1418 Dominus
3037 1369 3229 1420 noster
3261 1367 3419 1420 Iesus
3453 1364 3714 1420 Christus
3742 1382 3858 1420 non

2209 1453 2485 1509 dubitavit
2517 1454 2779 1510 manibus
2805 1457 2953 1512 tradi
3000 1461 3306 1513 nocentum
3352 1463 3408 1513 et
3447 1459 3626 1513 crucis
3667 1459 3858 1514 subire

2207 1551 2576 1602 tormentum.
2614 1550 2740 1602 Per.

2881 1621 3018 1669 item
3047 1620 3164 1669 alia.

2280 1698 2444 1765 Deus,
2486 1698 2585 1770 qui
2626 1715 2730 1770 pro
2771 1699 3162 1771 redemptione
3207 1706 3398 1756 nostra
3427 1702 3694 1775 accepisti
3725 1719 3851 1757 san-

2211 1789 2443 1860 guinem
2481 1792 2611 1846 Iesu
2653 1793 2880 1862 Christi,
2921 1794 3070 1848 solve
3098 1810 3270 1865 opera
3306 1794 3534 1863 diaboli,
3563 1801 3619 1851 et
3659 1813 3855 1850 omnes

2207 1883 2440 1954 laqueos
2471 1885 2760 1956 disrumpe
2805 1887 3038 1957 peccati,
3079 1893 3144 1942 ut
3189 1892 3508 1943 creaturam
3545 1905 3853 1962 regenera-

2209 1977 2378 2033 tionis
2403 1977 2562 2033 nulla
2585 1980 2846 2050 polluant
2875 1981 3130 2051 contagia
3156 1983 3469 2037 vetustatis.

2532 2091 2634 2146 XX.
2676 2107 2800 2146 ITEM
2842 2107 3140 2148 ORATIONES
3179 2109 3233 2149 1N
3271 2109 3525 2150 meum.

2646 2183 2818 2234 Oratio
2847 2184 2912 2234 ad
2937 2185 3179 2234 Secunda
3208 2185 3409 2250 incipit.

2285 2261 2481 2337 353
2509 2265 3044 2334 Commemorantes,
3076 2266 3364 2335 carissimi,
3395 2267 3701 2322 Dominicaa
3737 2271 3854 2322 tra-

2211 2357 2436 2412 ditionis
2461 2358 2682 2426 horam,
2710 2377 2822 2432 qua
2845 2360 2989 2414 sicut
3024 2360 3139 2414 ovis
3163 2361 3236 2416 ad
3263 2360 3599 2417 occisionem
3629 2362 3853 2428 ductus,

2211 2455 2267 2505 et
2311 2451 2455 2506 sicut
2500 2468 2683 2523 agnus
2728 2458 2924 2508 tonsus
2967 2455 3404 2510 mansuetudine
3445 2472 3504 2510 os
3541 2472 3709 2510 suum
3740 2471 3856 2510 non

2211 2544 2492 2615 aperiens,
2521 2545 2592 2600 ad
2618 2563 2844 2601 crucem
2871 2563 3044 2618 quam
3071 2565 3174 2619 pro
3203 2549 3364 2603 nobis
3383 2549 3635 2604 ascendit
3660 2549 3858 2603 volun-

2211 2637 2386 2692 tarius
2418 2637 2748 2709 ducebatur,
2777 2644 2834 2694 et
2861 2640 3079 2695 oblatus
3099 2646 3199 2711 est,
3221 2641 3354 2713 quia
3371 2642 3491 2713 ipse
3515 2642 3715 2713 voluit,
3738 2643 3858 2696 ani-

2212 2747 2333 2784 mas
2377 2736 2598 2787 nostras
2641 2733 2865 2788 Christo
2909 2734 3150 2790 Domino
3193 2736 3307 2790 Deo
3346 2735 3440 2807 pio
3485 2736 3854 2791 commende-

2212 2841 2360 2895 mus,
2384 2829 2573 2880 nostra
2598 2831 2826 2898 peccata
2845 2830 3006 2898 Agno
3025 2828 3392 2884 immaculato
3414 2829 3856 2901 (quodammodo

2213 2917 2466 2989 ﬁguralis
2505 2924 2803 2992 tangentes
2838 2921 3038 2977 hostia:
3069 2924 3254 2994 caput)
3289 2923 3389 2978 illo
3433 2923 3656 2979 favente
3683 2924 3855 2997 (quod

2213 3012 2298 3066 sui
2328 3027 2466 3083 pace
2510 3013 2725 3068 dictum
2763 3014 2852 3087 sit)
2881 3015 3258 3088 imponamus,
3288 3020 3353 3071 ut
3386 3022 3605 3072 nostras
3634 3017 3853 3090 iniqui-

2213 3112 2374 3181 tates,
2418 3126 2557 3182 quas
2599 3109 2693 3165 ille
2734 3126 2852 3164 non
2893 3109 3110 3179 habuit,
3153 3113 3341 3182 portet
3383 3114 3438 3166 et
3480 3111 3702 3182 perdat.
3750 3111 3858 3175 Qui

473 3203 666 3272 versis,
697 3206 753 3255 et
777 3201 846 3255 ad
885 3203 1133 3253 sanctam
1165 3203 1403 3253 matrem
1440 3199 1742 3255 Ecclesiam
1780 3201 2106 3256 catholicam
2131 3205 2185 3280 ρ
2209 3219 2340 3260 cum
2371 3206 2534 3259 Patre
2561 3201 2712 3274 vivit,
2743 3204 3074 3259 dominatur
3101 3208 3157 3258 et
3185 3209 3408 3276 regnat.

473 3301 645 3369 atque
669 3293 1032 3366 apostolicam
1055 3308 1320 3376 revocare
1343 3291 1633 3364 dignetur.
1656 3295 1763 3349 Per
1783 3294 2106 3351 Dominum.

1173 3386 1429 3441 Oremus.

544 3481 912 3552 Omnipotens
955 3478 1297 3550 sempiterne
1342 3480 1507 3550 Deus,
1538 3480 1637 3552 qui
1675 3481 1854 3537 salvas
1891 3498 2106 3552 omnes,

474 3581 531 3635 et
554 3576 845 3634 neminem
887 3575 968 3628 vis
1004 3573 1210 3645 perire,
1243 3573 1459 3645 respice
1496 3574 1566 3628 ad
1591 3575 1808 3631 animas
1837 3576 2110 3631 diabolica

470 3672 669 3729 fraude
709 3670 997 3741 deceptas;
1026 3672 1092 3722 ut
1133 3668 1289 3722 omni
1330 3667 1598 3723 hzeretica
1636 3669 1908 3741 pravitate
1935 3670 2106 3742 depo-

473 3769 578 3823 sita
601 3765 948 3836 resipiscant,
982 3767 1038 3817 et
1062 3762 1131 3816 ad
1161 3760 1412 3817 veritatis
1450 3765 1564 3817 tua:
1597 3764 1835 3820 redeant
1872 3763 2107 3819 ﬁrmita-

472 3867 611 3917 tem.
640 3861 767 3914 Per.

545 3956 783 4010 Oremus
813 3955 869 4006 et
903 3965 1007 4022 pro
1045 3948 1276 4020 perfidis
1317 3948 1542 4018 Iudaeis,
1575 3953 1638 4004 ut
1661 3951 1808 4005 Deus
1834 3955 1890 4006 et
1916 3949 2106 4004 Domi-

471 4065 580 4105 nus
610 4048 805 4102 noster
844 4043 1063 4098 auferat
1097 4043 1350 4097 velamen
1399 4044 1468 4098 de
1508 4043 1772 4099 cordibus
1797 4060 2018 4114 eorum,
2045 4046 2110 4098 ut

473 4148 531 4200 et
556 4141 666 4213 ipsi
701 4141 1043 4210 cognoscant
1079 4137 1269 4192 Iesum
1306 4137 1591 4194 Christum
1633 4137 1938 4192 Dominum
1975 4153 2106 4192 nos-

474 4239 648 4292 trum.
679 4232 786 4298 Qui
817 4230 950 4287 vivit
972 4234 1030 4288 et
1055 4247 1178 4302 reg.

1163 4327 1420 4380 Oremus.

539 4421 904 4494 Omnipotens
933 4419 1278 4491 sempiterne
1310 4421 1479 4485 Deus,
1502 4416 1602 4488 qui
1623 4415 1795 4471 etiam
1815 4417 2109 4473 Iudaicam

472 4517 769 4591 perfidiam
796 4520 895 4570 tua
925 4513 1310 4568 misericordia
1335 4529 1451 4567 non
1477 4509 1726 4582 repellis,
1754 4512 1961 4566 exaudi
1984 4529 2108 4584 pre-

2718 3303 2846 3352 ltem
2875 3301 3039 3352 oratio
3069 3301 3133 3352 ad
3156 3302 3343 3352 Tertia.

2283 3388 2326 3444 O
2355 3388 2449 3459 pia
2473 3389 2571 3443 Dei
2597 3387 2710 3442 vivi
2735 3387 3040 3460 Sapientia,
3070 3403 3103 3442 o
3129 3392 3191 3442 tu
3224 3387 3416 3443 vivum
3442 3386 3643 3442 interni
3671 3387 3856 3442 Patris

2210 3481 2308 3536 Dei
2352 3481 2764 3554 sempiternum
2821 3481 3091 3550 Verbum,
3138 3482 3594 3554 sempiternaque
3641 3481 3853 3552 Virtus,

2209 3575 2343 3647 quia
2381 3580 2438 3630 et
2471 3575 2816 3647 sempiterna
2843 3573 3104 3630 nativitas
3121 3592 3138 3645 ;
3180 3575 3279 3646 qui
3312 3574 3645 3646 sempiterni
3672 3574 3856 3630 Patris

2209 3668 2586 3740 sempiternus
2611 3669 2782 3723 Filius
2811 3669 2909 3724 Dei
2937 3684 2996 3724 es
3016 3673 3072 3723 et
3095 3669 3269 3738 Deus;
3301 3674 3460 3724 extra
3485 3684 3661 3740 quem
3684 3668 3848 3739 nihil,

2210 3767 2266 3817 et
2290 3778 2394 3834 per
2419 3778 2591 3834 quem
2620 3778 2821 3831 omne;
2851 3763 2911 3817 in
2941 3779 3054 3834 quo
3083 3763 3238 3834 quod
3273 3768 3355 3819 est
3389 3767 3638 3832 constat;
3665 3763 3767 3834 qui
3795 3778 3852 3818 es

2210 3857 2355 3911 Deus
2381 3873 2553 3928 super
2571 3874 2694 3928 nos,
2714 3862 2770 3913 et
2789 3857 2963 3912 homo
2985 3861 3220 3928 propter
3239 3875 3371 3927 nos;
3391 3875 3495 3929 pro
3511 3856 3677 3912 nobis
3693 3857 3849 3912 enim

2209 3950 2361 4022 quod
2403 3968 2507 4006 nos
2549 3967 2668 4007 esse
2712 3950 2964 4020 voluisti;
3020 3950 3090 4005 da
3120 3951 3282 4005 nobis
3320 3951 3471 4024 quod
3516 3950 3848 4022 promisisti,

2209 4044 2279 4099 da
2303 4045 2484 4115 nobis,
2518 4044 2770 4116 indignis
2796 4043 2946 4112 licet,
2975 4045 3126 4117 quod
3168 4045 3436 4100 omnibus
3470 4044 3854 4100 communiter

2209 4137 2482 4207 obtulisti,
2510 4136 2830 4209 passionem
2871 4137 3078 4193 scilicet
3114 4142 3294 4207 tuam,
3326 4141 3576 4194 nostram
3616 4154 3738 4193 esse
3776 4137 3849 4192 li-

2208 4229 2504 4298 bertatem,
2533 4235 2590 4285 et
2628 4234 2785 4286 tuam
2831 4236 3076 4288 mortem
3114 4237 3366 4288 nostram
3406 4249 3526 4288 esse
3566 4233 3763 4302 vitam,
3794 4232 3852 4286 et

2208 4328 2364 4380 tuam
2407 4341 2656 4395 crucem,
2683 4327 2934 4380 nostram
2979 4342 3098 4382 esse
3138 4327 3570 4398 redemtionem,
3600 4331 3658 4383 et
3681 4331 3850 4382 tuum

2206 4418 2412 4474 vulnus
2448 4423 2699 4474 nostram
2736 4435 2853 4475 esse
2889 4420 3222 4490 sanitatem;
3246 4425 3313 4475 ut
3352 4425 3543 4476 tecum
3568 4416 3848 4488 crucifixi,

2207 4519 2304 4567 tuo
2333 4512 2480 4568 dono
2523 4529 2746 4568 sursum
2783 4513 3099 4570 exaltemur
3130 4515 3202 4570 ad
3237 4515 3458 4570 Patrem
3487 4519 3675 4572 tuum.
3704 4515 3850 4570 Cum

472 4629 564 4668 ces
589 4616 827 4677 nostras,
855 4625 994 4680 quas
1018 4623 1122 4680 pro
1151 4608 1299 4662 illius
1327 4604 1527 4678 populi
1555 4603 1933 4662 obcaecatione
1961 4605 2108 4661 defe-
2125 4575 2185 4650 D
2207 4623 2321 4679 quo
2347 4607 2546 4662 beatus
2575 4607 2713 4662 vivis
2741 4609 2798 4662 et
2824 4624 3029 4680 regnas
3054 4607 3136 4663 in.

470 4707 679 4774 rimus;
719 4709 785 4759 ut
826 4702 1018 4774 agnita
1063 4701 1315 4757 veritatis
1352 4705 1466 4754 tuae
1511 4699 1658 4767 luce,
1687 4715 1815 4772 quae
1853 4699 2106 4756 Christus

473 4806 579 4867 est,
605 4815 638 4852 a
662 4798 776 4852 suis
804 4796 1052 4852 tenebris
1079 4796 1378 4851 eruantur.
1403 4794 1529 4848 Per.

544 4895 781 4948 Oremus
810 4896 866 4946 et
888 4907 993 4964 pro
1018 4888 1276 4962 paganis,
1305 4891 1372 4942 ut
1397 4888 1544 4943 Deus
1573 4887 1930 4960 omnipotens
1956 4886 2108 4942 aufe-

474 4991 561 5045 rat
588 4986 782 5059 iniqua
811 4986 879 5040 de
906 4983 1168 5040 cordibus
1193 4998 1422 5052 eorum;
1454 4984 1511 5037 et
1536 4981 1743 5038 relictis
1777 4981 1942 5036 idolis
1967 4981 2103 5049 suis,

473 5085 874 5138 convertantur
900 5079 972 5134 ad
990 5079 1168 5133 Deum
1184 5091 1403 5146 verum,
1425 5079 1482 5130 et
1499 5075 1734 5131 unicum
1755 5075 1962 5130 Filium
1986 5076 2107 5147 ejus

469 5180 662 5234 Iesum
685 5175 993 5239 Christum,
1022 5187 1154 5226 cum
1199 5187 1311 5242 quo
1347 5169 1484 5224 vivit
1517 5173 1573 5224 et
1596 5172 1800 5240 regnat
1824 5187 1952 5225 cum
1979 5169 2105 5240 Spi-

469 5272 588 5329 ritu
612 5275 803 5326 sancto
827 5270 887 5324 in
913 5265 1121 5322 saecula
1146 5265 1502 5319 saeculorum.

1168 5359 1427 5414 Oremus.

543 5457 914 5529 Omnipotens
962 5447 1304 5520 sempiterne
1351 5447 1517 5516 Deus,
1558 5445 1657 5517 qui
1702 5461 1817 5500 non
1864 5449 2108 5500 mortem

469 5555 850 5625 peccatorum,
903 5543 1001 5600 sed
1053 5542 1227 5598 vitam
1289 5557 1514 5624 semper
1567 5539 1830 5610 inquiris,
1889 5540 2106 5611 suscipe

469 5646 749 5719 propitius
784 5639 1097 5696 orationem
1134 5638 1415 5705 nostram;
1444 5638 1500 5690 et
1537 5632 1716 5689 libera
1752 5650 1847 5690 eos
1870 5633 1941 5688 ab
1981 5633 2105 5689 ido-

467 5741 655 5798 lorum
683 5736 922 5806 cultura,
962 5737 1020 5790 et
1058 5731 1307 5804 adgrega
1341 5727 1599 5786 Ecclesiae
1643 5733 1758 5784 tua:
1799 5731 2007 5786 sancta!
2037 5726 2109 5782 ad

542 5893 567 5923 ι
591 5875 818 5933 Eaedem
841 5872 1119 5928 orationes
1144 5871 1203 5926 in
1229 5867 1461 5925 Gothico
1490 5869 1561 5925 ad
1593 5867 1792 5923 feriam
1813 5871 1864 5924 6.

2793 4706 2966 4756 Oratio
2993 4706 3058 4756 ad
3086 4707 3254 4757 Sexta.

2274 4789 2492 4851 Christe
2514 4789 2678 4859 Deus,
2700 4790 2926 4846 Adonae
2947 4807 3174 4863 magne,
3196 4807 3299 4846 nos
3320 4795 3508 4847 tecum
3531 4791 3694 4863 quasi
3712 4790 3849 4848 huic

2207 4885 2422 4940 mundo
2447 4883 2735 4956 cruciﬁge,
2766 4887 2833 4940 ut
2859 4885 2973 4940 vita
2998 4889 3096 4940 tua
3131 4885 3192 4940 in
3217 4885 3380 4941 nobis
3407 4885 3508 4954 sit;
3539 4891 3846 4958 nostraque

2205 4982 2433 5050 peccata
2462 4994 2630 5049 super
2658 4982 2712 5034 te
2749 4995 2921 5051 pone,
2949 4983 3015 5034 ut
3040 4996 3104 5035 ea
3131 4979 3453 5052 cruciﬁgas;
3481 4996 3584 5034 nos
3616 4996 3846 5052 quoque

2207 5072 2277 5126 ad
2321 5076 2374 5127 te
2419 5071 2606 5143 ipsum
2644 5072 2826 5142 trahe,
2874 5089 3004 5128 cum
3047 5089 3150 5144 pro
3189 5073 3353 5128 nobis
3394 5074 3672 5129 exaltatus
3711 5091 3772 5129 es
3811 5091 3843 5127 a

2207 5170 2377 5228 terra,
2405 5169 2470 5219 ut
2496 5181 2598 5220 nos
2626 5165 2832 5237 eripias
2858 5166 2927 5222 ab
2955 5167 3211 5222 adultero
3238 5172 3480 5240 tyranno
3508 5185 3521 5222 ε
3554 5168 3689 5240 quia
3713 5168 3844 5224 licet

2207 5275 2376 5314 carne
2402 5264 2459 5314 et
2501 5259 2650 5315 vitiis
2688 5259 2907 5315 diabolo
2931 5261 3086 5316 noxii
3111 5278 3327 5331 sumus,
3356 5262 3460 5316 tibi
3484 5267 3696 5332 tamen,
3727 5279 3842 5317 non

2206 5353 2310 5422 illi,
2345 5357 2604 5424 optamus
2630 5353 2866 5425 servire;
2899 5359 2956 5410 et
2985 5355 3088 5410 sub
3116 5359 3214 5422 tuo
3242 5356 3375 5427 jure
3403 5357 3591 5412 vivere
3619 5355 3840 5411 deside-

2206 5464 2420 5517 ramus,
2449 5452 2504 5502 et
2526 5464 2560 5501 a
2585 5452 2642 5502 te
2669 5447 2974 5519 gubernari
3002 5465 3293 5521 rogamus,
3315 5450 3416 5522 qui
3441 5467 3546 5505 nos
3572 5451 3843 5505 mortales

2209 5545 2265 5597 et
2288 5559 2322 5596 a
2349 5545 2532 5598 morte
2570 5541 2787 5596 invasos
2820 5559 2925 5613 per
2966 5548 3212 5599 mortem
3253 5544 3435 5601 crucis
3476 5544 3717 5600 liberare
3742 5560 3840 5599 vo-

2207 5635 2381 5691 luisti.
2407 5637 2513 5691 Pro
2551 5652 2665 5708 quo
2706 5635 2981 5707 singulari
3005 5637 3279 5694 beneficio
3309 5638 3581 5695 hodierna
3606 5638 3708 5694 tibi
3736 5655 3842 5694 no-

2209 5731 2322 5784 stra
2345 5728 2652 5786 famulatur
2677 5729 2929 5802 devotio;
2958 5735 3127 5804 teque
3162 5748 3315 5789 nunc
3354 5732 3523 5792 hodie
3560 5731 3845 5807 supplices
