4014 6230
119 307 200 361 361
1193 303 1278 360 DE
1317 306 1628 362 LlTl'RGIA
1665 310 1736 363 GA

1848 309 2037 365 [CANA
2077 311 2273 366 LIBER
2314 311 2401 366 ΙΙΙ.

3370 319 3471 370 362

116 415 415 479 adoramus,
434 410 820 483 imploramus,
847 414 1193 481 invocamus,
1224 417 1288 468 ut
1303 415 1373 468 ad
1401 433 1505 469 nos
1530 433 1729 487 prope-
1751 431 1808 501 Α
1831 419 2122 472 ricorditer
2141 419 2368 490 eripuit,
2399 435 2500 474 nos
2517 420 2638 490 ejus
2654 420 2824 474 Filius
2848 420 2917 475 de
2939 421 3058 475 luto
3082 420 3237 475 faecis
3265 421 3461 492 hujus,

118 524 212 574 res,
227 505 394 559 virtus
409 509 621 559 aeterna
635 507 809 560 Deus:
833 508 983 578 quod
1002 508 1165 562 nobis
1184 508 1439 580 proﬁciat
1455 515 1551 563 tua
1565 527 1725 579 crux,

117 599 449 669 triumphans
467 599 680 654 scilicet
700 601 769 654 de
792 603 1005 655 mundo
1027 602 1085 655 in
1115 602 1276 656 nobis
1291 619 1393 672 per
1418 604 1597 658 crucis
1625 605 1732 658 vir-

121 700 276 748 tutem
293 711 306 760 ;
325 697 494 763 atque
512 698 612 747 tua
624 694 802 764 pietas
820 695 981 749 nobis
1003 695 1144 749 illud
1159 695 1459 766 antiquum
1473 698 1733 753 restituat

117 787 448 854 beneﬁcium,
467 787 737 842 virtutem
753 788 981 856 scilicet,
1008 795 1063 843 et
1092 790 1330 860 gratiam
1356 805 1368 842 :
1398 790 1495 860 qui
1515 807 1618 860 per
1637 808 1733 861 po-

116 881 326 936 tentiam
356 881 547 933 futura
571 881 873 951 praeterita,
903 899 1006 953 per
1025 883 1383 953 praesentiam
1412 884 1547 937 facis
1573 885 1730 938 simi-

119 975 230 1028 liter
261 974 544 1044 praeterita
581 976 903 1045 praesentia,
928 977 1118 1044 redde,
1149 981 1214 1029 ut
1238 977 1400 1030 nobis
1426 982 1522 1031 tua
1550 979 1733 1048 passio

119 1065 290 1140 354
316 1067 390 1120 sic
410 1067 671 1121 salutaris
699 1069 789 1132 sit,
820 1069 977 1139 quasi
1006 1087 1255 1140 przrsens
1272 1075 1327 1125 et
1347 1071 1649 1140 hodierna;
1680 1078 1735 1126 et

118 1163 181 1214 sic
205 1161 357 1214 nobis
385 1161 556 1214 hodie
595 1162 689 1214 illa
719 1167 875 1232 gutta
904 1163 1079 1217 sancti
1115 1164 1407 1234 sanguinis
1437 1165 1521 1219 tui
1565 1183 1735 1235 super

117 1260 302 1308 terram
330 1253 464 1307 olim
494 1254 566 1308 de
595 1271 761 1308 cruce
800 1256 1056 1310 stillantis
1101 1257 1172 1311 sit
1219 1259 1388 1324 salus,
1441 1263 1500 1312 ut
1543 1259 1734 1312 omnia

115 1351 260 1401 terra:
287 1352 490 1400 nostrae
518 1347 723 1401 delicta
758 1349 968 1416 lavans,
995 1354 1050 1403 et
1076 1350 1328 1420 corporis
1352 1352 1529 1405 nostri
1558 1352 1734 1405 humo

115 1439 509 1510 quodammodo
541 1441 821 1512 immixta,
847 1459 952 1496 nos
974 1442 1042 1496 de
1067 1449 1213 1496 terra
1239 1448 1364 1496 tuos
1393 1444 1613 1513 efﬁciat,
1635 1461 1734 1498 nos

115 1550 320 1604 quoque
367 1533 470 1588 tibi
511 1535 674 1605 quasi
717 1552 922 1606 corpus
957 1536 1108 1589 idem
1158 1537 1502 1592 reconciliati
1530 1538 1730 1608 Capiti.

116 1627 206 1691 Qui
246 1643 444 1699 regnas
488 1644 621 1681 cum
665 1631 826 1683 Patre
878 1647 1100 1701 semper
1147 1635 1203 1684 et
1260 1630 1470 1701 Spiritu
1521 1637 1730 1696 sancto,

116 1737 248 1774 nunc.
275 1721 433 1775 nobis
461 1738 704 1793 regnare
731 1723 936 1794 incipe,
971 1725 1146 1778 Homo
1174 1725 1321 1777 Deus
1347 1723 1563 1780 Christe
1583 1726 1729 1792 Jesu,

118 1815 219 1870 Rex
242 1815 299 1869 in
325 1815 529 1869 saecula
559 1817 922 1871 saeculorum.

679 1919 851 1968 Oratio
877 1920 942 1968 ad
969 1921 1135 1970 Nona.

176 2003 214 2055 Ο
239 2003 486 2057 salutaris
513 2004 658 2058 hora
684 2005 957 2075 passionis
987 2006 999 2058 ι
1043 2025 1075 2059 o
1116 2022 1324 2075 magna
1355 2005 1734 2060 maximarum

124 2097 441 2165 gratiarum!
487 2099 648 2153 Nona
672 2099 966 2168 hodierna,
994 2100 1245 2154 maxima
1271 2100 1542 2154 horarum
1572 2100 1732 2153 hora.

124 2190 214 2242 Hac
251 2207 395 2244 nunc
443 2197 526 2258 tu,
589 2197 780 2247 noster
834 2193 1035 2248 dilecte
1087 2196 1319 2265 Sponse,
1365 2194 1614 2248 osculare
1667 2193 1736 2246 de

123 2299 282 2353 cruce,
311 2285 439 2340 licet
467 2291 597 2356 post
626 2287 808 2341 crucis
836 2288 1181 2358 trophzeum.
1211 2288 1494 2354 Osculare,
1541 2303 1732 2358 preca-

125 2393 266 2432 mur:
303 2379 546 2435 salutare
578 2386 742 2434 tuum
786 2381 1080 2451 impertire
1124 2381 1306 2450 nobis,
1353 2381 1739 2452 triumphator

126 2471 390 2540 mirabilis,
435 2474 638 2542 auriga
687 2491 972 2545 supreme.
1010 2476 1155 2530 Deus
1187 2475 1299 2546 pie,
1342 2474 1737 2546 gloriosissime

125 2569 502 2636 propugnator.
547 2571 738 2637 Avete,
786 2569 985 2637 valete,
1040 2568 1359 2623 invalescite
1411 2574 1466 2622 et
1505 2568 1740 2622 viriliter

126 2658 268 2728 agite,
298 2661 696 2716 confortamini
729 2662 918 2731 dicito,
952 2662 1183 2734 loquere
1211 2662 1476 2716 cordibus
1505 2662 1734 2731 nostris,

128 2751 375 2822 inspector
423 2755 669 2810 Christe.
713 2758 798 2810 An
839 2756 938 2827 qui
987 2756 1124 2810 olim
1160 2757 1280 2810 hazc
1333 2755 1534 2823 fecisti,
1586 2772 1738 2809 nunc

128 2845 294 2900 eadem
321 2865 432 2902 non
461 2854 625 2920 potes
651 2849 880 2904 facere?
917 2851 1074 2904 Potes
1121 2851 1334 2921 utique,
1373 2854 1570 2920 potes;
1608 2849 1740 2920 quia

127 2940 452 3011 omnipotens
495 2960 594 2997 es:
646 2947 822 3013 potes,
869 2943 1275 3010 amantissime,
1322 2947 1480 3014 potes
1533 2943 1736 3011 facere,

128 3034 252 3102 quod
272 3052 492 3090 nosnon
520 3021 829 3108 possumus
857 3037 1136 3108 cogitare;
1167 3037 1302 3108 quia
1328 3037 1471 3092 nihil
1502 3036 1602 3092 tibi
1630 3036 1736 3090 im-

127 3127 358 3195 possibile
382 3135 480 3198 est,
512 3132 662 3185 Deus
689 3131 1068 3203 omnipotens.
1105 3131 1233 3185 Jesu
1273 3132 1547 3200 osculare,
1583 3146 1736 3202 quie-

1755 1806 1809 1876 B

1831 512 1922 566 cui
1951 512 2302 582 inhaesimus,
2343 514 2460 568 sola
2485 513 2872 569 misericordia
2911 519 3132 569 tantum
3163 514 3472 571 clamantes

1832 611 2008 660 eruat.
2071 607 2389 662 Clamamus
2445 624 2688 679 namque
2741 612 2797 663 et
2851 625 3098 678 oramus,
3150 625 3221 663 ne
3271 614 3471 681 urgeat

1829 699 2035 754 inferni
2077 706 2282 772 puteus
2321 717 2491 772 super
2537 719 2640 755 nos
2687 719 2748 756 os
2789 718 2991 773 suum;
3044 704 3190 759 eruti
3239 703 3307 757 de
3349 703 3468 757 luto

1831 792 2064 864 peccati,
2096 810 2168 848 ne
2197 793 2522 864 inﬁgamur.
2561 797 2683 850 Per.

2388 907 2637 957 Collectio
2662 908 2910 972 sequitur.

1906 1001 2138 1056 Domine
2187 1001 2406 1056 Christe
2460 1004 2609 1069 Jesu,
2655 1003 2798 1057 Deus
2841 1003 2952 1075 pie,
3007 1003 3209 1058 exaudi
3261 1019 3366 1058 nos
3416 1009 3472 1058 et

1833 1099 2060 1165 praesta,
2109 1111 2429 1166 precamur,
2471 1113 2598 1166 quae
2643 1097 2810 1150 corde
2883 1114 3186 1167 rogamus:
3249 1102 3305 1151 et
3363 1097 3469 1150 hoc

1835 1204 2123 1258 rogamus,
2143 1190 2206 1241 ut
2229 1187 2327 1240 tibi
2360 1189 2703 1259 placeamus,
2723 1188 2823 1242 tibi
2843 1189 3162 1244 haereamus
3183 1190 3303 1244 sine
3325 1190 3467 1258 ﬁne;

1833 1287 1898 1335 ut
1951 1297 2176 1352 semper
2219 1281 2317 1335 tibi
2375 1281 2580 1351 gratias
2625 1298 2878 1352 agamus,
2927 1283 3022 1353 qui
3068 1289 3151 1352 tu,
3210 1283 3467 1351 Domine,

1834 1374 2119 1428 redemisti
2150 1392 2252 1429 nos
2279 1375 2337 1429 in
2367 1381 2640 1430 aeternam
2671 1375 2843 1429 vitam
2894 1376 2962 1428 de
3012 1381 3225 1431 (eterna
3266 1381 3469 1432 morte.

1833 1468 1939 1531 Qui
2007 1468 2339 1522 descendisti
2398 1469 2458 1522 in
2522 1469 2726 1537 lacum,
2784 1473 2847 1522 ut
2905 1484 2970 1521 ex
3011 1467 3206 1524 inferis
3257 1470 3472 1524 vinctos

1835 1561 2121 1630 educeres,
2152 1561 2420 1616 descende
2447 1577 2600 1615 nunc
2621 1577 2866 1632 quoque,
2891 1577 3211 1631 precamur,
3243 1561 3470 1616 visceri-

1834 1654 1938 1708 bus
1966 1660 2077 1708 tua!
2116 1655 2358 1725 pietatis,
2399 1660 2463 1709 ut
2493 1672 2562 1710 ex
2592 1655 2830 1709 vinculis
2857 1659 3240 1726 peccatorum,
3268 1655 3476 1726 quibus

1835 1747 2222 1819 unusquisque
2243 1749 2674 1819 constringitur,
2695 1765 2798 1802 nos
2825 1747 3102 1802 absolvas.
3132 1749 3258 1803 Per.

1940 1861 2070 1910 Item
2098 1860 2261 1910 oratio
2288 1861 2341 1910 in
2367 1861 2589 1910 Sabhato
2618 1860 2818 1924 requiei
2845 1859 3094 1910 dominici
3120 1859 3372 1923 corporis.

1909 1964 2318 2019 Succumbente
2379 1968 2542 2036 Agno
2613 1969 2803 2018 nostra
2861 1979 2964 2034 pro
3027 1964 3202 2018 salute
3227 2005 3240 2032 ,
3314 1967 3474 2034 Agno

1836 2058 2079 2128 ﬁgurato
2109 2057 2226 2128 diu,
2251 2058 2482 2112 demum
2513 2058 2712 2112 eodem
2739 2057 2999 2112 vincente
3028 2056 3228 2124 letum,
3275 2056 3372 2110 illo
3421 2063 3477 2112 et

1836 2151 2018 2205 Leone
2042 2151 2181 2206 Juda
2198 2152 2437 2222 veriore,
2460 2155 2624 2206 antea
2675 2155 2895 2222 tempus
2927 2150 3220 2221 captivata:
3262 2149 3476 2204 reditus

1837 2245 2078 2299 fideliter
2138 2245 2365 2299 Adamte
2392 2287 2406 2315 ,
2471 2247 2671 2299 fratres
2732 2243 3040 2312 carissimi,
3110 2247 3472 2313 expectemus

1837 2339 2076 2410 praedae;
2119 2344 2196 2416 ut
2227 2339 2540 2410 compilatis
2579 2338 2743 2392 inferi
2781 2338 2991 2409 spoliis,
3031 2336 3191 2407 cujus
3230 2341 3474 2390 mortem

1839 2429 2430 2496 commemoravimus,
2474 2428 2676 2482 eodem
2712 2427 2934 2498 pietatis
2979 2427 3135 2481 cultu
3171 2425 3319 2479 illius
3344 2442 3476 2480 cum

1839 2524 1952 2578 suis
1980 2540 2300 2595 regressum
2343 2539 2412 2576 ex
2449 2520 2690 2576 mortuis
2737 2521 3040 2590 celebrare,
3088 2519 3182 2574 illo
3231 2519 3471 2588 favente,

1838 2621 2094 2688 tempore
2124 2617 2405 2688 possimus
2431 2615 2724 2670 redeunte.

2400 2726 2650 2776 Collectio
2670 2726 2921 2790 sequitur.

1908 2821 2128 2875 Christe
2151 2822 2298 2887 Jesu,
2330 2821 2596 2874 caelorum
2619 2819 2894 2885 conditor,
2923 2819 3088 2888 Deus,
3118 2834 3221 2890 pro
3245 2823 3475 2874 tuacru-

1841 2915 2002 2969 ciﬁxe
2047 2919 2322 2983 creatura,
2377 2913 2646 2968 ineffabili
2701 2913 2926 2984 pietatis
2975 2918 3326 2967 sacramento
3373 2929 3476 2966 nos

1839 3025 2068 3080 quoque
2120 3007 2230 3062 tuis
2279 3007 2514 3077 redime,
2568 3023 2887 3078 precamur,
2943 3006 3152 3077 jussis:
3228 3007 3476 3060 Salvator

1840 3102 2057 3157 custodi
2099 3118 2221 3171 nos,
2263 3101 2652 3173 parvulorum,
2708 3101 2966 3167 Domine,
2989 3103 3174 3154 custos
3200 3104 3472 3165 tuorum;

129 3235 192 3288 so,
227 3182 579 3280 dilectissime
637 3224 750 3296 (qui
796 3182 1154 3296 triumphans
1206 3241 1498 3296 regressus
1536 3182 1621 3279 ἐξ
1665 3223 1736 3278 ad
1757 3182 1811 3256 Ο
1837 3213 1950 3267 quo
1970 3197 2073 3250 tibi
2097 3212 2324 3267 semper
2349 3197 2655 3296 plaFentes'
2684 3199 2784 3249 tuo
2811 3199 2867 3249 et
2895 3210 2998 3266 per
3021 3198 3076 3248 te
3105 3194 3478 3296 Patriha‘iu‘na

128 3313 341 3386 Patrem,
369 3335 498 3372 cum
520 3336 637 3390 quo
668 3335 892 3389 semper
936 3336 1058 3375 cras
1100 3324 1156 3374 et
1198 3335 1497 3390 permanes
1545 3320 1732 3388 unus),

129 3408 237 3478 quia
261 3412 508 3466 osculum
541 3417 705 3466 tuum
730 3413 893 3466 dulce
919 3417 1002 3467 est
1024 3431 1039 3481 ;
1069 3417 1123 3466 et
1149 3412 1323 3468 ubera
1344 3417 1441 3467 tua
1465 3411 1595 3466 vino
1619 3412 1738 3465 dul-

129 3501 272 3573 ciora,
298 3505 609 3577 fragrantia
634 3505 864 3578 optimis
890 3506 1232 3577 unguentis;
1266 3511 1322 3560 et
1342 3523 1553 3560 nomen
1573 3510 1736 3560 tuum

131 3612 273 3666 super
300 3599 505 3671 oleum,
533 3617 708 3672 quem
741 3601 1169 3656 adolescentula:
1199 3601 1540 3667 dilexerunt,
1565 3616 1737 3671 quem

131 3691 245 3744 recti
269 3693 528 3765 diligunt,
566 3712 708 3766 quos
729 3694 907 3749 trahis
931 3699 1058 3766 post
1085 3700 1161 3761 te,
1190 3695 1350 3765 cujus
1374 3694 1550 3749 lectus
1581 3694 1734 3748 ﬂori-

132 3781 235 3853 (lus,
261 3788 410 3858 cujus
435 3789 783 3860 trophamm,
807 3806 966 3844 crux.
993 3789 1096 3853 Qui
1129 3789 1231 3842 hac
1260 3789 1404 3844 hora
1432 3788 1642 3843 rubens
1668 3789 1736 3843 de

135 3876 281 3933 Edom
340 3882 406 3936 de
456 3900 646 3953 cruce,
693 3883 881 3938 tinctis
924 3883 1172 3938 vestibus
1221 3884 1289 3937 de
1343 3884 1531 3951 Bosra,
1586 3883 1734 3936 solus

135 3973 266 4040 quasi
293 3977 527 4032 calcator
553 3978 744 4048 magni
779 3977 925 4032 illius
952 3977 1248 4032 torcularis
1273 3976 1345 4030 ad
1363 3977 1524 4030 czelos
1551 3992 1739 4031 ascen-

136 4061 276 4135 disti;
323 4070 411 4123 cui
453 4077 764 4128 occurrunt
790 4071 1012 4143 fangeli,
1043 4071 1393 4142 archangeli,
1441 4070 1732 4125 dicentes:

135 4156 245 4219 Quis
268 4165 346 4216 est
369 4164 490 4234 iste,
521 4165 625 4236 qui
653 4165 903 4220 ascendit
927 4165 1120 4221 tinctis
1145 4165 1391 4219 vestibus
1417 4165 1486 4219 de
1522 4165 1691 4218 Bosra
1711 4164 1738 4218 ?

136 4252 316 4314 Quibus
341 4262 392 4312 te
422 4258 902 4330 interrogantibus
933 4277 945 4314 :
976 4261 1160 4324 Quare
1201 4276 1337 4331 ergo
1382 4258 1620 4312 rubrum
1655 4260 1739 4311 est

138 4347 494 4407 vestimentum
537 4354 748 4408 tuum?
792 4353 1164 4425 respondisti:
1211 4353 1480 4406 Torcular
1531 4351 1736 4405 calcavi

139 4439 277 4511 solus,
299 4449 351 4498 et
373 4446 458 4500 vir
482 4447 552 4502 de
582 4447 847 4518 gentibus
872 4464 988 4502 non
1018 4447 1126 4502 fuit
1154 4463 1401 4501 mecum.
1435 4447 1592 4515 Vere,
1623 4445 1738 4500 Sal-

142 4537 288 4604 vator,
327 4555 450 4594 vere
488 4541 730 4596 rubrum
771 4546 856 4595 est
895 4547 1059 4596 tuum
1098 4545 1333 4612 propter
1374 4555 1477 4595 nos
1515 4554 1817 4628 corpus,D

143 4627 346 4685 rubrum
370 4638 452 4688 est
479 4635 758 4706 sanguine
787 4652 932 4689 uvm.
952 4635 1173 4689 Lavasti
1205 4634 1356 4689 enim
1387 4633 1446 4687 in
1469 4633 1598 4688 vino
1624 4638 1737 4688 sto-

145 4715 236 4774 lam
261 4729 424 4796 tuam,
453 4733 510 4782 et
535 4729 773 4799 pallium
802 4734 966 4783 tuum
984 4729 1045 4785 in
1073 4729 1352 4799 sanguine
1380 4744 1526 4793 uvas,
1556 4726 1653 4798 qui
1681 4744 1740 4781 es

147 4811 265 4869 Deus
285 4819 461 4890 solus;
496 4822 800 4877 cruciﬁxus
825 4841 928 4894 pro
957 4823 1138 4892 nobis,
1162 4839 1304 4894 quos
1330 4821 1564 4892 antiqua
1590 4837 1738 4891 prte-

145 4908 368 4968 varicatio
391 4917 558 4970 morti
588 4916 856 4986 tradidit;
903 4918 1063 4988 cujus
1095 4917 1327 4971 vulnere
1369 4915 1626 4970 omnium
1650 4914 1739 4968 in-

148 5015 349 5060 numera
366 5013 721 5079 peccatorum
749 5011 983 5066 vulnera
1009 5015 1200 5066 sanata
1221 5014 1376 5065 sunt.
1405 5010 1472 5063 Et
1499 5025 1621 5077 nos,
1651 5007 1741 5078 pie

150 5093 384 5155 Cruciﬁxe
408 5103 645 5172 Christe,
668 5121 799 5158 cum
822 5105 932 5158 tuis
950 5105 1186 5172 redime,
1217 5105 1384 5174 salva,
1413 5102 1505 5174 pia
1518 5101 1742 5156 bonitas

151 5185 286 5246 Deus.
313 5193 412 5258 Qui
438 5214 640 5269 regnas
677 5215 809 5252 cum
834 5199 995 5253 Patre
1021 5204 1078 5253 et
1119 5198 1334 5270 Spiritu
1372 5204 1562 5254 sancto
1596 5210 1744 5250 unus

151 5278 197 5334 in
218 5289 471 5345 aeternum
495 5297 551 5346 et
576 5292 638 5346 in
667 5293 869 5346 saecula
896 5293 1252 5347 saeculorum.

319 5382 438 5438 XXI.
477 5402 775 5442 ORATIONES
817 5403 942 5442 rosr
981 5402 1272 5442 LECTIONES
1311 5405 1549 5445 suam].

211 5467 378 5547 355
419 5478 598 5534 Deum
625 5479 1096 5552 omnipotentem,
1124 5483 1350 5536 Patrem
1377 5488 1436 5538 et
1463 5484 1668 5539 Filium
1693 5488 1748 5539 et

159 5560 392 5632 Spiritum
415 5579 690 5644 sanctum,
713 5574 1097 5630 universitatis
1114 5592 1294 5630 unum
1322 5583 1657 5646 creatorem,
1685 5578 1748 5632 in

160 5652 241 5711 hac
264 5677 454 5736 magna
477 5667 747 5724 Matutina
790 5669 1035 5732 Sabbati,
1071 5670 1348 5725 Dominici
1384 5672 1598 5728 scilicet
1621 5688 1745 5727 cor-

163 5752 288 5818 Poris
310 5761 510 5832 requie,
556 5762 762 5818 fratres
794 5762 1090 5833 carissimi,
1144 5764 1422 5836 supplices
1478 5765 1747 5839 deprece-

164 5857 279 5915 Παῖς
306 5857 365 5908 ut
387 5855 481 5926 qui
506 5857 683 5912 Adam
711 5858 779 5913 de
798 5857 1098 5930 profundis
1119 5857 1410 5914 infernalis
1439 5860 1559 5915 limi
1586 5860 1750 5916 mise-

446 5956 718 6024 PATROL.
767 5956 999 6022 LXXII.

1837 3295 2029 3344 sancto
2053 3291 2287 3362 Spiritui
2315 3290 2524 3361 gratias
2549 3305 2718 3359 agere
2753 3305 3200 3361 perseveremus.
3245 3286 3350 3352 Qui
3389 3289 3475 3340 te-

1837 3400 1968 3438 cum
1995 3383 2128 3440 vivit
2153 3388 2210 3439 et
2233 3389 2455 3455 regnat.

2173 3497 2302 3545 Item
2336 3495 2500 3545 oratio
2526 3495 2590 3544 ad
2615 3494 2768 3544 Sexta
2789 3493 2871 3543 die
2899 3494 3144 3544 Sabbato.

1909 3591 2016 3644 Hac
2042 3590 2184 3644 hora
2209 3590 2529 3661 auspicatur
2548 3589 2712 3643 obrui
2744 3588 3036 3659 ferrugine
3061 3588 3222 3642 Titan
3248 3591 3477 3642 senante

1837 3684 2117 3756 profunda
2138 3689 2453 3738 nonatenus
2480 3688 2712 3754 parente
2744 3681 2887 3735 tuito
2912 3681 3115 3752 stipitis
3150 3681 3210 3734 in
3251 3697 3476 3735 summo

1839 3779 2085 3833 Hebraeis
2105 3793 2467 3849 nequaquam
2486 3775 2754 3848 suspendi
2771 3774 3192 3828 ﬂammivovam
3208 3775 3294 3828 sui
3320 3774 3478 3828 hiare

1839 3872 1976 3927 olim
2001 3889 2115 3927 non
2140 3872 2325 3926 ferens
2351 3871 2576 3939 rimam,
2606 3873 3082 3940 conspectansque
3127 3867 3320 3936 nefas;
3363 3882 3476 3938 quo

1839 3983 1998 4021 versa
2023 3966 2141 4021 vice
2168 3964 2289 4019 orbi
2316 3964 2577 4019 medetur
2602 3980 2705 4035 per
2736 3979 2868 4017 eum
2907 3963 3005 4034 qui
3046 3961 3197 4017 Patri
3237 3959 3481 4015 convivit

1838 4065 2150 4132 regnatque
2188 4063 2317 4114 ante
2365 4058 2566 4112 mundi
2608 4062 2797 4112 ortum
2832 4061 2888 4111 et
2919 4055 2975 4110 in
3007 4056 3211 4111 saecula
3241 4055 3476 4109 seculo-

1839 4170 1990 4209 rum.
2231 4231 2404 4282 Oratio
2431 4230 2485 4280 in
2507 4230 2730 4280 Sabbato
2756 4230 2886 4280 hora
2918 4231 3082 4280 Nona.

1909 4327 1952 4381 Ο
1968 4326 2229 4396 Domine,
2250 4329 2414 4382 Pater
2434 4325 2813 4397 omnipotens,
2834 4324 2931 4396 qui
2952 4325 3130 4379 Adam
3161 4340 3373 4379 novum
3404 4341 3473 4381 ex

1837 4437 2078 4494 persona
2106 4420 2307 4475 veteris
2345 4420 2520 4474 Adam
2567 4421 2924 4488 clamantem,
2968 4417 3128 4490 quasi
3167 4434 3233 4471 ex
3283 4417 3475 4491 356

1839 4515 2036 4570 inferis
2064 4519 2119 4569 et
2145 4513 2376 4584 abyssis,
2409 4513 2818 4584 profundisque
2845 4511 2969 4580 laci,
2999 4510 3242 4565 liberum
3287 4517 3477 4565 tamen

1840 4609 2022 4664 solum
2070 4608 2220 4662 inter
2269 4610 2541 4676 mortuos,
2571 4623 2676 4677 pro
2709 4622 2809 4659 sua
2837 4604 3112 4660 exaudisti
3139 4605 3474 4673 reverentia,

1842 4702 2047 4758 exaudi
2076 4719 2196 4771 nos,
2245 4717 2565 4772 precamur,
2596 4716 2698 4770 per
2725 4699 2946 4769 ipsum;
2982 4702 3045 4752 ut
3085 4698 3244 4770 quasi
3281 4715 3476 4754 conse-

1841 4797 1987 4869 pulti
2016 4813 2144 4851 cum
2171 4797 2300 4850 Jesu
2329 4795 2464 4848 Filio
2493 4798 2613 4862 tuo,
2642 4809 2746 4847 sua
2771 4793 2884 4846 vita
2909 4791 3240 4861 resuscitati,
3270 4793 3329 4846 in
3373 4793 3477 4847 hac

1843 4909 1957 4947 suae
1987 4890 2416 4962 superveniente
2452 4892 2659 4942 sanctaz
2687 4886 3115 4941 resurrectionis
3142 4891 3326 4958 nocte,
3356 4904 3477 4942 ma-

1845 5005 1972 5059 gnae
2018 4983 2405 5040 sollemnitatis
2465 4981 2664 5053 gratia,
2715 4998 2816 5036 suo
2875 4980 3045 5048 dono,
3092 4985 3191 5035 tuo
3252 4997 3480 5054 quoque

1843 5082 2012 5151 bono,
2047 5085 2103 5135 et
2127 5079 2370 5151 Spiritus
2396 5076 2570 5130 sancti
2598 5075 2829 5130 consilio
2876 5079 2932 5130 et
2966 5075 3236 5146 mysterio
3267 5091 3481 5132 merea-

1845 5193 1975 5232 mur
2003 5174 2231 5229 absolvi.
2251 5173 2358 5228 Per
2383 5187 2515 5228 eum
2547 5170 2644 5242 qui
2676 5174 2885 5225 tecum.

2389 5283 2640 5333 Collectio
2673 5282 2924 5346 sequitur.

1916 5383 2155 5450 Christe,
2221 5380 2343 5434 fave
2393 5378 2684 5434 desideriis
2732 5381 2788 5432 et
2830 5373 3090 5448 precibus
3144 5371 3369 5443 nostris,
3425 5374 3482 5427 et

1845 5481 2051 5551 praesta
2077 5490 2409 5548 prosperam
2434 5473 2581 5528 hanc
2609 5469 3105 5544 supervenientem
3143 5471 3348 5523 sanctas
3375 5468 3478 5522 Pa-

1847 5573 1995 5634 scha:
2027 5573 2272 5638 noctem,
2315 5568 2373 5621 in
2405 5583 2518 5639 qua
2554 5571 2742 5622 tecum
2783 5570 3144 5633 resurgentes
3180 5561 3249 5616 de
3277 5567 3480 5625 morte,

1847 5666 2086 5722 transire
2129 5677 2452 5718 mereamur
2496 5659 2566 5715 ad
2597 5659 2770 5714 vitam
2819 5656 3069 5714 Salvator
3113 5654 3333 5712 mundi.
3377 5652 3482 5718 Qui

1847 5778 2006 5817 VlVlS.

3099 5950 3174 6005 12
