4014 6230
516 302 614 360 313:}

694 418 842 470 XXII.
886 433 1075 472 INCIPIT
1115 433 1307 472 ORATIO
1347 434 1399 470 IN
1440 433 1675 471 vesraaA
1716 431 1951 471 ΡΑΞΟΗΑΕ.

587 510 808 564 Domini
839 511 1020 581 gratia
1046 509 1071 539 ³
1106 528 1208 581 per
1240 527 1444 580 aquam
1483 514 1538 563 et
1580 513 1836 563 sanctum
1876 510 2149 580 Spiritum

513 603 715 671 renati,
755 608 811 658 et
851 621 954 674 per
992 603 1361 674 multiplicem
1393 607 1641 674 paternas
1673 603 1987 658 dilectionis
2013 622 2145 675 pro-

513 698 783 752 visionem
809 697 1121 751 innumeris
1148 696 1362 767 laqueis
1404 696 1899 771 abstractithujus
1942 697 2147 752 divina:

514 790 859 862 dignationis
884 794 1170 844 auctorem
1207 788 1511 843 Dominum
1552 789 1777 843 incenso
1812 790 2146 861 vespertinas

512 884 697 954 precis
731 882 1023 950 sacriﬁcio,
1066 887 1122 936 et
1166 882 1225 936 in
1267 882 1473 937 caelesti
1512 882 1706 953 patina
1745 899 1848 953 per
1884 883 2145 953 spiritum

513 979 719 1043 erecto,
750 981 805 1030 et
831 975 964 1046 igne
990 976 1107 1044 illo,
1136 992 1308 1046 quem
1336 975 1452 1046 ipse
1478 975 1538 1030 in
1561 975 1724 1031 nobis
1748 976 1977 1031 accendi
1998 977 2144 1032 desi-

511 1069 689 1135 derat,
730 1068 1084 1122 sollemniter
1123 1073 1325 1137 assato,
1370 1068 1635 1139 precariis
1674 1069 1982 1139 affectibus,
2030 1071 2145 1125 fra-

510 1166 623 1216 tres
649 1161 941 1230 carissimi,
970 1162 1374 1233 deprecemur;
1421 1166 1486 1216 ut
1511 1162 1683 1217 totius
1720 1163 1847 1218 vitae
1885 1164 2143 1233 crimina,

510 1258 567 1309 et
592 1253 856 1310 cotidiani
885 1254 1093 1310 erroris
1120 1255 1389 1325 maculas,
1421 1260 1476 1309 et
1522 1255 1788 1310 humanae
1827 1257 2147 1327 fragilitatis

509 1347 715 1416 debita,
739 1347 797 1401 in
823 1347 986 1402 annis
1016 1347 1350 1418 septimana:
1377 1347 1599 1403 dierum
1649 1350 2043 1421 quadraginta,
2083 1367 2146 1404 ac

510 1440 716 1512 sepulti
760 1441 1008 1511 corporis
1056 1442 1143 1494 sui
1195 1440 1434 1496 Sabbato
1486 1442 1649 1496 nobis
1689 1443 1992 1514 concedat;
2042 1460 2148 1498 nos

510 1549 737 1605 quoque
764 1534 824 1587 in
850 1550 1091 1589 numero
1121 1528 1238 1588 veri
1257 1535 1519 1590 Israhelis
1539 1537 1778 1608 Egypto
1822 1537 2016 1607 egredi
2062 1537 2147 1592 fa-

510 1625 654 1695 ciat;
687 1630 743 1681 et
770 1626 1011 1682 inimicis
1038 1629 1335 1698 percussis,
1363 1629 1424 1683 iu
1450 1645 1564 1683 una
1590 1630 1830 1685 Ecclesia
1858 1631 2147 1686 catholicas

512 1720 734 1790 domus,
752 1720 962 1775 Pascha
989 1721 1210 1776 Domini
1236 1722 1604 1792 celebrantes,
1628 1724 1774 1794 Agni
1799 1724 2149 1779 immaculati

1304 308 1633 362 APPENDIX
1673 308 1758 361 AD
1794 307 2014 361 OPERA
2054 307 2287 362 SANC'I‘I
2325 308 2622 363 GERMANI
2665 309 3089 364 PARISIENSIS.

2168 429 2226 500 Α
2249 417 2463 487 gloriae,
2496 418 2731 474 introitu
2763 424 2856 473 tuo
2882 418 3087 472 inferni
3114 418 3304 472 fauces
3344 416 3722 483 inluminasti,
3767 420 3884 468 stu-

3784 306 3884 359 364

2246 511 2510 582 pentibus
2538 512 2769 567 inferis:
2814 512 2949 584 quia
2987 512 3139 566 solus
3176 511 3325 566 inter
3362 514 3621 565 mortuos
3658 508 3807 563 liber
3854 526 3883 561 a

2248 622 2474 659 recurso
2504 610 2602 661 tuo
2620 623 2722 677 per
2747 606 3003 661 eamdem
3032 610 3256 661 noctem
3284 605 3635 675 Protoplasto
3664 609 3731 658 ut
3756 619 3882 674 spo-

2247 699 2323 753 lia
2363 700 2651 767 revocasti,
2695 716 2797 771 per
2836 716 3008 771 quem
3048 699 3150 753 tibi
3189 716 3362 768 nunc,
3403 699 3660 767 Domine,
3690 713 3886 751 omnes

2248 793 2424 847 sancti
2463 793 2669 865 gratias
2697 796 2896 863 agunt,
2926 798 2983 849 et
3003 794 3063 848 in
3089 798 3365 864 perpetuo
3401 792 3653 848 exaltant
3677 788 3886 846 nomen

2247 890 2437 942 tuum.
2462 886 2569 952 Qui
2596 903 2729 942 cum
2754 890 2849 941 ast.

2248 1021 2427 1077 XXIII.
2488 1039 2680 1077 INCIPIT
2724 1038 3034 1078 BENEDIC’I‘IO
3069 1032 3215 1076 carne
3247 1037 3398 1077 rem
3441 1035 3727 1075 arcusrm
3771 1036 3885 1073 EPI-

2320 1109 2483 1161 SCOPI,
2545 1109 2692 1154 QUAM
2733 1109 2909 1148 ADKUC
2948 1108 3207 1149 DIACONUS
3237 1108 3343 1147 (ΖΠΗ
3390 1107 3563 1161 ESSET,
3613 1106 3794 1146 EDIDIT
3826 1106 3887 1144 ΕῙ

2319 1180 2525 1219 CECINIT
2551 1180 2842 1219 FELICITER.

2320 1273 2544 1327 Exultet
2577 1273 2698 1343 jam
2746 1272 3003 1343 angelica
3040 1272 3207 1326 turba
3266 1270 3566 1341 caelorum;
3629 1269 3891 1325 exultent

2247 1366 2435 1421 divina
2460 1366 2744 1438 mysteria,
2767 1370 2825 1422 et
2846 1382 2952 1438 pro
2978 1365 3122 1420 tanti
3135 1364 3305 1436 Regis
3330 1364 3563 1419 victoria
3576 1363 3715 1419 tuba
3734 1363 3889 1417 into-

2246 1463 2346 1515 net
2375 1458 2656 1514 salutaris.
2689 1459 2942 1515 Gaudeat
2970 1474 3028 1513 se
3052 1458 3225 1513 tantis
3252 1458 3401 1513 illius
3428 1457 3669 1513 inradita
3692 1457 3888 1528 fulgo-

2248 1553 2441 1619 ribus;
2488 1557 2543 1609 et
2582 1553 2781 1608 aeterni
2809 1552 2978 1624 Regis
3017 1551 3315 1624 splendore
3368 1551 3668 1620 illustrata,
3713 1549 3889 1605 totius

2248 1647 2398 1702 orbis
2418 1663 2475 1702 se
2501 1647 2702 1703 sentiat
2726 1647 2977 1701 amisisse
3003 1645 3326 1717 caliginem.
3353 1646 3600 1701 Laetetur
3624 1649 3681 1700 et
3704 1646 3889 1699 mater

2248 1741 2512 1810 Ecclesia,
2544 1741 2687 1796 tanti
2710 1741 2942 1796 luminis
2967 1740 3236 1795 adornata
3263 1739 3520 1811 fulgore;
3575 1742 3632 1793 et
3660 1737 3887 1810 magnis

511 1813 791 1885 sanguine
816 1831 1119 1886 corporum
1143 1820 1471 1870 nostrorum
1500 1817 1754 1887 postibus
1791 1818 2051 1889 aspersis,
2088 1818 2142 1873 in

2247 1835 2591 1908 populorum
2634 1835 2863 1889 vocibus
2887 1834 3010 1888 haec
3051 1833 3181 1887 aula
3232 1834 3485 1888 resultet.
3533 1834 3890 1904 Quapropter

513 1907 672 1962 istius
698 1907 877 1963 noctis
918 1908 1253 1963 venerabilis
1275 1910 1668 1977 sollemnitate,
1687 1915 1969 1966 vastatura
1982 1928 2147 1967 mun-

494 2001 650 2057 ‘dum
678 2007 880 2071 morte,
905 2002 1188 2072 defendat,
1218 2004 1509 2058 orantibus
1534 2002 1717 2059 nobis.
1747 2006 1872 2060 Per.

1061 2096 1312 2146 Collectio
1347 2096 1599 2160 sequitur.

582 2176 799 2233 Christe
818 2177 967 2245 Iesu,
997 2177 1058 2231 in
1083 2193 1315 2248 vespera
1340 2179 1541 2233 mundi
1566 2178 1952 2251 vespertinum
1982 2179 2145 2235 sacri-

509 2271 703 2327 ficium
729 2288 832 2343 per
851 2287 1077 2327 crucem
1107 2270 1388 2342 effectum,
1412 2271 1647 2344 dignare
1680 2289 1783 2327 nos
1830 2290 1974 2329 nova
2016 2291 2141 2329 cor-

509 2366 633 2438 pori
660 2371 760 2421 tuo
786 2365 905 2421 fore
932 2365 1250 2437 sepulchra.
1284 2366 1391 2430 Qui
1416 2382 1547 2421 cum
1575 2369 1787 2423 aeterno
1816 2369 1977 2423 Patre
2007 2367 2144 2423 vivis

513 2464 570 2515 et
593 2476 816 2531 regnas.

980 2528 1153 2581 Oratio
1179 2529 1245 2579 ad
1273 2529 1585 2580 duodecima
1612 2531 1640 2572 b
1665 2565 1680 2581 .

583 2615 883 2666 Auctorem
912 2611 1073 2678 lucis,
1114 2610 1434 2682 principem
1472 2612 1727 2682 luminis,
1767 2613 2142 2684 inspectorem

511 2705 714 2775 cordis,
731 2704 1081 2760 credentium
1095 2704 1536 2776 redemptorem,
1554 2706 1757 2761 fratres
1771 2706 2139 2776 dilectissimi,

511 2799 726 2855 cunctis
751 2798 1190 2854 confessionibus
1215 2815 1581 2869 veneremur;
1622 2804 1687 2855 ut
1722 2804 1991 2872 vergente
2030 2800 2140 2865 die,

509 2893 659 2949 vocis
708 2892 932 2965 rugitus
980 2891 1262 2960 exaudiat,
1315 2897 1372 2948 et
1421 2894 1854 2965 superveniente
1901 2893 2143 2965 caligine

508 2988 710 3055 noctis,
738 3004 840 3042 nos
868 2987 1102 3042 luminis
1119 2987 1207 3041 sui
1226 2987 1529 3058 splendore
1556 2987 1851 3058 inlustret;
1879 3004 1952 3043 ne
1983 2987 2058 3042 sit
2083 2987 2143 3041 in

509 3082 671 3138 nobis
696 3081 812 3137 ulla
841 3079 1092 3137 tentandi
1116 3080 1467 3152 vexandique
1492 3081 1707 3135 occasio
1734 3081 2096 3136 tenebrarum
2125 3097 2139 3135 :

508 3177 581 3231 sit
620 3180 811 3231 noster
847 3175 1129 3245 defensor,
1176 3174 1277 3246 qui
1314 3178 1398 3230 est
1424 3191 1570 3229 verae
1600 3175 1740 3229 lucis
1766 3174 2051 3245 indultor;
2078 3177 2217 3263 utC

509 3286 732 3342 semper
775 3269 951 3323 simus
1000 3269 1059 3322 in
1100 3268 1316 3324 lumine
1343 3269 1485 3340 ejus,
1516 3268 1617 3340 qui
1637 3268 1926 3323 Christum
1951 3267 2142 3324 Domi-

509 3380 650 3419 num
679 3362 989 3435 gloriamlu'
1013 3366 1320 3417 auctorem.
1353 3363 1459 3416 Per
1485 3378 1618 3417 eum
1643 3362 1743 3435 qui
1767 3379 1980 3418 secum.

1059 3454 1309 3534 Collectio
1334 3455 1583 3519 sequitur.

582 3535 773 3612 357
800 3538 954 3610 Rege
978 3554 1097 3607 nos,
1129 3536 1384 3607 Domine,
1413 3553 1518 3608 per
1544 3537 1789 3593 alternas
1817 3540 2143 3608 temporum

509 3633 675 3704 vices,
712 3635 769 3687 et
795 3648 1061 3687 conserva
1097 3647 1199 3685 nos
1238 3647 1341 3702 per
1381 3630 1631 3702 dispares
1671 3631 1894 3686 dierum
1935 3647 2000 3684 ac
2034 3647 2141 3685 no-

509 3728 687 3783 ctium
735 3726 1141 3795 successiones;
1193 3730 1259 3780 ut
1307 3724 1486 3795 adjuti
1536 3729 1861 3780 sanctorum
1911 3729 2143 3779 tuorum

504 3822 787 3895 precibus,
826 3820 927 3892 qui
960 3821 1110 3875 diem
1135 3820 1291 3874 hunc
1339 3835 1444 3890 per
1494 3835 1703 3873 munus
1743 3817 2142 3875 misericordias

508 3921 621 3971 tuae
643 3915 930 3982 duximus,
962 3918 1189 3968 noctem
1218 3928 1444 3985 quoque
1472 3912 1639 3966 istam
1666 3913 1876 3984 placita
1901 3912 2003 3968 tibi
2027 3911 2145 3966 ani-

508 4025 735 4064 marum
768 4011 824 4062 et
849 4023 1149 4078 corporum
1175 4007 1422 4077 puritate
1447 4006 1740 4062 ducamus.
1767 4009 1892 4063 Per.

1012 4098 1247 4147 Prasfatio
1282 4111 1417 4149 ceras
1442 4098 1641 4161 incipit.

581 4179 1041 4249 Omnipotentem
1072 4179 1271 4249 Deum,
1299 4179 1500 4234 fratres
1527 4179 1895 4249 dilectissimi,
1923 4182 2140 4254 suppli-

507 4273 647 4328 citer
667 4272 1065 4343 deprecemur;
1097 4276 1160 4326 ut
1182 4271 1422 4326 vinculis
1446 4277 1806 4343 peccatorum
1818 4280 2143 4331 nostrorum

507 4367 569 4422 in
597 4366 778 4423 noctis
796 4365 959 4420 istius
983 4365 1336 4421 solemnitate
1368 4365 1659 4438 disruptis,
1687 4370 2058 4439 procedamus
2081 4371 2142 4425 in

505 4478 642 4517 voce
687 4460 1045 4515 exultationis
1086 4463 1143 4515 et
1182 4460 1565 4528 confessionis,
1617 4478 1787 4517 sonus
1834 4464 2138 4535 epulantis.

2246 1929 2597 1984 adstantibus
2639 1928 2813 1996 vobis,
2856 1929 3057 1982 fratres
3104 1926 3395 1997 carissimi,
3439 1927 3510 1982 ad
3538 1931 3655 1981 tam
3679 1925 3890 1980 miram

2245 2022 2422 2078 sancti
2438 2023 2608 2093 hujus
2633 2020 2868 2077 luminis
2885 2021 3220 2088 claritatem,
3252 2037 3365 2075 una
3391 2036 3638 2090 mecum,
3669 2036 3887 2092 quasso,

2243 2117 2341 2171 Dei
2367 2115 2772 2187 omnipotentis
2791 2114 3239 2170 misericordiam
3258 2114 3511 2169 invocate
3525 2132 3541 2183 ;
3573 2118 3636 2168 ut
3664 2113 3766 2185 qui
3791 2128 3884 2167 me

2243 2226 2359 2265 non
2389 2209 2531 2265 meis
2552 2208 2770 2264 meritis
2794 2208 2941 2263 intra
2959 2208 3258 2263 levitarum
3283 2224 3591 2263 numerum
3618 2206 3890 2279 dignatus

2243 2308 2327 2359 est
2350 2304 2683 2376 adgregare,
2711 2302 3021 2358 utluminis
3044 2301 3133 2356 sui
3163 2302 3346 2374 gratia
3365 2301 3727 2371 infundente,
3742 2300 3889 2355 cerei

2244 2398 2417 2469 hujus
2446 2398 2672 2453 laudem
2703 2397 2941 2468 implere
2970 2396 3280 2469 praecipiat.

2315 2491 2549 2547 Sursum
2574 2491 2761 2546 corda.
2794 2490 2925 2545 Gra.

2803 2590 3117 2641 Contestatio
3150 2604 3310 2641 nunc.

2315 2677 2564 2750 Dignum
2583 2682 2640 2732 et
2651 2677 2873 2747 justum
2894 2681 2997 2732 est.
3015 2678 3156 2731 Vere
3176 2676 3309 2748 quia
3328 2673 3568 2746 dignum
3596 2677 3653 2728 et
3664 2674 3888 2744 justum

2245 2776 2328 2826 est
2348 2771 2685 2826 invisibilem
2706 2771 2887 2825 Deum
2912 2769 3368 2841 omnipotentem
3388 2770 3634 2836 Patrem,
3659 2767 3891 2824 Filium-

2243 2881 2354 2937 que
2392 2864 2764 2936 Unigenitum
2818 2862 3011 2937 358
3053 2863 3357 2918 Dominum
3400 2866 3662 2916 nostmm
3697 2862 3889 2916 Iesum

2241 2958 2531 3013 Christum
2575 2962 2692 3013 toto
2738 2958 2920 3012 cordis
2970 2974 3033 3012 ac
3083 2956 3291 3011 mentis
3349 2954 3552 3009 affectu
3620 2959 3680 3009 et
3742 2954 3890 3009 vocis

2243 3051 2510 3122 mysterio
2536 3067 2859 3123 personare.
2890 3050 2997 3115 Qui
3017 3067 3120 3121 pro
3141 3049 3304 3105 nobis
3340 3054 3552 3105 esterno
3577 3047 3731 3102 Patri
3754 3048 3889 3103 Adae

2244 3144 2497 3200 debitum
2549 3145 2735 3215 solvit,
2790 3149 2846 3199 et
2898 3144 3101 3200 veteris
3156 3143 3365 3216 piaculi
3420 3142 3745 3197 cautionem
3796 3141 3891 3213 pio

2243 3254 2442 3293 cruore
2471 3239 2721 3294 detersit.
2764 3239 2892 3292 Haec
2930 3241 3062 3292 sunt
3101 3236 3253 3292 enim
3281 3237 3423 3292 festa
3445 3235 3804 3290 Paschalium
3848 3249 3890 3305 ο,

2243 3333 2306 3387 in
2331 3332 2536 3404 quibus
2560 3348 2724 3387 verus
2750 3332 2845 3387 ille
2859 3335 3054 3405 Agnus
3074 3330 3368 3400 occiditur,
3399 3330 3635 3401 ejusque
3655 3329 3893 3402 sanguis

2242 3426 2497 3497 postibus
2523 3431 2912 3495 consecratur;
2946 3425 3005 3480 in
3029 3441 3141 3497 qua
3170 3424 3427 3497 primum
3446 3426 3637 3494 patres
3665 3426 3892 3477 nostros

2242 3518 2383 3574 ﬁlios
2406 3520 2613 3575 Israhel
2628 3519 2872 3575 educens
2893 3521 2962 3575 de
2982 3520 3244 3590 Egypto,
3278 3517 3539 3573 Rubrum
3562 3532 3721 3571 mare
3741 3516 3890 3570 sicco

2242 3613 2478 3686 vestigio
2515 3613 2755 3669 transire
2790 3613 2993 3669 fecisti.
3034 3614 3161 3667 Haec
3200 3612 3379 3683 igitur
3412 3628 3526 3666 nox
3554 3614 3658 3677 est,
3688 3610 3749 3665 in
3776 3626 3889 3682 qua

2240 3712 2605 3780 peccatorum
2623 3708 2886 3763 tenebras
2912 3708 3190 3762 columnas
3219 3704 3658 3760 inluminatione
3683 3720 3891 3776 purga-
3972 3756 3982 3767 ,

2241 3801 2341 3857 vit.
2372 3803 2499 3857 Haec
2525 3817 2641 3856 nox
2668 3806 2753 3856 est
2781 3818 2908 3874 quas
2931 3800 3099 3857 hodie
3125 3816 3229 3871 per
3249 3799 3583 3854 universum
3603 3798 3891 3853 mundum

2244 3896 2303 3952 in
2339 3896 2562 3952 Christo
2604 3896 2917 3964 credentes,
2961 3912 2994 3949 a
3036 3893 3190 3949 vitiis
3234 3893 3429 3948 smculi
3466 3896 3796 3964 segregatos
3837 3896 3895 3947 et

2244 3989 2483 4062 caligine
2507 3995 2889 4061 peccatorum,
2919 3988 3106 4044 reddit
3134 3987 3350 4060 gratim,
3379 3987 3552 4042 sociat
3580 3985 3890 4042 sanctitati.

2242 4086 2371 4139 Haec
2395 4100 2508 4138 nox
2539 4088 2624 4139 est
2646 4084 2705 4138 in
2720 4101 2851 4157 qua,
2885 4083 3181 4138 destructis
3202 4081 3443 4137 vinculis
3478 4080 3702 4151 mortis,
3731 4079 3896 4135 Chri-

2243 4184 2362 4234 stus
2419 4178 2489 4232 ab
2537 4177 2730 4233 inferis
2770 4178 2948 4233 victor
2987 4176 3258 4231 ascendit.
3310 4175 3461 4230 Nihil
3516 4174 3672 4229 enim
3722 4174 3894 4230 nobis

2242 4272 2392 4327 nasci
2421 4272 2655 4344 profuit,
2676 4272 2785 4326 nisi
2808 4271 3015 4327 redimi
3040 4270 3361 4342 profuisset.
3380 4269 3424 4324 0
3441 4267 3587 4323 mira
3612 4268 3759 4323 circa
3786 4284 3894 4323 nos
3973 4260 3982 4301 ί

2241 4370 2357 4421 tuae
2376 4366 2600 4438 pietatis
2611 4365 2860 4437 dignatio
2878 4365 2892 4419 !
2908 4381 2942 4419 ο
2955 4364 3012 4419 in
3019 4363 3364 4419 mstimabilis
3376 4361 3601 4418 dilectio
3617 4360 3889 4431 caritatis,

2239 4463 2306 4514 ut
2316 4476 2541 4515 servum
2554 4459 2879 4529 redimeres,
2902 4458 3106 4512 Filium
3121 4456 3403 4513 tradidisti
3424 4456 3439 4510 I
3460 4456 3503 4511 0
3527 4457 3679 4510 certe
3696 4471 3891 4510 neces-

505 4555 764 4611 Accensis
788 4553 1163 4629 luminat-ibus
1181 4555 1252 4610 ad
1270 4555 1769 4611 inluminationem
1792 4562 2064 4625 nostram,
2085 4561 2142 4613 et
2158 4564 2218 4636 ι)
2240 4552 2452 4608 sarium
2483 4552 2614 4608 Adae
2636 4556 2930 4623 peccatum
2962 4555 3248 4621 nostrum,
3278 4550 3428 4622 quod
3457 4547 3663 4604 Christi
3703 4552 3890 4604 morte

506 4649 762 4705 candoris
785 4648 917 4704 fidei
944 4648 1166 4720 fulgore
1191 4649 1506 4716 rutilantes,
1535 4650 1679 4705 alter
1728 4650 1960 4705 alterius
1994 4668 2138 4724 quo-

505 4760 617 4816 que
643 4744 895 4799 animam
910 4743 1230 4813 inluminet,
1258 4742 1404 4798 sicut
1427 4743 1690 4815 discipuli
1712 4743 1937 4799 Domini
1961 4745 2141 4800 nostri

506 4839 635 4893 Jesu
661 4836 865 4892 Christi
896 4855 909 4891 :
955 4836 1087 4908 quia
1122 4837 1243 4908 ipse
1286 4837 1346 4892 in
1374 4838 1479 4893 hac
1508 4843 1671 4894 nocte
1703 4838 1816 4893 vita
1849 4843 1905 4893 et
1946 4855 2137 4894 resur-

506 4930 681 4986 rectio
708 4930 999 4984 infernum
1023 4930 1406 5001 inluminavit,
1436 4936 1491 4986 et
1514 4936 1702 5003 portas
1750 4950 1924 4989 aereas
1960 4950 2136 5005 pene-

505 5023 693 5092 travit,
734 5027 790 5078 et
816 5028 998 5079 vectes
1034 5023 1244 5079 ferreos
1276 5025 1588 5097 confregit;
1635 5030 1691 5082 et
1730 5043 1885 5083 mors
1925 5028 2140 5085 devicta

506 5123 591 5175 est
620 5118 681 5174 in
707 5117 976 5188 victoria;
1007 5122 1063 5174 et
1085 5118 1321 5191 antiqua
1347 5120 1624 5176 sententia
1660 5121 1951 5178 damnavit
1989 5139 2134 5195 eam,

505 5218 569 5271 ut
593 5230 695 5269 nos
724 5214 793 5270 de
812 5217 1089 5286 perpetua
1107 5217 1290 5268 morte
1318 5214 1603 5271 liberaret.
1636 5216 1760 5272 Per.

1053 5306 1304 5357 Collectio
1330 5307 1580 5371 sequitur.

575 5396 696 5450 Non
735 5398 819 5450 est
857 5392 1057 5448 similis
1094 5392 1201 5447 tibi
1238 5392 1297 5447 in
1335 5392 1461 5464 diis,
1508 5394 1766 5462 Domine,
1817 5402 1874 5452 et
1907 5413 2023 5453 non
2055 5402 2139 5453 est

496 5489 817 5544 secundum
844 5504 1019 5560 opera
1028 5490 1148 5557 tua,
1166 5486 1266 5558 qui
1288 5504 1393 5558 per
1409 5504 1679 5561 magnam
1696 5490 2139 5547 misericordiam

506 5585 661 5636 tuam
686 5582 909 5637 salvasti
950 5597 1054 5636 nos
1082 5597 1117 5635 a
1142 5580 1613 5637 descendentibus
1656 5582 1719 5638 in
1758 5584 1973 5640 lacum.
2019 5585 2139 5640 Rex

573 5710 601 5781 ἦ
631 5709 761 5781 Haec
778 5707 973 5781 oratio
1001 5724 1133 5764 cum
1162 5707 1341 5763 tribus
1387 5708 1858 5781 subsequentibus
1898 5711 2139 5770 habetur

501 5780 561 5836 in
587 5780 791 5835 Missali
814 5779 1065 5862 Gothico,
1094 5794 1283 5863 supra,
1305 5779 1598 5908 gagiﬂiO}

570 5849 598 5892 ι)
632 5853 757 5906 Ilaec
782 5855 962 5905 oratio
987 5867 1047 5906 In
1072 5851 1271 5907 Missali
1350 5857 1407 5907 ot
1452 5867 1540 5908 lco
1573 5868 1598 5908 ι

550 5849 598 5929 κδ
632 5853 757 5906 Haec
782 5850 962 5905 oratio
987 5850 1047 5906 in
1072 5849 1271 5907 Missali
1305 5849 1471 5908 Gothi

2240 4645 2491 4702 deletum
2507 4645 2609 4701 est!
2623 4663 2657 4700 o
2674 4646 2812 4701 felix
2831 4646 3014 4718 culpa,
3031 4662 3160 4716 quae
3172 4644 3346 4699 talem
3358 4659 3423 4699 ac
3441 4646 3663 4698 tantum
3675 4642 3891 4696 meruit

2239 4740 2448 4796 habere
2478 4740 2955 4812 Redemptorem?
2981 4739 3024 4795 Ο
3049 4738 3212 4794 beata
3223 4755 3357 4805 nox,
3380 4752 3510 4809 quas
3531 4735 3648 4791 sola
3672 4736 3888 4790 meruit

2241 4833 2381 4889 scire
2397 4837 2624 4906 tempus
2645 4838 2700 4890 et
2716 4834 2916 4889 horam
2936 4833 2996 4887 in
3012 4849 3124 4904 qua
3142 4832 3397 4887 Christus
3406 4830 3476 4885 ab
3490 4829 3689 4885 inferis
3699 4845 3885 4883 resur-

2238 4927 2417 4983 rexit!
2446 4929 2577 4983 Haec
2602 4944 2714 4982 nox
2746 4932 2831 4983 est
2859 4927 2928 4983 de
2954 4943 3069 4998 qua
3095 4925 3371 4997 scriptum
3394 4927 3478 4979 est
3505 4940 3518 4978 :
3566 4925 3635 4978 Et
3670 4939 3788 4978 nox
3820 4928 3885 4979 ut

2239 5022 2358 5078 dies
2386 5021 2859 5091 inluminabitur;
2891 5026 2947 5076 et
2980 5039 2993 5075 :
3023 5022 3142 5075 Nox
3170 5017 3528 5074 inluminatio
3564 5016 3626 5072 in
3664 5018 3884 5073 deliciis

2237 5116 2403 5172 meis.
2434 5116 2614 5187 Hujus
2638 5115 2815 5188 igitur
2848 5114 3212 5170 sanctificatio
3238 5113 3418 5169 noctis
3446 5112 3609 5185 fugat
3645 5113 3876 5181 scelera,

2238 5209 2433 5281 culpas
2469 5210 2636 5279 lavat,
2684 5213 2741 5264 et
2783 5208 2969 5264 reddit
3013 5208 3402 5264 innocentiam
3436 5205 3627 5278 lapsis,
3666 5206 3882 5260 maestis

2236 5303 2493 5360 laetitiam
2522 5321 2535 5358 :
2573 5304 2735 5376 fugat
2773 5303 2920 5372 odia,
2953 5302 3308 5358 concordiam
3351 5305 3534 5374 parat,
3588 5304 3644 5355 et
3686 5304 3880 5355 curvat

2237 5396 2500 5470 imperia.
2530 5398 2590 5452 In
2616 5397 2789 5469 hujus
2812 5397 2991 5469 igitur
3014 5396 3192 5451 noctis
3222 5395 3399 5467 gratia
3420 5392 3660 5464 suscipe,
3690 5397 3877 5448 sancte

2237 5492 2420 5559 Pater,
2450 5490 2663 5546 incensi
2690 5492 2863 5563 hujus
2885 5480 3222 5546 sacriﬁcium
3264 5487 3672 5561 vespertinum,
3721 5486 3873 5558 quod

2236 5584 2341 5641 tibi
2363 5585 2425 5640 in
2448 5585 2553 5640 hac
2580 5586 2728 5642 cerei
2753 5584 3033 5642 oblatione
3064 5583 3325 5640 sollemni
3348 5598 3453 5655 per
3478 5580 3880 5637 ministrorum

2236 5714 2376 5783 fatio
2401 5713 2479 5768 ad
2508 5714 2729 5769 initium
2753 5714 2923 5769 noctis
2944 5712 3182 5783 Pascha.

2308 5784 2334 5815 ⁸
2360 5784 2449 5841 Sic
2468 5784 2528 5841 in
2552 5784 2757 5842 Missali
2782 5784 3016 5841 Gothico
3037 5800 3055 5855 ;
3083 5782 3227 5853 aliis,
3250 5780 3558 5854 paschalia.

1474 5868 1540 5908 co
1573 5851 1900 5910 inscribitur
1930 5871 1943 5911 :
1985 5857 2134 5912 Prw-
2228 5894 2237 5897 -
