4014 6230
117 323 140 370 il
145 321 171 370 ὃ
179 318 205 367 Ei

1165 311 1270 390 ’ΒΕ
1310 313 1618 366 LlTlfllGIA
1655 312 2026 366 GALLICANA
2067 309 2260 364 LIBER
2302 309 2388 362 ιιι.

3358 315 3458 362 366

116 430 329 479 tuorum
353 438 556 476 manus
582 421 652 476 de
677 421 942 492 operibus
960 436 1135 491 apum
1162 427 1517 476 sacrosancta
1542 422 1729 476 reddit
1750 435 1808 506 Α
1831 422 2001 492 inque
2027 421 2217 491 ipsum
2260 424 2468 474 nostrae
2495 419 2566 472 sit
2594 418 3003 489 deprecationis
3039 419 3307 488 ascensio,
3336 436 3454 472 ma-

118 517 357 572 Ecclesia.
389 516 496 571 Sed
510 516 631 586 jam
659 515 938 569 columnae
958 514 1130 584 hujus
1151 516 1433 584 praeconia
1446 515 1725 584 novimus,

121 628 273 682 quam
300 610 358 664 in
383 610 602 664 honore
625 609 721 663 Dei
744 608 1150 678 rutilansignis
1177 609 1460 677 accendit;
1488 609 1732 680 quilicet

121 704 306 758 divisus
332 703 391 756 in
422 707 632 773 partes,
683 702 925 755 mutuati
970 701 1202 755 luminis
1238 701 1576 756 detrimenta
1613 719 1730 756 non

121 798 276 862 novit,
307 796 491 850 Alitur
519 795 865 867 liquantibus
891 795 1052 862 ceris,
1103 811 1277 866 quam
1319 795 1378 848 in
1419 795 1732 850 substantia

119 891 356 962 pretiosae
399 889 574 960 hujus
620 889 896 959 lampadis
941 888 1061 959 apis
1111 893 1291 942 mater
1335 889 1548 943 eduxit.
1599 889 1732 959 Apis

120 984 296 1038 ceteris
319 999 447 1054 quae
475 983 728 1053 subjecta
754 988 886 1036 sunt
915 982 1136 1036 homini
1167 982 1548 1036 animantibus
1579 985 1732 1036 ante-

121 1078 293 1132 cellit:
327 1094 457 1131 cuni
501 1077 571 1130 sit
616 1077 796 1130 nimia
839 1076 1098 1147 corporis
1135 1075 1430 1146 parvitate,
1471 1076 1732 1146 ingentes

119 1172 316 1226 animos
338 1175 580 1241 angusto
610 1173 794 1224 versat
817 1170 876 1223 in
898 1175 1126 1240 pectore
1159 1186 1172 1223 ε
1208 1169 1420 1224 viribus
1445 1169 1729 1224 imbecilla

119 1265 203 1320 sed
225 1265 376 1319 fortis
402 1264 656 1334 ingenio.
689 1265 837 1332 Haec,
881 1263 1171 1334 explorata
1220 1269 1546 1334 temporum
1592 1263 1729 1329 vice,

119 1377 232 1414 cum
259 1359 523 1413 canitiem
550 1358 818 1430 pruinosa
860 1357 1114 1428 hyberna
1153 1358 1465 1427 posuerint,
1516 1363 1572 1412 et
1613 1359 1731 1428 gla-

120 1454 242 1508 ciale
275 1453 494 1507 senium
530 1451 687 1506 verni
722 1451 996 1522 temporis
1043 1451 1338 1506 moderata
1379 1453 1730 1521 deterserint,

119 1547 287 1601 statim
319 1546 635 1624 prodeundi
664 1546 734 1599 ad
765 1545 1016 1600 laborem
1043 1562 1177 1600 cura
1207 1546 1482 1615 succedit,
1515 1546 1731 1616 disper-

120 1657 287 1712 sreque
312 1656 412 1712 per
437 1657 626 1711 agros,
657 1639 870 1692 libratis
895 1640 1198 1711 paululum
1227 1639 1520 1710 pinnibus,
1547 1640 1732 1694 cruri-

119 1735 208 1788 bus
231 1734 515 1805 suspensis
538 1733 848 1788 insedunt:
898 1741 1056 1804 parte
1095 1751 1191 1788 ore
1233 1735 1423 1803 legero
1459 1735 1730 1802 flosculos,

121 1833 342 1882 onerata:
372 1827 710 1882 victualibus
741 1827 876 1893 suis,
899 1829 970 1882 ad
1005 1833 1185 1882 castra
1219 1833 1501 1896 remeant;
1541 1827 1733 1899 ibique
1754 1809 1810 1881 Β

122 1923 231 1976 alia?
281 1921 661 1976 inaestimabili
697 1919 892 1993 359
913 1926 1032 1976 arte
1059 1921 1286 1976 cellulas
1306 1922 1490 1976 tenaci
1511 1923 1733 1993 glutino

123 2016 420 2084 instruunt;
466 2017 591 2070 alia:
626 2016 902 2087 liquantia
940 2016 1112 2070 mella
1147 2017 1391 2086 stipant;
1442 2017 1567 2070 alia;
1606 2033 1730 2070 ver-

126 2116 237 2164 tunt
263 2110 420 2164 ﬂores
451 2111 509 2164 in
538 2126 762 2178 ceram;
794 2109 919 2163 alias
958 2126 1054 2164 ore
1084 2115 1247 2164 natos
1288 2110 1514 2182 ﬁngunt
1540 2128 1556 2179 ;
1609 2110 1736 2164 alia:

127 2203 343 2257 collectis
382 2221 412 2258 e
459 2204 610 2258 foliis
649 2209 842 2258 nectar
885 2203 1201 2257 includunt.
1241 2201 1283 2258 Ο
1324 2220 1454 2258 vere
1482 2204 1644 2258 beata
1681 2208 1737 2258 et

129 2297 372 2350 mirabilis
416 2297 572 2368 apis!
619 2298 779 2368 cujus
821 2313 923 2352 nec
963 2313 1161 2351 sexum
1202 2298 1436 2352 masculi
1504 2297 1732 2367 violant,

129 2390 251 2444 fetus
276 2407 385 2444 non
409 2396 700 2462 quassant,
731 2407 836 2445 nec
882 2391 983 2445 tilii
1023 2392 1323 2445 destruunt
1375 2391 1687 2446 castitatem
1719 2409 1732 2446 :

131 2484 248 2537 sicut
271 2489 457 2539 sancta
487 2485 746 2556 concepit
770 2485 931 2556 virgo
958 2484 1148 2553 Maria,
1191 2485 1350 2556 virgo
1391 2486 1631 2556 peperit,
1683 2491 1739 2539 et

128 2578 264 2649 virgo
290 2579 622 2649 permansit.
653 2580 696 2633 Ο
724 2595 854 2634 vere
880 2579 1042 2634 beata
1066 2596 1198 2650 nox,
1232 2596 1361 2650 quas
1409 2579 1739 2650 exspoliavit

133 2673 412 2744 Egyptios,
463 2673 663 2728 ditavit
691 2673 984 2727 Hebraeos!
1054 2690 1163 2728 nox
1213 2674 1275 2728 in
1327 2690 1441 2744 qua
1499 2673 1738 2728 terrenis

134 2767 343 2821 caelestia
366 2769 715 2840 junguntur.
743 2768 981 2822 Oramus
1016 2772 1093 2837 te,
1140 2768 1396 2837 Domine,
1447 2773 1511 2822 ut
1546 2784 1740 2823 cereus

134 2861 218 2914 iste
264 2861 317 2914 in
362 2862 579 2916 honore
615 2860 862 2915 nominis
907 2861 992 2915 tui
1037 2866 1414 2931 consecratus,
1448 2862 1518 2916 ad
1562 2862 1741 2916 noctis

134 2953 278 3024 hujus
326 2956 627 3027 caliginem
669 2955 1072 3010 destruendam
1111 2955 1438 3010 indeliciens
1477 2972 1738 3026 perseve-

138 3054 234 3116 ret;
257 3050 311 3103 in
344 3051 576 3105 odorem
614 3050 902 3104 suavitatis
944 3054 1224 3120 acceptus,
1273 3050 1531 3121 supernis
1571 3049 1740 3104 lumi-

137 3143 339 3197 naribus
358 3144 682 3198 misceatur.
714 3145 995 3198 Flammas
1022 3144 1144 3213 ejus
1171 3144 1391 3198 Lucifer
1424 3145 1740 3198 matutinus

140 3236 394 3307 inveniat;
423 3240 540 3308 ille,
571 3239 825 3310 inquam,
853 3237 1092 3303 Lucifer,
1129 3238 1227 3308 qui
1255 3238 1433 3292 nescit
1458 3255 1739 3307 occasum;

140 3330 213 3384 ille
237 3332 326 3402 qui
349 3349 637 3405 regressus
656 3331 724 3386 ab
753 3331 971 3400 inferis,
1009 3331 1260 3385 humano
1289 3332 1480 3402 generi
1511 3348 1744 3387 serenus

143 3424 338 3480 inluxit.
358 3428 662 3481 Precamur
685 3443 824 3496 ergo
845 3429 922 3495 te,
967 3424 1221 3495 Domine,
1250 3431 1314 3480 ut
1358 3443 1462 3480 nos
1502 3426 1745 3480 famulos

144 3521 263 3584 tuos,
309 3537 537 3575 omnem
582 3521 818 3586 clerum,
857 3525 912 3574 et
962 3519 1388 3574 devotissimum
1444 3521 1743 3591 populum,

144 3612 304 3681 quiete
328 3619 652 3687 temporum
676 3630 957 3683 concessa,
990 3613 1047 3668 in
1077 3613 1165 3668 his
1209 3613 1564 3686 paschalibus
1605 3631 1743 3669 con-

145 3720 335 3762 servare
355 3709 626 3781 digneris.
658 3711 783 3764 Per.

670 3801 919 3853 Collectio
944 3800 1194 3866 sequitur.

206 3885 385 3942 Sancte
411 3889 672 3958 Domine,
699 3889 1060 3959 omnipotens
1082 3889 1246 3958 Deus,
1277 3886 1376 3960 qui
1396 3889 1466 3942 ad
1497 3893 1749 3944 nostram

151 3983 651 4053 contemplationem
678 3983 1044 4037 tenebrarum
1085 3983 1208 4038 haec
1239 3982 1297 4036 in
1342 3983 1542 4037 mundi
1581 3983 1752 4052 hujus

152 4071 354 4130 obscuro
379 4077 683 4132 luminaria
708 4073 917 4132 micare
940 4077 1177 4148 jussisti,
1195 4081 1400 4148 praesta
1425 4081 1489 4132 ut
1518 4077 1656 4131 dum
1683 4077 1754 4130 ad

154 4163 289 4221 illum
308 4171 630 4226 aeternitatis
658 4171 808 4225 diem
839 4175 896 4225 et
932 4171 1216 4241 Unigeniti
1250 4171 1334 4226 tui
1382 4187 1754 4243 properamus

156 4273 413 4318 occursum
455 4267 528 4320 ad
567 4267 714 4320 hanc
751 4265 1000 4332 interim,
1045 4281 1219 4336 quam
1259 4265 1504 4320 tenebris
1547 4265 1754 4321 nostris

158 4361 468 4430 praeparasti,
499 4361 812 4430 lucernam,
835 4360 974 4415 dum
1019 4376 1132 4414 nox
1179 4360 1284 4414 ista
1324 4363 1753 4437 transcurritur,

161 4447 256 4502 sine
288 4460 632 4521 peccatorum
664 4455 1001 4510 otl‘endiculo
1026 4455 1404 4511 ambulemus.
1433 4458 1537 4511 Per
1563 4459 1754 4514 Domi-

161 4555 272 4596 num
298 4552 566 4604 nostrum.

491 4648 744 4698 Collectio
777 4651 896 4711 post
927 4646 1176 4712 hymnum
1212 4648 1371 4698 cerei.

219 4725 343 4784 Deus
366 4735 640 4805 templum
667 4734 816 4805 ignis
835 4734 1051 4803 aeterni,
1086 4735 1228 4788 Deus
1248 4750 1395 4789 vera:
1421 4735 1562 4790 lucis
1590 4737 1753 4792 habi-

166 4820 396 4894 taculum,
426 4829 569 4882 Deus
606 4829 764 4884 sedes
805 4833 1094 4900 perpetuae
1138 4827 1404 4898 caritatis,
1451 4833 1576 4883 vota
1633 4831 1754 4900 tibi,

167 4909 385 4989 Domine,
407 4923 695 4977 sollemnia
721 4923 834 4977 diei
861 4921 1369 4977 consummationis
1385 4927 1440 4977 et
1458 4923 1638 4977 noctis
1667 4925 1753 4978 in-

167 5005 437 5069 choationis
462 5017 846 5082 celebramus;
880 5033 943 5071 ac
970 5017 1278 5071 luminibus
1321 5017 1508 5071 altaris
1545 5018 1628 5072 tui
1666 5019 1756 5073 in-

169 5104 332 5172 censis,
358 5111 730 5182 corporalium
759 5111 954 5165 lumen
981 5111 1299 5179 otl'erentes,
1315 5114 1382 5166 ut
1404 5112 1631 5167 famulis
1649 5113 1761 5168 tuis

174 5206 337 5253 Verum
362 5219 421 5257 ac
449 5221 698 5276 perenne
726 5205 922 5259 lumen
951 5205 1210 5277 largiaris
1235 5222 1482 5261 oramus.
1515 5208 1638 5262 Per.

202 5304 344 5366 XXIV.
383 5330 645 5374 marmur
691 5333 991 5373 ORATIONES
1031 5335 1086 5373 IN
1127 5334 1329 5373 VIGIIJA
1369 5335 1584 5375 pascua;
1624 5335 1724 5376 rso

615 5405 854 5444 εοιιειίΝ
862 5406 1011 5443 [ΤΔἸἘ
1048 5405 1249 5445 SANCTA
1258 5432 1268 5443 .

234 5474 362 5535 Inter
393 5487 572 5556 prima
594 5488 948 5543 celebranda:
974 5493 1180 5544 sanctae
1207 5489 1436 5544 Paschae
1466 5489 1764 5545 sollemnia

182 5573 396 5632 votorum
409 5581 812 5637 contestatione
826 5586 881 5636 et
899 5583 1211 5653 gratiarum
1234 5585 1454 5640 actione
1474 5599 1766 5639 sumamus

185 5667 460 5742 exordium;
487 5681 549 5731 ut
573 5693 802 5749 passum
832 5681 888 5733 et
907 5677 1264 5734 immolatum
1288 5696 1394 5752 pro
1412 5679 1578 5734 nobis
1603 5677 1762 5735 Chri-

189 5759 304 5816 stum
331 5769 620 5837 credentes,
653 5771 824 5827 sacris
839 5771 1119 5846 mysteriis
1140 5773 1312 5830 fidem
1336 5772 1768 5830 concinentibus

192 5856 494 5922 exultationis
518 5867 808 5941 plausibus
852 5869 1253 5940 praeferamus;
1304 5885 1366 5925 ac
1404 5886 1506 5942 ΡθΓ
1557 5869 1766 5943 ipsum:

1772 4568 1832 4642 D

1831 520 1999 570 nente
2025 515 2082 568 in
2113 531 2178 568 eo
2199 518 2254 568 et
2281 530 2411 568 cum
2441 513 2641 567 eodem
2673 511 2977 566 divinitatis
3004 512 3198 583 gloria.
3227 513 3350 568 Per.

2394 605 2642 656 Collectio
2661 605 2908 669 sequitur.

1901 693 2154 764 Respice,
2185 692 2438 760 Domine,
2470 691 2773 746 Ecclesiam
2799 695 2956 746 tuam
2982 707 3111 762 qua:
3133 691 3461 746 admirabile

1831 802 2040 840 nomen
2067 790 2231 840 tuum
2259 791 2372 840 toto
2399 791 2681 840 terrarum
2713 785 2848 840 orbe
2885 785 3257 854 concelebrat,
3285 790 3344 840 et
3369 801 3460 840 su-

1831 897 1934 950 per
1960 879 2237 950 populum
2265 877 2457 951 360
2485 884 2648 935 tuum
2672 880 2892 934 vultum
2920 884 3032 934 tua;
3061 879 3281 950 pietatis
3311 879 3459 934 inlu-

1833 973 2006 1028 mina.
2036 975 2160 1028 Per.

2335 1044 2434 1092 Pro
2473 1043 2716 1093 Ecclesiae
2748 1043 2959 1093 unitate.

1905 1131 2082 1184 Deum
2123 1130 2365 1196 Patrem,
2403 1128 2677 1183 carissimi
2717 1129 2938 1197 fratres,
2975 1145 3091 1182 uno
3129 1127 3330 1200 spiritu
3363 1129 3461 1183 de-

1834 1244 2152 1300 precemur,
2182 1231 2246 1282 ut
2267 1243 2464 1281 omnes
2488 1227 2619 1281 ﬁdei
2639 1227 2931 1281 catholicae
2962 1225 3200 1285 vinculis
3221 1226 3465 1297 inligati,

1834 1338 2015 1376 unum
2045 1322 2354 1376 sentiamus
2382 1320 2441 1374 in
2468 1320 2710 1375 Christo.

2381 1413 2630 1464 Collectio
2664 1413 2912 1477 sequitur.

1909 1503 2073 1570 Deus,
2104 1501 2201 1572 qui
2232 1517 2376 1555 unus
2405 1503 2461 1554 et
2483 1516 2647 1554 verus
2678 1516 2756 1569 es,
2802 1504 2856 1553 te
2887 1498 3164 1569 supplices
3201 1498 3466 1569 depreca-

1835 1611 1986 1664 mur,
2017 1600 2079 1649 ut
2103 1595 2162 1648 in
2190 1595 2452 1648 omnibus
2478 1594 2684 1665 placita
2714 1593 2814 1647 tibi
2841 1608 3066 1663 semper
3091 1591 3228 1648 ﬁdes
3271 1592 3463 1647 catho-

1836 1689 1939 1743 lica
1966 1693 2305 1760 perseveret.
2335 1690 2440 1743 Per
2458 1687 2763 1741 Dominum
2789 1691 3072 1741 nostrum.

2185 1784 2284 1831 Pro
2319 1780 2678 1831 sacerdotibus
2713 1784 2767 1830 et
2795 1780 2939 1829 omni
2965 1781 3126 1829 clero.

1907 1869 2085 1922 Deum
2113 1873 2390 1935 nostrum,
2421 1865 2697 1920 carissimi
2722 1866 2922 1921 fratres
2953 1865 3235 1939 supplices
3274 1867 3471 1938 depre-

1835 1982 2059 2032 cemur;
2086 1970 2150 2020 ut
2175 1965 2488 2020 sacerdotes
2507 1980 2656 2033 suos,
2673 1981 2817 2035 quos
2843 1964 3176 2019 ceremoniae
3195 1963 3469 2035 religione

1835 2059 2104 2127 devinxit,
2135 2058 2275 2113 sacri
2301 2058 2559 2128 mysterii
2591 2063 2880 2129 compotes
2913 2061 3163 2130 priestet,
3211 2073 3469 2112 omnem-

1836 2169 1947 2224 que
1992 2153 2208 2207 clerum
2253 2153 2392 2206 citra
2431 2152 2658 2223 culpam
2703 2151 2943 2223 alicujus
2994 2151 3230 2206 maculae
3273 2151 3471 2222 jubeat

1836 2262 2190 2317 permanere.
2222 2247 2328 2300 Per
2355 2245 2679 2300 Dominum.

2390 2339 2641 2389 Collectio
2674 2337 2920 2402 sequitur.

1909 2425 2365 2498 Supplicantibus
2392 2425 2593 2478 domus
2646 2429 2759 2479 tuae
2795 2423 3181 2479 sacerdotibus
3216 2439 3280 2477 ac
3311 2423 3475 2477 mini-

1837 2525 1987 2594 stris,
2031 2526 2174 2579 Deus
2213 2523 2472 2578 omnium
2513 2523 2877 2595 dignitatum,
2914 2522 3194 2595 perpetim
3233 2522 3473 2594 gratiam

1838 2618 2122 2688 benignus
2146 2619 2401 2676 infunde.
2424 2622 2620 2675 Praest.
2652 2619 2750 2674 sal.

2357 2715 2458 2763 Pro
2492 2713 2702 2776 regibus
2727 2715 2778 2760 et
2801 2724 2951 2775 pace.

1911 2799 2141 2870 Apicem
2181 2798 2440 2853 omnium
2478 2802 2821 2870 potestatum
2858 2801 2914 2850 et
2955 2795 3474 2866 supereminentem

1841 2892 2285 2948 dominationem
2309 2893 2616 2947 Dominum
2629 2892 3020 2962 deprecemur,
3053 2895 3116 2944 ut
3142 2905 3344 2962 regum
3371 2907 3473 2944 no-

1842 2991 2088 3041 strorum
2113 2987 2424 3042 exercitum
2446 2985 2523 3040 ita
2543 3003 2645 3040 sua
2670 2985 2875 3040 virtute
2897 2983 3262 3052 conroboret;
3297 2988 3358 3038 ut
3372 2999 3475 3054 per

1843 3081 2066 3136 eosdem
2099 3081 2362 3152 gentibus
2392 3080 2630 3135 subditis
2657 3079 2742 3135 vel
2767 3077 2998 3150 fugatis,
3033 3079 3149 3134 Deo
3177 3077 3303 3132 vivo
3324 3077 3475 3149 jugi-

1764 3192 1818 3265 (Σ
1845 3181 1929 3231 ter
1953 3175 2278 3230 serviamus.
2303 3176 2408 3229 Per
2432 3174 2730 3228 Dominum
2759 3177 3040 3228 nostrum.

2385 3277 2636 3328 Collectio
2663 3275 2913 3340 sequitur.

1915 3363 2149 3436 Respice
2178 3363 2421 3418 famulos
2450 3368 2595 3433 tuos,
2629 3363 2890 3432 Domine,
2917 3360 3124 3433 quibus
3157 3360 3309 3416 orbis
3337 3361 3482 3434 regi-

1846 3476 1999 3529 men,
2028 3463 2085 3515 et
2113 3475 2304 3514 rerum
2333 3458 2580 3513 habenas
2605 3457 2827 3527 dedisti,
2855 3461 2912 3511 et
2937 3461 3141 3526 prtesta
3159 3461 3219 3510 ut
3243 3460 3341 3510 tua
3368 3457 3480 3511 vir-

1847 3558 1965 3608 tute
1993 3553 2223 3620 muniti,
2252 3552 2531 3624 populum
2557 3557 2721 3606 tuum
2747 3566 2970 3606 summa
2988 3549 3254 3604 felicitate
3284 3551 3479 3605 defen-

1849 3647 2013 3714 dant;
2042 3651 2107 3702 ut
2130 3664 2265 3718 pace
2291 3646 2454 3701 nobis
2483 3645 2695 3717 ubique
2723 3660 3004 3713 concessa,
3032 3643 3135 3698 tibi
3177 3643 3376 3699 diebus
3419 3660 3480 3697 ac

1850 3742 2106 3797 noctibus
2131 3740 2455 3797 serviamus.
3395 3738 3402 3743 ’

2444 3836 2544 3884 Pro
2568 3831 2874 3896 virginibus.

1921 3924 2107 3978 Unum
2148 3919 2392 3991 Virginis
2431 3919 2632 3974 Filium
2677 3919 3066 3989 deprecemur,
3115 3922 3179 3972 ut
3217 3917 3484 3973 omnibus

1852 4016 2120 4072 castitatis
2151 4031 2342 4070 amore
2390 4013 2762 4085 flagrantibus
2798 4011 3234 4084 perseverantiae
3268 4012 3484 4084 palmas

1853 4109 2159 4184 impertiat.
2187 4111 2295 4164 Per
2322 4107 2644 4164 Dominum.

2408 4201 2658 4251 Collectio
2685 4200 2932 4265 sequitur.

1927 4289 2145 4356 Sancte,
2175 4288 2532 4358 omnipotens
2559 4287 2726 4356 Deus,
2768 4302 2893 4340 eam
2936 4284 3271 4356 virginitatis
3307 4287 3484 4341 culto-

1856 4383 2011 4438 ribus
2039 4382 2280 4452 gloriam
2307 4381 2509 4448 tribue,
2561 4397 2734 4453 quam
2784 4379 2952 4450 Virgo
2998 4383 3180 4433 mater
3218 4379 3483 4436 obtinuit.

1855 4477 1961 4542 Qui
1987 4493 2118 4532 cum
2148 4479 2328 4531 Patre.

2335 4570 2437 4617 Pro
2459 4566 2630 4617 viduis
2665 4570 2717 4617 et
2742 4567 3011 4630 orphanis.

1929 4660 2130 4728 Deum,
2159 4654 2559 4711 necessitatum
2575 4653 2833 4708 omnium
2845 4652 3345 4724 consideratorem,
3378 4655 3483 4710 Do-

1857 4754 2081 4808 minum
2109 4750 2479 4823 postulemus,
2511 4752 2576 4802 ut
2599 4747 2780 4801 viduis
2815 4747 3196 4820 orphanisque
3236 4749 3486 4807 clemen-

1856 4847 1950 4902 tiae
1977 4862 2094 4901 suae
2122 4860 2281 4900 more
2306 4841 2616 4898 subveniat.
2647 4843 2771 4896 Per.

2390 4945 2637 4996 Collectio
2663 4943 2913 5008 sequitur.

1929 5034 2210 5106 Religiosa
2255 5032 2523 5087 viduitate
2563 5031 2860 5103 potientes,
2906 5030 3092 5102 adque
3127 5033 3307 5088 orbati
3358 5050 3489 5105 par-

1861 5129 1997 5199 vuli,
2026 5129 2181 5184 nullo
2221 5144 2278 5182 se
2307 5126 2569 5198 praesidio
2607 5125 2924 5193 destitutos,
2977 5130 3033 5180 te
3073 5126 3308 5183 Domine
3339 5128 3494 5198 adju-

1861 5228 2048 5293 vante,
2069 5238 2223 5277 nunc
2251 5221 2516 5278 sentiant.

2413 5316 2510 5363 Pro
2543 5313 2928 5378 aegrotantibus.

1935 5401 2222 5459 Medicina:
2243 5400 2475 5456 ca’lestis
2498 5405 2787 5455 auctorem
2815 5400 3141 5467 Dominum,
3170 5399 3369 5454 fratres
3398 5415 3488 5453 ca-

1864 5497 2093 5567 rissimi,
2125 5513 2191 5552 ea
2216 5513 2325 5567 qua
2363 5495 2632 5566 competit
2666 5493 3069 5565 supplicatione
3104 5509 3394 5565 rogemus,
3432 5495 3496 5548 ut

1865 5598 2022 5647 actus
2048 5591 2368 5646 animorum
2389 5595 2734 5656 nostrorum,
2757 5603 3171 5657 corporumque
3196 5588 3496 5658 languores

1867 5685 2092 5741 virtutis
2118 5700 2234 5740 suae
2262 5683 2431 5738 verbo
2457 5697 2652 5735 sanare
2682 5681 2970 5752 dignetur.
2999 5680 3123 5736 Per.

2408 5773 2657 5824 Collectio
2691 5773 2938 5838 sequitur.

1943 5863 2125 5940 391
2163 5863 2390 5919 Inlirma
2418 5857 2757 5932 aegritudine
2795 5857 3199 5928 laborantibus,
3236 5858 3500 5932 omnipo.
