4014 6230
525 362 625 414 367

1322 354 1648 413 APPENDIX
1690 358 1776 411 AD
1813 352 2031 412 OPERA
2072 354 2302 413 SANCTI
2342 358 2642 413 GERMANI
2681 356 3109 426 PABISIENSIS.

3799 358 3904 410 368

522 470 667 533 tens,
710 470 920 520 reterne
966 465 1132 534 Deus,
1181 470 1416 536 paterna
1464 464 1824 519 miseratione
1862 480 2146 521 succurre.
2172 465 2453 549 Afratres
2478 465 2769 535 carissimi,
2800 466 2899 537 qui
2927 466 3261 519 ornamenta
3286 465 3507 518 natura:
3557 463 3769 518 amissa
3799 479 3907 533 per

521 561 646 615 Per.

646 657 741 705 Pro
780 654 1015 719 captivis,
1049 655 1132 704 vel
1165 655 1250 718 qui
1281 655 1333 704 in
1367 655 1665 705 carceribus
1698 656 2013 706 detinentur.

594 742 795 810 Deum,
835 742 934 813 qui
983 745 1203 795 maestas
1249 740 1433 795 clades
1472 742 1742 811 dissolvit,
1782 738 2151 796 unianimiter

521 824 908 906 deprecemur,
953 838 1013 888 ut
1041 850 1235 887 omnes
1273 834 1609 905 captivitatis
1635 836 1779 907 jugo
1832 835 2145 906 depressos,

519 933 576 983 et
600 928 659 982 in
687 943 973 982 carcerum
1003 931 1160 997 septa
1186 927 1459 999 detrusos,
1491 928 1620 1000 pius
1658 945 1884 1000 semper
1922 928 2147 983 miseri-

519 1022 722 1076 cordiae
747 1020 981 1091 largitor
1005 1019 1271 1075 absolvat.
1295 1021 1421 1077 Per.

1195 1113 1462 1163 Collectio.

588 1200 734 1254 Deus
759 1197 1016 1253 omnium
1040 1198 1421 1253 laborantium
1452 1198 1673 1271 insigne
1699 1199 2051 1271 praesidium,
2084 1200 2149 1253 li-

512 1296 648 1350 bera
674 1308 895 1347 carcere
921 1291 1153 1358 clausos,
1183 1296 1352 1363 atque
1381 1292 1647 1363 captivos,
1690 1310 1783 1347 eos
1827 1293 2144 1365 praesertim

512 1389 612 1461 qui
637 1403 805 1459 Opem
831 1388 945 1440 tuae
972 1384 1197 1457 pietatis
1222 1384 1549 1456 implorant.

1026 1484 1125 1531 Pro
1152 1483 1620 1546 peregrinantibus.

582 1569 962 1626 Habitatorem
991 1568 1133 1638 caeli,
1161 1569 1653 1641 inspectoremque
1678 1570 1937 1624 omnium
1964 1569 2147 1641 regio-

510 1680 673 1734 num,
704 1663 1007 1717 Dominum
1028 1678 1130 1733 pro
1148 1663 1643 1733 peregrinantibus
1672 1661 2037 1718 unianimiter
2054 1662 2148 1718 de-

508 1774 828 1831 precemur,
858 1761 923 1811 ut
948 1756 1027 1810 eis
1053 1772 1157 1827 pro
1200 1772 1317 1810 sure
1361 1756 1584 1828 pietatis
1621 1756 1921 1812 clementia
1964 1759 2147 1813 matu-

506 1870 639 1907 rum
665 1851 910 1907 reditum
933 1850 1227 1922 largiatur.
1257 1852 1384 1905 Per.

1200 1943 1470 1992 Collectio.

580 2030 923 2087 Salvatorem
947 2028 1226 2095 omnium,
1264 2028 1359 2100 qui
1384 2044 1443 2083 es
1462 2028 1550 2083 via
1575 2033 1632 2084 et
1668 2028 1873 2084 veritas
1913 2032 1970 2084 et
2010 2028 2141 2100 vita,

501 2123 896 2179 itinerantibus
946 2122 1281 2194 angelorum
1334 2122 1563 2194 ducem,
1614 2138 1962 2195 quaesumus,
2014 2122 2143 2193 pius

504 2219 686 2289 Pater,
717 2217 995 2273 adtribue.
1018 2218 1145 2271 Per.

940 2310 1039 2359 Pro
1065 2308 1415 2373 eleemosynia
1438 2308 1702 2371 largitore.

575 2399 876 2451 Auctorem
900 2395 1037 2449 boni
1066 2393 1275 2466 operis,
1322 2399 1379 2448 et
1401 2393 1792 2447 ﬁdelissimum
1830 2393 2138 2449 retributo-

502 2506 648 2555 rem,
687 2488 992 2543 Dominum
1018 2487 1406 2558 deprecemur,
1450 2491 1513 2541 ut
1562 2503 1758 2542 omnes
1796 2487 1895 2558 qui
1946 2487 2140 2558 plenas

500 2583 892 2654 indigentibus
921 2597 1123 2636 manus
1159 2580 1440 2652 aperiunt,
1474 2584 1529 2634 et
1573 2579 1666 2634 hic
1700 2580 2137 2651 multiplicatum

501 2677 590 2732 sui
616 2677 802 2749 operis
826 2676 1077 2730 fructum
1106 2674 1349 2745 capiant,
1402 2678 1459 2729 et
1488 2674 1547 2729 in
1592 2675 1852 2731 futurum
1898 2674 2135 2744 gloriam

501 2774 919 2843 consequantur
943 2774 1237 2825 aeternam.
1258 2769 1383 2823 Per.

1187 2861 1457 2911 Collectio.

570 2949 824 3022 Respice,
856 2948 1117 3015 Domine,
1152 2964 1351 3002 eorum
1374 2947 1587 3002 viscera
1614 2946 2005 3003 benedictione
2033 2962 2134 3002 cae-

498 3043 644 3114 lesti,
673 3043 771 3115 qui
796 3047 851 3098 te
877 3058 1196 3115 pauperum
1218 3046 1387 3114 pastu
1415 3040 1696 3097 reﬁciunt.
1730 3042 1855 3096 Per.

1053 3140 1154 3188 Pro
1182 3138 1570 3202 pcenitenlibus.

568 3228 819 3283 Summa:
847 3225 1074 3297 pietatis
1106 3224 1431 3291 Dominum,
1464 3224 1565 3294 qui
1593 3240 1709 3278 non
1745 3224 1864 3279 vult
1889 3226 2131 3278 mortem
2153 3222 2207 3297 ρ
2234 3254 2397 3309 Dom.
2420 3258 2681 3309 nostrum
2710 3254 2811 3325 qui
2840 3258 3114 3309 venturus

498 3319 866 3375 morientium
920 3318 1229 3373 dummodo
1268 3321 1636 3372 renascantur
1680 3321 1736 3372 et
1780 3318 1988 3388 vivant,
2030 3333 2134 3389 pro

495 3413 903 3486 paenitentibus
923 3411 1229 3466 Dominum
1256 3412 1647 3483 deprecemur,
1677 3415 1743 3465 ut
1769 3412 1988 3467 indulta
2011 3428 2136 3466 suo-

497 3524 726 3575 rum...,
744 3505 1093 3561 remissionis
1114 3522 1228 3560 suae
1244 3505 1662 3577 plenitudinem
1683 3505 1983 3576 largiatur.
2006 3508 2132 3562 Per.

1049 3608 1298 3658 Collectio
1325 3608 1575 3671 sequitur.

571 3695 797 3764 Tribue,
828 3694 1083 3761 Domine,
1129 3710 1371 3750 munere
1406 3694 1577 3749 fontis
1621 3694 1805 3749 exutis
1854 3698 1920 3749 ut
1956 3694 2135 3751 ﬁdelis

496 3789 842 3863 paenitentiae
865 3788 1121 3861 praemiis
1144 3787 1356 3843 iterum
1386 3787 1725 3858 glorientur.
1757 3789 1879 3844 Per.

1101 3882 1200 3930 Pro
1226 3880 1521 3945 neophytis.

571 3971 678 4023 Pro
701 3965 1121 4038 negligentibus
1146 3965 1434 4037 tardisque
1460 3964 1685 4020 Domini
1709 3966 1887 4021 nostri
1914 3965 2135 4021 cultori-

498 4064 626 4133 bus,
652 4062 711 4117 id
738 4064 823 4116 est
850 4059 1174 4131 neOphytis,
1202 4059 1511 4114 Dominum
1539 4060 1932 4131 deprecemur,
1964 4064 2028 4115 ut
2054 4060 2135 4115 eis

501 4155 848 4212 desiderium
873 4154 1050 4209 beata:
1076 4158 1132 4209 et
1156 4157 1448 4225 perpetuae
1478 4153 1924 4225 regenerationis
1949 4154 2135 4210 infun-

501 4250 615 4306 dat.

1177 4317 1447 4368 Collectio.

573 4408 741 4474 Deus,
770 4405 869 4479 qui
894 4420 1117 4477 semper
1138 4404 1286 4459 bona
1319 4403 1453 4458 facis
1500 4402 1754 4457 invenire
1794 4407 2132 4475 quaerentes,

499 4507 709 4575 praesta
732 4505 797 4556 ut
811 4516 1008 4555 eorum
1028 4498 1350 4554 rudimenta
1367 4502 1635 4569 tyronum
1655 4498 1973 4552 mercedem
1995 4514 2134 4553 con-

501 4596 771 4653 summati
796 4594 981 4667 cperis
1006 4595 1447 4664 consequantur.
1475 4592 1583 4647 Per
1611 4590 1937 4647 Dominum.

1035 4700 1137 4749 Pro
1162 4697 1599 4762 competentibus.

574 4790 878 4846 Dominum
918 4784 1226 4857 majestatis
1254 4800 1500 4855 oremus,
1532 4788 1596 4839 ut
1621 4783 1769 4838 cervi
1794 4799 1953 4839 more
1980 4783 2135 4838 fonte

495 4887 617 4961 jam
645 4884 906 4958 proximo
930 4879 1205 4949 sitientes,
1234 4895 1371 4934 mox
1399 4879 1470 4934 ad
1510 4878 1746 4936 caelestis
1780 4878 1987 4950 palmae
2020 4878 2136 4932 lau-

501 4998 658 5038 ream
681 4978 1120 5049 consequantur.
1147 4974 1273 5029 Per.

1178 5066 1444 5118 Collectio.

572 5162 781 5220 Sitiunt
819 5157 891 5212 ad
931 5160 985 5211 te
1029 5155 1207 5209 Deum
1246 5152 1438 5208 vivum
1717 5156 1973 5223 tuorum,
2021 5153 2132 5207 Do-

500 5256 677 5322 mine,
717 5250 884 5307 corda
931 5244 1306 5313 famulorum;
1349 5244 1569 5316 suscipe
1605 5244 1897 5315 cupientes
1935 5244 2135 5299 saeculo

502 5350 669 5421 mori,
697 5351 761 5403 ut
785 5343 912 5413 tibi,
942 5338 1200 5409 Domine,
1233 5342 1637 5407 renascantur;
1685 5337 1757 5392 da
1795 5342 2135 5409 praesentem

500 5443 825 5521 petentibus
845 5434 1108 5511 gratiam,
1130 5432 1304 5488 vitam
1326 5432 1569 5489 credulis
1589 5432 1822 5488 daturus
1840 5436 2132 5488 aeternam.

499 5541 628 5595 Per.
891 5601 1036 5658 XXV.
1081 5616 1215 5657 oens
1252 5615 1323 5654 an
1360 5615 1750 5656 ssrrruunun.

815 5695 1051 5748 Prmfatio
1092 5697 1370 5756 antequam
1417 5692 1767 5743 exorcidietur
1779 5689 1818 5742 ⁸.

571 5792 847 5845 Autorem
873 5801 938 5838 ac
963 5783 1347 5855 reparatorem
1375 5783 1636 5836 nostrum
1665 5779 2133 5853 omnipotentem,

574 5921 599 5953 ι
622 5914 701 5968 lta
725 5907 941 5982 passim
962 5906 1127 5975 infra,
1158 5907 1447 5970 emorcidio,
1473 5909 1580 5963 etc.

2250 560 2476 629 culpam
2503 559 2768 631 dignatus
2792 564 2876 614 est
2902 574 3163 629 reparare
3194 574 3296 628 per
3322 558 3583 627 gratiam,
3610 557 3717 611 sub
3746 573 3906 612 reve-

2249 652 2428 706 rendo
2460 652 2715 722 mysterii
2755 652 3049 723 prmsentis
3093 651 3280 704 ofﬁcio
3317 651 3650 722 suppliciter
3691 666 3901 705 exore-

2250 761 2400 814 mus,
2432 748 2497 799 ut
2518 745 2679 816 aquis
2704 745 2795 799 his
2824 746 3092 799 virtutem
3146 744 3524 812 transfundat,
3571 744 3633 798 in
3679 744 3905 798 animas

2248 838 2670 893 benedictiones
2716 838 3000 906 infundat,
3028 841 3086 892 et
3108 837 3180 891 ad
3206 838 3602 909 peragendum
3628 838 3895 892 sacratis-

2250 931 2407 986 simaa
2426 931 2874 1003 regenerationis
2900 931 3165 987 effectum
3190 930 3494 1002 praesentia
3520 931 3689 985 trinae
3721 931 3897 1001 Maje-

2248 1025 2403 1081 statis
2429 1026 2660 1080 adsistat
2679 1042 2692 1080 :
2715 1024 3037 1097 confringat
3062 1030 3119 1078 et
3137 1028 3389 1079 conterat
3404 1041 3576 1095 super
3596 1025 3699 1080 has
3719 1040 3902 1097 aquas

2248 1124 2419 1191 caput
2443 1120 2733 1189 draconis;
2765 1123 2831 1173 ut
2860 1119 2965 1173 sub
2988 1118 3153 1173 undis
3172 1118 3388 1173 fecibus
3407 1119 3788 1174 transactione
3816 1135 3903 1173 se-

2247 1216 2399 1267 creta
2422 1212 2870 1284 chirographum
2901 1212 3208 1284 pristinum
3238 1216 3560 1278 evacuetur,
3583 1216 3641 1267 et
3665 1212 3894 1267 debito-

2246 1306 2405 1360 ribus
2431 1322 2563 1361 cum
2600 1306 2819 1361 Christo
2862 1322 2964 1376 per
3004 1305 3351 1376 baptismum
3393 1305 3760 1376 consepultis,
3814 1306 3898 1359 ita

2246 1399 2339 1454 hic
2365 1402 2570 1471 agatur
2602 1399 2803 1454 mortis
2829 1399 3090 1467 imitatio,
3121 1403 3187 1453 ut
3233 1398 3454 1453 salvatis
3496 1399 3734 1470 perditis
3778 1398 3899 1452 sola

2245 1509 2304 1547 se
2332 1493 2536 1548 sentiat
2559 1493 2619 1547 in
2646 1492 2813 1547 terris
2838 1492 3179 1564 perditione.
3217 1493 3325 1547 Per
3351 1491 3414 1545 D.

2794 1584 3043 1635 Collectio
3071 1583 3322 1648 sequitur.

2316 1671 2685 1742 Omnipotens
2726 1671 3069 1742 sempiterne
3098 1672 3264 1740 Deus,
3292 1670 3483 1725 adesto
3511 1685 3740 1741 magnae
3766 1670 3886 1742 pie-

2244 1765 2372 1819 tatis
2396 1769 2511 1819 tuae
2532 1764 2831 1837 mysteriis,
2861 1764 3055 1819 adesto
3082 1763 3446 1820 sacramentis
3468 1781 3485 1833 ;
3517 1767 3573 1817 et
3592 1763 3665 1818 ad
3691 1780 3892 1819 crean-

2162 1846 2219 1919 B
2243 1857 2346 1914 dos
2369 1874 2543 1913 novos
2566 1859 2825 1929 populos,
2854 1874 2996 1929 quos
3021 1857 3125 1912 tibi
3150 1858 3277 1912 fons
3307 1856 3659 1928 baptismatis
3685 1863 3887 1929 partu-

2244 1952 2338 2022 rit,
2368 1953 2634 2024 spiritum
2660 1952 2976 2023 adoptionis
3000 1952 3216 2020 emitte,
3245 1950 3486 2022 utquod
3528 1954 3740 2005 nostrae
3782 1951 3893 2006 hu-

2243 2046 2497 2100 militatis
2524 2045 2839 2117 gerendum
2859 2048 2944 2099 est
2968 2044 3305 2114 ministerio,
3333 2048 3447 2099 tua:
3474 2043 3700 2099 virtutis
3726 2060 3886 2099 com-

2242 2140 2469 2212 pleatur
2496 2140 2719 2195 effectu.
2746 2141 2854 2193 Per
2880 2138 3209 2193 Dominum.

2698 2232 3035 2283 Exorcismus
3071 2244 3219 2303 aqua
3249 2230 3421 2281 fontis.

2312 2318 2581 2373 Exorcizo
2608 2321 2683 2387 te,
2714 2318 2840 2373 fons
2879 2334 3041 2390 aquae
3067 2317 3367 2389 perennis;
3414 2332 3517 2388 per
3541 2316 3724 2371 Deum
3748 2332 3883 2370 san-

2240 2417 2416 2482 ctum,
2450 2417 2507 2468 et
2533 2414 2711 2467 Deum
2735 2428 2955 2482 verum,
2980 2411 3079 2483 qui
3107 2416 3162 2466 te
3187 2411 3249 2465 in
3288 2410 3568 2482 principio
3616 2410 3689 2463 ab
3726 2410 3886 2464 arida

2239 2506 2536 2576 separavit,
2578 2510 2634 2560 et
2672 2506 2731 2560 in
2776 2510 3023 2577 quatuor
3067 2503 3401 2559 ﬂuminibus
3444 2508 3659 2558 terram
3694 2502 3885 2574 rigare

2236 2599 2525 2671 praecepit.
2560 2599 2644 2654 Sis
2680 2616 2827 2671 aqua
2862 2603 3074 2666 sancta,
3121 2614 3269 2670 aqua
3295 2597 3610 2665 benedicta,
3644 2596 3886 2651 abluens

2236 2692 2454 2762 sordes,
2507 2697 2563 2748 et
2612 2692 2902 2748 dimittens
2941 2697 3168 2764 peccata
3202 2709 3216 2746 :
3255 2693 3316 2746 in
3344 2691 3496 2745 illius
3545 2695 3602 2746 te
3645 2690 3886 2745 nomine

2236 2786 2521 2841 exorcidio
2551 2787 2652 2857 qui
2677 2786 2832 2841 dedit
2856 2786 3157 2867 discipulisJ
3172 2785 3290 2840 suis
3320 2801 3531 2840 novum
3555 2800 3881 2839 sacramen-

2234 2884 2361 2935 tum
2392 2880 2617 2934 dicens:
2661 2882 2738 2935 Ite
2765 2880 2824 2934 in
2856 2880 3138 2950 gentibus,
3164 2879 3509 2951 baptizantes
3534 2894 3628 2933 eos
3679 2878 3744 2933 in
3776 2894 3879 2932 no-

2232 2974 2389 3029 mine
2417 2974 2597 3029 Patris
2622 2978 2679 3029 et
2703 2974 2828 3028 Filii
2857 2978 2915 3028 et
2940 2973 3180 3045 Spiritus
3207 2973 3405 3028 sancti.
3429 2972 3549 3026 Fiat
3573 2988 3752 3040 nunc,
3774 2973 3879 3025 Do-

2233 3067 2410 3135 mine,
2462 3084 2609 3139 aqua
2655 3072 2846 3122 sancta
2889 3067 3235 3122 exorcidiata
3267 3066 3339 3121 ad
3376 3065 3687 3137 expiandos
3740 3064 3882 3119 ﬁlios

2234 3161 2358 3216 Dei.
2403 3162 2510 3215 Per
2546 3162 2770 3215 Patrem
2817 3165 2874 3215 et
2928 3160 3132 3215 Filium
3169 3160 3291 3231 ejus
3340 3161 3531 3215 Jesum
3588 3158 3885 3215 Christum

3158 3258 3242 3309 est
3283 3269 3415 3308 cum
3444 3252 3657 3325 Spiritu
3688 3258 3884 3308 sancto

2226 3348 2485 3419 judicare
2512 3348 2796 3402 mundum
2822 3364 2925 3419 per
2948 3348 3165 3419 ignem.

2546 3445 2780 3495 Praefatio
2810 3446 2876 3495 ad
2911 3443 3337 3495 benedicendum
3374 3444 3561 3494 fontes.

2306 3532 2609 3586 Dominum
2659 3531 3068 3586 immortalium
3105 3547 3415 3586 munerum
3449 3535 3506 3585 et
3545 3529 3881 3586 salutarium

2235 3625 2569 3697 gratiarum,
2617 3626 2821 3681 fratres
2870 3625 3239 3693 dilectissimi,
3299 3625 3565 3680 concordi
3600 3631 3798 3681 mente
3826 3629 3879 3680 et

2233 3718 2442 3773 humili
2465 3719 2716 3774 oratione
2742 3736 3075 3791 poscamus;
3107 3723 3170 3774 ut
3190 3735 3296 3790 per
3334 3719 3602 3789 Verbum,
3638 3719 3873 3790 Sapien«

2234 3813 2394 3883 tiam,
2427 3818 2483 3869 et
2509 3815 2790 3870 Virtutem
2821 3830 2982 3869 suam
3029 3813 3335 3869 Dominum
3377 3818 3639 3869 nostrum
3679 3815 3874 3868 Jesum

2232 3906 2521 3962 Christum
2548 3908 2754 3963 Filium
2781 3924 2970 3975 suum,
3012 3908 3375 3963 concurrenti
3408 3908 3480 3962 ad
3524 3907 3881 3978 baptismum

2233 4000 2541 4056 salutarem
2582 4002 2737 4073 plebi
2778 4018 2893 4057 sum
2939 4002 3181 4074 gratiam
3229 4018 3392 4056 novae
3429 4001 3881 4073 regenerationis

2233 4094 2532 4167 indulgeat
2552 4113 2564 4163 ;
2587 4100 2755 4168 atque
2774 4112 3026 4151 accessus
3047 4096 3180 4151 hinc
3199 4096 3428 4167 penitus
3453 4095 3728 4167 malignae
3748 4112 3882 4150 con-

2234 4189 2480 4261 tagionis
2502 4194 2783 4260 avertens,
2812 4188 3007 4263 363
3035 4189 3296 4244 infundat
3317 4189 3471 4244 vitali
3495 4190 3718 4245 lavacro
3747 4190 3881 4261 Spi-

2234 4284 2410 4338 ritum
2435 4301 2602 4339 suum
2626 4287 2915 4351 sanctum;
2943 4288 3009 4339 ut
3032 4284 3171 4339 dum
3195 4284 3387 4339 sitiens
3431 4284 3604 4339 ﬁdem
3632 4285 3882 4356 populus

2234 4395 2412 4449 aquas
2465 4378 2724 4433 salutaris
2761 4378 3113 4449 ingreditur;
3159 4395 3290 4435 vere
3326 4378 3409 4449 (ut
3451 4378 3730 4450 scriptum
3772 4379 3878 4448 est)

2234 4488 2337 4543 per
2355 4488 2563 4543 aquam
2588 4475 2645 4527 et
2668 4470 2941 4543 Spiritum
2969 4477 3224 4528 sanctum
3251 4475 3610 4539 renascatur;
3649 4476 3705 4527 et
3744 4488 3880 4526 con-

2153 4602 2213 4675 D
2237 4565 2490 4636 sepultus
2517 4564 2578 4620 in
2606 4565 2825 4620 lavacro
2868 4565 3235 4638 Redemptori
3277 4582 3398 4635 suo,
3445 4566 3506 4619 in
3543 4564 3876 4620 similitudi-

2236 4674 2369 4714 nem
2410 4658 2551 4713 sacri
2600 4658 2889 4732 divinique
2923 4660 3196 4732 mysterii,
3253 4660 3343 4715 cui
3384 4659 3736 4714 conmoritur
3771 4674 3880 4731 per

2234 4751 2604 4824 baptismum,
2646 4753 2832 4809 eidem
2856 4757 3225 4826 conresurgat
3251 4755 3311 4809 in
3339 4770 3541 4825 regno.
3569 4754 3694 4809 Per.

2798 4850 3099 4901 Benedictio
3121 4849 3297 4901 fontis.

2308 4935 2569 5007 Benedic,
2599 4936 2855 5004 Domine,
2886 4936 3034 4992 hanc
3077 4954 3285 5009 aquam
3331 4936 3611 5008 salutaris,
3655 4940 3713 4991 et
3753 4953 3882 4992 san-

2236 5028 2417 5084 ctiﬁca
2440 5046 2585 5100 eam,
2618 5030 2979 5103 omnipotens
3005 5031 3269 5103 Trinitas,
3296 5030 3394 5104 qui
3419 5031 3743 5087 humanum
3772 5048 3873 5103 ge-

2235 5140 2343 5179 nus
2370 5124 2615 5181 formare
2642 5141 2945 5197 creareque
2964 5125 3215 5197 jussisti;
3243 5126 3456 5199 quique
3485 5125 3656 5181 etiam
3673 5125 3877 5181 dedisti

2236 5218 2397 5273 nobis
2423 5234 2527 5291 per
2552 5219 2636 5275 tui
2675 5219 3028 5291 baptismatis
3051 5220 3387 5291 mysterium
3412 5220 3655 5292 gratiam
3706 5236 3873 5275 rena-

2238 5312 2448 5382 scendi,
2468 5313 2684 5385 respice
2703 5313 2983 5385 propitius
3002 5324 3173 5386 super
3193 5315 3353 5371 istius
3370 5331 3535 5386 aquae
3556 5317 3875 5370 creaturam

2236 5403 2530 5478 religionis
2581 5407 2849 5478 mysterio
2897 5413 3279 5480 procuratam,
3336 5407 3648 5480 spiritalem
3710 5412 3873 5463 tuam

2236 5500 2692 5557 benedictionem
2719 5501 3018 5573 perfunde,
3046 5508 3113 5558 ut
3136 5502 3208 5558 sit
3231 5502 3332 5573 eis,
3360 5503 3461 5574 qui
3484 5502 3547 5557 in
3573 5518 3640 5557 ea
3684 5501 3872 5575 bapti~

2237 5595 2399 5651 zandi
2428 5598 2581 5666 sunt,
2609 5596 2736 5651 fons
2764 5612 2928 5669 aquae
2966 5596 3224 5652 salutaris
3258 5597 3323 5652 in
3356 5596 3689 5652 remissione
3730 5601 3876 5652 vete-

2236 5706 2369 5745 rum
2422 5689 2729 5745 criminum
2779 5690 2874 5763 (te,
2926 5690 3181 5762 Domine,
3242 5691 3540 5765 largiente)
3584 5690 3648 5746 in
3702 5691 3875 5748 vitam

2238 5788 2531 5840 aeternam.
2558 5785 2665 5840 Per
2689 5785 2753 5842 D.
