4014 6230
147 380 236 438 369
1217 383 1304 440 DE
1343 383 1657 441 LITURGIA
1692 381 2067 442 GALLICANA
2104 387 2303 445 LIBER
2340 387 2429 444 lli.
3403 393 3504 448 370

686 491 1001 544 Contestetio
1024 491 1198 544 fontis.
1781 503 1841 578 Α
2372 499 2451 551 Ad
2486 499 2646 566 pedes
2668 501 2695 533 ⁸
2721 501 2987 554 lavandos.

202 578 440 650 Dignum
467 582 526 634 et
548 578 769 650 justum
797 583 902 635 est.
931 581 1072 635 Vere
1098 596 1328 652 aequum
1354 584 1409 635 et
1430 581 1650 651 justum
1677 584 1763 636 est
1938 583 2209 640 Dominus
2235 591 2290 641 et
2317 586 2569 643 Salvator
2595 592 2785 644 noster
2809 591 2966 644 Jesus
2991 588 3245 646 Christus
3271 594 3499 662 aposto-

139 690 226 730 nos
249 671 347 728 tibi
367 672 582 744 gratias
602 689 794 744 agere,
818 675 1054 730 Domine
1083 676 1229 730 Deus
1265 679 1496 742 aeterne,
1537 675 1635 746 qui
1671 692 1760 729 so-
1864 675 1932 730 lis
1960 677 2075 732 suis
2113 680 2283 749 pedes
2309 681 2475 750 lavit;
2507 699 2612 753 ego
2639 683 2741 736 tibi
2770 684 2942 754 pedes
2970 685 3115 754 lavo,
3142 689 3206 739 ut
3233 688 3290 740 et
3317 689 3380 739 tu
3408 686 3494 740 fa-

135 770 211 822 lus
246 767 411 821 habes
455 768 962 837 inmortalitatem;
1008 785 1251 840 eamque
1279 785 1352 822 ne
1393 769 1546 823 solus
1583 767 1760 839 possi-
1863 770 1974 823 cias
2011 772 2330 843 hospitibus
2356 779 2413 830 et
2441 775 2754 847 peregrinis
2780 778 2879 848 qui
2900 778 2970 831 ad
2999 782 3053 832 te
3079 779 3356 834 venerint.
3388 782 3500 836 Hoc

134 862 267 930 deas,
293 861 455 916 nobis
484 878 713 934 quoque
751 868 1015 919 renovata
1043 866 1204 918 aetate
1222 862 1506 932 tribuisti;
1540 862 1640 934 qui
1659 863 1764 916 hu-
1864 863 1910 917 si
1936 863 2150 936 feceris,
2181 867 2416 923 habebis
2441 870 2614 924 vitam
2637 873 2909 925 aeternam
2939 871 3000 926 in
3030 873 3235 927 saacula
3260 875 3495 930 saeculo-

134 971 282 1010 mano
308 955 505 1026 generi
535 957 799 1011 amissam
832 973 936 1027 per
959 957 1473 1028 transgressionem
1503 955 1762 1028 pristinas
1862 974 2010 1013 rum.
2040 962 2239 1014 Amen.

134 1048 346 1120 originis
395 1049 742 1121 dignitatem
787 1051 1093 1105 reformare
1137 1051 1196 1105 in
1222 1051 1424 1104 melius
1462 1055 1578 1104 tam
1626 1066 1758 1120 pre-
2437 1033 2554 1081 POSl
2577 1033 2912 1096 baptismum.

134 1145 254 1197 tioso
273 1159 442 1214 quam
459 1144 615 1198 felici
630 1145 984 1215 baptismatis
1002 1161 1240 1200 munere
1253 1143 1496 1198 voluisti.
1517 1143 1755 1212 Adsiste,
1932 1138 2097 1203 D8118,
2127 1137 2197 1191 ad
2226 1153 2397 1208 quem
2423 1137 2638 1192 scubias
2664 1139 2690 1178 δ
2716 1139 2918 1194 veteris
2944 1139 3204 1196 homines
3224 1141 3494 1213 infundit,

131 1253 459 1311 quaesumus,
501 1239 573 1292 ad
606 1238 1020 1294 invocationem
1055 1238 1306 1292 nominis
1339 1237 1448 1291 tui:
1477 1237 1761 1292 sanctiﬁoa
1861 1234 1915 1284 et
1943 1231 2224 1301 depositas
2247 1231 2480 1285 novella).
2511 1231 2714 1286 sobolis
2743 1249 2992 1304 propago
3020 1234 3326 1305 descendit,
3358 1236 3497 1291 dum

127 1331 319 1385 fontem
347 1331 526 1400 hunc,
560 1332 933 1387 sanctiﬁcator
964 1332 1187 1402 generis
1227 1331 1469 1386 humani
1491 1349 1508 1400 ;
1534 1332 1631 1384 fiat
1678 1331 1760 1385 lo-
1858 1324 1916 1378 in
1944 1341 2151 1378 novam
2181 1328 2565 1395 aiternampue
2585 1325 2957 1380 substantiam
2978 1327 3316 1382 salutaribus
3336 1329 3498 1400 aquis

126 1442 209 1480 cus
233 1424 330 1479 iste
359 1425 592 1496 dignus,
621 1427 679 1480 in
737 1443 908 1496 quem
963 1426 1202 1496 Spiritus
1250 1429 1474 1480 sanctus
1521 1425 1753 1494 inﬂuat;
1859 1418 2104 1472 eluimur
2128 1422 2183 1473 et
2209 1419 2514 1488 nascimur,
2547 1434 2813 1473 conserva
2837 1419 2897 1473 in
2927 1437 3029 1474 nos
3055 1421 3137 1474 tui
3172 1422 3353 1476 laticis
3383 1441 3494 1494 pu-

128 1519 409 1589 sepeliatur
436 1519 530 1574 hic
550 1519 663 1574 illic
694 1521 872 1574 Adam
900 1524 1078 1586 vetus,
1111 1523 1371 1588 resurgat
1392 1535 1604 1588 novus;
1636 1536 1758 1573 mo-
1858 1527 1986 1565 rum
2007 1512 2309 1582 liquorem,
2336 1516 2398 1565 ut
2415 1528 2661 1583 nequam
2680 1513 3087 1584 superinduere
3115 1515 3362 1569 maculas
3380 1533 3496 1572 non

126 1613 286 1666 riatnr
313 1629 481 1668 omne
514 1614 668 1684 quod
716 1613 901 1668 oni-nis
949 1617 1051 1682 est,
1099 1617 1363 1683 resurgat
1400 1629 1567 1668 omne
1605 1613 1756 1684 quod
1856 1605 2037 1660 valeat
2065 1605 2328 1660 inimicus
2352 1623 2368 1674 ;
2398 1622 2502 1661 nec
2530 1605 2819 1661 auferatur
2838 1609 3001 1663 Pater
3030 1625 3063 1662 a
3082 1607 3230 1678 ﬁliis,
3259 1624 3363 1664 nec
3390 1611 3494 1664 Pa-

126 1705 361 1776 spiritus;
403 1710 688 1761 exuantur
727 1708 1018 1762 sordentes
1057 1706 1227 1774 vitiis,
1274 1710 1330 1760 et
1371 1706 1614 1761 discissis
1643 1705 1753 1760 cri-
1857 1698 1928 1752 tri
1952 1699 2316 1755 subtrahatur
2340 1699 2642 1755 hereditas-

125 1801 372 1869 minibus,
420 1801 662 1856 amictus
688 1800 1001 1872 splendoris
1031 1804 1088 1854 et
1114 1799 1553 1854 immortalitatis
1581 1799 1750 1854 indu-

126 1897 298 1948 menta
321 1899 641 1948 sumantur.
676 1895 1027 1965 Quicumque
1052 1895 1111 1948 in
1141 1894 1362 1948 Christo
1382 1893 1750 1964 batipzabun-
1774 1877 1830 1948 Β

126 1993 222 2056 tur,
252 1987 492 2042 induant
517 1989 825 2044 Christum.
865 1987 1215 2059 Quicumque
1252 1987 1343 2041 hic
1381 1987 1752 2041 renunciave-

128 2082 225 2136 rint
251 2081 488 2149 diabolo,
523 2082 596 2136 da
623 2082 705 2136 eis
728 2082 1080 2153 triumphare
1109 2081 1176 2135 de
1203 2081 1436 2135 mundo.
1466 2081 1569 2144 Qui
1597 2084 1651 2134 te
1694 2079 1754 2135 in

127 2175 214 2228 hoc
260 2175 377 2228 loco
421 2175 786 2245 invocaverit,
835 2181 896 2230 tu
951 2192 1082 2230 eum
1123 2191 1426 2245 cognoscas
1465 2174 1523 2227 in
1549 2190 1748 2244 regno.

127 2269 198 2324 Sic
221 2269 276 2322 in
297 2268 400 2322 hoc
424 2268 584 2324 fonte
607 2270 1016 2340 extinguantur
1036 2268 1295 2336 crimina,
1318 2284 1392 2322 ne
1409 2271 1711 2337 resurgant
1731 2285 1748 2336 ;

2188 1840 2360 1894 XXVI.
2392 1854 2550 1896 MISSA
2593 1856 2646 1894 IN
2685 1856 2883 1896 VIGILIA
2923 1856 3153 1898 pascam.

2539 1941 2793 1992 Praefatio.

1927 2026 2296 2098 Omnipotens
2335 2027 2679 2098 sempiterna
2719 2028 2884 2098 Deus,
2915 2028 3011 2099 qui
3056 2029 3202 2083 hanc
3241 2031 3494 2085 sacratis-

1855 2119 2055 2173 simam
2089 2124 2312 2174 noctem
2342 2136 2445 2190 per
2475 2120 2736 2175 universa
2759 2120 2962 2175 mundi
2991 2121 3169 2192 spatia
3198 2123 3375 2194 gloria
3398 2125 3493 2178 do-

1854 2213 2080 2267 mimicae
2124 2213 2567 2268 Resurrectionis
2613 2214 2896 2282 inlustras,
2937 2231 3204 2269 conserva
3238 2215 3297 2269 in
3345 2233 3489 2271 nova

607 2307 1012 2381 ⁹⁴³έ¹ξ⁸ξῖι⁸ξ⁵¹⁸ξιξξ
1851 2307 2080 2361 familia:
2106 2311 2219 2361 ture
2247 2307 2520 2378 progenie
2537 2307 2986 2362 sanctificationis
3002 2307 3296 2378 Spiritum,
3313 2326 3487 2381 quem

126 2362 190 2414 sic
214 2362 508 2417 invalescat
532 2380 696 2433 aquas
723 2363 887 2417 istius
913 2362 1352 2431 beneﬁcium,ut
1379 2362 1578 2415 aeterni
1598 2362 1750 2430 ignis
1851 2400 2072 2467 dedisti,
2118 2404 2178 2455 ut
2220 2362 2455 2472 CBrp‘gre
2497 2404 2555 2455 et
2589 2404 2781 2455 mente
2822 2362 3093 2470 renovat},
3141 2362 3485 2473 purahl‘m;

128 2456 439 2566 msﬁngﬂat.
471 2455 832 2566 incenditur:
863 2456 1024 2566 miti?
1065 2455 1239 2566 folntrins
1275 2455 1563 2566 lalm‘ribu?
1612 2454 1744 2523 ωίῆ
1849 2454 2099 2548 animam
2142 2498 2198 2550 et
2237 2454 2446 2566 pui'um
2496 2496 2690 2564 pectus
2735 2509 2959 2564 semper

126 2565 246 2618 quos
285 2550 480 2604 altaria
520 2549 714 2621 regnis
751 2550 867 2603 tuis
903 2549 1155 2605 mittant.
1189 2550 1361 2603 Totus
1402 2547 1494 2602 hic
1540 2548 1749 2602 horror
1847 2547 2006 2642 Dom.

127 2643 298 2697 mortis
331 2643 596 2698 intereat.
630 2644 984 2714 Quicumque
1010 2643 1102 2696 hic
1144 2647 1274 2696 tuus
1328 2657 1448 2696 esse
1490 2641 1742 2712 coeperit,
1907 2641 1912 2642 ⁷
1997 2641 2002 2642 “
2530 2657 2799 2708 αοιιεοιίο,

130 2740 236 2789 tuus
259 2753 373 2791 esse
399 2753 518 2790 non
553 2737 792 2791 desinat.
821 2737 1175 2807 Quicumque
1202 2736 1292 2789 hic
1320 2751 1376 2789 se
1416 2734 1518 2788 sibi
1565 2750 1741 2804 nega-
1918 2763 2079 2830 Deus,
2133 2760 2231 2832 qui
2272 2761 2419 2815 hanc
2457 2760 2894 2816 sacratissima“,
2949 2765 3178 2818 noctem
3220 2764 3481 2835 gloriosa

125 2829 264 2899 verit,
307 2835 360 2884 te
408 2830 754 2898 lucrifaciat;
786 2834 840 2884 et
868 2846 972 2900 per
995 2829 1379 2884 ministerium
1405 2831 1660 2882 nostrum
1689 2831 1742 2928 et
1846 2829 2604 2909 dominicaa'resurrectionis
2648 2855 2935 2924 inlustras,
2982 2829 3251 2911 concede‘
3269 2857 3479 2928 populo

125 2923 426 3021 niysmrium
456 2928 627 3021 illum
655 2927 1010 3021 consecrat"?
1063 2923 1167 3021 tibi
1206 2922 1468 3021 Petillius,
1518 2920 1744 3021 ‘Btiirnis
1844 2953 1959 3016 tuo,
2012 2948 2300 3019 originalis
2348 2948 2538 3002 delicti
2565 2946 2755 3020 365
2793 2920 2983 3004 errore
3026 2920 3318 3016 mandato,
3344 2920 3479 3021 post

122 3015 176 3069 ad
203 3022 251 3071 te
279 3017 527 3088 praemiis
553 3021 932 3072 consecretur.
981 3019 1086 3071 Per
1133 3017 1439 3071 Dominum
1484 3017 1741 3068 nostrum
1843 3042 2284 3096 sacratissimum
2329 3041 2544 3096 fontem
2583 3044 2791 3095 terram
2827 3046 2938 3096 tua
2974 3043 3360 3112 promissionis
3394 3045 3479 3098 1η,

125 3111 291 3163 1θειιῐη
318 3111 628 3165 (Ππίδίυω-
1327 3203 1341 3205 _
1436 3203 1451 3205 _
1510 3203 1518 3205 Α
1839 3139 2010 3205 trare,
2053 3140 2114 3190 ut
2166 3135 2348 3190 dulcia
2395 3135 2885 3190 Sacramentorum
2931 3111 3162 3191 tuorum
3205 3137 3475 3192 alimenta

181 3206 356 3260 Postea
381 3207 525 3271 facis
557 3210 666 3260 tres
696 3219 873 3259 cruces
899 3219 1062 3274 super
1085 3220 1285 3274 aquam
1305 3203 1370 3258 de
1403 3203 1656 3264 chrisma,
1692 3205 1741 3256 et
1761 3244 1816 3317 Ο
1840 3203 2172 3301 percipiant.

123 3297 276 3352 dicis:
1764 3297 1816 3317 ν
1842 3297 1861 3301 ⁷
1998 3297 2016 3300 “
2308 3298 2558 3347 Collectio
2610 3302 2728 3362 post
2773 3299 3003 3350 nomina.

179 3390 330 3460 Deus)
363 3392 434 3446 ed
461 3407 638 3462 quem
663 3390 932 3459 iSiiienieS
973 3391 1202 3459 animm,
1247 3389 1590 3460 bibendique
1626 3387 1735 3442 iin‘
1908 3403 2124 3459 Auditis
2147 3403 2476 3457 nominibus
2495 3401 2855 3473 otferentum,
2873 3404 3076 3459 fratres
3096 3405 3468 3477 dilectissimi,

124 3485 450 3538 mortalitatis
474 3501 673 3539 amore
701 3484 992 3554 festinant,
1016 3485 1085 3538 da
1109 3483 1190 3538 eis
1218 3483 1441 3537 famulis
1471 3482 1581 3536 tuis
1610 3498 1738 3552 sup-
1838 3499 2286 3568 omnipotentem
2332 3498 2513 3551 Deum
2560 3497 2963 3567 supplicemus,
2989 3499 3071 3567 [ut
3116 3517 3287 3571 super
3326 3501 3472 3556 hanc

125 3576 428 3645 Piieeniibns
476 3579 733 3633 invenire
783 3595 992 3632 muniis
1048 3576 1240 3650 364
1280 3577 1426 3647 (Ιυοά
1474 3575 1733 3647 cupiunt,
1837 3591 2179 3645 oblationem
2208 3591 2487 3645 caelestem
2511 3590 2748 3660 gratiam
2765 3607 2926 3644 suam
2960 3592 3134 3645 divini
3163 3592 3314 3646 illius
3344 3594 3474 3647 odo-

123 3671 328 3741 λάὶρίδοί
358 3673 602 3743 gratiam
626 3689 798 3743 quam
824 3675 1155 3740 merentur;
1185 3670 1582 3741 ingrediantur
1606 3670 1733 3723 fen'
1837 3684 1912 3738 ris
1939 3685 2218 3751 infundat,
2242 3700 2411 3754 quam
2430 3683 2491 3737 in
2507 3684 3041 3739 commemoratione
3062 3685 3358 3739 dominicae
3388 3703 3471 3741 re-

123 3767 218 3818 iem
241 3767 682 3837 regenerationis
711 3770 1020 3834 eneiorem,
1053 3765 1112 3818 in
1137 3781 1248 3835 quo
1281 3763 1734 3819 ieiiferamiiinm
1836 3777 2196 3833 surrectionis
2236 3776 2555 3843 offerimus;
2587 3780 2649 3829 ut
2673 3776 2921 3847 acceptio
2958 3777 3241 3832 benedicti
3265 3795 3465 3850 corpo-

123 3858 539 3931 Pi'iiniPei‘entiS
559 3860 1088 3928 Oﬁensamsmutata
1113 3858 1173 3912 in
1199 3874 1412 3912 novum
1432 3857 1727 3911 hominem
1834 3872 1910 3926 ris
1959 3877 2014 3926 et
2048 3870 2188 3924 sacri
2238 3869 2425 3941 poculi
2465 3869 2757 3939 praalibata
2810 3870 3136 3924 communio
3189 3871 3466 3926 defunctis

123 3951 316 4006 “tineae
344 3955 526 4008 cernis
558 3953 881 4024 fragilitate,
915 3953 1220 4023 deponent
1249 3953 1356 4006 Per
1386 3951 1545 4004 Dem-
1833 3965 2140 4036 opituletur
2182 3963 2253 4018 ad
2297 3962 2576 4034 requiem,
2621 3961 2938 4017 viventibus
2977 3963 3233 4035 proficiat
3286 3965 3355 4020 ad
3383 3982 3465 4020 sa-

179 4047 518 4117 Intcrrogatio
550 4064 562 4102 :
592 4047 726 4111 Quis
748 4046 958 4100 dicitur
976 4047 1002 4100 ?
1026 4044 1089 4109 nit.
1124 4045 1227 4099 llli.
1830 4060 2027 4115 lutom,

179 4137 545 4195 Abrenuncias
572 4140 813 4209 Satanae,
843 4139 1066 4210 pompis
1094 4136 1306 4206 saeculi,
1339 4140 1396 4192 et
1421 4136 1727 4206 voluptati-
2332 4127 2580 4178 Ceileeiio
2621 4126 2686 4177 ad
2727 4140 2931 4190 Decem.

126 4226 211 4282 bus
237 4232 384 4301 ejus?
411 4235 474 4298 Β).
509 4232 888 4288 Abrenuncio.
1901 4233 2148 4304 Suscipe,
2183 4232 2440 4302 Domine,
2473 4248 2668 4303 preces
2705 4231 2898 4302 populi
2940 4232 3024 4286 tui
3064 4249 3194 4287 cum
3235 4234 3465 4289 oblatio-

181 4323 354 4379 Credis
397 4329 622 4382 Patrem
668 4330 725 4380 et
787 4326 990 4380 Filium
1039 4331 1094 4381 et
1140 4322 1412 4396 Spiritum
1473 4327 1732 4378 sanctum
1832 4326 1996 4381 nibus
2028 4327 2363 4397 hostiarum,
2399 4329 2462 4380 ut
2503 4324 2861 4380 Paschalibus
2900 4324 3120 4380 initiata
3161 4329 3462 4399 mysteriis,

127 4416 270 4471 unius
293 4435 404 4473 esse
431 4420 704 4474 virtutis?
732 4419 794 4484 Β).
824 4420 1022 4474 Credo.
1831 4421 1901 4474 ad
1939 4421 2264 4475 aeternitatis
2313 4419 2480 4474 nobis
2513 4419 2816 4488 medelam,
2861 4421 2915 4472 te
2968 4425 3254 4490 operante,
3295 4423 3464 4492 profi-

184 4512 328 4565 Dicis.
360 4513 553 4568 Credis
587 4516 810 4567 Patrem
837 4519 892 4566 et
936 4512 1142 4566 Filium
1182 4516 1239 4566 et
1284 4510 1556 4582 Spiritum
1600 4528 1728 4566 san-
1832 4515 2012 4584 ciant;
2053 4518 2119 4568 ut
2163 4514 2222 4568 in
2273 4513 2433 4568 nobis
2475 4514 2581 4567 hoc
2616 4512 3018 4582 recipientibus
3047 4513 3458 4584 holocaustum,

128 4606 256 4656 ctum
284 4605 535 4675 ejusdem
559 4623 675 4661 esse
702 4606 998 4677 potestatis
1024 4607 1051 4660 Τ
1077 4613 1141 4676 n}.
1168 4605 1367 4659 Credo.
1749 4618 1808 4689 D
1831 4625 2028 4681 pacem
2057 4624 2228 4679 quam
2257 4607 2318 4661 in
2342 4605 2502 4661 labiis
2528 4605 2891 4676 proferimus,
2927 4605 2986 4662 in
3021 4606 3234 4661 intimis
3279 4611 3464 4664 tenea-

183 4694 355 4750 Credis
377 4700 604 4753 Patrem
629 4701 686 4752 et
721 4697 929 4752 Filium
955 4701 1011 4752 et
1036 4697 1308 4768 Spiritum
1339 4699 1596 4752 sanctum
1623 4697 1725 4751 tri-
1830 4719 1957 4758 mus
1986 4700 2308 4757 visceribus.
2341 4701 2448 4754 Per
2473 4700 2635 4754 Dom.

129 4801 200 4839 nte
241 4790 472 4846 veritatis
528 4790 769 4862 [Forsam
814 4790 1098 4863 unitatis],
1141 4807 1250 4845 una
1292 4793 1556 4846 manente
1601 4790 1729 4844 sub-
2388 4820 2701 4871 ροηιεειεηίο
2730 4835 2893 4872 ωηο,

127 4883 318 4951 stantia,
347 4885 524 4939 Deum
553 4902 672 4941 esse
696 4885 1013 4957 perfectum
1038 4885 1066 4938 ?
1094 4884 1157 4948 Β).
1188 4885 1388 4940 Credo.

181 4977 327 5031 Dicis.
350 4979 575 5050 Baptizo
607 4983 662 5034 te
681 4981 707 5033 ?
737 4977 800 5042 ﬂ).
834 4980 968 5050 Bap.

185 5067 385 5138 Baptizo
413 5077 466 5127 te
495 5073 819 5128 credentem
855 5072 914 5126 in
939 5071 1171 5126 nomine
1209 5071 1386 5126 Patris
1422 5076 1477 5127 et
1512 5070 1633 5125 Filii
1677 5075 1733 5127 et

130 5156 332 5228 Spiritus
360 5167 551 5236 sancti,
595 5172 657 5221 ut
685 5167 893 5221 habeas
918 5165 1094 5220 vitam
1130 5170 1402 5222 reternam
1433 5165 1495 5219 in
1529 5165 1733 5219 saecula

131 5255 451 5313 saeculorum.

1901 4928 2040 4982 Vere
2065 4925 2307 4996 dignum
2341 4928 2397 4980 et
2416 4924 2638 4996 justum
2665 4930 2768 4994 est,
2795 4929 2850 4979 te
2877 4924 3107 4996 quidem
3133 4927 3289 4982 omni
3315 4931 3462 4984 tem-

1831 5037 1987 5092 pore,
2020 5020 2116 5074 sed
2142 5019 2202 5073 in
2229 5020 2333 5074 hac
2358 5018 2720 5089 potissimum
2748 5023 2911 5074 nocte
2940 5019 3238 5090 gloriosius
3264 5023 3467 5093 prsidi-

1832 5131 1976 5183 care,
2010 5129 2141 5167 cum
2165 5113 2373 5167 Pascha
2395 5115 2656 5166 nostrum
2696 5113 3023 5168 immolatus
3073 5119 3157 5169 est
3191 5115 3460 5171 Christus.

1837 5210 1957 5280 Ipse
2007 5207 2159 5261 enim
2213 5222 2387 5260 verus
2444 5210 2528 5260 est
2575 5209 2770 5278 Agnus
2825 5207 2924 5278 qui
2966 5207 3195 5262 abstth
3241 5213 3466 5278 peccata

672 5329 863 5379 ποί-ηείο
898 5328 1157 5379 chrisma
1832 5301 2055 5356 mundi.
2101 5300 2206 5364 Qui
2229 5303 2474 5355 mortem
2499 5303 2754 5354 nostram
2775 5300 3072 5356 moriendo
3100 5301 3378 5355 destruxit
3410 5304 3465 5354 et

189 5393 333 5465 Deus,
357 5401 516 5455 Pater
545 5401 769 5455 Domini
795 5402 973 5456 nostri
999 5403 1128 5455 Jesu
1153 5399 1379 5467 Christi,
1418 5400 1516 5471 qui
1548 5403 1604 5454 te
1642 5415 1731 5454 re-
1832 5395 2004 5449 vitam
2066 5394 2414 5465 resurgendo
2473 5394 2770 5464 reparavit.
2825 5395 3157 5465 Propterea,
3221 5393 3464 5462 profusis

135 5493 385 5548 Reneravit
407 5509 476 5548 ex
495 5511 642 5565 aqua
670 5499 725 5549 et
751 5494 962 5565 Spiritu
989 5497 1201 5562 sancto,
1237 5492 1449 5564 quique
1491 5491 1594 5547 tibi
1633 5493 1726 5547 de-
1834 5487 2188 5560 paschalibus
2211 5487 2446 5560 gaudiis,
2463 5492 2612 5542 totus
2631 5488 2690 5542 in
2729 5488 2862 5542 orbe
2894 5492 3176 5542 terrarum
3214 5486 3464 5540 mundus

134 5576 201 5631 dit
223 5585 592 5643 remissionem
621 5592 1000 5658 peccatorum,
1030 5587 1149 5658 ipse
1183 5591 1235 5640 te
1260 5587 1400 5642 lenit
1427 5587 1731 5641 chrismate
1835 5583 2074 5650 exultat;
2106 5582 2203 5636 sed
2230 5586 2284 5636 et
2310 5597 2571 5653 supernae
2597 5582 2834 5636 virtutes
2862 5583 3030 5651 atque
3049 5577 3321 5648 angelicae
3340 5596 3468 5635 con-

135 5685 216 5726 suo
244 5683 441 5750 sancto,
470 5686 535 5736 ut
561 5681 769 5736 habeas
796 5681 968 5736 vitam
1001 5684 1272 5736 aeternam
1300 5680 1360 5734 in
1387 5679 1591 5735 saecula
1636 5695 1736 5733 saa-
1836 5675 2034 5730 cinunt
2075 5679 2374 5746 potestates
2428 5676 2710 5746 hymnum
2752 5673 2944 5746 gloriae
2991 5676 3123 5738 tuae,
3176 5671 3296 5725 sine
3352 5674 3465 5727 ﬁne

137 5765 375 5826 culorum.
1837 5768 2085 5824 dicentes
2116 5786 2129 5823 :
2170 5768 2422 5840 Sanctus,
2452 5769 2705 5838 Sanctus,
2735 5768 2965 5823 Sanctus
2990 5761 3282 5820 Dominus.

197 5889 219 5919 ¹
258 5893 326 5970 De
367 5898 468 5955 hoc
508 5901 620 5956 ritu
667 5900 792 5957 vide
845 5903 1036 5960 notata
1083 5899 1141 5956 in
1207 5897 1408 5956 Missali
1472 5897 1732 5970 Gothico,
1840 5892 1859 5970 '_
1907 5893 2048 5970 b‘Sic
2073 5893 2380 5970 legendum
2407 5893 2867 5970 vide_tur:_Deu8,
2897 5894 2972 5949 ad
2998 5901 3152 5959 quem
3173 5884 3357 5940 δσαδίθ
3386 5904 3478 5947 υθ-

143 5971 280 6019 num.
311 5968 390 6025 35.
1720 5964 1728 5970 ⁷
1843 5965 1967 6021 teris
1996 5964 2224 6020 hominis
2253 5967 2320 6037 in.
2335 5967 2482 6035 fonte
2504 5965 2768 6036 deposita,
2800 5970 2906 6021 etc.
