4014 6230
471 339 533 392 37
549 342 563 392 ι

1018 442 1317 497 Benedictio
1344 442 1542 507 populi.

491 567 498 572 -
543 527 804 600 Benedic,
834 527 1089 596 Domine,
1119 525 1326 598 populo
1347 523 1459 593 isti,
1484 537 1656 594 quem
1683 521 1943 578 liberavit
1968 521 2104 578 etfu-

472 627 552 682 sio
573 625 886 697 sanguinis,
918 639 989 678 ne
1017 623 1310 677 damnaret
1333 617 1580 672 conditio
1631 616 1932 672 servitutis.
1975 617 2104 681 Qui-

473 721 578 776 bus
631 720 828 775 mortis
878 722 990 772 tuae
1035 716 1147 769 vita
1192 712 1466 778 redditur,
1522 727 1839 782 numquam
1892 709 2107 765 inimici

473 813 649 869 hostis
673 811 942 882 decipulis
968 807 1363 874 includantur;
1394 810 1449 860 et
1477 822 1618 876 quos
1643 805 1908 876 dignatus
1935 821 1994 859 es
2016 820 2106 858 re-

477 909 691 962 dimere
729 922 830 977 per
863 902 1161 973 justitiam,
1207 916 1567 971 nequaquam
1618 899 1814 970 praedo
1859 898 2110 970 perfidus

474 1001 725 1056 obtineat
747 1015 848 1070 per
863 997 1106 1052 ruinam.
1121 997 1458 1049 Permaneat
1485 993 1544 1047 in
1565 993 1643 1047 eis
1673 993 1931 1047 secundae
1957 1009 2107 1063 pra}-

477 1094 726 1164 rogativa
767 1093 983 1146 naturae
1020 1106 1122 1162 per
1158 1088 1525 1161 baptismum,
1572 1103 1743 1158 quam
1790 1085 2114 1156 perdiderat

476 1186 646 1260 primi
690 1185 938 1241 hominis
973 1184 1342 1256 praesumptio
1388 1199 1492 1254 per
1532 1181 1820 1236 delictum.
1875 1179 2113 1250 Fulgere

478 1297 702 1353 semper
729 1280 894 1334 faciat
923 1278 1032 1333 vivi
1062 1277 1232 1332 fontis
1261 1277 1416 1332 unda
1452 1291 1592 1347 quos
1625 1273 1824 1340 abluit,
1852 1275 2114 1344 protegat

477 1375 712 1431 caelestis
739 1374 918 1446 gratia
945 1389 1086 1444 quos
1112 1371 1357 1426 redimit.
1387 1372 1453 1424 Et
1478 1369 1620 1423 sicut
1661 1369 1717 1421 in
1765 1366 1963 1421 diebus
2007 1367 2116 1420 Do-

478 1469 698 1524 minicis
718 1467 1050 1539 mysterium
1076 1465 1328 1520 divinum
1355 1463 1649 1532 excolitur,
1674 1461 1752 1517 ita
1777 1461 1836 1515 in
1856 1459 2115 1514 omnium

478 1563 800 1635 pectoribus
844 1561 1112 1632 splendor
1151 1559 1234 1613 tui
1280 1557 1511 1612 luminis
1545 1560 1924 1612 conservetur.
1957 1553 2115 1618 Quod

480 1661 750 1728 praestare
775 1655 1062 1726 dignetur,
1091 1653 1189 1725 qui
1216 1669 1347 1706 cum
1377 1655 1469 1706 ait.

425 1749 428 1753 ’
853 1746 1101 1798 Collectio
1135 1748 1253 1809 post
1285 1744 1731 1794 communionem.

555 1819 858 1890 lmpleatur
901 1817 959 1872 in
1001 1817 1186 1886 nobis,
1231 1832 1577 1888 quassumus,
1625 1813 1882 1882 Domine,
1922 1813 2194 1896 Sacra-B

483 1913 658 1967 menti
705 1911 983 1982 paschalis
1026 1914 1214 1965 sancta
1246 1909 1462 1978 libatio,
1510 1924 1724 1979 nosque
1775 1908 1843 1962 de
1879 1905 2119 1960 terrenis

482 2005 771 2062 affectibus
794 2006 865 2060 ad
894 2005 1112 2060 caeleste
1137 2003 1439 2058 transferat
1459 2001 1804 2056 institutum.
1832 2001 1958 2054 Per.

1038 2096 1287 2146 Collectio
1313 2095 1563 2160 sequitur.

551 2172 852 2238 Exuberet,
905 2185 1248 2242 quaesumus,
1281 2168 1540 2235 Domine,
1594 2164 1877 2221 mentibus
1916 2163 2124 2219 nostris

483 2265 756 2337 paschalis
784 2264 965 2336 gratia
994 2262 1364 2332 Sacramenti,
1395 2265 1461 2316 ut
1502 2259 1664 2316 donis
1707 2258 1823 2314 suis
1863 2257 1985 2330 ipsa
2021 2273 2124 2313 nos

485 2359 687 2430 dignos
717 2358 940 2414 efﬁciat.

615 2467 810 2521 XXVII.
853 2481 1048 2519 INCIPIT
1091 2479 1248 2522 mssa
1289 2479 1342 2516 IN
1381 2478 1468 2515 me
1509 2476 1710 2516 smcro
1756 2474 1990 2515 vascam.

1181 2541 1433 2592 Prtefatio.

561 2619 752 2694 366
779 2622 946 2688 Deus,
975 2619 1072 2690 qui
1099 2634 1202 2690 per
1224 2616 1591 2687 Unigenitum
1618 2621 1782 2671 tuum
1798 2615 2126 2672 aeternitatis

486 2715 648 2772 nobis
685 2714 925 2780 aditum,
971 2712 1187 2767 devicta
1227 2715 1431 2780 morte,
1481 2711 1763 2778 reserasti,
1804 2710 1874 2765 da
1931 2709 2115 2764 nobis.

490 2823 839 2881 quaesumus,
887 2811 951 2862 ut
978 2805 1076 2877 qui
1103 2803 1554 2860 Resurrectionis
1581 2803 1878 2859 dominicae
1905 2803 2129 2858 sollem-

489 2903 584 2959 nia
603 2901 860 2969 colimus,
893 2916 999 2972 per
1017 2898 1435 2955 innovationem
1466 2898 1550 2952 tui
1589 2897 1830 2969 Spiritus
1871 2913 1904 2951 a
1943 2901 2127 2952 morte

487 2997 694 3053 animae
720 3010 1107 3066 resurgamus.
1134 2995 1257 3048 Per.

1041 3084 1290 3135 Collectio
1325 3084 1574 3147 sequitur.

490 3253 788 3309 lemnitate
811 3250 1079 3316 laetiﬁcas,
1109 3249 1351 3304 concede
1378 3248 1654 3320 prOpitius
1685 3253 1749 3303 ut
1775 3265 1880 3319 per
1904 3253 2125 3319 tempo-

492 3346 633 3401 ralia
677 3346 818 3400 festa
859 3360 988 3415 quae
1021 3343 1243 3414 agimus
1268 3341 1561 3413 pervenire
1587 3341 1658 3396 ad
1688 3341 1892 3412 gaudia
1920 3346 2131 3397 aeterna

494 3454 837 3494 mereamur.
867 3439 974 3492 Per
997 3437 1320 3491 Dominum.

976 3529 1227 3580 Collectio
1261 3531 1379 3594 post
1401 3528 1629 3578 nomina.

563 3603 914 3670 Quaesumus,
964 3601 1220 3670 Domine,
1253 3601 1374 3672 jam
1415 3617 1532 3656 non
1578 3606 1876 3655 teneamur
1903 3600 2130 3656 obnoxii

496 3696 874 3752 damnationis
903 3695 1170 3749 humanae
1210 3695 1526 3764 sententiae,
1557 3695 1718 3766 cujus
1753 3710 1856 3748 nos
1892 3694 2129 3750 vinculis

496 3792 618 3846 haec
647 3790 833 3846 Hostia
861 3789 1137 3862 paschalis
1163 3787 1421 3842 absolvit.

1025 3880 1274 3930 Collectio
1299 3879 1362 3929 ad
1394 3893 1595 3944 pacem.

567 3963 936 4034 Omnipotens
975 3961 1319 4031 sempiterne
1371 3962 1536 4028 Deus,
1589 3961 1688 4033 qui
1743 3976 2047 4033 resurgens
2099 3978 2133 4015 a

497 4056 760 4122 mortuis,
791 4054 1046 4125 passione
1067 4057 1297 4123 cassata,
1326 4054 1706 4125 potentiorem
1731 4059 1784 4109 te
1820 4055 1932 4109 tuis
1959 4053 2127 4108 disci-

495 4149 647 4222 pulis
690 4147 998 4216 reddidisti,
1036 4147 1279 4202 concede
1327 4147 1603 4219 propitius
1648 4152 1712 4202 ut
1754 4165 1854 4202 nos
1906 4163 2134 4219 quoque

497 4241 770 4312 Majestati
796 4244 908 4295 tuas
934 4240 1039 4294 hoc
1069 4240 1328 4310 paschale
1356 4241 1694 4296 sacrificium
1721 4241 1777 4294 in
1807 4240 1969 4294 bonis
1995 4257 2130 4312 ope-

496 4335 652 4390 ribus
694 4334 896 4389 efiiciat
937 4334 1334 4406 promptiores,
1383 4340 1439 4390 et
1482 4335 1721 4407 gratiam
1772 4337 1885 4388 tua:
1912 4333 2134 4406 pietatis

499 4429 780 4502 adquirat.

1059 4498 1373 4549 Contestatio
1403 4511 1562 4547 nunc.

1255 336 1586 390 APPENDIX
1625 335 1711 388 AD
1747 334 1968 388 OPERA
2008 333 2241 388 SANCTI
2280 334 2578 390 GERMANI
2619 337 3043 391 PARISIENSIS.

3748 338 3862 389 37'2

2124 454 2183 526 Α
2202 444 2539 518 propitiatus
2583 445 2816 515 adsiste;
2857 450 2924 500 ut
2972 444 3232 516 praesidio
3257 446 3371 500 tua
3395 443 3619 517 pietatis
3643 443 3734 516 adj
3745 444 3856 515 uti,

2208 544 2264 595 et
2290 540 2593 612 praesentia
2617 540 2832 612 possint
2860 540 3036 595 vitare
3066 539 3412 607 discrimina,
3465 543 3521 594 et
3561 539 3634 594 ad
3680 544 3857 594 aster-

2208 651 2343 690 nam
2372 633 2665 706 pervenire
2693 650 2984 690 coronam.
3012 633 3173 698 Quod
3202 637 3472 705 praestare
3500 631 3797 704 dignetur.

2726 746 2847 796 Post
2870 743 3314 794 communionem.

2281 843 2558 912 Concede,
2589 858 2937 914 quaesumus,
2966 841 3329 913 omnipotens
3348 843 3511 911 Deus,
3538 845 3603 896 ut
3622 842 3861 912 pascha-

2210 937 2277 992 lis
2306 937 2576 1008 perfectio
2602 936 2950 992 Sacramenti
3002 936 3286 991 mentibus
3326 935 3535 991 nostris
3581 936 3862 991 continua

2212 1035 2553 1104 perseveret.
2577 1032 2683 1086 Per
2708 1031 3036 1085 Dominum.

2770 1141 3020 1192 Collectio
3049 1141 3299 1205 sequitur.

2284 1228 2452 1299 Digni
2476 1244 2578 1282 nos
2605 1227 2688 1281 tui
2708 1227 2978 1296 nominis,
3008 1243 3359 1298 quaesumus,
3383 1227 3643 1296 Domine,
3672 1227 3864 1282 famu-

2213 1323 2295 1377 los
2323 1326 2448 1376 tuos
2489 1321 2746 1376 salutaris
2777 1321 2932 1375 cibus
2975 1325 3031 1376 et
3069 1337 3226 1375 sacer
3271 1325 3439 1393 potus
3474 1321 3753 1390 instituat,
3803 1325 3865 1376 et

2216 1415 2669 1470 renovationibus
2694 1414 3032 1469 conditionis
3068 1415 3358 1483 humanae,
3386 1431 3557 1486 quam
3579 1414 3859 1486 mysterio

2216 1509 2484 1575 continet,
2515 1507 2703 1582 367
2733 1509 2794 1562 in
2821 1507 3023 1562 nostris
3042 1507 3260 1580 jugiter
3285 1509 3536 1565 sensibus
3559 1513 3833 1581 operetur
3850 1548 3864 1562 .

2216 1605 2322 1659 Per
2344 1602 2670 1657 Dominum.

2659 1725 2875 1778 XXVIII.
2919 1739 3072 1780 mssa
3113 1740 3410 1780 assensus.

2903 1821 3156 1872 Praefatio.

2295 1878 2460 1972 Deus,
2507 1902 2605 1974 qui
2642 1902 2993 1974 paschalium
3036 1902 3200 1957 nobis
3248 1902 3501 1958 remedia
3543 1904 3861 1974 contulisti,

2221 1997 2498 2069 populum
2514 2000 2679 2051 tuum
2707 1997 2914 2052 caelesti
2936 1997 3083 2052 dono
3109 2012 3472 2068 prosequere,
3493 2000 3559 2052 ut
3574 1997 3706 2052 inde
3732 2002 3868 2069 post

2223 2091 2281 2146 in
2309 2095 2650 2163 perpetuum
2674 2091 2935 2161 gaudeat,
2953 2091 3101 2146 unde
3128 2107 3279 2178 nunc
3298 2091 3688 2163 temporaliter
3704 2092 3866 2147 exul-

2224 2188 2323 2240 tat.
2353 2186 2459 2240 Per
2487 2184 2812 2240 Dominum.

2776 2294 3030 2345 Collectio
3056 2295 3308 2360 sequitur.

2295 2384 2458 2451 Deus,
2487 2381 2585 2454 qui
2612 2397 2809 2437 omnes
2830 2381 2890 2436 in
2914 2381 3134 2436 Christo
3165 2385 3388 2436 renatos
3421 2397 3600 2453 genus
3629 2381 3866 2454 regium

2225 2480 2282 2531 et
2325 2476 2662 2532 sacerdotale
2712 2475 2912 2549 fecisti,
2966 2475 3037 2530 da
3096 2474 3258 2530 nobis
3303 2482 3360 2531 et
3409 2476 3548 2531 velle
3597 2480 3653 2530 et
3696 2493 3866 2547 posse

2226 2570 2378 2642 quod
2411 2569 2690 2642 praecipis,
2730 2573 2796 2624 ut
2819 2569 3026 2640 populo
3051 2573 3149 2624 tuo
3175 2569 3244 2624 ad
3269 2569 3643 2626 aeternitatem
3670 2575 3867 2624 vocato

2225 2681 2342 2719 una
2376 2664 2449 2718 sit
2488 2663 2624 2719 ﬁdes
2649 2663 2926 2729 cordium,
2958 2667 3015 2718 et
3045 2663 3225 2736 pietas
3261 2664 3569 2720 actionum.
3608 2666 3715 2720 Per
3758 2665 3870 2719 Do-

2227 2757 2471 2812 minum.

2711 2827 2963 2878 Collectio
2989 2830 3108 2892 post
3135 2827 3369 2878 nomine.

2298 2913 2600 2984 Sacrificia,
2632 2914 2891 2983 Domine,
2933 2914 3286 2985 paschalibus
3333 2913 3550 2984 gaudiis
3599 2913 3864 2968 immola-

2230 3023 2378 3074 mus,
2407 3007 2611 3078 quibus
2637 3006 2880 3062 Ecclesia
2905 3012 3002 3062 tua
3028 3007 3363 3063 mirabiliter
3387 3012 3445 3063 et
3469 3007 3789 3063 renascitur
3811 3012 3868 3062 et

1041 3102 1290 3135 υοιιθοιιο
1325 3102 1574 3147 sequuur.
2145 3102 2154 3107 '
2227 3102 2497 3155 nutritur.
2524 3102 2631 3156 Per
2656 3103 2822 3156 Dom.

562 3161 725 3227 Deus,
755 3158 855 3230 qui
881 3175 984 3212 nos
1010 3157 1458 3212 Resurrectionis
1485 3155 1782 3210 dominicae
1809 3171 1999 3209 annua
2015 3154 2126 3210 sol-
2149 3197 2204 3271 C
2727 3209 2818 3258 Col

567 3270 570 3271 ,
653 3253 776 3271 '1,L_
811 3250 1057 3271 suun---
1115 3249 1346 3271 Δ......1.
1378 3248 1652 3271 ..μμ-ξιξ---
1685 3253 1879 3271 --.ι-,κ
1904 3253 2090 3271 A-_._-

2727 3209 2978 3259 Collectio
3004 3209 3070 3259 ad
3104 3223 3308 3273 pacem.

2302 3293 2590 3348 Paschales
2613 3294 2825 3349 hostias
2845 3295 3224 3363 immolantes,
3239 3311 3586 3367 quaesumus,
3607 3297 3866 3366 Domine,

2228 3391 2293 3442 ut
2317 3388 2471 3459 quod
2497 3388 2926 3459 frequentamus
2969 3393 3116 3457 actu,
3153 3389 3707 3461 comprehendamus
3741 3389 3872 3445 aﬂ'e-

2229 3485 2343 3536 ctu.
2374 3483 2480 3536 Per
2504 3481 2834 3537 Dominum.

2883 3561 3213 3623 contestatio.

2301 3647 2440 3701 Vere
2459 3645 2698 3718 dignum
2729 3652 2785 3701 et
2800 3647 3022 3717 justum
3049 3651 3152 3713 est,
3176 3650 3228 3701 te
3259 3647 3492 3718 quidem
3537 3649 3695 3704 omni
3737 3654 3873 3705 tem-

2230 3755 2387 3811 pore,
2436 3739 2530 3794 sed
2573 3739 2635 3794 in
2686 3740 2793 3794 hoc
2837 3739 3143 3812 praecipue,
3191 3741 3448 3811 Domine,
3494 3742 3586 3797 die
3611 3743 3870 3811 laudare,

2229 3833 2581 3903 benedicere,
2643 3837 2700 3888 et
2747 3833 3074 3905 praedicare,
3127 3834 3278 3905 quod
3328 3835 3537 3890 Pascha
3608 3841 3873 3892 nostrum

2231 3926 2555 3981 immolatus
2584 3931 2668 3982 est
2682 3928 2960 3982 Christus.
2989 3929 3093 3982 Per
3113 3945 3285 4000 quem
3312 3927 3371 3984 in
3399 3933 3671 3985 aeternam
3697 3932 3875 3986 vitam

2231 4020 2332 4074 lilii
2362 4021 2501 4075 lucis
2525 4020 2807 4090 oriuntur,
2836 4021 3094 4076 ﬁdelibus
3136 4022 3300 4094 regni
3345 4023 3579 4078 caelestis
3617 4025 3766 4079 atria
3792 4042 3878 4082 re-

2234 4118 2510 4182 serantur,
2542 4118 2599 4168 et
2627 4115 2803 4169 beata:
2829 4115 2970 4186 legis
2997 4117 3338 4170 commercio
3389 4116 3592 4172 divinis
3619 4118 3878 4174 humana

2233 4212 2547 4276 mutantur,
2594 4208 2726 4278 quia
2752 4212 3076 4263 nostrorum
3103 4209 3362 4264 omnium
3390 4210 3511 4265 Vita
3541 4213 3856 4267 resurrexit

2233 4301 2411 4364 Quem
2453 4300 2510 4354 in
2551 4301 2901 4372 susceptione
2947 4303 3304 4358 mortalitatis
3353 4305 3528 4358 Deum
3566 4305 3878 4375 majestatis

2233 4393 2610 4466 agnoscimus,
2633 4398 2688 4449 et
2707 4394 2768 4448 in
2793 4395 3096 4450 divinitatis
3110 4397 3287 4468 gloria
3306 4399 3484 4452 Deum
3509 4403 3565 4453 et
3579 4398 3876 4454 hominem

2233 4487 2586 4543 conﬁtemur.
2631 4487 2736 4552 Qui
2776 4494 3023 4544 mortem
3051 4494 3304 4544 nostram
3331 4490 3630 4546 moriendo
3658 4491 3876 4546 destru-

572 4573 712 4626 Vere
742 4570 982 4642 dignum
1009 4573 1064 4626 εἰ
1085 4571 1306 4642 justum
1337 4575 1440 4636 est.
1469 4573 1525 4625 te
1551 4569 1781 4641 quidem
1809 4571 1965 4626 omni
1993 4575 2132 4626 tem’
2151 4568 2210 4640 D
2233 4582 2333 4650 xit,
2380 4585 2438 4636 et
2474 4581 2648 4636 vitam
2697 4583 3045 4654 resurgendo
3087 4583 3331 4639 restituit
3389 4586 3545 4640 Jesus
3594 4585 3871 4641 Christus.

498 4681 656 4738 pore,
683 4664 780 4719 sed
809 4663 869 4718 in
897 4665 1003 4718 hoc
1032 4665 1318 4736 praecipue
1348 4663 1458 4732 die,
1501 4680 1614 4734 quo
1653 4668 1750 4718 tua
1779 4665 2137 4720 Resurrectio

503 4758 840 4826 celebratur,
875 4758 1030 4812 omni
1069 4757 1371 4813 festivitate
1415 4756 1661 4827 laudare,
1717 4758 2053 4814 benedicere
2082 4763 2138 4813 et

499 4851 808 4924 praadicare
827 4851 978 4922 quod
997 4851 1205 4906 Pascha
1230 4853 1488 4904 nostrum
1518 4850 1842 4906 immolatus
1866 4855 1951 4907 est
1972 4851 2134 4906 Chri-

500 4952 638 5002 stus.
675 4946 781 5000 Per
827 4961 998 5016 quem
1045 4948 1286 5014 potestas
1335 4943 1607 5000 diabolica
1633 4944 1851 5013 cecidit,
1895 4948 2138 5000 tartarea

501 5039 704 5095 inferni
747 5043 879 5094 sunt
904 5037 1126 5092 vincula
1157 5038 1418 5107 resoluta,
1449 5038 1898 5110 chirographum
1923 5042 2007 5093 est
2031 5054 2133 5093 an-

497 5134 672 5205 tiquas
719 5129 1198 5203 praevaricationis
1251 5130 1602 5200 extinctum,
1648 5131 1873 5186 aculeus
1937 5131 2137 5186 mortis

499 5227 769 5294 obtritus;
799 5241 901 5278 nos
927 5239 1153 5296 quoque
1179 5223 1248 5279 de
1276 5224 1556 5280 servitutis
1573 5225 1716 5298 jugo
1736 5224 2137 5280 dominationis

501 5319 776 5391 Egyptize
823 5335 926 5389 per
972 5317 1249 5389 spiritales
1287 5335 1460 5390 aquas
1487 5319 1750 5388 educens,
1778 5318 2136 5390 triumphans

500 5412 808 5468 resurrexit
832 5412 892 5466 in
927 5411 1185 5483 gloriam,
1217 5417 1272 5466 et
1296 5412 1538 5467 libertati
1570 5429 1690 5480 nos,
1733 5412 2137 5467 misericordiae

503 5509 613 5560 tuae
643 5521 900 5575 munere,
933 5504 1180 5561 donavit.
1223 5507 1330 5559 Per
1356 5521 1527 5576 quem
1559 5506 1901 5577 Majestatem
1955 5512 2132 5562 tuam.

1063 5595 1360 5648 Benedictio
1387 5597 1585 5661 populi.

573 5679 738 5746 Deus,
783 5681 882 5752 qui
923 5679 1368 5751 chirographum
1395 5695 1508 5750 quo
1537 5681 1872 5736 tenebamur
1901 5679 2134 5736 obnoxii

2236 4677 2341 4730 Per
2363 4673 2667 4729 Dominum
2699 4678 2975 4730 nostrum.

2785 4785 3087 4836 Benedictio
3130 4787 3326 4851 populi.

2308 4874 2534 4940 Praesta,
2581 4871 2835 4940 Domine,
2887 4888 3235 4943 quaesumus,
3283 4873 3512 4928 famulis
3566 4875 3676 4929 tuis
3736 4877 3870 4931 tales

2235 4963 2358 5019 ﬁeri
2383 4970 2496 5019 tua:
2525 4965 2721 5035 gratia:
2749 4964 3029 5036 largitate,
3060 4970 3123 5020 ut
3147 4966 3295 5020 bona
3327 4969 3423 5021 tua
3453 4972 3510 5022 et
3535 4967 3871 5023 ﬁducialiter

2236 5058 2557 5128 implorent,
2587 5062 2642 5112 et
2671 5057 2790 5112 sine
2815 5058 3141 5114 difﬁcultate
3185 5064 3433 5115 sumant.
3487 5063 3564 5116 Da
3612 5061 3713 5131 eis,
3765 5063 3868 5117 Do-

2238 5150 2412 5219 mine,
2442 5167 2682 5222 regnum
2706 5156 2867 5206 tuum
2886 5152 3280 5224 justitiamque
3310 5170 3536 5225 semper
3558 5153 3867 5226 inquirere,

2235 5248 2301 5298 ut
2323 5244 2530 5316 quibus
2576 5244 2830 5315 indigere
2881 5262 2975 5300 eos
3016 5246 3310 5318 perspicis,
3356 5247 3664 5302 clementer
3706 5248 3869 5303 facias

2236 5338 2545 5393 abundare.
2583 5337 2810 5407 Tribue,
2857 5355 3205 5410 quassumus,
3231 5344 3296 5394 ut
3321 5340 3428 5410 piis
3456 5341 3720 5396 sectando
3744 5359 3868 5412 quae

2237 5437 2333 5486 tua
2362 5436 2512 5500 sunt,
2540 5431 2800 5487 universa
2827 5432 2934 5487 illis
2961 5433 3222 5487 salutaria
3247 5434 3659 5492 condonantur.
3714 5435 3867 5500 Quod

2237 5541 2376 5580 1058.

2298 5542 2376 5580 se.

2258 5542 2293 5596 Ρ
2760 5595 2882 5644 Post
2921 5596 3362 5646 communionem.

2305 5680 2528 5749 Adesto,
2557 5679 2814 5748 Domine,
2843 5696 3191 5751 qumsumus,
3221 5687 3427 5737 nostra:
3471 5683 3871 5756 redemptionis

503 5773 731 5843 pretiosi
764 5772 1054 5841 sanguinis
1086 5771 1355 5827 effusione
1402 5774 1621 5843 delesti,
1672 5775 1933 5829 omnium
1984 5775 2043 5829 in
2079 5777 2134 5828 te
2235 5772 2544 5840 effectibus,
2570 5778 2632 5827 ut
2659 5790 2799 5845 quos
2825 5776 3191 5830 sacramentis
3217 5777 3547 5832 aeternitatis
3601 5776 3866 5847 instituis,

501 5863 851 5936 sperantium
864 5864 1124 5934 precibus
1136 5881 1342 5934 annue,
1363 5870 1696 5923 cunctorum
1710 5867 2134 5924 necessitatibus
2235 5866 2434 5922 iisdem
2464 5871 2726 5939 protegas
2754 5867 3056 5940 dignanter
3083 5869 3374 5944 aptandos.
3410 5870 3514 5927 Per
3542 5869 3866 5926 Dominum.
