4014 6230
489 345 589 401 372i

1033 451 1342 504 'Immolatio
1384 465 1542 501 nunc.

555 543 803 621 Dignum
829 554 886 604 ct
903 549 1123 620 justum
1152 553 1236 603 est
1258 564 1363 601 nos
1392 546 1491 600 tibi
1525 544 1734 616 gratias
1759 559 1950 615 agere,
1988 559 2117 598 san-

484 647 569 698 cte
596 644 779 710 Pater,
809 643 1184 714 omnipotens,
1210 647 1418 696 aeterne
1436 641 1599 708 Deus,
1626 655 1728 710 per
1742 639 1934 693 Jesum
1961 637 2117 693 Chri-

483 741 633 792 stum
684 737 890 792 Filium
931 741 1092 790 tuum
1139 735 1440 789 Dominum
1484 738 1765 799 nostrum,
1798 749 1966 803 quem
2012 748 2117 803 pro

487 832 653 886 nobis
699 831 961 886 omnibus
991 829 1136 883 tradi
1170 829 1411 884 hostiam
1457 827 1701 881 voluisti.
1729 827 1772 880 0
1801 826 1945 880 mira
1971 825 2118 880 circa

485 942 587 980 nos
615 925 839 998 pietatis
860 929 971 978 tuae
998 923 1277 993 dignatio!
1309 923 1352 978 Ο
1383 921 1680 978 inelfabilis
1707 920 1934 974 dilectio
1966 920 2112 974 cari-

485 1019 630 1084 tatis,
665 1024 724 1072 ut
750 1034 937 1072 servos
963 1017 1288 1084 redimeres,
1321 1016 1526 1070 Filium
1552 1014 1868 1070 tradidisti!
1901 1013 1943 1067 0
1963 1018 2115 1068 certe

482 1112 862 1170 necessarium
897 1111 1027 1166 Adae
1054 1114 1368 1181 peccatum,
1398 1109 1550 1180 quod
1576 1108 1785 1164 Christi
1814 1111 1996 1162 morte
2024 1107 2116 1161 de-

486 1208 664 1261 letum
692 1205 806 1259 est!
835 1206 876 1259 Ο
902 1204 1126 1260 ﬁdelem
1159 1206 1382 1273 [Forsan
1437 1202 1678 1271 felicem]
1707 1202 1954 1272 culpam,
1985 1217 2116 1271 quae

480 1299 652 1354 talem
672 1316 734 1353 ac
752 1303 970 1353 tantum
989 1298 1197 1352 meruit
1215 1297 1422 1352 habere
1443 1297 1883 1366 Redemptorem
1909 1295 1921 1348 l
1944 1296 2113 1348 Num-

482 1410 654 1465 quam
706 1393 861 1448 enim
901 1396 1114 1464 quanta
1153 1391 1299 1445 circa
1337 1407 1439 1444 nos
1477 1389 1702 1461 pietatis
1745 1392 1856 1442 tua:
1895 1389 2116 1443 dilectio

483 1493 646 1556 esset,
669 1502 1126 1558 agnosceremus,
1155 1485 1264 1539 nisi
1291 1501 1361 1539 ex
1386 1489 1570 1539 morte
1599 1483 1749 1538 unici
1770 1487 1826 1537 et
1851 1483 2117 1537 coaeterni

483 1583 608 1637 Filii
637 1581 722 1636 tui
751 1580 974 1635 Domini
1015 1596 1078 1633 ac
1117 1579 1213 1632 Dei
1239 1578 1416 1633 nostri
1452 1580 1580 1632 Jesu
1611 1575 1816 1633 Christi
1856 1577 2118 1647 probare-

483 1692 626 1730 mus.
659 1674 841 1728 Vincit
869 1672 1143 1727 malitiam
1172 1672 1382 1726 diaboli
1413 1672 1590 1743 pietas
1610 1675 1723 1726 tuae
1747 1669 2112 1740 dignationis;

479 1768 613 1841 quia
629 1767 726 1822 ubi
741 1766 1046 1821 abundavit
1061 1770 1378 1837 peccatum,
1402 1763 1882 1835 superabundavit
1909 1767 1966 1817 et
1993 1780 2116 1833 gra-

1281 345 1614 400 APPENDIX
1653 343 1739 398 AD
1777 342 1998 396 OPERA
2036 341 2270 396 SANCTI
2309 342 2608 397 GERMANI
2647 343 3072 399 PARlSlENSlS.

2141 459 2200 534 Α
2221 452 2432 505 aeterne
2461 450 2626 519 Deus,
2657 451 2776 506 Rex
2801 451 3080 520 omnium,
3111 451 3492 508 sanctiﬁcator
3517 454 3574 509 et
3602 454 3878 510 conditor

3765 349 3874 402 376

2222 545 2444 615 generis
2486 545 2743 600 humani.
2785 545 2889 610 Qui
2937 546 3077 600 Filio
3122 550 3310 601 tecum
3347 551 3562 602 aeterna
3608 549 3875 605 claritate

2220 642 2514 709 regnante,
2546 655 2677 693 cum
2715 639 2784 693 de
2819 639 2989 694 nullis
3024 641 3376 695 exstantibus
3423 647 3625 696 cuncta
3663 648 3872 714 protu-

2219 733 2396 802 lisses,
2426 733 2720 788 hominem
2749 733 2936 788 limosi
2957 734 3203 805 pulveris
3230 733 3407 789 initiis
3433 734 3773 792 inchoatum
3800 738 3875 792 ad

2219 826 2462 898 speciem
2494 827 2576 880 tui
2602 827 2818 881 decoris
2859 821 3140 896 animasti,
3179 844 3425 899 eumque
3467 829 3697 884 credula
3739 847 3872 902 per-

2219 920 2477 976 suasione
2505 921 2805 992 deceptum
2838 937 3100 993 reparare
3130 921 3393 991 voluisti;
3423 923 3697 993 spiritalis
3725 941 3866 996 gra-

2217 1014 2310 1068 tiae
2333 1019 2542 1069 aeterna
2567 1014 2834 1086 sull‘ragia
2855 1015 3017 1070 mitte
3041 1016 3206 1070 nobis
3232 1032 3332 1087 per
3351 1017 3545 1070 Jesum
3566 1017 3868 1074 Christum

2220 1108 2420 1162 Filium
2463 1112 2627 1162 tuum
2672 1108 2979 1163 Dominum
3019 1114 3299 1164 nostrum.
3339 1109 3447 1173 Qui
3482 1115 3747 1166 mortuus
3781 1117 3871 1166 est

2217 1207 2450 1272 propter
2474 1207 2703 1274 peccata
2729 1207 2940 1271 nostra,
2971 1207 3026 1257 et
3056 1203 3365 1258 resurrexit
3391 1208 3624 1275 propter
3636 1204 3866 1275 justiﬁ-

2217 1295 2493 1350 cationem
2520 1299 2792 1351 nostram.
2823 1298 3124 1367 Propterea
3143 1313 3272 1352 cum
3301 1297 3520 1369 angelis
3540 1302 3595 1352 et
3621 1298 3872 1353 archan—

2220 1389 2358 1459 gelis
2383 1404 2497 1443 non
2529 1405 2813 1444 cessamus
2840 1391 3102 1444 clamare.

2766 1483 3067 1533 Benedictio
3095 1483 3294 1547 populi.

2290 1563 2587 1617 Benedicat
2611 1581 2710 1618 vos
2741 1563 3034 1630 Dominus,
3065 1569 3122 1619 et
3148 1565 3431 1620 custodiat
3469 1582 3715 1638 semper.
3757 1567 3863 1621 Os-

2217 1656 2410 1710 tendat
2435 1657 2703 1711 Dominus
2743 1657 2944 1711 faciam
2975 1675 3136 1712 suam
3164 1675 3335 1729 super
3361 1676 3477 1726 vos,
3505 1664 3561 1714 et
3584 1659 3862 1714 miserea-

2218 1753 2312 1802 tur
2337 1750 2524 1804 vestri.
2565 1751 2867 1805 Convertat
2893 1752 3164 1806 Dominus
3195 1753 3416 1807 vultum
3443 1769 3610 1808 suum
3635 1753 3708 1808 ad
3736 1770 3860 1822 vos,

477 1835 573 1916 tia.
607 1861 712 1916 Sed
741 1861 866 1932 plus
902 1835 1078 1914 nobis“
1101 1864 1194 1913 tua
1227 1858 1613 1913 misericordia
1654 1857 1899 1912 reddidit
1942 1873 2115 1927 quam
2135 1835 2190 1907 B
2217 1845 2272 1896 et
2298 1843 2390 1896 det
2420 1843 2573 1897 VObiS
2599 1861 2817 1913 pacem.
2845 1846 2948 1898 Per
2976 1844 3298 1900 Dominum.

481 1954 704 2010 invidus
733 1954 994 2008 inimicus
1019 1953 1348 2006 abstulerat.
1383 1952 1477 2006 Ille
1520 1950 1847 2022 paradisum
1890 1949 2111 2018 invidit,

477 2054 539 2102 tu
557 2049 720 2103 caelos
747 2047 998 2114 donasti;
1031 2046 1123 2100 ille
1148 2051 1393 2100 mortem
1413 2045 1786 2115 temporalem
1815 2043 2028 2110 intulit,
2049 2048 2113 2098 tu

476 2143 650 2196 vitam
676 2144 1007 2213 perpetuam
1044 2139 1312 2194 tribuisti.
1343 2141 1645 2209 Propterea
1686 2137 1931 2208 profusis
1972 2153 2112 2207 gau-

474 2235 598 2303 diis,
630 2238 780 2290 totus
812 2233 868 2288 in
894 2233 1029 2287 orbe
1059 2236 1341 2288 terrarum
1371 2232 1620 2286 mundus
1647 2231 1884 2285 exultat.
1920 2231 2027 2285 Sed
2057 2233 2114 2284 et

475 2339 739 2396 supernae
775 2323 1082 2377 concinunt
1119 2324 1426 2378 Potestates
1455 2321 1736 2392 hymnum
1769 2319 1965 2391 gloria:
1999 2325 2115 2374 tua:

476 2413 595 2469 sine
620 2412 733 2467 ﬁne
759 2412 1030 2467 dicentes.

1031 2521 1332 2572 Benedictio
1366 2521 1564 2585 pepuli.

550 2608 806 2674 Benedic,
836 2608 1091 2676 Domine,
1125 2608 1226 2662 hos
1253 2607 1488 2678 populos
1519 2611 1664 2676 tuos,
1699 2605 1972 2678 respectui
2015 2608 2112 2660 tuo

475 2719 532 2758 se
559 2701 797 2773 supplici
827 2702 1084 2756 oratione
1111 2704 1426 2755 curvantes.
1455 2701 1557 2754 Fac
1591 2703 1722 2754 ante
1749 2703 2113 2771 conspectum

473 2801 638 2850 tuum
663 2812 793 2850 cum
811 2795 1039 2866 justitia
1058 2795 1276 2861 vivere;
1305 2793 1350 2847 si
1379 2811 1538 2848 secus
1565 2793 1806 2865 egerint,
1833 2793 2110 2863 judicare.

469 2890 673 2944 Tribue
703 2889 802 2958 eis,
833 2889 1085 2956 Domine,
1136 2889 1192 2942 in
1235 2888 1349 2942 fide
1393 2888 1807 2952 credulitatem,
1839 2887 1898 2941 in
1920 2886 2114 2940 labore

471 2984 760 3050 virtutem,
788 2983 845 3036 in
872 2983 1076 3036 affectu
1107 2982 1487 3049 devotionem,
1517 2982 1575 3036 in
1613 2985 1738 3035 actu
1768 2981 2112 3051 prosperita-

471 3082 608 3144 tem,
630 3076 690 3130 in
715 3076 860 3132 victu
882 3075 1309 3144 abundantiam,
1340 3075 1397 3129 in
1428 3091 1562 3146 pace
1589 3074 1869 3142 laetitiam,
1899 3074 1958 3127 in
1985 3090 2113 3127 con-

471 3170 784 3224 versatione
813 3169 1074 3240 gratiam,
1107 3169 1162 3222 in
1189 3168 1493 3223 luctatione
1522 3167 1834 3222 victoriam.
1865 3169 1970 3222 Per
2000 3168 2108 3221 Do-

478 3280 721 3317 mnuum.

705 3407 896 3460 XXXII.
943 3421 1065 3458 ιτειί
1107 3421 1260 3458 mssa
1301 3419 1582 3458 pascuus
1622 3420 1674 3457 v1
1718 3419 1895 3457 ream.

545 3520 728 3594 371
769 3522 934 3585 Deus,
960 3520 1057 3591 qui
1075 3537 1174 3590 per
1201 3520 1569 3592 Unigenitum
1589 3523 1754 3574 tuum
1786 3519 2112 3575 {eternitatis

471 3616 633 3670 nobis
673 3615 912 3683 aditum,
958 3613 1175 3669 devicta
1227 3619 1428 3680 morte,
1477 3613 1766 3682 reserasti,
1807 3613 1875 3668 da
1922 3613 2106 3681 nobis,

470 3725 816 3782 quaesumus,
860 3711 922 3761 ut
946 3708 1041 3779 qui
1073 3707 1516 3762 Resurrectionis
1547 3707 1848 3761 Dominicae
1890 3707 2111 3762 sollem-

470 3803 565 3858 nia
595 3803 850 3871 colimus,
891 3817 994 3873 per
1029 3801 1443 3856 invocationem
1479 3801 1562 3856 tui
1599 3801 1841 3872 Spiritus
1869 3818 1901 3854 a
1928 3803 2110 3856 morte

469 3897 676 3951 animae
706 3912 1090 3966 resurgamus.
1113 3897 1218 3950 Per
1242 3897 1404 3950 Dom.

1066 4007 1197 4054 Item
1245 4005 1504 4054 collectio.

548 4093 711 4160 Deus,
769 4106 872 4161 per
923 4106 1098 4161 quem
1146 4089 1308 4144 nobis
1357 4089 1673 4162 redemptio
1720 4093 2023 4161 prtestatur
2057 4094 2113 4145 et

471 4183 718 4254 adaptio,
748 4183 904 4254 erige
945 4183 1015 4237 ad
1054 4187 1108 4237 te
1150 4187 1379 4237 tuorum
1415 4183 1588 4237 corda
1631 4183 2006 4251 credentium,
2048 4187 2112 4237 ut

473 4293 670 4332 omnes
716 4276 1035 4346 regenerati
1081 4293 1236 4330 sacro
1279 4277 1632 4348 baptismate,
1680 4276 2112 4348 adprehendant

476 4374 662 4426 mente
690 4371 842 4442 quod
871 4370 1155 4441 mysteriis
1187 4374 1578 4442 susceperunt.
1609 4372 1734 4425 Per.

1017 4483 1146 4531 Item
1175 4481 1275 4531 alia
1299 4482 1558 4532 collectio.

2734 1939 2853 1988 Post
2885 1938 3332 1989 communionem.

2287 2019 2492 2072 Praesta
2527 2017 2706 2086 nobis,
2737 2019 3100 2090 omnipotens
3143 2021 3309 2087 Deus,
3357 2025 3421 2074 ut
3455 2019 3853 2075 viviﬁcationis

2217 2113 2328 2163 tuae
2370 2111 2613 2181 gratiam
2651 2116 3077 2184 consequentes,
3117 2113 3175 2167 in
3224 2118 3322 2168 tuo
3362 2129 3586 2185 semper
3613 2129 3861 2168 munere

2217 2203 2548 2273 gloriemur.
2582 2207 2704 2259 Per.

2897 2275 3164 2326 Collectio.

2286 2357 2662 2426 Sacramenta,
2686 2373 2812 2428 quae
2843 2357 3206 2428 sumpsimus,
3239 2357 3496 2426 Domine,
3541 2362 3598 2413 et
3637 2358 3862 2430 spirita-

2216 2449 2362 2505 libus
2392 2467 2494 2505 nos
2518 2450 2750 2522 expient
2775 2451 3078 2520 alimentis,
3101 2455 3156 2506 et
3181 2451 3564 2523 corporalibus
3585 2455 3860 2508 tueantur

2214 2543 2458 2598 auxiliis.
2491 2546 2596 2598 Per
2623 2545 2782 2598 Dom.

2214 2666 2429 2720 XXXIII.
2473 2681 2630 2720 MISSA
2672 2681 3025 2721 MATUTINALIS
3064 2681 3160 2720 pen
3198 2665 3419 2721 rouu'
3459 2682 3706 2724 PASCHAM
3753 2685 3858 2724 rao

2358 2752 2612 2790 PARV'L'LIS
2652 2752 2744 2798 QUI
2783 2753 2973 2792 RENATI
3015 2752 3168 2806 SUNT,
3212 2753 3423 2792 HATURE
3462 2755 3706 2795 DICENDA.

2285 2832 2478 2906 372
2510 2835 2676 2900 Deus,
2708 2834 2808 2905 qui
2832 2835 3124 2890 credentes
3162 2835 3220 2888 in
3265 2839 3319 2889 te
3369 2837 3606 2908 populos
3653 2839 3854 2910 gratiae

2213 2931 2324 2982 tute
2349 2927 2606 2998 largitate
2639 2927 3006 2999 multiplicas,
3054 2929 3268 3000 respice
3309 2932 3592 3002 propitius
3626 2932 3696 2986 ad
3728 2933 3846 2987 ele-

2212 3020 2459 3075 ctionem
2487 3026 2665 3090 tuam,
2704 3026 2768 3076 ut
2794 3021 2892 3093 qui
2923 3038 3078 3076 sacro
3106 3022 3440 3094 baptismate
3469 3028 3601 3079 sunt
3641 3026 3848 3095 renati,

2214 3114 2374 3185 regni
2399 3113 2637 3169 caelestis
2673 3119 3002 3170 mereantur
3041 3116 3360 3172 introitum.
3403 3121 3507 3173 Per
3544 3119 3857 3175 Dominum

2133 3212 2187 3285 ρ
2211 3217 2490 3268 nostrum.

2271 3306 2449 3355 Oratio
2482 3319 2640 3369 super
2664 3320 2881 3356 munera
2916 3307 2969 3358 in
2995 3307 3079 3358 die
3114 3309 3323 3358 Sabbati
3348 3309 3526 3359 exitab
3558 3310 3777 3360 Pascha.

2283 3389 2508 3454 Adesto,
2539 3388 2800 3458 Domine,
2832 3389 3333 3460 supplicationibus
3359 3390 3583 3459 nostris,
3618 3396 3676 3445 et
3701 3391 3858 3446 obla-

2213 3477 2391 3533 tiones
2416 3478 2765 3532 famulorum
2793 3482 3045 3548 tuorum,
3073 3495 3212 3550 quas
3234 3479 3337 3533 tibi
3358 3479 3668 3546 offerimus,
3700 3481 3855 3537 diem

2212 3576 2533 3625 octavarum
2558 3587 2788 3625 suarum
2828 3571 3172 3642 spiritalium
3219 3573 3564 3628 celebrantes
3593 3575 3725 3645 (quo
3766 3575 3858 3630 die

2212 3682 2309 3720 eos
2345 3682 2500 3719 sacro
2525 3665 2679 3720 fonte
2708 3665 3060 3736 baptismatis
3087 3667 3304 3721 renasci
3331 3667 3571 3739 jussisti)
3613 3668 3855 3739 placitus

2211 3776 2274 3812 ac
2302 3759 2586 3830 benignus
2613 3759 2869 3814 adsume.

2712 3852 3000 3902 lmmolatio
3019 3851 3102 3902 die
3122 3853 3347 3904 Sabbati.

2285 3935 2424 3988 Vere
2449 3933 2690 4005 dignum
2712 3937 2770 3988 et
2784 3933 3006 4004 justum
3037 3939 3120 3989 est
3143 3954 3155 3989 :
3181 3935 3313 4006 quia
3340 3952 3507 3990 verus
3526 3935 3620 3991 ille
3647 3938 3847 4007 Agnus

2211 4027 2309 4099 qui
2333 4044 2439 4098 pro
2475 4027 2636 4082 nobis
2665 4031 2749 4080 est
2787 4027 3132 4097 immolatus,
3167 4028 3265 4100 qui
3304 4034 3546 4084 mortem
3589 4035 3851 4086 nostram

2212 4120 2508 4176 moriendo
2545 4120 2843 4189 destruxit,
2874 4125 2943 4176 'et
2985 4121 3157 4176 vitam
3201 4125 3454 4176 nostram
3496 4125 3851 4194 resurgendo

2212 4215 2492 4285 reparavit
2514 4216 2674 4270 Jesus
2701 4215 2956 4270 Christus
2989 4215 3257 4270 Dominus
3283 4221 3494 4271 noster.
3521 4216 3622 4272 Cui
3651 4233 3855 4274 omnes

2211 4308 2399 4379 angeli
2426 4313 2595 4380 atque
2620 4308 2948 4379 archangeli
2970 4308 3282 4363 incessabili
3311 4326 3444 4365 voce
3469 4311 3848 4380 proclamant,

2211 4401 2460 4458 dicentes
2491 4419 2504 4457 :
2539 4403 2795 4457 Sanctus.

2763 4494 3068 4545 Benedictio
3097 4495 3294 4559 populi.

539 4575 841 4645 Conﬁrma,
874 4577 1131 4646 Domine,
1162 4577 1402 4632 famulos
1425 4581 1570 4643 tuos,
1599 4592 1740 4648 quos
1767 4593 1834 4630 ex
1884 4591 2030 4646 aqua
2057 4577 2113 4628 et
2131 4583 2190 4656 D
2283 4576 2583 4631 Benedicat
2607 4593 2705 4631 vos
2722 4577 2869 4631 Deus
2885 4577 3049 4630 Pater
3068 4577 3446 4648 omnipotens,
3477 4578 3577 4650 qui
3606 4578 3662 4633 in
3688 4579 3852 4650 prin-

468 4670 676 4741 Spiritu
698 4673 888 4724 sancto
914 4670 1191 4740 propitius
1220 4670 1528 4739 redemisti,
1556 4675 1622 4724 ut
1647 4675 1894 4725 veterem
1934 4667 2112 4722 homi-

467 4779 601 4817 nem
626 4779 757 4816 cum
787 4762 900 4816 suis
926 4763 1239 4818 actionibus
1258 4765 1626 4835 deponentes,
1673 4764 1731 4817 in
1770 4761 1947 4834 ipsius
1973 4777 2107 4815 con-

466 4855 782 4910 versatione
811 4854 1087 4925 vivamus,
1139 4857 1210 4911 ad
1253 4858 1416 4928 cujus
1443 4856 1813 4912 substantiam
1856 4871 1960 4926 per
1991 4854 2111 4908 haec

467 4949 756 5004 Paschalia
785 4949 1052 5021 mysteria
1077 4950 1430 5006 transtulisti.
1466 4953 1590 5005 Per.

1155 5061 1421 5111 Collectio.

537 5146 810 5215 Concede,
852 5163 1201 5219 quaesumus,
1248 5147 1606 5218 omnipotens
1653 5148 1816 5218 Deus,
1865 5153 1930 5205 ut
1969 5151 2108 5208 festa

465 5240 768 5309 Paschalia,
792 5258 921 5312 quae
947 5241 1237 5295 devotione
1266 5241 1525 5311 colimus,
1565 5241 1816 5298 moribus
1841 5259 2104 5318 exsequa-

467 5350 618 5389 mur.
648 5335 774 5389 Per.

1124 5405 1430 5455 lmmolatio.

534 5497 780 5568 Dignum
808 5503 863 5554 et
883 5500 1108 5570 justum
1137 5505 1237 5556 est.
1264 5501 1402 5554 Vere
1431 5499 1670 5571 dignum
1700 5506 1756 5556 et
1775 5502 1996 5572 justum
2022 5507 2105 5558 est

461 5606 562 5644 nos
604 5590 708 5644 tibi
762 5592 970 5662 gratias
1020 5609 1210 5665 agere,
1247 5587 1460 5649 sancte
1506 5595 1689 5663 Pater,
1723 5595 2100 5667 omnipotens,

530 5729 793 5808 {Similis
835 5732 1113 5808 etiam_iu
1143 5731 1407 5808 _Gothico.
1455 5734 1629 5808 Hodie
1673 5751 1899 5808 quoque
1952 5738 2100 5808 apud

461 5799 838 5879 Mediolanum
865 5807 983 5879 tota
1008 5804 1235 5859 Pascha:
1261 5804 1620 5862 hebdomade
1650 5799 1826 5862 missa
1839 5825 1943 5879 pro
1972 5799 2102 5864 neo-

461 5870 650 5942 phytis
683 5871 1020 5928 celebratur.

2213 4669 2356 4740 cipio
2380 4674 2580 4724 cuncta
2607 4670 2834 4724 creavit.
2865 4671 3165 4727 Benedicat
3190 4688 3289 4725 vos
3317 4671 3507 4741 Filius,
3541 4672 3640 4743 qui
3661 4673 3730 4727 de
3758 4691 3853 4728 su-

2210 4779 2389 4834 perna
2417 4763 2546 4819 sede
2571 4778 2677 4836 pro
2713 4763 2878 4818 nobis
2912 4764 3187 4819 salvandis
3213 4765 3523 4820 descendit.
3555 4765 3856 4822 Benedicat

2210 4873 2303 4912 ves
2331 4857 2568 4928 Spiritus
2606 4861 2849 4927 sanctus,
2881 4858 2980 4929 qui
3024 4858 3082 4912 in
3131 4857 3397 4913 columba
3431 4859 3693 4914 Iordanis
3742 4861 3850 4915 ﬂu-

2209 4951 2366 5005 vium
2403 4951 2464 5005 in
2512 4950 2732 5005 Christo
2774 4951 3070 5023 requievit.
3104 4953 3222 5024 Ipse
3264 4969 3359 5005 vos
3400 4952 3460 5006 in
3488 4952 3762 5008 Trinitate
3789 4972 3852 5008 ac

2209 5045 2428 5099 Unitate
2472 5045 2800 5111 sanctiﬁcet,
2856 5061 3029 5116 quem
3075 5061 3274 5100 omnes
3311 5050 3508 5117 gentes
3555 5051 3851 5118 expectant

2206 5143 2509 5193 venturum
2532 5137 2785 5192 Iudicem
2825 5139 2894 5192 ad
2922 5139 3318 5209 judicandum.
3349 5139 3508 5203 Quod
3546 5140 3669 5212 ipse
3699 5158 3847 5212 prae-

2208 5236 2354 5286 stare
2381 5231 2668 5302 dignetur.

2580 5324 2831 5375 Collectio
2864 5328 2983 5388 post
3016 5326 3460 5376 communionem.

2274 5407 2504 5475 Praasta,
2537 5422 2882 5478 quaesumus,
2913 5407 3169 5474 Domine,
3201 5410 3266 5462 ut
3291 5411 3480 5462 sancta
3506 5424 3610 5462 nos
3636 5412 3735 5463 tua
3761 5426 3850 5464 ex-

2205 5499 2382 5570 pient,
2413 5499 2725 5572 dignosque
2753 5516 2979 5572 semper
3005 5517 3106 5555 sua
3131 5500 3491 5572 perceptione
3529 5502 3842 5574 perﬁciant.

2205 5594 2310 5649 Per
2329 5593 2658 5649 Dominum.

2274 5737 2301 5814 b
2333 5738 2389 5791 Id
2416 5743 2497 5792 est
2525 5741 2766 5814 ereunte
2793 5738 3024 5814 Pascha,
3054 5737 3264 5794 scilicet
3283 5739 3544 5811 Sabbato,
3568 5756 3701 5814 quae
3729 5740 3846 5796 dies

2183 5808 2393 5864 octava
2421 5812 2543 5864 erat
2570 5807 2855 5879 baptismi.
