4014 6230
147 355 237 406 377

690 457 936 510 Collectio
962 460 1213 525 sequitur.

206 543 428 612 Adesto,
455 544 715 613 Domine,
750 546 898 601 Deus
928 552 1142 617 noster,
1177 552 1242 604 ut
1279 565 1381 620 per
1404 550 1525 606 haec
1553 568 1679 624 qua:
1707 551 1774 606 fi-

144 637 326 693 deliter
358 639 735 710 sumpsimus,
765 644 820 694 et
847 657 1165 712 purgemur
1184 657 1216 696 a
1240 632 1406 711 vitiis,
1451 648 1505 698 et
1550 662 1582 698 a
1621 647 1772 716 peri-

147 732 270 786 culis
294 732 564 787 omnibus
597 749 892 788 exuamur.
923 735 1028 789 Per
1053 736 1218 791 Dom.

374 844 592 898 XXXIV.
639 860 793 898 mssa
834 862 888 900 IN
929 861 1128 902 PASCHA
1169 864 1256 901 me
1294 865 1532 904 SABBATI.

205 942 361 1008 Deus,
395 941 497 1012 qui
525 958 630 996 nos
667 944 1108 1000 Resurrectionis
1157 946 1453 1002 dominicas
1495 947 1775 1002 sollemni-

142 1039 242 1090 tate
270 1034 540 1101 ltetiﬁcas,
578 1037 820 1092 concede
846 1039 1148 1110 propitius,
1203 1045 1267 1094 ut
1301 1057 1402 1111 per
1443 1041 1774 1112 temporalia

140 1130 264 1183 festa
291 1146 418 1200 quae
448 1130 680 1201 agimus
714 1132 1012 1202 pervenire
1049 1134 1121 1188 ad
1162 1134 1365 1205 gaudia
1397 1140 1609 1191 (eterna
1649 1151 1770 1190 me-

140 1238 370 1277 reamur.

833 1296 1103 1346 Collectio.

200 1375 417 1440 Praesta,
452 1391 812 1445 quaesumus,
841 1378 1202 1449 omnipotens
1221 1380 1383 1448 Deus,
1406 1383 1471 1434 ut
1484 1380 1654 1451 hujus
1677 1381 1772 1434 Pa-

139 1467 321 1522 schalis
364 1466 564 1542 3'73
600 1469 915 1526 festivitatis
945 1472 1204 1527 mirabile
1244 1472 1688 1544 Sacramentum,
1717 1479 1773 1529 et

137 1562 493 1632 temporalem
520 1563 684 1617 nobis
710 1566 1182 1637 tranquillitatem
1226 1567 1456 1637 tribuat,
1492 1573 1546 1622 et
1600 1568 1768 1622 vitam

138 1655 370 1711 conferat
396 1657 832 1727 sempiternam.
863 1660 968 1713 Per
994 1660 1318 1714 Dominum.

684 1752 812 1800 Item
839 1751 939 1801 alia
963 1752 1221 1802 collectio.

1225 356 1310 412 DE
1348 357 1660 414 LITURGIA
1695 359 2069 416 GALLICANA
2109 361 2305 417 LIBER
2347 362 2433 418 ΙΙΙ.

1799 478 1857 553 Α
1878 467 1997 540 ipse
2025 468 2223 540 fecisti,
2253 470 2351 526 sed
2380 474 2445 526 ut
2467 470 2705 526 subruas
2732 468 2935 526 mundi
2960 473 3211 542 peccata,
3241 484 3372 542 qum
3397 469 3514 524 dia-

3412 357 3514 414 378

1877 562 2039 617 bolus
2066 564 2376 633 adinvenit,
2404 565 2536 636 quia
2561 565 2639 618 ita
2669 565 2936 635 dignatus
2978 581 3036 620 es
3079 565 3317 636 diligere
3360 564 3512 619 hunc

1879 657 2178 725 mundum,
2212 662 2275 712 ut
2303 658 2670 729 Unigenitum
2695 665 2859 715 tuum
2884 660 3132 715 traderes
3171 675 3274 730 pro
3323 663 3514 713 nostra

1879 750 2078 819 salute,
2108 753 2269 822 cujus
2292 770 2456 808 cruce
2485 754 2767 825 redempti
2794 771 3010 820 sumus,
3027 757 3208 807 morte
3228 751 3508 821 viviﬁcati,

1876 844 2128 914 passione
2149 846 2362 915 salvati,
2400 849 2810 902 resurrectione
2839 847 3150 919 glorificati.
3181 848 3286 901 Per
3323 847 3512 917 ipsum

1876 941 1929 991 te
1956 937 2144 1009 itaque
2172 940 2452 1011 supplices
2479 941 2826 1009 invocamus,
2855 945 2919 996 ut
2961 941 3095 996 huic
3134 939 3364 995 familias
3396 943 3510 994 tute

1875 1031 1934 1086 in
1963 1033 2229 1086 omnibus
2267 1034 2460 1088 adesse
2481 1035 2761 1106 digneris;
2791 1035 2933 1090 sicut
2987 1034 3217 1090 adfuisti
3257 1033 3510 1105 patribus

1875 1126 2078 1180 nostris
2129 1127 2481 1198 sperantibus
2521 1129 2579 1182 in
2627 1134 2723 1183 tua
2769 1128 3172 1197 misericordia,
3215 1128 3292 1182 sic
3326 1132 3382 1182 et
3421 1126 3510 1182 his

1875 1219 2137 1274 omnibus
2164 1221 2357 1276 adesse
2382 1221 2638 1291 dignare,
2668 1227 2731 1276 ut
2760 1223 2832 1276 sit
2856 1222 2916 1276 in
2945 1223 3196 1276 sensibus
3217 1237 3414 1276 eorum
3445 1220 3513 1275 ti-

1873 1335 2000 1372 mor
2024 1319 2334 1373 devotionis
2361 1323 2497 1388 tuze,
2531 1320 2590 1374 in
2616 1320 2782 1374 corde
2810 1321 2967 1387 ﬁdes,
2989 1320 3047 1374 in
3075 1336 3246 1391 opere
3264 1318 3506 1390 justitia,

1875 1411 1930 1464 in
1961 1416 2089 1466 actu
2117 1413 2315 1483 pietas,
2346 1412 2405 1468 in
2443 1414 2641 1485 lingua
2680 1413 2902 1482 veritas,
2955 1413 3013 1467 in
3049 1413 3305 1468 moribus
3348 1411 3511 1466 disci-

1870 1504 2046 1576 plina,
2079 1511 2143 1560 ut
2167 1505 2337 1577 digne
2364 1507 2585 1579 riteque
2612 1506 3046 1562 immortalitatis
3073 1506 3175 1560 sibi
3204 1505 3508 1578 praemium

1873 1599 2140 1671 consequi
2167 1606 2513 1656 mereantur.
2544 1603 2649 1655 Per
2679 1603 2838 1655 Dom.

2360 1683 2609 1733 Collectio
2637 1687 2756 1746 post
2787 1683 3018 1733 nomina.

1943 1756 2142 1823 Deum,
2167 1757 2266 1827 qui
2293 1773 2397 1827 pro
2424 1756 2592 1810 ruina
2616 1757 2788 1810 totius
2813 1755 3015 1810 mundi
3040 1755 3276 1809 unicum
3307 1753 3508 1808 Filium

203 1829 451 1901 Respice,
481 1847 833 1902 qmﬁsumus»
881 1833 1134 1902 nomine,
1174 1837 1230 1887 et
1269 1838 1627 1904 Ρθοοδῖοωηὶ
1665 1851 1768 1889 Πο-
1793 1849 1848 1921 Β
1872 1849 2374 1920 suum,adsumpta
2394 1866 2462 1904 ex
2477 1865 2644 1904 carne
2656 1849 2902 1920 Virginis
2915 1849 3033 1904 veri
3046 1848 3506 1917 hominisforma,

139 1929 368 1976 strorum
413 1924 679 1978 tenebras
733 1931 941 1995 averte,
999 1930 1065 1980 ut
1103 1943 1244 1998 quos
1280 1932 1502 1982 exercet
1529 1929 1769 1997 jdevotio

141 2017 537 2084 sollemnitatis,
573 2018 840 2074 inlustret
877 2020 1223 2078 sollemnitas
1267 2021 1375 2092 piae
1409 2007 1766 2094 cognitionis.

142 2112 232 2164 Per
259 2112 586 2167 Dominum.

735 2185 865 2232 Item
893 2183 1160 2235 collectio.

206 2264 356 2333 Deus,
389 2264 489 2336 qui
521 2265 582 2318 in
614 2265 987 2320 sollemnitate
1009 2265 1256 2320 Paschaii
1281 2267 1494 2322 mundo
1520 2267 1769 2323 remedia

143 2357 424 2426 contulisti,
455 2360 742 2430 populum
768 2362 954 2426 tuum,
995 2375 1341 2430 quaesumus,
1378 2361 1582 2416 caelesti
1620 2362 1768 2417 dono

144 2467 484 2523 prosequere,
514 2456 580 2508 ut
607 2456 664 2508 et
687 2453 997 2524 perfectam
1021 2454 1347 2509 libertatem
1363 2456 1631 2528 consequi
1651 2472 1768 2512 me-

145 2548 330 2614 reatur,
359 2549 415 2600 et
441 2547 513 2600 ad
543 2547 724 2600 vitam
749 2546 1008 2618 proficiat
1035 2547 1467 2618 sempiternam.

576 2639 868 2689 lmmolatio
894 2639 945 2689 in
972 2639 1056 2689 die
1085 2640 1312 2690 Sabbati.

205 2718 438 2789 Dignum
465 2724 523 2775 et
543 2721 766 2791 justum
795 2727 896 2790 est,
921 2721 1302 2777 necessarium
1328 2727 1382 2777 et
1399 2721 1638 2776 salutare
1661 2726 1762 2792 est,

145 2817 196 2865 ut
219 2818 266 2867 te
303 2814 614 2869 Dominum
659 2832 722 2869 ac
766 2816 947 2869 Deum
993 2816 1126 2870 totis
1167 2816 1470 2871 visceribus
1515 2816 1766 2870 humana

110 2906 364 2961 'conditio
414 2913 742 2976 veneretur,
795 2911 914 2964 Rex
967 2909 1238 2964 mirabilis
1300 2909 1538 2963 Christe.
1594 2909 1765 2979 Cujus

146 3000 592 3057 condemnatione
608 3002 863 3057 tartareis
880 3003 1117 3057 vinculis
1130 3003 1386 3058 absoluta
1411 3002 1765 3057 credentium

144 3093 305 3162 turba,
333 3095 613 3152 libertatis
638 3096 884 3167 insignia
910 3097 1248 3168 gratulatur.
1278 3097 1382 3161 Qui
1406 3112 1538 3151 vere
1567 3100 1633 3151 ut
1657 3097 1765 3152 Leo

145 3187 202 3241 de
225 3188 370 3243 tribu
405 3191 550 3245 Juda
597 3190 813 3245 mundo
849 3193 1124 3258 ostensus,
1173 3190 1495 3244 animarum
1539 3191 1765 3246 devora-

145 3287 302 3336 torem
331 3284 648 3338 extinctum
674 3285 898 3339 leonem
926 3283 1211 3338 diabolum
1238 3283 1422 3338 omnis
1471 3289 1623 3339 terra
1663 3285 1761 3338 lae-

147 3379 294 3430 tatur.
329 3377 620 3433 Permittis
641 3382 696 3432 te
736 3377 1022 3432 clavorum
1065 3377 1304 3432 nexibus
1334 3377 1652 3448 alligatum,
1695 3377 1765 3432 ad

146 3469 369 3540 stipitem
394 3471 580 3526 crucis
606 3471 800 3540 tereri,
824 3476 888 3526 ut
912 3487 1027 3526 non
1055 3471 1128 3526 sit
1165 3488 1336 3543 parva
1361 3488 1533 3542 quam
1556 3471 1764 3541 impius

147 3564 404 3632 quondam
448 3570 788 3636 expavescat
840 3565 1172 3636 potentiam.
1230 3565 1312 3620 Ad
1359 3565 1520 3635 cujus
1569 3580 1763 3618 vocem

148 3655 382 3711 emittens
430 3658 720 3729 spiritum,
768 3663 918 3712 terra
958 3657 1213 3725 tremuit,
1262 3657 1463 3711 caelum
1519 3657 1761 3728 expavit,

151 3747 250 3802 dies
273 3749 432 3821 fugit,
462 3752 548 3806 sol
577 3752 908 3806 obscuratus
938 3755 1042 3820 est,
1075 3754 1223 3805 astra
1249 3750 1649 3805 abscondentia
1673 3767 1762 3804 ra-

151 3840 251 3894 dios
275 3860 416 3913 suos,
436 3846 613 3900 simul
635 3845 826 3900 omnia
842 3845 1254 3917 migraverunt.
1277 3844 1449 3915 Cujus
1469 3844 1760 3913 descensu,

149 3936 416 3992 confractis
461 3939 664 4011 portis,
710 3939 870 4010 luget
915 3938 1208 4006 infernus;
1257 3953 1370 4010 quo
1410 3941 1762 4008 resurgente,

151 4025 387 4085 laetantur
423 4032 638 4104 angeli,
678 4036 735 4086 et
767 4032 980 4087 exultat
1017 4036 1171 4086 terra
1195 4047 1322 4085 cum
1354 4031 1766 4085 habitatoribus

151 4120 264 4176 suis.
312 4125 367 4178 ln
405 4143 521 4197 quo
573 4125 863 4197 triumpho
902 4124 1244 4196 conspicitur
1287 4123 1632 4179 conminatio
1671 4123 1767 4177 illa

152 4216 449 4286 prophetico
479 4236 579 4274 ore
610 4219 882 4289 promissa
913 4236 925 4273 :
960 4221 1066 4273 Ero
1100 4235 1252 4272 mors
1287 4224 1404 4287 tua,
1445 4235 1478 4272 ο
1522 4217 1762 4272 inferne.

155 4306 236 4361 L’bi
259 4316 334 4366 est
360 4329 494 4384 ergo
526 4312 760 4367 victoria
786 4317 882 4367 tua
901 4314 928 4367 ?
971 4329 1075 4368 nec
1105 4313 1258 4368 enim
1291 4311 1360 4365 ab
1398 4311 1508 4366 alio
1548 4315 1766 4382 poterat

154 4399 241 4455 nisi
279 4421 308 4457 a
355 4406 474 4462 Vita
499 4423 656 4460 mors
707 4406 984 4462 devorari.
1041 4407 1146 4471 Qui
1203 4407 1473 4462 descensu
1518 4422 1619 4458 suo
1672 4421 1765 4459 eos

153 4494 234 4561 qui
256 4499 585 4556 tenebantur
611 4518 644 4554 a
662 4505 865 4568 morte,
890 4499 1108 4572 superis
1123 4499 1367 4555 reddidit
1391 4498 1761 4569 resurgendo,

153 4590 204 4637 ut
225 4587 332 4658 ejus
355 4594 689 4649 resurrectio
718 4594 976 4648 vivorum
1003 4594 1089 4649 vel
1133 4598 1491 4648 mortuorum
1517 4591 1766 4646 testimo-
1785 4599 1844 4671 D

156 4678 234 4732 nio
284 4682 616 4742 firmaretur.
671 4688 847 4754 Unde,
904 4691 1095 4742 sancte
1144 4689 1328 4754 Pater,
1376 4684 1764 4756 omnipotens,

161 4776 340 4831 teter-nc
365 4779 526 4850 Deus,
555 4797 657 4852 per
701 4783 891 4835 Jesum
915 4780 1200 4834 Christum
1229 4779 1433 4834 Filium
1462 4784 1626 4833 tuum
1656 4780 1764 4832 Do-

160 4866 350 4924 minum
374 4879 627 4929 nostrum
654 4875 834 4946 gloria
859 4875 960 4929 tibi
987 4890 1232 4945 semper,
1262 4873 1362 4944 qui
1389 4873 1447 4926 in
1473 4877 1550 4942 te,
1603 4876 1659 4927 et
1699 4889 1767 4927 ex

165 4961 221 5027 te,
248 4967 296 5016 et
315 4968 494 5022 tecum
521 4985 764 5040 semper.
793 4969 972 5032 Quem
1001 4972 1056 5022 te
1079 4967 1249 5022 etiam
1276 4966 1507 5021 laudant
1555 4965 1765 5036 angeli.

379 5079 566 5134 XXXV.
609 5096 803 5135 mcmr
841 5095 998 5134 mssa
1040 5095 1255 5135 causa
1292 5095 1526 5134 vascam.

220 5171 470 5247 Concede,
501 5193 846 5249 quaesumus,
873 5178 1232 5249 omnipotens
1254 5178 1416 5245 Deus,
1446 5180 1510 5230 ut
1537 5175 1635 5247 qui
1656 5176 1766 5231 Re-

166 5268 490 5326 surrectionis
516 5271 814 5326 dominicae
843 5272 1132 5326 sollemnia
1162 5271 1416 5340 colimus,
1461 5286 1564 5340 per
1601 5269 1766 5324 inno-

167 5357 411 5417 \‘ationem
435 5365 516 5419 tui
555 5364 796 5437 Spiritus
834 5382 867 5418 a
915 5369 1097 5419 morte
1135 5365 1341 5419 animae
1381 5379 1765 5434 resurgamus.

169 5447 252 5503 Per
273 5452 584 5513 Dominum.

635 5529 756 5578 Post
789 5541 1004 5590 precem
1033 5541 1064 5577 a
1092 5527 1264 5577 missa.

228 5603 398 5682 374
419 5615 559 5669 Deus
584 5613 758 5669 totius
773 5613 1040 5670 claritatis
1057 5613 1316 5669 conditor
1343 5617 1398 5668 et
1421 5611 1764 5678 moderator,

174 5709 312 5762 quem
336 5707 567 5762 ctelestia
585 5707 888 5777 mirantur,
923 5711 980 5764 et
1008 5711 1231 5763 terrena
1259 5707 1531 5778 pavitant,
1546 5705 1769 5759 inferna

176 5789 489 5869 tremiscunt;
513 5801 604 5856 cui
625 5801 959 5872 angelorum
985 5806 1188 5857 turmze
1217 5805 1272 5856 et
1297 5799 1769 5871 archangelorum

180 5889 416 5946 exercitus
439 5895 706 5967 militant,
721 5911 836 5952 non
856 5896 939 5953 uti
956 5895 1236 5953 mundum
1263 5907 1580 5966 expugnesi
1594 5907 1767 5965 quem

1869 1941 2092 1997 mittere
2143 1943 2406 2012 dignatus
2443 1948 2544 2012 est,
2586 1944 2786 1998 fratres
2835 1943 3127 2008 carissimi,
3183 1941 3508 2012 suppliciter

1869 2051 2186 2105 exoremus,
2215 2040 2280 2090 ut
2305 2036 2448 2090 sicut
2463 2037 2521 2090 in
2547 2037 2651 2091 hac
2672 2037 2762 2091 die
2785 2036 3232 2091 Resurrectionis
3252 2035 3509 2106 ejusdem

1870 2145 1970 2183 nos
1997 2146 2030 2182 a
2059 2134 2242 2184 morte
2268 2135 2544 2201 perpetua
2569 2147 2700 2184 cum
2727 2130 2824 2184 illo
2854 2129 3221 2195 resuscitavit,
3265 2129 3344 2183 ita
3380 2129 3504 2199 pie-

1869 2223 1998 2276 tatis
2033 2240 2150 2277 suae
2177 2224 2328 2278 dono
2367 2225 2436 2277 ab
2473 2224 2739 2278 omnibus
2769 2241 2870 2278 nos
2908 2223 3122 2277 inimici
3148 2228 3338 2278 tutans
3370 2222 3508 2277 insi-

1869 2315 1994 2384 diis,
2027 2315 2250 2371 inlmsos
2277 2317 2442 2372 faciat
2469 2317 2527 2372 in
2567 2317 2763 2372 matris
2807 2317 3067 2372 Ecclesiae
3106 2317 3322 2388 gremio
3367 2316 3504 2370 resi-

1868 2409 2029 2478 dere;
2077 2416 2132 2465 et
2181 2411 2539 2466 conscientia:
2595 2411 2920 2482 integritate
2965 2411 3033 2465 de
3079 2410 3507 2481 regeneratione

1869 2505 2196 2572 gaudentes,
2229 2509 2456 2559 mternee
2487 2504 2909 2575 primitivorum
2936 2505 3212 2574 Ecclesiae,
3236 2503 3504 2575 quemad-

1867 2597 2100 2651 modum
2139 2598 2429 2653 devotione
2483 2598 2552 2652 ad
2605 2615 2875 2669 praesens,
2932 2599 3010 2652 ita
3052 2597 3507 2654 remuneratione

1865 2691 2111 2746 adsociet
2141 2691 2197 2746 in
2227 2697 2538 2760 aeternum;
2570 2698 2626 2747 et
2654 2693 2776 2746 haec
2805 2708 3041 2747 munera
3064 2691 3242 2763 plebis
3269 2709 3384 2746 suae
3415 2691 3510 2746 be-

1867 2785 2122 2840 nedicere
2155 2785 2442 2856 dignetur.
2473 2788 2576 2840 Per
2604 2786 2765 2841 Dom.

2270 2868 2561 2917 Immolatio
2589 2869 2820 2917 clausum
2855 2867 3083 2916 Paschte.

1938 2939 2185 3010 Dignum
2209 2944 2261 2994 et
2271 2941 2490 3010 justum
2517 2947 2620 3008 est,
2640 2942 3019 2995 necessarium
3046 2944 3101 2994 et
3131 2940 3371 2994 salutare
3401 2940 3505 3006 est,

1865 3048 1965 3086 nos
1990 3033 2093 3087 tibi
2115 3033 2320 3103 gratias
2347 3050 2539 3105 agere,
2571 3035 2935 3104 omnipotens
2965 3033 3114 3103 (licet
3149 3033 3344 3104 gloriae
3392 3036 3505 3086 tua:

1867 3127 2196 3180 mortalium
2227 3127 2485 3181 membra
2514 3144 2630 3181 non
2647 3127 2982 3198 congruant)
2997 3124 3400 3196 redemptionis
3413 3140 3511 3178 no-

1785 3225 1839 3299 C
1865 3224 1994 3274 strae
2016 3220 2284 3290 praeferre
2309 3221 2610 3290 praeconia.
2644 3222 2788 3275 Dum
2809 3220 3110 3276 hominum
3143 3235 3321 3290 genus
3351 3235 3508 3272 man-

1864 3313 2113 3383 cipatum
2140 3318 2341 3382 morte,
2357 3314 2674 3368 inferorum
2700 3315 2926 3370 sedibus
2941 3315 3305 3368 tenebrarum
3324 3311 3506 3366 vincla

1866 3407 2291 3478 restringerent,
2327 3407 2575 3478 spiritale
2607 3408 2853 3462 Verbum
2883 3409 3004 3478 (per
3027 3407 3177 3478 quod
3206 3406 3264 3460 in
3293 3405 3505 3477 princi-

1864 3499 1957 3570 pio
1993 3501 2185 3554 omnia
2213 3502 2439 3555 fuerant
2463 3502 2781 3572 constituta)
2810 3501 3100 3556 descendit
3140 3501 3200 3554 in
3227 3500 3455 3554 Mariam
3487 3517 3501 3552 :

1865 3609 1994 3664 quae
2021 3594 2157 3648 dum
2187 3598 2415 3665 partum
2450 3611 2615 3648 suum
2661 3595 2829 3666 Virgo
2869 3596 3128 3663 miratur,
3185 3593 3506 3647 inclausum

1867 3687 2160 3741 hominem
2177 3686 2352 3742 edidit
2363 3688 2564 3742 Deum.
2579 3689 2711 3751 Quae
2726 3693 2916 3742 tamen
2928 3692 3092 3741 tuum
3107 3702 3244 3751 esse,
3260 3702 3502 3751 summe,

1866 3780 2240 3850 omnipotens,
2256 3783 2561 3852 antequam
2577 3778 3506 3851 nasceretur,cognoverat,quippe

1864 3889 1990 3944 qua:
2012 3873 2221 3928 sciebat
2247 3874 2446 3928 mundi
2471 3889 2591 3928 esse
2619 3873 2989 3943 Principium.
3020 3875 3069 3927 Is
3098 3888 3344 3943 namque
3371 3887 3500 3926 cru-

1865 3983 1987 4021 cem
2021 3971 2328 4037 spontanea
2354 3966 2652 4021 devotione
2669 3970 2902 4037 propter
2925 3965 3379 4037 redemptionem
3399 3965 3505 4018 hu-

1867 4060 2022 4114 mani
2063 4059 2305 4130 generis,
2353 4061 2422 4115 de
2471 4059 2706 4114 inimico
2748 4065 2991 4130 tyranno
3030 4060 3504 4130 triumphaturus,

1866 4153 2117 4208 ascendit
2145 4170 2158 4206 :
2189 4158 2244 4206 et
2271 4153 2464 4207 relicto
2490 4153 2783 4224 paulisper
2814 4153 3068 4224 corporis
3104 4154 3335 4224 templo,
3367 4153 3505 4208 infe-

1865 4263 2057 4301 rorum
2093 4245 2285 4319 3'75
2316 4247 2549 4300 claustra
2569 4246 2955 4318 confringens,
2988 4246 3240 4318 pristinze
3273 4247 3357 4317 (ut
3375 4251 3506 4301 ante

1864 4341 2064 4410 fuerat)
2091 4340 2219 4394 vita:
2251 4339 2515 4394 restituit.
2551 4341 2660 4394 Nec
2691 4339 2987 4395 suffecerat
3030 4341 3213 4394 solum
3255 4339 3507 4395 hominis

1865 4434 2194 4488 emendasse
2221 4438 2547 4504 peccatum;
2578 4434 2673 4488 sed
2704 4451 2806 4505 per
2841 4433 3186 4488 ablutionem
3225 4434 3506 4488 coalestem

1867 4532 2107 4595 renatos,
2141 4527 2386 4582 redivivo
2417 4544 2479 4582 ac
2504 4545 2650 4582 novo
2672 4527 2980 4582 nativitatis
3011 4543 3217 4597 genere
3246 4542 3504 4581 remeans

1866 4621 1934 4674 ad
1967 4619 2250 4692 originem
2273 4637 2409 4689 sum,
2438 4637 2543 4675 nos
2570 4621 2640 4675 ad
2667 4621 2910 4676 caelestia
2935 4636 3113 4691 regna
3138 4619 3423 4691 perduxit.
3456 4620 3499 4675 Ο

1868 4713 2184 4782 consilium,
2237 4731 2270 4768 o
2310 4714 2518 4768 divinae
2558 4714 2953 4785 providentia},
2984 4731 3016 4768 o
3050 4713 3506 4769 inscstimandum

1869 4807 2235 4880 reparationis
2257 4807 2537 4862 auxilium
2561 4807 2574 4860 !
2615 4810 2718 4862 Per
2758 4807 3052 4878 Virginem
3079 4808 3240 4862 nobis
3267 4808 3506 4878 gloriosa

1868 4903 1979 4956 vita
2007 4901 2343 4968 restituitur,
2375 4918 2503 4973 quae
2542 4917 2645 4972 per
2671 4901 2813 4972 ligni
2847 4901 3287 4956 inobedientiam
3323 4902 3513 4957 crede-

1869 5000 2034 5054 batur
2057 4999 2322 5054 extincta.
2356 5001 2464 5054 Per
2491 5015 2695 5070 aquam
2723 4999 2924 5054 mundi
2945 5004 3174 5072 peccata
3192 4999 3506 5068 diluuntur,

1869 5110 1972 5164 per
1999 5110 2170 5165 quam
2209 5096 2338 5147 ante
2377 5097 2631 5148 senserat
2669 5093 2918 5148 mundus
2958 5093 3075 5165 ipse
3123 5094 3508 5165 naufragium.

1868 5187 1989 5241 Tibi
2015 5203 2173 5259 ergo,
2217 5203 2436 5242 summe
2466 5187 2716 5258 Genitor,
2753 5204 2896 5260 pura
2922 5187 3215 5242 devotione
3238 5187 3508 5241 immacu-

1869 5280 2044 5334 latum
2069 5297 2279 5335 munus
2306 5281 2614 5348 offerimus,
2645 5285 2700 5336 et
2747 5281 3054 5336 elevatione
3097 5296 3372 5335 manuum
3402 5293 3504 5331 no-

1869 5378 2114 5428 strarum
2153 5375 2317 5445 juxta
2359 5375 2482 5429 Filii
2516 5375 2598 5429 tui
2644 5377 2774 5430 Jesu
2807 5375 3015 5429 Christi
3063 5371 3505 5446 dispositionem,

1870 5467 2029 5538 pium
2058 5467 2394 5522 sacrificium
2423 5468 2796 5523 celebramus.
2823 5470 2929 5523 Per
2964 5482 3135 5538 quem
3175 5472 3229 5522 te
3273 5464 3507 5520 laudant

1869 5561 2056 5632 angeli
2081 5566 2137 5616 et
2161 5561 2508 5634 archangeli,
2536 5563 2806 5617 dicentes.

1951 5655 2164 5708 XXXVI.
2208 5670 2399 5710 INCIPIT
2438 5671 2592 5772 Μιεεέ
2633 5669 2980 5772 opsumcurs
3021 5666 3148 5705 posr
3187 5665 3416 5705 rasam.

2596 5739 2666 5772 rte
2687 5724 2807 5772 atio.

2596 5724 2807 5773 nefatio.

1944 5797 2089 5851 Deus
2118 5796 2215 5867 qui
2235 5795 2294 5849 in
2318 5795 2438 5848 Filii
2465 5794 2546 5848 tui
2573 5793 2890 5848 humilitate
2910 5791 3196 5860 jacentem
3221 5789 3513 5844 mundum

1871 5888 2118 5960 erexisti,
2135 5887 2390 5944 laetitiam
2409 5886 2649 5942 concede
2665 5883 2922 5940 ﬁdelibus
2944 5881 3076 5953 tuis,
3108 5885 3172 5935 ut
3193 5892 3337 5950 quos
3370 5895 3514 5950 per-
