4014 6230
441 387 544 443 379

1229 383 1562 440 APPENDIX
1599 383 1686 438 AD
1723 381 1947 439 OPERA
1984 381 2217 439 SANCTI
2255 384 2553 441 GERMANI
2592 383 3017 442 PARISIENSIS.

3713 385 3820 441 380

435 500 622 567 petum
650 493 854 552 mortis
875 493 1131 569 eripuisti
1156 495 1394 562 casibus,
1427 492 1644 567 gaudiis
1672 492 1840 549 facias
1860 491 2070 565 sempi-
2095 511 2152 585 Α
2175 495 2449 567 apostolo,
2480 497 2713 553 conlatis
2739 497 2983 554 clavibus
3009 496 3174 571 regni
3194 495 3448 569 celestis,
3477 497 3708 554 animas
3747 496 3818 553 li-

435 589 610 645 ternis
636 589 874 662 perfrui.
899 591 1023 645 Per.

989 681 1236 732 Collectio
1269 680 1519 744 sequitur.

507 769 673 838 Deus,
699 768 759 823 in
787 767 947 838 cujus
973 767 1274 838 praecipuis
1302 765 1656 821 mirabilibus
1697 770 1781 821 est
1821 765 2071 820 humana

434 862 735 933 reparatio,
767 861 916 915 solve
944 876 1115 931 opera
1159 859 1385 928 diaboli,
1427 864 1484 914 et
1522 859 1813 915 mortifera
1861 860 2073 930 peccati

434 955 656 1010 vincula
681 955 991 1024 disrumpe,
1024 957 1089 1007 ut
1115 953 1399 1008 destructa
1424 953 1795 1025 malignitate,
1829 969 1956 1025 quae
1977 969 2073 1007 no-

435 1049 572 1118 cuit,
585 1048 768 1102 vincat
791 1046 1179 1102 misericordia
1199 1063 1326 1118 quaa
1344 1047 1601 1103 redemit.
1621 1049 1727 1102 Per
1748 1047 2068 1102 Dominum.

923 1143 1176 1193 Collectio
1200 1146 1319 1208 post
1340 1143 1570 1194 nomina.

503 1228 981 1298 Benedictionem,
1012 1229 1273 1299 Domine,
1301 1230 1464 1284 nobis
1493 1229 1744 1284 conferat
1768 1229 2073 1285 salutarem

434 1338 590 1376 sacra
616 1339 842 1394 semper
874 1322 1100 1392 oblatio,
1128 1329 1194 1378 ut
1213 1323 1366 1395 quod
1393 1323 1514 1395 agit
1545 1322 1834 1395 mysterio,
1864 1322 2073 1379 virtute

431 1416 706 1487 perﬁciat.

991 1485 1238 1537 Collectio
1269 1486 1518 1551 sequitur.

507 1572 670 1640 Deus,
701 1571 798 1642 qui
816 1586 917 1625 nos
942 1587 1044 1642 per
1076 1572 1247 1643 hujus
1272 1571 1525 1626 sacriﬁcii
1555 1571 1873 1627 veneranda
1911 1587 2066 1626 com-

434 1665 663 1731 mercia,
691 1664 862 1719 unius
888 1681 1126 1720 summae
1157 1665 1468 1720 Divinitatis
1485 1665 1787 1737 participes
1812 1664 2064 1732 effecisti,

433 1762 660 1830 praesta,
690 1774 1036 1830 quaesumus,
1064 1759 1289 1814 utsicut
1313 1763 1471 1814 tuam
1497 1759 1894 1832 cognoscimus
1919 1759 2065 1814 veri-

434 1855 628 1922 tatem,
662 1851 741 1906 sic
767 1867 893 1906 eam
923 1852 1109 1923 dignis
1134 1853 1391 1906 moribus
1418 1853 1817 1925 adsequamur.
1849 1854 1973 1908 Per.

1001 1949 1322 1999 Contestatio
1344 1963 1503 1999 nunc.

505 2037 645 2090 Vere
672 2034 913 2106 dignum
950 2038 1006 2089 et
1035 2034 1260 2104 justum
1295 2039 1447 2090 est...
1485 2051 1590 2106 per
1635 2034 1920 2090 Christum
1967 2036 2075 2090 Do-

435 2127 656 2183 minum
684 2131 963 2182 nostrum.
991 2127 1098 2191 Qui
1135 2128 1404 2183 humanis
1429 2128 1728 2184 miseratus
1769 2127 2075 2198 erroribus,

435 2237 535 2293 per
564 2221 854 2292 Virginem
883 2220 1040 2276 nasci
1068 2220 1334 2292 dignatus
1362 2226 1478 2291 est;
1509 2226 1565 2277 et
1603 2239 1707 2293 per
1754 2221 2076 2293 passionem

433 2315 639 2369 mortis
669 2332 703 2369 a
730 2318 1006 2386 perpetua
1030 2331 1134 2368 nos
1182 2320 1364 2370 morte
1406 2315 1685 2381 liberavit,
1725 2331 1789 2369 ac
1828 2331 2078 2370 resurre-

433 2408 617 2464 ctione
646 2424 748 2463 sua
773 2412 1048 2463 mternam
1077 2408 1240 2464 nobis
1267 2407 1508 2464 contulit
1529 2409 1726 2464 vitam.
1746 2409 1927 2473 Quem
1947 2408 2072 2463 lau-

435 2501 572 2557 dant
599 2501 810 2573 angeli.

517 2618 757 2672 XXXVII.
799 2633 922 2673 mea
963 2633 1119 2673 MISSA
1158 2632 1289 2672 rosr
1328 2633 1532 2674 PASCHA
1571 2634 1706 2674 ANTE
1744 2633 1975 2675 ascensa

1145 2703 1360 2744 DOMINI.

506 2780 700 2855 3'76
743 2784 904 2853 Deus,
949 2783 1047 2854 qui
1075 2783 1184 2836 hoc
1216 2782 1378 2836 nobis
1403 2782 1623 2839 confers
1651 2784 1834 2854 gratia
1865 2788 1980 2852 tua,
2011 2786 2074 2839 ut

425 2875 567 2946 justi
593 2891 662 2930 ex
693 2876 902 2947 impiis,
935 2880 991 2930 et
1009 2876 1158 2931 beati
1181 2875 1498 2930 efﬁciamur
1519 2893 1589 2931 ex
1611 2877 1852 2946 miseris,
1881 2877 2073 2931 adesto

432 2969 546 3024 tuis
591 2970 875 3041 operibus,
932 2970 1044 3025 tuis
1089 2970 1280 3024 adesto
1334 2971 1702 3040 muneribus;
1749 2974 1816 3024 ut
1867 2970 2073 3042 quibus

431 3062 578 3118 inest
601 3063 732 3118 ﬁdei
745 3063 1095 3134 justiﬁcatio,
1133 3080 1247 3118 non
1270 3063 1413 3119 desit
1443 3063 1874 3135 perseverantiae
1906 3063 2068 3118 forti—

432 3157 588 3212 tudo.
619 3159 743 3212 Per.

1123 3226 1389 3277 Collectio.

2173 590 2343 662 gandi
2371 591 2554 663 adque
2579 592 2828 647 solvendi
2865 592 3220 664 pontiﬁcium
3258 591 3559 661 tradidisti,
3603 591 3820 648 exaudi

2168 684 2449 756 propitius
2477 701 2669 756 preces
2691 691 2908 740 nostras
2937 686 2997 741 in
3024 685 3112 741 die
3138 686 3345 758 jejunii
3383 686 3587 757 hujus;
3633 690 3690 740 et
3734 686 3822 741 in-

2171 778 2506 833 tercessione
2542 779 2684 849 ejus,
2722 796 3066 850 quaesumus,
3122 785 3187 835 ut
3227 796 3258 834 a
3304 785 3665 851 peccatorum
3719 796 3820 836 no-

2173 875 2420 926 strorum
2445 872 2683 928 nexibus
2711 872 3040 928 liberemur.
3067 873 3314 929 Salvator
3337 873 3558 930 mundi.

2601 974 2773 1024 Oratio
2803 973 2856 1024 in
2882 977 3060 1024 sancto
3089 975 3372 1039 Stephano.

2244 1059 2481 1127 Praesta,
2547 1076 2909 1130 quaesumus,
2967 1061 3322 1132 omnipotens
3374 1064 3431 1115 et
3494 1060 3821 1117 misericors

2173 1153 2338 1221 Deus,
2362 1156 2424 1206 ut
2452 1153 2969 1224 fragilitatinostrae
2994 1154 3232 1210 adﬂicta:
3261 1155 3319 1209 in
3347 1154 3546 1210 diebus
3575 1155 3820 1211 istorum

2165 1245 2517 1315 jejuniorum
2543 1247 2881 1318 magnificus
2894 1248 3063 1302 levita
3079 1248 3275 1303 beatus
3300 1248 3620 1320 Stephanus
3646 1250 3818 1303 auxi-

2172 1338 2316 1392 lium
2337 1339 2764 1394 interventionis
2789 1341 3072 1410 exhibeat,
3103 1341 3222 1412 qui,
3249 1341 3499 1396 imitator
3514 1342 3820 1397 dominicae

2174 1432 2457 1502 passionis
2496 1437 2552 1488 et
2577 1433 2824 1505 pietatis,
2850 1435 3069 1505 primus
3097 1434 3155 1489 in
3176 1451 3374 1490 cruore
3402 1436 3662 1507 martyrii
3687 1436 3816 1490 eni-

2176 1525 2286 1579 tuit
2306 1543 2322 1595 ;
2365 1530 2422 1580 et
2461 1542 2685 1598 semper
2723 1527 2794 1581 sit
2830 1527 3113 1598 perfectus
3145 1526 3501 1599 suffragator,
3533 1533 3729 1601 atque,
3761 1533 3820 1584 te

2173 1619 2532 1689 concedente,
2564 1623 2862 1691 promptus
2887 1620 3129 1691 adjutor.
3162 1622 3268 1675 Per
3295 1622 3618 1678 Dominum.

2547 1723 2676 1771 Item
2711 1721 2877 1771 oratio
2906 1720 2960 1770 in
2986 1725 3164 1771 sancto
3195 1722 3436 1773 Martino.

2243 1805 2473 1878 Porrige
2499 1806 2790 1862 dexteram
2802 1811 2980 1876 tuam,
2999 1824 3345 1879 quaesumus,
3377 1809 3628 1879 Domine,
3659 1808 3819 1881 plebi

2090 1882 2146 1954 B
2171 1903 2283 1952 tua:
2311 1899 2369 1953 in
2395 1900 2483 1954 die
2510 1900 2863 1971 jejuniorum
2889 1918 3122 1956 suorum
3171 1907 3330 1957 tuam
3366 1902 3819 1958 misericordiam

2176 1993 2500 2062 postulanti,
2541 1999 2602 2049 ut
2640 1994 3022 2050 intercedente
3053 1995 3216 2051 beato
3256 1996 3512 2064 Martino,
3565 2001 3819 2052 terrores

2175 2085 2538 2141 imminentes
2565 2087 2948 2157 declinemus;
2980 2094 3037 2142 et
3061 2088 3253 2142 solatia
3291 2088 3421 2143 vitae
3476 2089 3820 2145 immortalis

2174 2178 2537 2250 accipiamus,
2586 2184 2642 2234 et
2680 2179 2868 2252 3'77
2919 2180 3262 2252 sempiterna
3303 2181 3508 2253 gaudia
3559 2199 3820 2254 compre-

2175 2272 2509 2328 hendamus.
2539 2274 2645 2328 Per
2673 2274 2996 2328 Dominum.

2611 2379 2784 2429 Oratio
2809 2379 2863 2430 in
2889 2383 3070 2430 sancto
3091 2380 3360 2444 Gregorio.

2247 2463 2616 2536 Omnipotens
2640 2465 2983 2537 sempiterne
3011 2466 3374 2536 Deus,jejuni
3403 2465 3473 2521 de
3499 2466 3610 2521 tuis
3636 2468 3818 2522 etiam

2174 2557 2334 2611 donis
2366 2558 2572 2626 satiati,
2603 2559 2690 2614 vel
2715 2559 2963 2630 qualibet
2986 2560 3360 2614 maceratione
3400 2561 3660 2630 confecti,
3706 2563 3820 2616 Ma-

2164 2651 2429 2722 jestatem
2454 2655 2614 2706 tuam
2660 2653 2938 2724 supplices
2983 2669 3300 2722 exoramus,
3347 2657 3413 2707 ut
3453 2654 3702 2724 expulsis
3742 2655 3818 2709 de

2172 2744 2438 2799 cordibus
2466 2745 2674 2799 nostris
2699 2750 3056 2816 peccatorum
3082 2746 3349 2814 tenebris,
3372 2746 3430 2800 in
3459 2747 3548 2801 die
3578 2747 3815 2818 jejunii,

2171 2837 2551 2892 intercedente
2596 2855 2818 2892 summo
2867 2839 3114 2893 antistite
3146 2844 3337 2894 nostro
3399 2843 3456 2894 et
3488 2839 3817 2894 divinorum

2172 2931 2571 3001 mysteriorum
2597 2948 2798 3003 capace
2827 2932 3115 3002 Gregorio,
3139 2933 3208 2986 ad
3239 2948 3430 2987 veram
3450 2933 3658 3000 lucem,
3675 2949 3816 3004 qua:

2170 3024 2422 3080 Christus
2473 3030 2572 3094 est,
2633 3042 2735 3080 nos
2785 3025 2952 3080 facias
2997 3025 3315 3097 pervenire.
3357 3027 3463 3081 Per
3505 3027 3817 3081 Dominum

2171 3122 2424 3173 nostrum
2435 3161 2448 3173 .

2421 3218 2549 3266 ltcm
2579 3216 2919 3266 collectiones
2941 3217 2996 3267 in
3020 3231 3123 3282 quo
3149 3218 3267 3268 loco
3288 3218 3532 3268 volueris.

1123 3254 1389 3277 υυιιυυιιυ.

504 3314 669 3382 Deus,
697 3311 796 3382 qui
823 3327 882 3366 es
906 3311 1229 3366 misericors
1255 3311 1314 3366 in
1343 3312 1629 3383 operibus,
1651 3313 1838 3384 justus
1883 3313 1940 3368 in
1970 3313 2063 3383 ju-

2421 3254 2549 3266 ην...
2579 3254 2919 3266 νυ..υ.,..ν..υ..
2941 3254 2996 3267 ...
3021 3254 3122 3282 νυ
3149 3254 3266 3268 ,νυν
3297 3254 3532 3268 Nam...

2244 3302 2600 3370 Quaesumus,
2635 3301 2868 3355 Domine
2896 3303 3042 3356 Deus
3068 3308 3279 3372 noster,
3310 3303 3445 3358 vitia
3473 3303 3659 3358 carnis
3695 3304 3815 3374 spi-

432 3405 613 3474 diciis,
645 3405 837 3476 largus
858 3405 918 3459 in
949 3405 1132 3475 donis,
1161 3405 1473 3477 multiplica
1499 3423 1668 3478 super
1712 3423 1813 3461 nos
1851 3407 2072 3461 miseri-

432 3497 682 3552 cordiam
707 3502 862 3553 tuam
894 3515 908 3553 :
941 3503 997 3554 et
1024 3499 1159 3570 quia
1184 3503 1246 3554 tu
1272 3500 1432 3554 nobis
1479 3516 1536 3554 es
1575 3500 1857 3556 bonorum
1909 3516 2075 3555 causa

431 3592 790 3659 meritorum,
818 3593 1034 3648 custodi
1058 3592 1211 3664 quod
1236 3593 1462 3663 tribuis,
1511 3598 1574 3649 ut
1621 3594 1870 3650 invenias
1921 3593 2072 3664 quod

431 3702 686 3742 corones.
717 3689 842 3742 Per.

915 3757 1167 3808 Collectio
1203 3761 1320 3822 post
1357 3757 1585 3807 nomina.

499 3844 729 3912 Przesta,
759 3843 1015 3910 Domine,
1039 3860 1385 3915 qumsumus,
1417 3843 1658 3913 veritati,
1689 3847 1753 3899 ut
1787 3843 1940 3899 illius
1979 3861 2066 3898 sa-

429 3936 561 3990 lutis
591 3937 882 4008 capiamus
907 3937 1190 4003 effectum,
1220 3937 1380 4007 cujus
1409 3953 1513 4008 per
1536 3937 1659 3991 haec
1688 3938 1955 4008 mysteria
1979 3938 2066 4009 pi-

433 4045 579 4100 gnus
606 4030 927 4101 accipimus.
959 4031 1086 4086 Per.

1121 4121 1387 4172 Collectio.

503 4207 757 4278 Respice,
785 4207 1038 4276 Domine,
1060 4207 1338 4279 propitius
1366 4208 1437 4263 ad
1460 4224 1698 4263 munera
1727 4224 1854 4279 quae
1883 4225 2066 4263 sacra-

433 4315 577 4369 mus,
623 4305 689 4356 ut
723 4305 778 4355 et
809 4301 912 4355 tibi
957 4305 1114 4373 grata
1145 4301 1274 4369 sint,
1315 4307 1371 4357 et
1409 4300 1677 4357 salutaria
1697 4317 1921 4374 semper
1946 4302 2066 4356 exi-

433 4396 600 4449 stant.
629 4395 734 4450 Per
759 4396 920 4450 Dom.

987 4465 1302 4516 Contestatio
1336 4479 1495 4515 nunc.

501 4550 638 4605 Vere
665 4550 903 4622 dignum
932 4554 988 4606 et
1004 4551 1228 4623 justum
1248 4555 1349 4619 est,
1371 4551 1572 4605 devoto
1599 4565 1836 4605 munere
1864 4553 2061 4621 postu-

2173 3395 2314 3448 ritus
2341 3395 2548 3448 virtute
2567 3394 2911 3466 constringe,
2939 3400 3023 3465 ut,
3051 3395 3457 3451 interveniente
3483 3396 3564 3450 ill.
3596 3396 3658 3451 in
3705 3397 3820 3451 hoc

2165 3488 2404 3558 jejunio,
2432 3491 2621 3542 nostra
2641 3488 2700 3541 in
2724 3488 3030 3543 virtutibus
3053 3491 3340 3544 reficietur
3367 3490 3686 3545 inﬁrmitas.

2723 3594 2973 3644 Collectio
2997 3595 3252 3659 sequitur.

2241 3678 2570 3750 Propitiare,
2623 3679 2878 3750 Domine,
2925 3681 3457 3752 supplicationibus;
3498 3687 3554 3736 et
3601 3697 3707 3736 nos
3752 3683 3815 3737 in

2164 3773 2367 3844 jejunii
2397 3773 2554 3828 cultu
2579 3779 2857 3840 vacantes,
2905 3773 3194 3828 obtinente
3230 3775 3394 3829 beato
3420 3775 3501 3830 ill.
3549 3775 3820 3846 pervigili

2171 3867 2540 3937 protectione,
2585 3867 2835 3935 custodi;
2882 3873 2946 3922 ut
2996 3868 3204 3921 nullius
3253 3869 3503 3923 animam
3552 3869 3819 3923 diabolus

2171 3959 2421 4031 perﬁdiae
2455 3961 2569 4016 telo
2594 3961 2873 4029 vulneret,
2903 3961 3111 4015 nullius
3137 3965 3390 4016 mentem
3414 3979 3633 4018 veneno
3659 3963 3820 4018 falsi-

2168 4053 2297 4108 tatis
2323 4055 2556 4109 occidat.

2384 4167 2591 4221 XXXIX.
2638 4182 2835 4221 INCIPIT
2874 4181 3034 4221 MISSA
3074 4183 3128 4219 IN
3170 4181 3577 4222 ROGATIONIBUS.

2237 4265 2506 4319 Memores
2532 4265 2835 4319 caelestium
2865 4269 3298 4336 praceptorum,
3343 4271 3572 4336 peccata
3614 4271 3816 4322 nostra

2168 4374 2356 4432 coram
2387 4358 2623 4412 Domino
2651 4357 2977 4426 deﬂeamus,
3010 4363 3255 4413 serentes
3283 4359 3342 4412 in
3369 4359 3630 4430 lacrymis
3667 4360 3814 4432 quid

2168 4456 2447 4505 metamus
2486 4452 2545 4505 in
2585 4451 2803 4524 gaudiis
2830 4469 2842 4506 :
2873 4452 3050 4506 simus
3078 4452 3136 4505 in
3163 4452 3415 4507 oratione
3443 4453 3684 4522 solliciti,
3713 4454 3809 4524 je-

2159 4544 2336 4614 juniis
2355 4545 2624 4616 prompti,
2649 4545 2706 4599 in
2728 4545 3101 4616 eleemosynis
3121 4545 3400 4615 liberales,
3425 4551 3488 4602 ut
3507 4549 3811 4618 promissae

429 4644 630 4713 lantes,
661 4621 1026 4715 utitempora,
1045 4645 1252 4718 quibus
1278 4649 1408 4716 post
1428 4644 1921 4698 Resurrectionem
1948 4645 2060 4699 Do-
2082 4621 2141 4692 D
2164 4638 2550 4693 retributionis
2587 4639 2825 4709 gloriam
2847 4639 3046 4694 devota
3074 4639 3183 4694 fide
3213 4645 3270 4695 et
3295 4640 3582 4695 fructuosa
3609 4657 3810 4713 cpera-

430 4736 620 4790 minus
644 4741 834 4792 noster
860 4739 1019 4794 Jesus
1044 4739 1299 4794 Christus
1324 4753 1457 4791 cum
1481 4736 1769 4807 discipulis
1796 4737 1910 4791 suis
1937 4754 2061 4792 cor-

428 4829 699 4899 poraliter
726 4831 1017 4899 habitavit,
1045 4832 1138 4903 pia
1157 4830 1450 4885 devotione
1466 4833 1792 4885 tractemus.
1821 4832 2000 4896 Quem
2019 4833 2060 4886 l.

481 4955 741 5010 XXXVIII.
783 4973 1049 5012 INCIPIUNT
1087 4970 1474 5010 COLLECTIONES
1517 4971 1572 5009 IN
1610 4971 1992 5011 ROGATIONIBUS

686 5043 785 5082 PER
825 5044 1048 5082 DIVERSA
1088 5041 1224 5080 LOCA
1262 5041 1585 5081 SANCTORUM
1628 5042 1796 5081 NUNC.

985 5120 1043 5166 In
1076 5121 1255 5166 sancto
1281 5118 1431 5166 Petro
1454 5119 1498 5166 ⁸.

499 5204 864 5277 Omnipotens
921 5203 1266 5274 sempiterne
1318 5204 1502 5272 Deus,
1560 5203 1659 5274 qui
1696 5203 1860 5259 beato
1901 5206 2063 5259 Petro

496 5345 520 5374 "
560 5349 786 5403 Eaedem
819 5348 935 5402 fere
969 5345 1256 5412 stationes,
1305 5345 1632 5417 easdemque
1673 5345 1953 5401 orationes
2007 5347 2063 5402 in

427 5417 628 5473 Missali
668 5419 923 5474 Gothico.
973 5417 1130 5472 Unde
1167 5417 1429 5488 colligere
1469 5417 1599 5470 licet
1637 5417 1739 5470 has
1782 5419 2062 5473 orationes

426 5488 593 5544 fuisse
650 5505 999 5556 communes,
1050 5505 1163 5542 non
1210 5487 1320 5542 loci
1359 5487 1597 5557 alicujus
1628 5488 1944 5557 peculiaris,
1993 5489 2062 5543 ad

426 5575 597 5628 quem
623 5559 746 5615 haec
769 5560 1003 5615 Missalia
1026 5558 1426 5628 pertinuerint.

502 5630 532 5710 ξ
567 5630 646 5682 Ita
669 5629 854 5710 etiam
890 5630 1188 5710 jejunium
1215 5629 1274 5682 in
1315 5628 1566 5710 gothico,
1611 5645 1800 5710 supra,
1832 5629 1906 5710 in
1960 5631 2063 5710 hoc

427 5696 800 5770 triduo.Vide
842 5696 1128 5755 sermones
1176 5704 1290 5754 tres
1326 5696 1560 5770 Caesarii
1601 5696 1846 5770 episcopi
1880 5701 2064 5754 Arela-

427 5767 598 5842 tensis
638 5769 697 5823 in
745 5771 1054 5842 appendice
1104 5786 1247 5824 nova
1299 5769 1436 5823 tomi
1486 5767 1738 5842 Vnovae
1788 5767 2064 5842 editionis

427 5838 602 5919 sancti
634 5838 931 5919 Augustini
958 5856 990 5918 a
1018 5856 1276 5919 sermone
1316 5843 1434 5905 l73,
1463 5840 1563 5910 qui
1602 5840 1842 5919 prirnus_
1873 5845 1955 5894 est
1979 5841 2065 5919 _d_e

427 5905 659 5978 Litania,
688 5905 784 5964 ubi
803 5909 1020 5981 jejunia
1049 5909 1315 5965 dicuntur
1341 5905 1651 5966 necessaria
1693 5932 1719 5957 «
1752 5911 1933 5966 tribus
1977 5911 2066 5967 his

2163 4731 2314 4787 tione
2342 4748 2686 4799 mereamur.
2715 4734 2820 4787 Per
2845 4734 3006 4786 Dom.

2691 4839 2940 4890 Collectio
2956 4840 3204 4903 sequitur.

2236 4927 2404 4995 Deus,
2439 4925 2536 4997 qui
2573 4925 2832 4979 Ninivitis
2856 4942 2959 4996 pro
2989 4925 3230 4996 peccatis
3259 4924 3373 4979 suis
3412 4925 3810 4997 jejunantibus

2163 5018 2487 5090 pepercisti,
2528 5022 2582 5072 te
2613 5017 2891 5089 supplices
2923 5019 3314 5090 deprecamur,
3349 5023 3413 5074 ut
3451 5025 3506 5074 et
3541 5020 3708 5075 nobis
3750 5022 3810 5076 in

2164 5113 2269 5166 hoc
2307 5112 2573 5184 jejuniob
2612 5115 2940 5166 nostrorum
2971 5111 3385 5183 indulgentiam
3435 5128 3540 5184 per
3582 5114 3808 5169 solitam

2164 5204 2612 5260 misericordiam
2640 5204 2914 5276 largiaris.
2943 5206 3068 5260 Per.

2167 5347 2385 5416 diebus,
2426 5363 2568 5418 quos
2594 5347 2932 5418 regulariter
2957 5348 3016 5403 in
3041 5353 3156 5404 toto
3186 5349 3402 5403 mundo
3431 5351 3677 5408 celebrat
3704 5355 3804 5408 Ec-

2168 5418 2406 5493 clesia.p
2442 5418 2920 5493 H‘oc_in_se_rmone
2963 5420 3100 5474 item
3135 5421 3408 5493 Caesarius
3439 5424 3812 5493 reprehendit

2164 5505 2258 5542 eos
2290 5489 2389 5560 qui
2423 5489 2492 5543 ad
2539 5489 2794 5543 Ecclesiae
2842 5497 3148 5545 conventus
3182 5491 3300 5546 istis
3344 5489 3543 5546 diebus
3590 5515 3617 5544 α
3647 5496 3809 5551 tarde

2163 5559 2416 5642 veniunt,
2441 5565 2496 5640 et
2511 5559 2669 5639 prius
2695 5577 2872 5642 quam
2892 5563 3578 5642 my‘steriancompleantur
3605 5565 3803 5620 absce-

2165 5631 2336 5705 dunt;
2368 5631 2510 5705 etin
2536 5631 2656 5701 ipsa
2683 5631 2913 5705 ecclesia
2943 5631 3134 5705 Otiosis
3160 5631 3366 5687 fabulis
3393 5640 3676 5705 vacantes,
3703 5654 3812 5692 nec

2165 5701 2283 5777 ipsi
2310 5701 2578 5777 psallunt,
2620 5717 2726 5756 nec
2765 5702 2900 5756 alios
2938 5703 3199 5777 psallere,
3250 5705 3337 5759 vel
3379 5701 3821 5777 orareipermit-

2164 5776 2312 5826 tunt.
2360 5791 2386 5822 »
2427 5772 2588 5845 litin
2615 5788 2872 5845 sermone
2897 5772 3153 5845 sequenti
3180 5775 3447 5830 hortatur
3477 5772 3712 5845 Fideles,
3742 5783 3812 5833 ut

2165 5858 2236 5922 ne
2263 5857 2320 5895 se
2355 5864 2382 5890 ‹‹
2411 5843 2480 5896 de
2508 5843 2763 5923 Ecclesiae
2793 5843 3070 5906 conventu
3101 5845 3438 5903 subtrahant
3465 5846 3525 5904 in
3571 5864 3669 5904 sex
3697 5843 3811 5905 Ho-

2165 5928 2242 5968 τις
2267 5933 2293 5960 ))
2324 5928 2605 5970 03110111013
2614 5954 2626 5969 .
