4014 6230
169 388 249 443 381
952 399 956 401 '
1233 381 1319 436 DE
1357 379 1574 436 GCRSU
1612 375 1986 434 GALLICANO
2023 373 2437 442 DlSQUISITIO.
3406 367 3508 423 38'2

1789 485 2050 573 APater,
2094 488 2151 539 et
2210 483 2448 540 directas
2492 479 2552 536 in
2598 480 2798 554 spiritu
2854 483 2954 536 tuo
2994 475 3323 544 oblationes,
3351 473 3512 550 quasi

1871 577 2107 633 odorem
2132 577 2347 633 incensi
2376 575 2685 648 ﬂagrantis,
2717 574 2972 630 adsume.
3001 574 3108 628 Per
3133 573 3294 627 Dom.

2431 676 2754 728 Contestatio
2787 689 2948 726 nunc.

634 489 878 541 Collectio
902 493 1020 555 post
1042 488 1273 540 nomina.

223 587 516 646 Recensitis
556 587 896 644 oﬂ‘erentum
943 586 1289 655 nominibus,
1320 585 1551 641 accincti
1596 586 1767 641 absti-

168 685 345 741 nentiae
371 681 524 751 cibis,
561 687 620 736 et
644 683 842 738 devoto
871 681 1015 754 pasti
1034 681 1276 752 jejunio,
1305 684 1565 751 petamus
1600 697 1635 734 a
1673 681 1773 735 Do-

169 779 302 834 mino
325 777 608 832 Salvatore
654 782 850 831 nostro
886 776 970 830 uti
1001 776 1124 830 haec
1153 775 1437 830 adoranda
1480 775 1767 842 sacrificia,

169 890 276 944 quae
300 888 394 943 pro
419 870 709 941 spiritibus
733 869 1094 941 pausantium
1124 873 1181 923 et
1199 869 1404 923 nostris
1423 873 1772 923 nostrorum-

165 982 259 1038 que
305 965 539 1036 peccatis
585 981 720 1019 cura
759 963 984 1034 pietatis
1021 962 1328 1032 offerimus,
1375 962 1519 1017 sicut
1563 978 1772 1016 munus

167 1058 282 1114 Abel
298 1057 429 1129 justi
459 1057 567 1112 sui.
615 1100 627 1112 .
674 1100 686 1112 .
721 1057 1032 1125 benedicat,
1063 1061 1118 1111 et
1147 1057 1205 1111 in
1238 1073 1329 1112 no.
1377 1099 1389 1111 .
1439 1097 1452 1111 .
1484 1055 1644 1110 licata
1669 1072 1768 1110 cu-

168 1153 370 1207 studiat.
397 1153 520 1206 Per.

1945 777 2196 846 Dignum
2226 781 2279 833 et
2303 776 2529 847 justum
2555 777 2640 830 est
2666 774 2767 829 tibi
2808 772 3155 828 sanctificare
3198 769 3506 842 jejunium,

1871 872 2021 942 quod
2064 887 2169 924 nos
2204 870 2274 924 ad
2319 870 2642 924 animarum
2689 867 2970 923 medelam
3003 871 3058 921 et
3083 865 3509 936 castigationem

1871 979 2174 1035 corporum
2225 978 2448 1016 servare
2483 960 2718 1016 docuisti
2750 977 2763 1014 :
2805 960 2938 1032 quia
2957 957 3225 1015 restrictis
3265 956 3509 1028 corpori-

1871 1057 1995 1124 bus,
2025 1056 2232 1110 animze.
2253 1055 2621 1128 saginantur;
2643 1059 2699 1109 et
2724 1054 2782 1108 in
2808 1069 2920 1125 quo
2949 1053 3120 1108 homo
3147 1055 3342 1106 noster
3361 1054 3512 1106 exte-

1871 1150 1988 1204 rior
2029 1149 2326 1216 adteritur,
2371 1148 2642 1203 dilatatur
2679 1147 2935 1202 interior.
2983 1148 3260 1202 Memento
3297 1145 3506 1217 itaque,

1871 1243 2126 1312 Domine,
2159 1242 2219 1297 in
2246 1243 2352 1297 hoc
2372 1241 2595 1314 jejunio
2625 1239 2973 1296 miseration.

1945 1338 2173 1406 Reliqua
2202 1337 2418 1391 desunt.

698 1243 947 1294 Collectio
972 1243 1222 1308 sequitur.

226 1337 406 1412 3'78
433 1339 663 1410 Suscipe
711 1355 905 1410 preces
947 1338 1139 1410 populi
1179 1337 1283 1407 tui,
1336 1336 1771 1392 clementissime

225 1465 484 1517 Hactenus
529 1464 640 1518 tria
682 1462 916 1518 Missalia
961 1479 1089 1535 quae
1133 1480 1166 1516 a
1206 1461 1503 1516 Thomasio
1543 1461 1751 1532 publici
1780 1461 1928 1533 juris
1973 1462 2112 1516 facta
2159 1465 2311 1529 sunt,
2342 1460 2643 1514 retulimus
2680 1475 2971 1531 :quorum
3007 1458 3279 1529 primum,
3326 1456 3382 1512 id
3427 1461 3512 1512 est

163 1552 738 1624 Gothicogallicanum,
789 1552 983 1624 paucis
1029 1552 1296 1623 exceptis,
1343 1552 1634 1623 integrum
1691 1555 1794 1620 est,
1834 1567 1898 1605 ac
1934 1551 2168 1622 potioris
2222 1550 2526 1618 momenti;
2568 1549 2675 1603 alia
2711 1549 2823 1603 duo
2870 1547 3066 1602 mutila
3108 1550 3258 1601 sunt.
3299 1547 3510 1600 Horum

165 1643 399 1699 omnium
444 1643 875 1714 capitulationes
906 1641 1190 1697 habentur
1214 1642 1374 1696 initio
1417 1643 1590 1713 hujus
1634 1640 1841 1712 operis.
1891 1641 2057 1695 Notas
2083 1639 2402 1694 numericas
2450 1639 2508 1693 in
2538 1639 2720 1710 capite
2749 1638 3106 1710 singulorum
3141 1635 3510 1690 articulorum

162 1732 526 1804 supplevimus
549 1733 612 1788 in
640 1733 884 1788 secundo
911 1736 968 1787 et
996 1732 1161 1787 tertio
1191 1732 1396 1787 Missali
1427 1731 1577 1801 (nam
1608 1730 1666 1786 in
1690 1731 1876 1802 primo
1902 1730 2199 1802 adscripta:
2226 1733 2388 1784 erant
2409 1729 2467 1784 in
2493 1729 2692 1784 Codice
2730 1730 2857 1800 ms.)
2908 1744 3010 1800 pro
3056 1726 3352 1781 commodo
3393 1725 3506 1780 lec-

165 1827 350 1877 torum.
380 1823 740 1878 Probationes
789 1824 1062 1895 quasdam
1090 1822 1370 1878 coronidis
1407 1824 1531 1877 loco
1572 1822 1901 1894 adjiciamus
1942 1821 2011 1875 ad
2051 1821 2259 1876 calcem
2303 1820 2510 1892 operis,
2546 1820 2603 1874 id
2643 1824 2728 1875 est
2766 1823 2953 1873 vetera
2997 1817 3262 1889 quaedam
3301 1831 3507 1869 monu-

164 1917 330 1966 menta
358 1913 426 1966 ad
450 1913 849 1968 illustrandam
878 1918 1001 1968 tum
1030 1913 1342 1983 Liturgiam
1369 1913 1731 1980 Gallicanam,
1765 1917 1890 1966 tum
1916 1915 2246 1983 sequentem
2273 1910 2748 1981 Disquisitionem.
2777 1908 3002 1962 Utinam
3037 1907 3143 1960 hoc
3181 1922 3322 1977 opus
3348 1903 3512 1959 cedat

165 2000 212 2055 in
241 2001 326 2055 Dei
355 2001 624 2073 gloriam,
649 2003 776 2058 etin
804 2003 1108 2059 utilitatem
1135 2002 1392 2060 Ecclesia:
1423 2002 1734 2068 catholicae,
1764 2001 1824 2057 in
1851 2001 2051 2076 primis
2071 2000 2365 2058 Gallicana!
2391 1999 2404 2057 l
2427 1999 2635 2056 Saltem
2664 1998 2710 2052 is
2735 2002 2819 2053 est
2842 2013 3042 2069 scopus
3068 1994 3272 2067 operis,
3290 1993 3510 2050 utinam

165 2095 210 2144 et
232 2091 461 2146 fructus!

1418 2180 1561 2220 ΠΝιὸ
1601 2179 1861 2220 LITURGLE
1898 2178 2232 2219 GALLICANE.

654 2477 816 2634 DE
913 2475 1316 2637 cursu
1410 2471 2131 2719 φωρ
2223 2466 3004 2666 emensum.

226 2817 407 2892 379
434 2823 483 2874 1.
504 2821 636 2874 Post
657 2820 1087 2875 commentarios
1106 2821 1174 2875 de
1193 2820 1446 2892 Liturgia
1473 2819 1772 2886 Gallicana,
1795 2831 1852 2903 B
1877 2816 2092 2870 fuisset.
2132 2815 2242 2870 Sed
2284 2814 2562 2886 quisquis,
2596 2812 2846 2885 qualisve
2891 2809 2966 2866 sit
3002 2813 3218 2876 auctor,
3253 2823 3318 2862 eo
3347 2805 3512 2861 nobis

165 2913 471 2982 proximum
497 2918 587 2968 est
627 2919 692 2969 ut
719 2915 788 2969 de
826 2913 1031 2968 divinis
1061 2913 1258 2968 ofﬁciis
1286 2933 1414 2987 quae
1445 2915 1503 2968 in
1531 2913 1775 2969 Ecclesia

165 3006 425 3062 Gallicana
441 3008 568 3078 jam
595 3008 725 3063 inde
755 3025 786 3061 a
811 3008 1010 3079 primis
1029 3008 1380 3080 temporibus
1406 3009 1775 3063 obtinuerunt

163 3098 382 3156 breviter
405 3102 768 3156 disseramus.
799 3103 989 3173 Neque
1014 3118 1146 3157 vero
1172 3103 1229 3156 id
1248 3103 1424 3157 suasit
1449 3102 1774 3174 argumenti

161 3193 310 3248 modo
341 3194 612 3262 afﬁnitas,
654 3195 749 3249 sed
785 3195 955 3249 etiam
994 3195 1331 3251 Lectionarii
1372 3197 1636 3251 Gallicani
1677 3212 1770 3250 oc-

163 3288 310 3356 casio,
349 3289 409 3342 in
445 3305 562 3359 quo
607 3289 880 3344 nonnulla
917 3306 1045 3360 qua:
1085 3290 1155 3344 ad
1189 3289 1372 3344 officia
1407 3291 1775 3347 ecclesiastica

162 3378 426 3448 pertinent
452 3379 801 3433 referuntur.
831 3380 980 3432 Hanc
996 3384 1187 3434 autem
1215 3379 1669 3451 Disquisitionem
1693 3381 1777 3435 in-

166 3477 435 3532 scribimus
478 3481 554 3533 De
594 3493 756 3532 cursu
809 3478 1123 3543 Gallicana;
1165 3495 1279 3548 quo
1328 3479 1558 3533 nomine
1608 3483 1777 3534 statas

164 3566 396 3621 Ecclesia:
426 3583 644 3638 preces,
673 3583 802 3638 qua:
833 3567 938 3621 sub
964 3558 1233 3621 Breviarii
1259 3568 1486 3622 nomine
1513 3584 1616 3639 per
1657 3569 1773 3623 sin-

168 3660 307 3729 gulos
334 3661 448 3716 dies
471 3660 700 3715 decurri
725 3677 788 3714 ac
821 3661 1047 3715 recitari
1073 3661 1298 3728 debent,
1333 3662 1574 3732 majores
1600 3663 1776 3717 nostri

167 3753 391 3808 solebant
415 3754 759 3826 signiﬁcare.
793 3753 928 3807 Hinc
957 3755 1262 3824 Gregorius
1311 3756 1648 3810 Turonensis
1671 3773 1775 3810 an-

166 3852 302 3907 tistes
336 3854 546 3908 librum
583 3870 613 3909 e
649 3854 766 3908 suis
802 3870 981 3907 unum
1021 3858 1094 3909 De
1127 3855 1370 3910 cursibus
1413 3859 1777 3912 ecclesiasticis

167 3947 429 4020 inscripsit
453 3965 466 4001 :
496 3950 595 4022 qui
623 3949 770 4003 liber
796 3948 842 4002 si
867 3949 938 4003 ad
964 3965 1066 4003 nos
1094 3965 1272 4022 usque
1297 3951 1662 4021 pervenisset,
1690 3953 1774 4007 fa-

167 4047 268 4101 cilis
296 4054 348 4104 et
371 4049 770 4121 compendiosa
801 4052 946 4104 esset
985 4049 1107 4103 haec
1142 4050 1211 4105 de
1249 4049 1544 4105 Gallicanis
1578 4051 1776 4107 ofﬁciis

167 4144 568 4199 commentatio.
619 4143 724 4198 Sed
760 4141 1031 4214 quoniam
1073 4143 1132 4197 in
1173 4142 1424 4198 tenebris
1479 4143 1545 4211 (si
1587 4149 1777 4200 tamen

169 4235 367 4306 uspiam
395 4239 494 4308 est)
523 4237 800 4291 hactenus
826 4235 1101 4291 delitescit
1128 4237 1444 4292 curandum
1491 4241 1659 4309 porro
1696 4242 1780 4293 est

169 4333 222 4382 nt
255 4345 318 4383 ex
354 4331 494 4400 aliis,
548 4345 659 4401 qua
703 4329 824 4384 ﬁeri
867 4329 1094 4401 poterit,
1136 4332 1520 4386 monumentis
1571 4333 1778 4387 horum

169 4417 460 4473 officiorum
487 4419 747 4474 notitiam
774 4435 1061 4474 eruamus.
1091 4419 1192 4474 Ubi
1219 4420 1277 4473 in
1317 4419 1440 4491 ipso
1473 4420 1668 4476 limine
1694 4422 1776 4476 le-

169 4511 356 4560 ctorem
377 4524 676 4563 monemus
704 4525 811 4562 nos
839 4507 931 4562 hic
959 4525 1073 4562 non
1100 4513 1218 4563 tam
1244 4509 1312 4563 de
1341 4511 1775 4582 monachorum,

172 4592 340 4668 380
365 4614 538 4668 quam
579 4597 648 4652 de
692 4597 1028 4652 clericorum
1057 4597 1254 4652 ofﬁciis
1282 4603 1526 4669 acturos,
1555 4600 1779 4655 tametsi

170 4695 406 4748 monachi
428 4695 624 4750 multis
652 4695 711 4750 in
731 4695 868 4750 locis
898 4713 1069 4750 sacrae
1095 4696 1424 4768 psalmodim
1451 4699 1779 4770 exemplum

170 4787 532 4853 prmbuerunt.

912 4885 1013 4956 ξι.

170 4997 404 5062 Quaedam
423 5003 842 5071 praemittuntur
875 5003 940 5056 de
983 5001 1289 5056 divinorum
1333 5004 1632 5072 ofﬁciorum
1675 5006 1780 5059 ori-

229 5072 373 5144 gine,
397 5088 706 5142 progressu,
749 5078 801 5127 et
843 5075 1170 5128 incremento
1203 5074 1356 5144 apud
1389 5075 1688 5131 Orientales
1728 5081 1781 5131 et

230 5141 600 5199 Occidentales.

229 5257 278 5309 2.
306 5259 482 5330 Atque
521 5264 586 5313 ut
622 5259 771 5314 clara
810 5264 866 5315 et
900 5259 1046 5314 facili
1084 5259 1303 5314 ratione
1345 5259 1611 5331 procedat
1655 5260 1779 5314 haac

173 5346 482 5421 disquisitio,
522 5371 555 5407 a
610 5353 776 5407 variis
832 5353 1156 5408 divinorum
1209 5353 1530 5408 ofﬁciorum
1571 5355 1775 5424 modis,

172 5438 257 5506 qui
279 5444 391 5496 tam
427 5443 486 5497 in
525 5443 754 5497 Oriente
781 5459 957 5514 quam
983 5443 1043 5498 in
1075 5443 1372 5498 Occidente
1397 5461 1429 5497 a
1455 5442 1778 5515 primordiis

1876 2914 2154 2969 utendum
2183 2917 2286 2979 est,
2320 2912 2546 2984 quando
2576 2911 2775 2966 saltem
2807 2909 2930 2980 ejus
2965 2905 3271 2979 antiquitas
3297 2921 3366 2960 ex
3394 2905 3514 2977 ipsa

1876 3011 2081 3066 codicis
2116 3014 2392 3066 vetustate
2427 3009 2847 3080 comprobatur.
2891 3007 3210 3078 Suspicatus
3243 3022 3368 3059 sum
3405 3003 3509 3057 ali-

1876 3105 2123 3176 quando,
2154 3105 2306 3158 hunc
2333 3120 2452 3158 esse
2490 3102 2801 3174 ipsummet
2828 3100 3082 3173 Gregorii
3103 3099 3280 3154 nostri
3301 3098 3512 3152 librum

1876 3198 1946 3253 de
1970 3198 2225 3252 cursibus
2255 3195 2675 3264 ecclesiasticis;
2708 3196 2804 3250 sed
2831 3194 3195 3267 postmodum
3225 3191 3390 3246 aliter
3426 3190 3510 3244 vi-

1847 3308 2004 3366 sum
2037 3295 2140 3360 est,
2173 3296 2295 3345 tum
2326 3290 2460 3362 quia
2503 3290 2572 3345 de
2616 3305 2786 3344 cursu
2825 3288 3002 3344 sancti
3026 3285 3379 3354 Columbani,
3415 3283 3514 3356 qui

1876 3385 2107 3440 vixdum
2134 3384 2403 3456 Gregorio
2435 3383 2657 3438 vivente
2688 3383 2980 3438 institutus
3007 3386 3166 3458 erat,
3197 3383 3254 3435 et
3292 3380 3360 3434 de
3395 3378 3517 3448 ejus

1875 3483 2045 3550 atque
2074 3477 2254 3533 sancti
2275 3477 2514 3532 Eustasii
2539 3476 2757 3531 abbatis
2783 3476 2931 3531 Actis
2958 3480 3085 3547 post
3110 3472 3365 3545 Gregorii
3391 3471 3513 3525 obi-

1877 3577 2002 3626 tum
2030 3571 2255 3643 scriptis
2282 3571 2632 3626 mentionem
2658 3569 2791 3624 facit
2815 3588 2832 3638 ;
2857 3574 2980 3624 tum
3009 3569 3141 3641 quia
3171 3567 3361 3638 potius
3395 3565 3516 3619 Bri-

1877 3671 2067 3720 tonem
2091 3670 2190 3720 aut
2216 3665 2447 3720 Scotum
2474 3664 2647 3718 refert
2672 3663 2847 3733 stylus
2868 3662 2990 3732 ejus
3017 3666 3072 3716 et
3101 3660 3299 3715 oratio.

1949 3763 2002 3814 3.
2031 3759 2290 3829 Quinque
2331 3761 2524 3812 autem
2569 3771 2838 3810 cursuum
2874 3752 3375 3808 ecclesiasticarum
3423 3769 3514 3823 ge-

1879 3869 2015 3907 nera
2039 3852 2395 3922 totidemque
2422 3865 2625 3905 eorum
2649 3852 2907 3904 auctores
2934 3846 3231 3918 distinguit
3252 3846 3346 3900 ille
3375 3861 3514 3898 ano-

1877 3962 2103 4017 nymus.
2136 3944 2391 3999 Primum
2431 3942 2734 3997 Asiaticum
2779 3941 3063 4012 appellare
3101 3940 3252 4008 licet,
3281 3954 3452 4010 quem
3482 3954 3516 3992 a

1877 4044 2068 4093 sancto
2105 4040 2319 4093 Joanne
2361 4036 2722 4108 evangelista,
2766 4035 3001 4106 ejusque
3042 4033 3315 4104 discipulo
3352 4033 3515 4102 Poly—

1877 4148 2044 4203 carpo
2065 4132 2474 4202 Smyrneorum
2507 4129 2694 4202 primo
2721 4128 2980 4199 episcopo
3011 4126 3332 4182 institutum
3359 4125 3513 4194 dicit;

1879 4241 1943 4279 ac
1991 4224 2195 4280 deinde
2234 4240 2337 4295 per
2385 4223 2764 4295 Trophimum
2807 4221 3213 4288 Arelatensem,
3254 4223 3376 4274 tum
3414 4233 3517 4288 per

1882 4319 2188 4373 Photinum
2209 4322 2266 4372 et
2287 4315 2470 4390 381
2507 4319 2784 4371 Irenaeum
2805 4315 3212 4386 Lugdunenses
3232 4312 3517 4383 episcopos

1880 4412 1938 4466 in
1956 4411 2156 4466 Gallias
2185 4413 2590 4482 prOpagatum.
2615 4410 2870 4464 Alterum
2890 4423 3025 4462 voco
3047 4405 3514 4474 Alexandrinum,

1879 4510 2110 4560 auctore
2149 4506 2330 4560 Marco
2366 4503 2707 4574 evangelista
2736 4519 2749 4556 :
2780 4501 2878 4573 qui
2915 4516 3112 4554 cursus
3139 4500 3198 4552 in
3233 4503 3514 4552 monaste-

1883 4598 1979 4652 riis
2034 4598 2324 4652 Lerinensi
2360 4601 2418 4652 et
2469 4596 2795 4651 Massiliensi
2839 4592 3084 4650 Cassiani
3134 4595 3394 4663 receptus
3425 4591 3514 4656 sit,

1879 4697 2048 4762 atque
2077 4691 2208 4746 inde
2236 4708 2337 4762 per
2365 4696 2582 4745 sanctos
2607 4691 2950 4744 Germanum
2972 4685 3518 4741 Antissiodorensem

1882 4790 1936 4840 et
1962 4787 2184 4856 Lupum
2231 4784 2609 4839 Tricassinum
2639 4783 2914 4838 antistites
2939 4781 2998 4835 in
3025 4779 3287 4847 Scotiam,
3316 4784 3372 4834 et
3417 4794 3522 4850 per

1879 4878 2182 4933 Caesarium
2204 4877 2266 4932 in
2291 4878 2680 4932 Arelatensem
2707 4875 3011 4931 Ecclesiam
3039 4873 3320 4940 inductus,
3345 4888 3516 4945 quem

1880 4973 2112 5027 demum
2135 4971 2520 5025 Columbanus
2549 4970 2700 5041 apud
2715 4969 3034 5024 Luxovium
3062 4966 3372 5022 admiserit.
3390 4968 3522 5021 Ter-

1879 5066 1990 5121 tius
2020 5082 2216 5120 cursus
2243 5063 2529 5119 orientalis
2556 5082 2582 5114 «
2612 5080 2644 5116 a
2671 5067 2863 5117 sancto
2891 5061 3214 5117 Chromatio
3241 5065 3298 5115 et
3328 5061 3516 5115 Helio-

1880 5161 2036 5227 doro,
2065 5164 2121 5214 et
2148 5159 2312 5214 beato
2331 5157 2580 5227 Paulino,
2604 5173 2703 5211 seu
2723 5162 2779 5210 et
2804 5155 3104 5210 Athanasio
3130 5155 3388 5226 episcopo
3408 5153 3522 5207 edi-

1880 5258 1990 5322 tus,
2013 5253 2111 5324 qui
2124 5252 2182 5306 in
2195 5253 2484 5307 Gallorum
2499 5249 2906 5306 consuetudine
2934 5266 3047 5303 non
3060 5249 3324 5314 habetur;
3346 5261 3519 5316 quem

1879 5352 2102 5401 sanctus
2125 5347 2393 5402 Macarius
2435 5345 2748 5400 decantavit
2768 5362 2784 5411 ;
2824 5344 2930 5398 hoc
2970 5347 3054 5398 est
3095 5358 3197 5413 per
3231 5339 3517 5394 duodenas

1880 5441 2070 5506 horas,
2098 5459 2125 5490 »
2157 5457 2362 5511 nempe
2395 5461 2422 5488 ‹‹
2449 5453 2791 5511 unaquaque
2818 5438 2981 5492 hora.
3014 5457 3040 5485 ››
3063 5437 3302 5500 Quartus
3321 5447 3518 5486 cursus

174 5529 394 5590 instituti
439 5541 589 5604 sunt,
647 5537 942 5592 exordium
1001 5537 1283 5592 ducimus.
1333 5537 1401 5592 Et
1449 5537 1683 5608 quidem
1733 5537 1858 5641 siD
1881 5534 2281 5588 Ambrosianus
2324 5533 2433 5588 dici
2471 5537 2676 5605 potest,
2708 5547 2807 5586 seu
2848 5527 3296 5596 Mediolanensis,
3329 5541 3517 5641 jquem

175 5631 427 5684 constaret
451 5631 519 5686 de
554 5631 786 5686 nomine
822 5635 878 5685 et
913 5631 1243 5686 auctoritate
1289 5631 1436 5685 illius
1468 5630 1776 5701 scriptoris,

177 5719 318 5788 cujus
358 5723 424 5779 de
461 5740 691 5778 cursum
732 5724 1234 5780 ecclesiasticorum
1292 5724 1512 5796 origine
1553 5724 1780 5779 libellus

175 5812 307 5879 811ml
333 5815 731 5886 Spelmannum
761 5817 1021 5889 vulgatus
1066 5823 1168 5886 est,
1197 5817 1456 5888 expedita
1485 5821 1630 5872 esset
1672 5819 1779 5872 hoc

1887 5648 1915 5676 «
1945 5627 2141 5682 beatus
2181 5627 2506 5682 Ambrosius
2547 5630 2780 5697 propter
2803 5622 3200 5677 haereticorum
3248 5619 3518 5686 Ordinem

1881 5721 2214 5780 dissimilem
2252 5719 2590 5792 composuit,
2623 5739 2649 5769 »
2678 5723 2734 5772 et
2759 5716 2990 5787 quidem
3014 5714 3190 5769 alium
3215 5728 3388 5782 quam
3421 5712 3521 5783 qui

1883 5839 1908 5865 ‹‹
1941 5818 1996 5871 in
2033 5813 2186 5870 Italia
2225 5819 2390 5868 antea
2418 5811 2842 5867 decantabatur.
2875 5830 2902 5855 ››
2937 5810 3014 5862 Ex
3047 5823 3159 5878 quo
3189 5803 3514 5858 Bellarmini

179 5901 237 5956 de
262 5915 579 5979 argumento
609 5913 906 5984 sententia,
927 5913 1094 5968 modo
1117 5915 1180 5967 ut
1205 5911 1393 5968 sanior
1424 5915 1480 5968 et
1501 5911 1778 5984 integrior
1876 5909 2148 5966 sententia
2172 5907 2556 5973 conﬁrmatur,
2589 5901 2887 5957 asserentis
2911 5903 3104 5956 contra
3129 5894 3514 5967 quorumdam
