4014 6230
455 329 556 393 383

1245 339 1578 395 ΛΡΡΕΝΒΙΧ
1615 339 1702 392 ΑΙ)
1739 336 1961 393 ΟΡΕΒΑ
1999 335 2232 393 8ΑΝΟΤΙ
2269 336 2568 392 ΟΕΗΜΑΝΙ
2608 336 3033 394 PARJSIE'NSIS.

3728 333 3836 392 384

457 444 698 503 aliorum
767 444 1170 518 opinationem,
1223 445 1584 502 Ambrosium
1639 445 1972 518 psalmodiac
2022 445 2083 500 in
2105 458 2163 531 Α
2183 448 2274 500 tus
2303 444 2584 516 originem
2627 445 2864 516 Ignatio,
2894 445 3060 502 tertio
3087 449 3214 518 post
3248 446 3478 502 Petrum
3513 443 3841 502 Antiochiae

455 538 888 596 occidentalibus
939 541 1194 598 Ecclesiis
1246 541 1498 611 primum
1541 541 1925 596 institutorem
1967 557 2081 595 non

454 631 643 703 fuisse,
691 635 842 706 quod
884 652 952 689 ex
995 634 1296 705 Augustini
1331 634 1786 689 Confessionibus
1817 635 1899 689 illi
1924 635 2079 690 colli-

455 728 696 797 gebant;
733 729 829 782 sed
873 729 930 782 in
970 733 1191 782 tantum
1231 743 1474 796 curasse,
1515 732 1580 781 ut
1616 729 1926 784 secundum
1957 745 2080 783 mo-

453 837 576 874 rem
602 823 831 876 Patrum
870 821 1231 874 orientalium
1269 821 1470 892 psalmi
1498 825 1666 892 atque
1694 823 1892 893 hymni
1919 839 1952 876 a
1978 839 2080 893 po-

450 915 588 986 pulo
615 916 786 970 etiam
812 918 1167 983 canerentur,
1191 931 1321 968 cum
1348 919 1512 969 antea
1536 932 1568 969 a
1591 915 1828 987 singulis
1845 917 2079 987 singuli,

452 1009 539 1063 vel
569 1013 718 1063 certe
743 1025 774 1061 a
799 1008 928 1062 solis
953 1008 1168 1062 clericis
1195 1009 1345 1080 apud
1372 1009 1535 1063 Italos
1561 1009 1779 1064 recitati
1818 1009 2078 1065 fuissent.

451 1102 690 1168 Quintus
713 1101 956 1172 denique
985 1118 1182 1156 cursus
1225 1106 1308 1156 est
1350 1103 1529 1156 sancti
1567 1103 1872 1173 Benedicti,
1909 1121 2081 1174 quem

449 1212 481 1249 a
505 1212 670 1248 cursu
701 1196 953 1249 Romano
984 1211 1186 1266 parum
1213 1196 1552 1266 discrepasse
1578 1197 1751 1251 tradit
1780 1198 2084 1252 vetustissi-

450 1305 578 1342 mus
605 1287 696 1342 ille
725 1289 982 1360 scriptor,
1007 1289 1167 1358 cujus
1193 1289 1444 1344 libellum
1484 1290 1857 1361 Spelmannus
1907 1291 2084 1347 edidit

448 1383 508 1437 in
535 1387 688 1438 tomo
712 1384 731 1436 Ι
759 1383 976 1454 Angliae
1017 1382 1412 1453 Conciliorum,
1445 1401 1575 1454 pag.
1617 1387 1737 1439 176.
1775 1385 1891 1453 Hie,
1924 1385 2079 1456 quis-

446 1477 574 1549 quis
602 1477 692 1532 ille
721 1481 822 1543 est,
853 1493 1048 1530 cursus
1085 1477 1450 1531 ecclesisticos
1489 1494 1619 1531 cum
1660 1477 1913 1548 Liturgia
1945 1495 2079 1532 con-

447 1570 685 1625 fundere
711 1570 952 1624 videtur.
982 1571 1122 1624 Nam
1153 1587 1327 1640 agens
1354 1571 1422 1625 de
1468 1587 1636 1624 cursu
1680 1587 1783 1641 per
1825 1575 2082 1626 sanctum

450 1665 698 1719 Marcum
743 1663 1019 1730 instituto,
1051 1664 1131 1717 ita
1171 1663 1334 1718 illum
1371 1664 1653 1732 describit,
1681 1670 1747 1718 ut
1777 1667 2078 1734 «Sanctus,

447 1757 535 1811 vel
562 1759 746 1814 Gloria
770 1760 828 1811 in
873 1758 1111 1819 emcelsis,
1141 1758 1226 1812 vel
1265 1756 1581 1812 orationem
1628 1757 1999 1828 Dominicam,
2027 1763 2083 1814 et

447 1853 649 1920 Amen,
695 1872 723 1898 »

448 1949 656 1999 tarent.

521 2036 714 2110 382
745 2039 796 2092 4.
830 2039 1035 2092 Verum
1060 2037 1228 2109 longe
1257 2037 1556 2107 diversam,
1585 2043 1641 2094 et
1659 2039 1892 2109 quidem
1918 2055 2081 2094 accu-

447 2131 713 2186 ratiorem
740 2131 1066 2203 psalmodize
1093 2132 1243 2201 apud
1270 2131 1583 2186 Orientales
1614 2133 1891 2187 rationem
1920 2133 2084 2187 nobis

444 2224 714 2280 exhibent
765 2225 1079 2295 Cassianus,
1126 2225 1380 2279 Socrates
1429 2230 1485 2280 et
1523 2226 1917 2281 Theodoritus.
1948 2228 2082 2281 Cas-

447 2318 635 2372 sianus
668 2319 901 2389 quippe,
953 2319 1172 2373 omissis
1209 2319 1376 2372 variis
1413 2319 1584 2389 typis,
1613 2337 1754 2390 quos
1789 2337 1890 2391 pro
1928 2321 2083 2375 loco-

446 2429 574 2466 rum
602 2413 866 2466 varietate
903 2412 1200 2468 dissimiles
1238 2413 1410 2467 fuisse
1459 2413 1615 2482 dicit,
1645 2413 1757 2468 duo
1797 2415 2085 2485 praecipua

444 2506 777 2576 psalmodiee
802 2507 950 2576 apud
979 2506 1280 2560 orientales
1305 2507 1617 2560 monachos
1649 2523 1857 2578 genera
1883 2509 2087 2563 descri-

446 2599 528 2652 bit
555 2615 569 2652 :
601 2615 785 2653 unum
809 2615 1007 2654 eorum
1037 2600 1136 2670 qui
1164 2601 1220 2654 in
1246 2601 1485 2670 Egypto
1522 2605 1577 2654 et
1613 2601 1913 2670 Thebaide,
1941 2601 2081 2656 alte-

447 2708 577 2745 rum
602 2708 801 2746 eorum
830 2692 929 2763 qui
966 2692 1024 2746 in
1050 2693 1347 2747 Palaestina
1373 2699 1430 2747 et
1456 2693 1516 2747 in
1542 2694 1937 2764 Mesopotamia
1965 2711 2085 2749 ver-

448 2786 734 2840 sabantur.
765 2786 860 2840 His
877 2787 1095 2841 duobus
1117 2792 1376 2842 accurate
1401 2788 1749 2859 exponendis
1771 2789 2084 2843 secundum

443 2896 506 2934 ac
537 2879 764 2934 tertium
795 2880 1182 2936 institutorum
1205 2881 1375 2936 libros
1395 2881 1650 2936 insumit.

615 2974 1014 3044 Egyptiorum
1063 2980 1229 3046 typus
1271 2976 1331 3029 in
1365 2993 1589 3030 summa
1626 2975 1672 3029 is
1712 2981 1851 3030 erat.
1889 2978 2080 3031 Primo

445 3066 662 3121 duabus
689 3072 911 3122 tantum
957 3068 1169 3124 vicibus
1208 3069 1268 3123 in
1309 3069 1621 3124 oratorium
1659 3069 2080 3140 conveniebant,

446 3161 662 3231 vesperi
707 3162 939 3229 scilicet,
971 3179 1034 3216 ac
1066 3162 1257 3216 media
1293 3151 1476 3232 nocte,
1506 3167 1562 3216 et
1597 3162 1836 3233 singulis
1869 3163 2084 3218 vicibus

442 3255 692 3324 psalmos
717 3255 1005 3309 duodenos
1057 3255 1376 3324 cantabant,
1409 3256 1532 3309 aliis
1565 3256 1721 3310 horis
1749 3257 1994 3327 psalmos
2020 3258 2081 3312 in

446 3347 662 3402 cellulis
707 3347 821 3401 suis
870 3347 1020 3402 inter
1057 3347 1428 3402 laborandum
1483 3349 1717 3404 recitare
1768 3350 1938 3404 soliti.
1981 3351 2076 3406 Se-

445 3440 629 3494 cundo
656 3440 758 3494 hos
786 3440 1084 3495 duodecim
1113 3441 1358 3512 psalmos
1375 3459 1523 3496 unus
1548 3447 1769 3498 tantum
1787 3445 1960 3498 lector
1982 3450 2082 3500 aut

444 3538 658 3603 cantor,
690 3535 748 3590 id
777 3540 861 3590 est
904 3534 1112 3606 singuli
1154 3534 1428 3606 singulos,
1459 3536 1546 3590 vel
1587 3553 1735 3590 unus
1772 3539 2078 3593 admodum

444 3632 499 3682 et
529 3629 670 3682 alter
693 3645 854 3683 senos
881 3629 940 3683 in
965 3629 1174 3696 medio,
1203 3629 1442 3683 fratrum
1471 3630 1836 3686 consistentes
1881 3633 2080 3686 decan-

445 3722 660 3790 tabant,
687 3723 903 3777 cmteris
941 3722 1266 3778 sedentibus
1303 3728 1359 3776 et
1399 3723 1650 3779 intentis.
1693 3725 1880 3779 Tertio
1925 3727 2076 3797 psal-

443 3833 583 3884 mos,
600 3817 916 3886 prassertim
932 3816 1236 3887 longiores,
1256 3833 1370 3870 non
1391 3817 1654 3872 continue
1673 3821 1730 3872 et
1747 3836 1856 3872 uno
1874 3823 2075 3888 tractu,

441 3909 536 3964 sed
566 3910 929 3965 meditatione
955 3915 1055 3964 aut
1083 3911 1238 3964 brevi
1265 3911 1519 3965 oratione
1546 3911 1878 3982 interposita
1933 3913 2076 3966 reci-

443 4003 636 4056 tabant
652 4021 666 4070 ;
695 4008 751 4057 et
775 4004 1017 4074 psalmos
1042 4004 1209 4073 ipsos,
1237 4021 1353 4058 non
1380 4004 1655 4059 versiculo
1687 4007 1872 4062 Gloria
1900 4008 2075 4068 Patri,

443 4097 536 4149 sed
589 4096 695 4150 alia
735 4096 888 4150 brevi
924 4097 1246 4166 precatione
1269 4115 1284 4164 ;
1331 4097 1730 4153 duodecimum
1767 4116 1898 4154 vero
1941 4116 2077 4155 voce

442 4190 683 4245 Alleluia
731 4190 1161 4244 concludebant.
1207 4192 1415 4254 Quarto
1457 4193 1630 4246 ﬁnitis
1674 4193 1911 4264 psalmis
1950 4193 2079 4248 duae

439 4282 704 4338 lectiones
766 4282 1164 4352 recitabantur,
1229 4300 1341 4338 una
1387 4301 1457 4340 ex
1508 4287 1715 4356 Veteri,
1775 4287 1951 4341 altera
2008 4302 2078 4342 ex

442 4378 594 4430 Novo
617 4377 1003 4442 Testamento;
1040 4377 1277 4432 Sabbato
1303 4395 1372 4433 ex
1400 4380 1572 4434 Novo.
1599 4379 1808 4442 Quinto
1841 4379 1928 4433 his
1953 4396 2078 4451 per-

437 4470 595 4539 actis,
619 4487 814 4524 omnes
842 4471 901 4525 in
934 4487 1118 4541 genua
1143 4473 1589 4542 procumbebant
1617 4489 1630 4526 :
1661 4476 1717 4527 et
1742 4475 1878 4526 tunc
1906 4473 2077 4528 abbas

2104 3205 2157 3277 C

2182 537 2244 592 in
2270 537 2426 608 Syria
2471 539 2750 610 episc0po,
2794 539 2996 595 tribuit
3024 539 3082 594 in
3125 539 3224 594 lib.
3259 557 3332 608 v1,
3379 557 3501 612 cap.
3542 543 3594 595 8.
3628 539 3841 596 Scribit

2183 632 2394 703 quippe
2427 652 2452 683 «
2472 633 2755 704 Ignatium
2781 633 2979 689 vidisse
3007 633 3313 704 aliquando
3343 635 3574 704 angelos
3600 633 3842 705 hymnis

2183 726 2505 781 alternatim
2532 726 2838 781 decantatis
2890 733 3140 782 sanctam
3167 728 3500 783 Trinitatem
3546 729 3844 783 celebran-

2183 824 2298 888 tes;
2329 820 2574 892 indeque
2603 821 2839 875 canendi
2869 821 3168 889 rationem,
3203 838 3375 893 quam
3402 823 3463 876 in
3488 823 3583 877 illa
3611 823 3839 877 visione

2183 913 2679 982 animadverterat,
2735 915 2979 968 ecclesiae
3058 915 3422 970 Antiochensi
3496 916 3840 984 tradidisse;

2184 1008 2332 1063 unde
2358 1008 2463 1062 ista
2488 1007 2716 1062 traditio
2745 1008 2816 1062 ad
2845 1025 3044 1063 omnes
3063 1014 3260 1080 postea
3285 1010 3559 1064 Ecclesias
3576 1026 3846 1080 permea-

2183 1103 2398 1157 verit.»
2456 1103 2609 1156 Idem
2651 1107 2847 1156 auctor
2889 1103 3086 1157 eodem
3139 1103 3196 1156 in
3251 1104 3371 1157 loco
3425 1108 3845 1159 commemorat

2183 1197 2333 1251 hunc
2360 1197 2534 1250 ritum
2559 1213 2592 1250 a
2620 1201 2808 1251 sancto
2837 1199 3050 1251 Joanne
3082 1197 3479 1268 Chrysostomo
3521 1197 3842 1252 Constanti-

2182 1289 2375 1360 nopoli
2402 1289 2574 1344 fuisse
2601 1289 2924 1344 institutum
2959 1307 3026 1344 ex
3057 1290 3416 1346 azmulatione
3465 1292 3837 1360 Arianorum,

2186 1383 2328 1454 «qui
2357 1383 2596 1453 singulis
2617 1383 3006 1451 hebdomadis,
3040 1383 3262 1454 quoties
3303 1385 3430 1439 festi
3475 1385 3590 1439 dies
3640 1401 3842 1439 occur-

2183 1476 2398 1541 rebant,
2442 1475 2498 1528 id
2530 1480 2612 1530 est
2655 1475 2897 1530 Sabbato
2942 1493 3004 1530 ac
3046 1477 3138 1530 die
3185 1477 3495 1544 Dominico,
3540 1478 3599 1532 in
3644 1494 3839 1532 unum

2184 1569 2531 1640 congregati,
2554 1569 2796 1640 hymnos
2823 1574 2951 1640 apte
2978 1570 3048 1624 ad
3078 1586 3239 1623 suam
3267 1571 3533 1625 hmresim
3557 1571 3838 1642 composi-

2182 1667 2290 1730 tos,
2309 1662 2634 1716 alternatim
2655 1663 2760 1716 sibi
2791 1664 3196 1733 respondentes
3216 1665 3510 1734 canebant,
3537 1665 3839 1719 nocturnis

2183 1755 2392 1810 scilicet
2427 1773 2491 1810 ac
2536 1756 2829 1811 matutinis
2873 1756 3044 1811 horis.
3083 1779 3109 1806 ››
3158 1759 3315 1812 Hunc
3359 1774 3490 1812 vero
3544 1759 3836 1813 alternum

765 1850 1035 1919 universi,
1083 1855 1198 1904 tam
1245 1850 1346 1904 viri
1390 1867 1563 1922 quam
1600 1851 1828 1906 feminze
1877 1852 2079 1907 decan-

2185 1853 2415 1903 cantum
2454 1850 2704 1904 Socrates
2747 1849 3235 1921 antiphonarium,
3295 1858 3556 1923 ἀντίφωνον
3585 1859 3835 1921 samem

2184 1944 2461 2014 appellat;
2489 1943 2642 1997 unde
2681 1943 3030 2014 antiphonze,
3073 1961 3202 2016 qua:
3247 1945 3318 1999 ad
3355 1945 3634 1999 alternam
3682 1946 3839 2016 psal-

2187 2053 2416 2092 morum
2443 2041 2672 2091 cantum
2698 2037 3106 2108 praecinuntur,
3138 2055 3345 2093 nomen
3372 2038 3757 2094 retinuerunt.

2257 2135 2310 2184 7.
2349 2131 2621 2184 Henricus
2675 2131 2942 2199 Valesius,
2977 2131 3062 2184 vir
3106 2132 3198 2200 cl.,
3245 2131 3304 2186 in
3358 2132 3718 2187 annotatione
3761 2133 3835 2186 ad

2187 2223 2337 2277 hunc
2364 2223 2431 2277 de
2462 2223 2681 2293 lgnatio
2709 2223 2916 2292 locum,
2949 2224 3028 2278 ait
3053 2240 3109 2278 se
3137 2224 3352 2279 nescire
3375 2225 3525 2279 unde
3547 2225 3669 2279 haec
3689 2226 3835 2280 hau-

2185 2317 2319 2370 serit
2363 2317 2634 2372 Socrates.
2667 2337 2693 2367 α
2721 2317 2948 2371 Constat
2991 2317 3164 2384 enim,
3202 2318 3405 2390 inquit,
3451 2319 3664 2390 primos
3710 2336 3836 2373 om-

2185 2411 2345 2465 nium
2367 2411 2692 2464 Flavianum
2722 2427 2785 2464 ac
2812 2411 3142 2480 Diodorum,
3173 2417 3446 2482 regnante
3478 2413 3825 2481 Constantio,

2185 2503 2550 2574 psallentium
2577 2505 2777 2558 choros
2806 2505 3117 2559 Antiochia)
3168 2505 3428 2560 bifariam
3461 2507 3736 2574 divisisse,
3779 2513 3836 2562 et

2186 2598 2432 2667 psalmos
2452 2597 2738 2651 Davidicos
2767 2596 2960 2670 384
2987 2599 3218 2653 alternis
3246 2600 3527 2654 canendos
3557 2600 3636 2654 eis
3662 2601 3837 2655 tradi-

2186 2691 2372 2759 disse;
2425 2706 2667 2762 eamque
2709 2708 2833 2746 rem
2873 2692 3123 2762 primum
3166 2693 3457 2747 Antiocha:
3487 2693 3830 2764 institutam,

2185 2787 2377 2855 postea
2405 2785 2475 2838 ad
2501 2785 2749 2856 reliquas
2780 2785 2946 2839 totius
2966 2786 3116 2840 orbis
3137 2786 3396 2841 ecclesias
3423 2787 3763 2857 dimanasse,
3801 2811 3846 2860 »_

2188 2881 2425 2932 testante
2470 2878 2808 2933 Theodorito
2852 2879 2911 2932 in
2951 2879 3050 2934 lib.
3091 2896 3130 2933 ιι
3175 2880 3455 2949 Historizn,
3495 2898 3620 2952 cap.
3649 2885 3742 2950 24,
3777 2886 3834 2936 et

2185 2974 2314 3026 ante
2342 2972 2503 3025 illum
2547 2972 2841 3027 Theodoro
2892 2974 3300 3044 Mopsuesteno.
3348 2975 3463 3027 lmo
3501 2991 3627 3028 eam
3671 2976 3830 3046 psal-

2184 3065 2390 3120 modizc
2407 3066 2652 3137 speciem
2674 3066 2794 3137 jam
2821 3071 2950 3122 ante
2978 3067 3308 3122 Flavianum
3328 3072 3495 3140 atque
3517 3069 3830 3124 Diodorum

2184 3177 2218 3212 a
2246 3159 2396 3229 Syris
2421 3159 2594 3214 fuisse
2627 3164 2956 3231 usurpatam
2999 3161 3246 3216 Valesius
3285 3161 3504 3234 colligit
3541 3179 3610 3216 ex
3649 3163 3832 3217 Theo~

2183 3261 2306 3315 dori
2337 3261 2710 3332 Mopsuesteni
2731 3263 3080 3332 fragmento,
3114 3265 3268 3334 quod
3309 3264 3483 3319 refert
3516 3265 3736 3318 Nicetas
3763 3265 3825 3319 in

2179 3361 2467 3414 Thesauro
2495 3361 2828 3415 orthodoxae
2855 3361 3007 3430 ﬁdei,
3039 3361 3137 3416 lib.
3171 3378 3221 3430 ν,
3267 3379 3390 3432 cap.
3418 3364 3506 3416 30.
3539 3361 3826 3433 Quidquid

2181 3453 2253 3507 sit
2276 3454 2344 3507 de
2390 3458 2638 3523 auctore,
2684 3455 2968 3509 alternum
3004 3459 3234 3510 cantum
3269 3459 3524 3525 tempore
3567 3455 3827 3526 Gregorii

2180 3545 2507 3600 Nazianzeni
2536 3547 2593 3602 in
2623 3548 2980 3604 monasteriis
3010 3549 3310 3620 utriusque
3333 3564 3498 3602 sexus
3524 3549 3648 3618 jam
3677 3565 3828 3603 rece-

2179 3640 2500 3710 ptissimum
2552 3641 2725 3695 fuisse
2771 3643 3139 3698 manifestum
3181 3646 3264 3696 est
3315 3658 3385 3696 ex
3431 3642 3673 3696 iambico
3698 3642 3826 3712 ejus

2179 3733 2428 3788 carmine
2459 3733 2527 3788 de
2554 3734 2782 3803 virtute,
2814 3736 2918 3790 sub
2948 3737 3143 3803 finem,
3172 3736 3343 3807 idque
3366 3736 3630 3790 omnibus
3653 3735 3827 3790 notis-

2179 3827 2389 3881 simum
2417 3844 2536 3883 esse
2567 3828 2720 3883 dicit.
2752 3830 2962 3884 Eorum
3002 3830 3242 3884 chorum
3281 3829 3603 3900 angelicum
3633 3834 3818 3895 vocat,

2182 3942 2210 3970 ‹‹
2243 3921 2340 3990 qui
2370 3937 2522 3975 nunc
2549 3920 2742 3991 simul,
2775 3939 2924 3976 nunc
2955 3923 3171 3977 vicibus
3197 3921 3429 3977 alternis
3455 3922 3624 3976 canit.
3657 3942 3684 3972 »

2427 4013 2704 4075 Σύμφωνον,
2729 4014 2986 4078 ἀντίφωνον
3019 4015 3232 4076 ἀγγέλων
3258 4013 3444 4063 στάσιν.

2180 4109 2372 4180 Itaque
2397 4109 2594 4163 saltem
2621 4109 2752 4164 inde
2780 4111 3015 4178 constat,
3045 4126 3162 4164 uno
3201 4114 3330 4164 ante
3355 4110 3682 4165 Cassianum
3714 4126 3825 4164 se-

2178 4202 2304 4255 culo
2344 4202 2495 4256 hunc
2535 4201 2766 4256 alternis
2803 4202 3042 4258 canendi
3087 4203 3264 4257 ritum
3303 4203 3454 4274 apud
3507 4203 3825 4258 Orientales

2177 4294 2491 4364 inolevisse,
2521 4295 2619 4367 qui
2647 4296 2856 4350 sensim
2886 4296 3018 4351 inde
3044 4296 3291 4350 manavit
3316 4297 3385 4350 ad
3415 4295 3826 4352 Occidentales.

2177 4389 2324 4459 Lege
2341 4388 2793 4444 eruditissimum
2821 4389 2881 4444 in
2910 4389 3008 4444 lib.
3042 4405 3058 4442 ῐ
3087 4388 3404 4460 Disciplina:
3433 4388 3820 4444 ecclesiastica:

2177 4498 2338 4552 capp.
2371 4483 2438 4536 34
2466 4486 2523 4536 et
2549 4485 2639 4537 35.

439 4582 536 4620 seu
561 4566 896 4637 praapositus
925 4567 1184 4621 omnium
1221 4568 1460 4622 fratrum
1497 4572 1624 4622 vota
1671 4584 1977 4640 precesque
2011 4569 2069 4622 in
2092 4577 2149 4648 D
2243 4578 2296 4629 8.
2318 4574 2559 4638 Quinam
2581 4573 2854 4645 psallendi
2885 4575 3087 4629 modus
3113 4576 3306 4629 Romae
3337 4591 3440 4646 per
3476 4591 3540 4628 ea
3567 4578 3825 4647 tempora

439 4675 620 4712 unum
653 4659 943 4728 colligens,
987 4661 1210 4730 publica
1249 4662 1571 4732 precatione
1607 4661 1924 4730 (Collectam
1971 4679 2072 4733 ap-

435 4752 728 4822 pellamus)
757 4751 1006 4806 officium
1033 4754 1284 4810 ﬁniebat.
1317 4755 1487 4809 Sexto
1517 4755 1763 4826 denique
1786 4757 1994 4812 reversi
2017 4758 2075 4812 in

439 4845 604 4898 cellas
629 4861 775 4914 suas,
808 4845 947 4899 hora
986 4849 1174 4917 tertia,
1213 4852 1388 4915 s‘exta,
1427 4853 1484 4902 et
1530 4865 1679 4903 nona
1707 4854 1896 4905 ternos
1935 4852 2078 4922 psal-

438 4955 560 4993 mos
585 4938 732 4993 inter
752 4941 1102 5009 operandum
1131 4941 1545 5012 persolvebant,
1571 4943 1799 5013 privatis
1826 4944 1895 4999 de
1917 4947 2078 5000 caete-

437 5049 502 5088 ro
554 5033 812 5104 precibus
851 5033 1078 5089 intenti.
1152 5035 1292 5089 Illud
1360 5039 1580 5090 tantum
1631 5037 1828 5091 diebus
1882 5036 2074 5111 383

436 5127 741 5181 Dominicis
767 5131 824 5182 et
866 5127 1021 5182 festis
1059 5127 1340 5198 peculiare
1383 5133 1525 5197 erat,
1559 5130 1710 5200 quod
1751 5131 1822 5184 ad
1848 5131 2076 5186 tertiam

387 5255 396 5272 ε
435 5221 634 5275 horam
662 5220 722 5275 in
751 5220 1062 5275 oratorium
1093 5221 1520 5290 conveniebant,
1553 5226 1614 5277 ut
1651 5223 1823 5277 sacris
1875 5229 2078 5295 myste-

433 5315 530 5368 riis
559 5315 915 5370 interessent.
946 5315 1012 5368 Et
1033 5313 1078 5367 is
1104 5314 1334 5385 quidem
1362 5316 1513 5386 apud
1541 5317 1831 5388 Aipyptios
1876 5335 2075 5373 mona-

433 5410 569 5462 chos
591 5409 861 5479 psallendi
886 5407 1027 5462 ritus
1057 5407 1281 5479 vigebat
1305 5409 1512 5463 saeculo
1531 5426 1582 5462 v.
1617 5411 1771 5464 ldem
1796 5411 1912 5465 fere
1940 5412 2078 5466 obti-

437 5501 607 5555 nebat
639 5501 696 5554 in
741 5501 1033 5557 Palestinaa
1077 5507 1133 5556 et
1169 5502 1579 5572 Mesopotamia:
1621 5503 1909 5572 ccenobiis,
1967 5505 2077 5558 nisi

435 5593 587 5664 quod
606 5593 676 5648 ad
693 5594 940 5666 singulas
965 5595 1134 5649 horas
1159 5595 1436 5650 solemnes
1457 5597 1769 5650 oratorium
1816 5596 2082 5667 frequen-

436 5689 632 5743 tabant
670 5693 734 5742 ut
773 5688 832 5741 in
875 5688 1103 5759 publico
1145 5693 1420 5744 conventu
1462 5694 1652 5744 ternos
1689 5691 1799 5744 Deo
1837 5691 2081 5760 psalmos

443 5781 853 5850 persolverent.

503 5876 556 5927 6.
601 5876 645 5928 A
671 5869 931 5927 Cassiano
961 5874 1122 5929 venio
1149 5875 1222 5930 ad
1248 5875 1552 5941 Socratem,
1584 5876 1681 5949 qui
1707 5876 1912 5937 alterni
1946 5893 2079 5934 can-

2177 4673 2513 4736 servaretur,
2535 4685 2649 4722 non
2674 4667 2838 4722 facile
2865 4672 2949 4722 est
2977 4668 3235 4722 deﬁnire.
3266 4668 3323 4723 Si
3354 4673 3507 4722 certa
3536 4673 3593 4723 et
3623 4671 3823 4742 explo-

2177 4771 2298 4821 rata
2340 4770 2485 4821 esset
2522 4766 2727 4820 vetusti
2765 4766 2914 4819 illius
2962 4767 3113 4836 apud
3153 4767 3565 4836 Spelmannum
3587 4770 3830 4823 auctoris

2178 4863 2478 4930 sententia,
2509 4880 2716 4934 nempe
2747 4863 2923 4918 sancti
2945 4863 3232 4918 Benedicti
3261 4880 3492 4918 cursum
3519 4882 3551 4918 a
3579 4867 3830 4920 Romano

2176 4970 2379 5025 parum
2411 4953 2780 5028 discrepasse,
2811 4951 2974 5006 obvia
3002 4957 3147 5007 esset
3175 4953 3242 5007 de
3263 4954 3520 5008 Romano
3545 4955 3832 5025 conjectu-

2179 5064 2262 5115 ra,
2293 5063 2422 5101 cum
2457 5045 2885 5101 Benedictinum
2925 5046 2984 5098 in
3027 5046 3223 5117 regula
3261 5052 3453 5101 nostra
3494 5064 3825 5120 expressum

2180 5140 2508 5194 habeamus.
2540 5141 2609 5193 At
2640 5141 2980 5208 Romanum,
3011 5139 3210 5192 saltem
3236 5139 3296 5193 in
3324 5139 3630 5211 aliquibus,
3664 5142 3733 5196 ab
3763 5159 3825 5197 eo

2179 5234 2465 5288 diversum
2497 5232 2668 5287 fuisse
2706 5232 2839 5286 hinc
2879 5231 3184 5302 colligitur,
3216 5233 3367 5303 quod
3393 5239 3618 5289 sanctus
3647 5236 3823 5290 Bene-

2180 5327 2362 5381 dictus
2383 5327 2453 5381 ad
2481 5325 2702 5380 feriales
2730 5325 3036 5380 matutinas
3052 5325 3245 5380 laudes
3264 5347 3290 5374 «
3307 5328 3595 5383 canticum
3620 5345 3823 5384 unum-

2180 5419 2445 5491 quodque
2489 5418 2578 5473 die
2621 5434 2722 5472 suo
2749 5435 2815 5472 ex
2842 5418 3152 5489 prophetis,
3186 5418 3333 5473 sicut
3360 5421 3547 5489 psallit
3586 5421 3826 5475 Ecclesia

2181 5515 2454 5580 Romana,
2489 5533 2514 5559 ››
2548 5511 2805 5566 instituat
2831 5528 2955 5583 cap.
3001 5515 3087 5577 t3,
3117 5511 3187 5567 de
3215 5512 3338 5566 aliis
3366 5513 3538 5568 etiam
3568 5514 3623 5568 id
3653 5515 3826 5568 dictu-

2181 5618 2297 5667 rus,
2321 5601 2364 5654 si
2396 5600 2570 5671 ipsius
2605 5600 2749 5654 ritus
2787 5617 2916 5654 cum
2960 5601 3216 5655 Romano
3259 5602 3486 5671 penitus
3528 5603 3824 5658 convenis-

2182 5697 2301 5761 set;
2326 5709 2429 5749 nec
2456 5709 2587 5747 sane
2617 5693 2935 5764 reliquisset
2961 5692 3152 5766 385
3184 5693 3242 5749 in
3261 5695 3477 5749 abbatis
3502 5695 3736 5750 arbitrio
3761 5699 3826 5750 ut

2184 5802 2344 5840 suam
2398 5786 2725 5857 psalmodias
2774 5787 3200 5858 dispositionem
3251 5793 3474 5844 mutare
3513 5793 3725 5860 posset,
3776 5789 3824 5842 si

2184 5880 2507 5937 Romanum
2572 5895 2850 5939 canonem
2907 5881 2967 5938 in
3017 5881 3281 5942 omnibus
3333 5887 3555 5941 secutus
3605 5881 3822 5942 fuisset.
