4014 6230
166 340 260 399 383

1252 336 1338 394 DE
1377 338 1594 395 CURSU
1633 338 2009 394 GALLICANO
2045 334 2458 407 DISQUlSlTIO.

3410 340 3513 400 386

165 449 554 505 Theodemarus
611 444 784 502 abbas
819 444 1156 516 Casinensis,
1187 463 1285 500 seu
1340 447 1545 501 Paulus
1595 448 1785 502 Diacov
1807 447 1967 531 Arei
2011 452 2213 503 testem
2263 449 2538 504 habemus
2579 446 2807 504 Adriani
2844 465 3005 522 papa:
3046 448 3064 503 l
3102 449 3396 521 epistolam
3430 454 3461 505 3
3496 468 3510 506 :

165 561 255 597 nus
278 542 393 613 ejus
418 540 768 609 nomine,~in
799 540 1040 612 epistola
1079 540 1151 594 ad
1196 540 1459 595 Carolum
1510 541 1778 611 Magnum

166 634 446 709 quaestione
472 634 783 706 proposita,
822 651 923 688 cur
953 636 1178 688 sanctus
1223 634 1554 688 Benedictus
1595 634 1780 688 nullas

166 731 217 784 in
241 733 415 784 testate
440 744 548 799 pro
572 727 868 782 nocturnis
892 727 1109 798 Vigiliis
1153 726 1424 781 lectiones
1465 726 1776 798 praecipiat,

162 825 287 879 hanc
314 821 470 875 affert
499 838 733 876 causam
762 838 776 875 :
811 820 943 892 quia
986 842 1014 869 ‹‹
1052 820 1295 875 necdum
1326 836 1392 875 eo
1426 824 1681 892 tempore
1718 820 1777 873 in

163 920 389 973 Romana
416 914 685 982 Ecclesia,
713 914 856 969 sicut
885 931 1038 969 nunc
1072 915 1362 985 leguntur,
1405 930 1588 968 sacras
1624 913 1775 967 Scri-

162 1015 330 1083 pturas
365 1009 477 1079 legi
518 1024 645 1063 mos
691 1007 909 1077 fuerit;
953 1008 1048 1062 sed
1088 1011 1215 1078 post
1265 1007 1478 1079 aliquot
1525 1011 1779 1078 tempora

162 1105 251 1159 hoc
272 1102 613 1171 institutum,
642 1102 757 1157 sive
783 1119 816 1155 a
840 1101 1005 1156 beato
1029 1118 1177 1173 papa
1205 1100 1493 1173 Gregorio,
1539 1100 1675 1170 sive,
1714 1104 1780 1154 ut

160 1196 217 1250 ab
257 1195 369 1249 aliis
410 1194 729 1250 afﬁrmatur
776 1194 847 1249 ab
894 1194 1156 1249 Honorio.
1198 1196 1315 1258 Qua
1364 1194 1433 1247 de
1484 1209 1544 1247 re
1608 1193 1780 1262 (addit

159 1288 569 1360 Theodemarus)
597 1288 777 1343 nostri
803 1288 1048 1359 majores
1075 1287 1443 1342 instituerunt
1471 1291 1536 1341 ut
1572 1286 1633 1339 in
1672 1286 1778 1340 hoc

159 1399 294 1437 sacro
317 1386 507 1437 nostro
534 1382 789 1436 ccenobio
814 1386 930 1436 tres
956 1380 1299 1453 quotidianis
1344 1380 1542 1435 diebus
1586 1380 1778 1434 aestivo

157 1477 208 1530 in
231 1482 472 1547 tempore
500 1491 571 1531 ex
600 1475 784 1531 Veteri
817 1476 1173 1529 Testamento
1203 1474 1469 1529 lectiones
1494 1475 1774 1545 legantur,

156 1586 218 1624 ne
262 1587 291 1623 a
332 1574 527 1624 sancta
575 1570 831 1624 Romana
875 1568 1105 1624 ecclesia
1155 1568 1471 1640 discrepare
1516 1568 1774 1622 videren-

157 1668 256 1718 tur.
280 1682 306 1713 υ

219 1759 267 1811 9.
323 1756 396 1811 De
446 1756 825 1812 Theodemari
864 1756 1043 1827 priori
1100 1756 1397 1824 sententia,
1447 1754 1657 1811 scilicet
1698 1773 1780 1827 sa,-

1889 562 1917 591 ‹‹
1950 542 2085 596 Vita:
2112 543 2345 598 Patrum
2372 543 2493 598 sine
2522 542 2902 615 probabilibus
2929 543 3251 599 auctoribus
3275 543 3514 599 minime

1882 633 1942 687 in
1969 635 2208 690 Ecclesia
2234 636 2525 707 leguntur.
2558 638 2697 690 Nam
2719 636 2788 691 ab
2815 636 3142 691 orthodoxis
3178 636 3415 691 titulatae
3460 642 3517 693 et

1882 727 2287 799 suscipiuntur,
2324 735 2378 783 et
2402 731 2693 801 leguntur.
2726 752 2753 777 »
2785 731 2904 785 imo
2932 731 3105 785 etiam
3128 734 3263 785 tunc
3291 731 3510 785 confes-

1880 836 2072 875 sorum
2105 821 2256 876 Vitas
2282 822 2341 877 in
2371 823 2612 878 Ecclesia
2641 825 2893 879 Romana
2930 824 3155 879 recitari
3203 840 3325 878 mos
3371 829 3510 893 erat,

1878 914 2156 986 probante
2201 916 2413 971 Joanne
2461 917 2703 972 Diacono
2760 917 2817 971 in
2855 917 3188 988 praefatione
3222 919 3291 972 ad
3329 917 3511 972 Vitam

1878 1007 2134 1079 Gregorii
2161 1009 2367 1079 Magni,
2398 1009 2457 1064 in
2482 1027 2593 1082 qua
2618 1012 2892 1066 Joannem
2921 1028 3133 1083 papam
3157 1013 3247 1066 νυ
3274 1012 3350 1066 sic
3383 1012 3514 1067 allo-

1878 1099 2072 1173 quitur
2101 1118 2113 1155 :
2152 1124 2179 1149 ‹‹
2210 1103 2401 1174 Nuper
2424 1103 2493 1158 ad
2520 1104 2751 1174 Vigilias
2775 1104 2929 1160 beati
2974 1104 3227 1176 Gregorii
3271 1105 3514 1160 Romani

1878 1194 2177 1265 pontiﬁcis,
2212 1196 2529 1266 Anglorum
2558 1197 2765 1252 scilicet
2794 1198 2977 1269 gentis
3024 1196 3214 1271 387
3251 1199 3511 1270 apostoli,

1879 1287 2118 1343 lectione
2139 1288 2207 1343 de
2233 1289 2469 1344 Paulino
2502 1290 2737 1345 civitatis
2765 1291 2995 1346 Nolanae
3017 1292 3255 1362 praesule
3284 1308 3516 1347 consue-

1876 1381 2206 1436 tudinaliter
2232 1387 2590 1453 personante,
2630 1383 2781 1439 visus
2830 1400 2887 1439 es
2909 1401 2943 1438 a
2968 1386 3380 1440 venerabilihus
3400 1385 3515 1457 epi-

1879 1475 2080 1547 scopis,
2114 1474 2305 1530 divino
2348 1477 2598 1548 quodam
2640 1476 2910 1532 instinctu
2948 1481 3285 1548 commotus,
3317 1479 3508 1551 requi-

1878 1585 2024 1638 rere,
2055 1585 2157 1623 cur
2187 1572 2378 1625 tantus
2406 1570 2678 1642 pontifex,
2707 1572 2807 1643 qui
2838 1571 3151 1626 multorum
3191 1575 3514 1627 sanctorum

1877 1661 2019 1717 vitas
2058 1667 2334 1730 texuerat,
2382 1664 2554 1736 gestis
2589 1664 2835 1737 propriis
2881 1665 2943 1720 in
2976 1665 3209 1738 propria
3244 1666 3517 1721 duntaxat

1880 1756 2125 1812 Ecclesia
2144 1757 2434 1813 caruisset.
2468 1779 2496 1808 ››

157 1866 262 1905 cras
285 1849 597 1921 Scripturas
622 1850 683 1905 in
730 1851 985 1905 Romana
1024 1850 1267 1905 Ecclesia
1303 1852 1556 1921 tempore
1602 1827 1855 1906 sanctiB
1956 1854 2039 1905 Η.
2081 1851 2219 1906 Hinc
2263 1851 2432 1906 etiam
2482 1855 2638 1923 patet
2664 1836 2959 1908 tractatus
3012 1855 3243 1908 Patrum
3294 1854 3514 1910 defectu

158 1942 418 1998 Benedicti
445 1944 618 1998 lectas
642 1959 761 1997 non
786 1942 979 2012 fuisse,
1008 1942 1259 2014 legitima
1297 1942 1595 1998 dubitandi
1636 1943 1780 1998 ratio

157 2040 245 2091 est.
275 2037 461 2108 Neque
489 2037 647 2091 enim
672 2036 980 2092 verisimile
1002 2042 1087 2092 est
1116 2041 1214 2091 aut
1240 2037 1424 2092 nullas
1450 2042 1586 2092 tunc
1616 2037 1673 2091 in
1700 2037 1781 2091 di-

156 2129 279 2184 vinis
298 2130 489 2185 ofﬁciis
533 2130 837 2200 lectiones;
881 2135 980 2185 aut
1026 2130 1073 2184 si
1107 2131 1315 2203 aliquae
1362 2147 1431 2185 ex
1472 2131 1615 2201 aliis,
1664 2148 1777 2185 non

159 2224 309 2279 etiam
339 2242 406 2280 ex
433 2241 592 2279 sacra
619 2224 906 2296 Scriptura
934 2224 1221 2279 institutas
1244 2224 1438 2280 fuisse.
1469 2225 1610 2281 Sane
1648 2241 1780 2279 cum

160 2318 386 2372 Gelasius
426 2336 576 2391 papa
633 2320 673 2388 Ι,
715 2318 774 2372 in
817 2319 1053 2373 concilio
1095 2319 1375 2388 Romano,
1417 2318 1516 2391 qui
1554 2318 1680 2373 libri
1705 2319 1780 2372 1e-

160 2411 325 2483 gendi,
367 2411 534 2483 quive
565 2429 681 2467 non
710 2412 940 2483 legendi
978 2417 1165 2468 essent
1206 2412 1438 2481 deﬁnit;
1487 2412 1545 2466 id
1585 2412 1653 2466 de
1704 2412 1779 2466 le-

158 2504 317 2559 ctione
349 2505 575 2576 publica
601 2505 661 2559 in
688 2505 938 2561 ecclesiis
977 2506 1233 2561 facienda
1266 2505 1584 2577 intelligere
1631 2504 1780 2560 vide-

158 2602 253 2653 tur.
290 2600 348 2652 In
373 2615 438 2652 eo
464 2604 661 2654 autem
686 2600 934 2669 Decreto,
965 2599 1067 2654 etsi
1096 2604 1250 2670 gesta
1275 2604 1598 2654 sanctorum
1624 2615 1776 2653 mar-

157 2695 326 2761 tyrum
349 2692 773 2765 suscipiuntur;
806 2693 984 2748 nihilo
1013 2694 1205 2748 minus
1244 2710 1443 2748 eorum
1483 2691 1617 2748 Acta
1660 2709 1778 2747 non

157 2785 445 2856 probantur
470 2787 543 2842 ad
580 2787 868 2858 publicam
887 2787 1204 2842 lectionem.
1240 2808 1268 2836 «
1293 2787 1399 2843 Sed
1429 2787 1557 2842 ideo
1587 2802 1780 2842 secun-

158 2878 278 2932 dum
302 2880 597 2952 antiquam
622 2880 1092 2936 consuetudinem
1118 2880 1323 2952 (inquit
1348 2880 1618 2952 Gelasius)
1661 2880 1777 2935 sin-

159 2972 319 3042 gulari
341 2975 561 3029 cautela
581 2974 641 3029 in
667 2978 859 3029 sancta
884 2975 1139 3029 Romana
1168 2973 1395 3029 ecclesia
1419 2990 1533 3028 non
1581 2975 1781 3046 legun-

157 3069 253 3135 tur,
284 3068 411 3139 quia
435 3074 491 3123 et
518 3084 721 3123 eorum
749 3068 849 3141 qui
874 3053 1255 3140 conscripsere
1280 3068 1514 3123 nomina
1550 3067 1779 3140 penitus

1878 1944 2241 2016 propriarum
2287 1945 2595 2000 lectionum
2641 1946 2700 2001 in
2743 1946 2939 2001 eadem
2977 1947 3218 2003 Ecclesia
3262 1953 3515 2020 receptos

1878 2037 2051 2092 fuisse
2084 2055 2098 2092 :
2139 2055 2385 2110 quorum
2432 2039 2681 2094 delectus
2734 2039 2795 2093 in
2836 2039 3074 2094 arbitrio
3109 2041 3358 2113 episcopi
3396 2048 3516 2098 erat

1879 2135 2135 2203 tempore
2166 2131 2422 2203 Gregorii
2460 2132 2666 2204 Magni,
2709 2136 2772 2187 ut
2800 2136 3019 2188 constat
3046 2149 3118 2188 ex
3167 2134 3268 2189 lib.
3303 2152 3356 2205 x,
3401 2135 3516 2207 epi-

1881 2226 2027 2279 stola
2051 2228 2141 2296 22,
2174 2226 2244 2280 ad
2272 2226 2546 2280 Joannem
2566 2226 2988 2282 Subdiaconum
3016 2228 3423 2299 Ravennatem,
3451 2229 3513 2284 in

1878 2334 1993 2399 qua
2018 2335 2134 2373 non
2162 2318 2363 2391 probat
2390 2320 2544 2391 quod
2562 2319 2902 2375 Marinianus
2927 2320 3182 2391 ejusdem
3208 2321 3363 2377 urbis
3390 2322 3511 2394 epi-

1880 2428 2079 2484 scopus
2134 2434 2163 2462 ‹‹
2216 2417 2536 2468 commenta
2573 2414 2721 2468 beati
2759 2414 2859 2468 Joh
2904 2414 3128 2485 publice
3172 2415 3242 2470 ad
3284 2415 3514 2488 Vigilias

1876 2509 1991 2580 legi
2038 2510 2418 2582 praecepisset.
2467 2510 2573 2565 Sed
2609 2511 2698 2566 dic
2733 2510 2805 2581 ei,
2843 2511 3050 2584 inquit,
3084 2515 3149 2566 ut
3197 2519 3517 2570 commenta

1878 2603 2231 2658 Psalmorum
2245 2603 2359 2675 legi
2380 2604 2452 2659 ad
2479 2604 2708 2676 Vigilias
2725 2605 2915 2675 faciat,
2941 2622 3067 2678 qua:
3091 2609 3313 2663 mentes
3337 2624 3514 2663 saecu-

1879 2695 2087 2751 larium
2116 2698 2187 2752 ad
2215 2697 2393 2753 bonos
2422 2714 2609 2753 mores
2634 2699 2921 2771 prazcipue
2956 2698 3283 2757 informant.
3328 2702 3518 2773 Neque

1880 2790 2035 2844 enim
2061 2790 2205 2861 volo,
2222 2791 2361 2846 dum
2390 2791 2451 2846 in
2478 2792 2583 2846 hac
2613 2808 2779 2847 carne
2804 2809 2952 2861 sum,
2983 2793 3030 2848 si
3055 2810 3169 2865 qua
3193 2793 3398 2849 dixisse
3424 2811 3517 2851 me

1880 2883 2135 2954 contigit,
2170 2900 2237 2938 ea
2264 2884 2424 2939 facile
2446 2884 2774 2940 hominibus
2799 2872 3169 2943 innotescere.
3198 2908 3227 2937 »
3263 2888 3345 2941 [ta
3369 2903 3513 2959 pon-

1878 2976 2018 3032 tifex
2044 2978 2328 3032 maximus
2357 2983 2413 3033 et
2434 2979 2903 3035 modestissimus.

1956 3074 2040 3127 t2.
2100 3071 2253 3127 Idem
2290 3072 2592 3144 Gregorius
2625 3073 2857 3144 Magnus
2902 3072 2963 3128 in
3005 3074 3217 3145 synodo
3264 3075 3516 3131 Romana

157 3158 472 3231 ignorantur
493 3180 511 3231 ;
545 3168 603 3218 et
626 3162 696 3216 ab
737 3162 1061 3218 inﬁdelibus
1109 3165 1208 3273 aut
1249 3161 1435 3265 idiotis
1470 3162 1777 3265 superflua,
1800 3200 1855 3273 Ο
1880 3163 2169 3220 statutum
2183 3165 2376 3233 edidit,
2390 3168 2457 3220 ut
2482 3183 2554 3221 ne
2578 3150 2817 3235 diaconi,
2850 3187 2879 3219 «
2906 3183 3047 3239 quos
3075 3167 3146 3222 ad
3170 3167 3519 3239 praedicatio-

157 3257 242 3307 aut
273 3255 456 3309 minus
486 3260 641 3327 apta,
674 3273 847 3328 quam
877 3256 959 3311 rei
998 3256 1136 3311 ordo
1176 3254 1365 3325 fuerit,
1412 3254 1620 3327 scripta
1663 3272 1780 3309 esse

157 3350 425 3416 putantur.
456 3371 484 3398 ››
513 3349 757 3413 Quidam
772 3349 877 3404 hoc
898 3349 1189 3405 decretum
1208 3348 1421 3403 Gelasio
1433 3348 1776 3419 abjudicant,

157 3443 307 3511 atque
340 3443 654 3498 Hormisdae
714 3442 994 3498 tribuunt.
1052 3444 1123 3497 At
1162 3442 1445 3497 Gelasium
1492 3445 1781 3497 auctorem

157 3535 366 3603 praefert
388 3537 802 3593 vetustissimus
837 3534 1031 3610 386
1078 3537 1263 3592 Codex
1289 3535 1539 3591 Palatino
1584 3536 1786 3591 vatica-

160 3642 252 3681 nus
273 3645 326 3683 n.
360 3632 482 3701 493,
511 3632 575 3685 in
603 3649 715 3703 quo
742 3631 986 3686 habetur
1009 3630 1226 3686 Missale
1260 3630 1623 3701 Francorum,
1653 3631 1784 3685 scri-

160 3726 302 3792 ptum
326 3724 527 3779 litteris
553 3724 842 3797 quadratis
871 3726 1002 3780 ante
1030 3741 1209 3778 annos
1234 3723 1352 3778 fere
1385 3724 1575 3793 mille;
1603 3723 1664 3778 in
1691 3741 1786 3778 cu-

157 3814 239 3885 jus
261 3816 385 3885 ﬁue,
414 3822 560 3874 teste
579 3818 897 3881 Thomasio,
926 3818 1033 3872 hoc
1065 3818 1356 3873 decretum
1395 3818 1638 3872 habetur
1679 3818 1783 3872 sub

163 3906 254 3962 hoc
280 3910 438 3965 titulo
471 3929 485 3967 :
519 3914 718 3983 Incipit
751 3913 1026 3968 Decretale
1062 3914 1242 3967 sancti
1282 3912 1485 3968 Gelasii
1498 3928 1663 3982 papa:
1684 3927 1780 3966 ur-

169 4000 447 4059 bisRomz.
498 4004 582 4059 Ad
626 4005 750 4059 hzec
794 4004 945 4059 inter
989 4003 1218 4059 Codices
1258 4003 1356 4077 qui
1398 4004 1664 4059 Ludovici
1703 4003 1783 4058 Pii

164 4094 467 4168 principatu
495 4098 579 4153 Ab
605 4098 875 4171 Ansegiso
901 4099 1103 4155 abbate
1131 4097 1470 4153 Flaviacensi
1495 4102 1780 4152 monaste-

168 4188 243 4243 rio
273 4191 520 4247 concessi
545 4192 817 4265 leguntur
842 4193 903 4248 in
930 4194 1210 4250 Chronico
1237 4191 1671 4261 Fontanellensi,
1702 4206 1784 4245 re-

170 4288 408 4340 censetur
440 4286 711 4343 volumen
759 4304 962 4356 unum,
1007 4294 1218 4360 printer
1262 4287 1369 4342 alia
1415 4308 1443 4335 «
1495 4286 1786 4341 continens

172 4376 372 4434 decreta
394 4380 598 4436 Gelasii
626 4398 785 4453 papae
813 4381 881 4436 de
908 4381 1064 4436 libris
1090 4381 1448 4452 recipiendis,
1483 4385 1539 4436 et
1558 4396 1673 4435 non
1701 4395 1786 4435 re-

173 4471 439 4543 cipiendis.
482 4497 509 4524 »
561 4475 749 4546 Itaque
778 4474 1103 4530 nullatenus
1125 4474 1318 4530 dubito
1345 4475 1485 4546 quin
1514 4474 1636 4529 haec
1662 4473 1782 4545 epi—

1879 3259 1969 3313 nis
1999 3259 2603 3332 eleemosynarumque
2628 3260 2879 3316 studium
2899 3277 3093 3317 vacare
3117 3262 3463 3334 congruebat
3487 3283 3514 3314 ››

1880 3351 1939 3407 in
1989 3357 2280 3424 posterum
2332 3357 2629 3410 cantorum
2695 3354 2878 3410 ofﬁcio
2925 3354 3329 3427 fungerentur,
3380 3354 3519 3411 dum

1880 3451 2139 3502 cantores
2172 3446 2279 3518 ipsi
2306 3447 2377 3502 ob
2408 3448 2558 3503 vocis
2593 3448 2930 3505 suavitatem
2948 3449 3019 3504 ad
3033 3449 3176 3504 sacri
3192 3449 3387 3505 altaris
3406 3449 3518 3505 mi-

1881 3538 2181 3595 nisterium
2212 3541 2637 3599 adhiberentur.
2669 3564 2697 3593 «
2733 3543 2888 3598 Unde
2908 3542 2973 3596 ﬁt
2994 3543 3334 3616 plerumque
3353 3549 3419 3599 ut
3449 3544 3522 3599 ad

1882 3648 2103 3688 sacrum
2120 3634 2522 3705 ministerium,
2541 3636 2678 3691 dum
2691 3635 2893 3690 blanda
2905 3652 3014 3690 vox
3028 3637 3325 3708 quaeritur,
3340 3638 3522 3709 quaeri

1883 3743 2133 3798 congrua
2161 3728 2274 3783 vita
2304 3728 2665 3801 negligatur;
2709 3733 2765 3783 et
2803 3733 2999 3784 cantor
3042 3730 3302 3786 minister
3343 3732 3521 3787 Deum

1884 3818 2134 3875 moribus
2170 3821 2441 3892 stimulet,
2496 3838 2628 3876 cum
2667 3821 2944 3893 populum
2986 3823 3213 3878 vocibus
3258 3822 3518 3883 delectat.

1881 3914 2002 3978 Qua
2022 3913 2091 3968 de
2121 3929 2183 3968 re
2208 3914 2476 3985 praesenti
2503 3914 2727 3969 decreto
2755 3915 3034 3971 constituo
3052 3921 3119 3971 ut
3145 3917 3207 3971 in
3248 3917 3377 3972 sede
3414 3919 3520 3974 hac

1883 4007 2026 4061 sacri
2041 4007 2230 4061 altaris
2263 4007 2509 4062 ministri
2531 4012 2755 4064 cantare
2784 4025 2899 4064 non
2935 4010 3195 4081 debeant,
3226 4010 3521 4085 solumque

1883 4100 2220 4172 evangelicae
2244 4100 2502 4157 lectionis
2528 4101 2777 4157 ofﬁcium
2808 4102 2958 4159 inter
2981 4104 3288 4161 missarum
3324 4106 3522 4162 solem-

1882 4196 1980 4250 nia
2016 4195 2334 4260 exsolvant;
2374 4194 2625 4267 psalmos
2669 4213 2802 4252 vero
2847 4215 2910 4253 ac
2958 4198 3205 4271 reliquas
3256 4200 3523 4257 lectiones

1884 4305 2083 4345 censeo
2111 4305 2215 4361 per
2239 4289 2628 4358 subdiaconos,
2658 4291 2768 4358 vel,
2798 4291 2846 4346 si
2868 4292 3169 4348 necessitas
3199 4294 3395 4366 exigit,
3421 4311 3523 4367 per

1883 4382 2132 4439 minores
2164 4383 2392 4439 ordines
2417 4384 2692 4440 exhiberi.
2726 4404 2755 4437 »
2796 4387 2907 4440 Hoc
2953 4386 3243 4442 decretum
3279 4389 3524 4445 refertur

1882 4477 1943 4532 in
1970 4478 2070 4533 lib.
2101 4494 2174 4546 iv,
2206 4478 2442 4549 epistola
2468 4478 2557 4547 44,
2595 4481 2652 4532 et
2690 4467 2842 4549 apud
2873 4479 3263 4550 Agobardum,
3296 4481 3365 4536 de
3395 4497 3520 4537 cor-

175 4566 295 4621 stola
319 4566 606 4624 decretalis
629 4568 908 4623 Gelasium
938 4572 1224 4623 auctorem
1253 4567 1478 4623 habeat.
1505 4568 1787 4623 Caeterum
1806 4574 1867 4648 Ι)
1888 4571 2133 4626 rectione
2158 4571 2579 4644 Antiphonarii.
2608 4572 2733 4625 Haec
2772 4567 2967 4645 388
3002 4571 3070 4627 de
3111 4573 3227 4628 ritu
3267 4575 3523 4631 Ecclesia

175 4661 491 4729 praedictum
528 4662 796 4717 Romanae
822 4662 1070 4718 ecclesias
1095 4678 1338 4732 morem,
1364 4666 1430 4717 ut
1474 4665 1791 4734 martyrum

174 4753 434 4823 passiones
459 4755 682 4828 publice
712 4773 828 4811 non
856 4757 1206 4829 legerentur,
1232 4772 1462 4828 carpere
1486 4742 1613 4811 vide
1640 4754 1787 4811 anti-

176 4862 304 4918 quus
328 4854 539 4919 auctor,
566 4850 665 4922 qui
705 4852 839 4905 Acta
868 4855 1193 4906 sanctorum
1219 4850 1623 4906 Cantianorum
1650 4850 1789 4905 scri-

177 4940 291 5011 psit,
319 4948 486 5015 prout
512 4943 573 4997 in
593 4944 1067 5016 consequentibus
1091 4943 1241 4999 inter
1254 4944 1614 5001 Probationes
1643 4944 1788 4999 1‘8fo

179 5039 375 5092 rentur.

244 5130 323 5185 10.
355 5132 418 5186 Et
433 5131 687 5203 quidem,
717 5147 786 5187 ex
808 5131 1062 5204 ejusdem
1085 5132 1283 5189 Gelasii
1304 5133 1546 5203 decreto,
1573 5152 1601 5182 «
1626 5134 1795 5187 Actus

181 5218 313 5277 beati
359 5224 628 5295 Silvestri,
685 5226 815 5281 licet
858 5226 979 5297 ejus
1033 5227 1130 5299 qui
1189 5226 1521 5297 conscripsit
1583 5242 1792 5281 nomen

183 5312 472 5391 ignoretur,
503 5336 535 5373 a
579 5319 771 5375 multis
798 5324 989 5376 tamen
1027 5321 1090 5376 in
1134 5320 1273 5375 urbe
1310 5318 1595 5375 catholicis
1636 5320 1790 5391 lege-

184 5406 385 5481 bantur,
415 5417 471 5469 et
493 5430 596 5485 pro
622 5414 854 5486 antiquo
878 5430 985 5470 usu
1034 5414 1230 5470 multae
1264 5415 1387 5470 haec
1428 5413 1796 5469 imitabantur

185 5501 438 5563 Ecclesia}.
469 5530 496 5557 ››
525 5508 685 5564 Unde
715 5513 970 5580 apparet,
1004 5525 1119 5563 non
1143 5509 1203 5564 in
1245 5514 1362 5565 tota
1396 5509 1649 5563 Romana
1690 5508 1791 5562 Ec-

188 5592 352 5669 clesia,
379 5602 472 5658 sed
500 5602 813 5675 plurimum
836 5601 897 5657 in
921 5603 1299 5675 Lateranensi,
1332 5602 1609 5674 ejusmodi
1638 5604 1792 5670 Acta,

190 5704 299 5761 quas
331 5697 566 5754 auctoris
618 5696 848 5752 nomine
901 5697 1165 5753 destituta
1209 5701 1390 5767 erant,
1446 5698 1588 5752 lecta
1642 5695 1796 5751 haud

190 5781 362 5845 fuisse.
388 5791 503 5848 Alia
528 5808 679 5862 vero,
708 5808 838 5864 quae
861 5791 1180 5864 probabiles
1207 5791 1492 5847 habebant
1517 5793 1793 5862 auctores,

193 5882 375 5939 seculo
414 5902 503 5943 vm
532 5887 604 5959 in
649 5885 891 5942 Ecclesia
938 5886 1189 5943 Romana
1226 5886 1581 5959 legebantur.
1625 5885 1796 5960 Cujus

1893 4666 2199 4735 Romanae;
2243 4666 2405 4736 cujus
2434 4681 2714 4733 normam,
2753 4664 2934 4737 qualis
2971 4670 3163 4737 postea
3212 4668 3274 4723 in
3322 4667 3524 4724 divinis

1892 4758 2087 4813 oﬁiciis
2139 4757 2404 4828 obtinuit,
2444 4775 2512 4814 ex
2548 4758 2805 4831 Gregorii
2848 4760 2943 4815 VII
2983 4759 3208 4817 decreto
3251 4761 3521 4836 intelligi-

1891 4868 2040 4907 mus.

1969 4947 2053 5001 t3.
2122 4946 2198 5000 De
2238 4944 2608 5001 Ambrosiano
2654 4962 2754 5002 seu
2806 4947 3200 5005 Mediolanensi
3250 4950 3527 5024 psallendi

1893 5038 2008 5094 ritu
2040 5039 2274 5111 antiquo
2322 5038 2475 5108 (nam
2512 5040 2681 5095 modo
2726 5040 2971 5097 usitatus
3008 5044 3290 5100 recentior
3325 5048 3426 5120 est)
3467 5047 3529 5104 id

1892 5136 2115 5188 tantum
2143 5137 2499 5205 compertum
2523 5134 2819 5204 habemus,
2865 5136 3019 5207 quod
3047 5139 3313 5210 populus,
3352 5141 3409 5195 id
3445 5147 3528 5197 est

1894 5230 2135 5297 uterque
2194 5242 2381 5297 sexus,
2433 5226 2683 5282 Psalmos
2741 5228 3081 5301 promiscue,
3145 5232 3240 5287 sed
3301 5233 3529 5289 alternis

1894 5322 2162 5374 cantaret.
2191 5320 2309 5373 Huc
2338 5318 2468 5375 facit
2495 5319 2669 5392 ipsius
2694 5321 2977 5378 Ambrosii
3002 5324 3278 5394 expositio
3303 5323 3363 5378 in
3386 5327 3530 5397 psal-

1895 5430 2058 5469 mum
2089 5430 2106 5468 1
2136 5429 2149 5468 :
2184 5432 2211 5464 «
2246 5413 2505 5469 Mulieres
2534 5414 2832 5486 Apostolus
2864 5417 2925 5471 in
2953 5416 3182 5472 ecclesia
3220 5421 3405 5474 tacere
3438 5418 3530 5490 ju-

1894 5506 2019 5577 bet;
2049 5506 2335 5580 psalmum
2353 5507 2522 5564 etiam
2541 5507 2685 5564 bene
2711 5510 2978 5568 clamant.
3006 5512 3294 5577 Quantum
3316 5504 3530 5569 labora-

1895 5606 1992 5657 tur
2024 5602 2086 5657 in
2128 5602 2360 5658 ecclesia
2382 5606 2448 5658 ut
2474 5601 2573 5683 ﬁat
2595 5603 2882 5660 silentium
2899 5622 3031 5661 cum
3054 5606 3319 5663 lectiones
3334 5608 3532 5680 legun-

1894 5696 2023 5767 tur!
2064 5696 2119 5752 Si
2170 5713 2317 5752 unus
2365 5697 2640 5770 loquitur,
2681 5698 3017 5771 obstrepunt
3054 5701 3343 5773 universi;
3400 5718 3530 5757 cum

1895 5790 2144 5863 psalmus
2167 5790 2398 5862 legitur,
2426 5790 2546 5862 ipse
2574 5790 2680 5846 sibi
2706 5791 2935 5848 effector
2959 5798 3043 5849 est
3061 5793 3302 5865 silentii;
3332 5809 3529 5851 omnes

1893 5884 2228 5958 loquuntur,
2260 5889 2314 5942 et
2350 5884 2543 5941 nullus
2568 5884 2910 5959 obstrepit.»
2948 5880 3136 5963 Itaque
3182 5903 3312 5942 cum
3350 5887 3529 5944 lector
