4014 6230
485 313 589 364 387

477 417 801 488 ‘Scripturas
827 415 1106 484 recitaret,
1137 417 1230 470 vix
1246 416 1775 487 impetraripoterat
1787 414 2077 469 silentium
2099 433 2116 484 ;

485 526 615 564 cum
655 526 787 564 vero
835 510 1086 581 psalmus
1139 513 1489 578 cantaretur,
1535 508 1893 578 obstrepebat
1928 524 2117 575 nemo,

484 603 756 674 quoniam
783 621 978 658 omnes
1007 606 1176 658 cantu
1197 602 1447 674 occupati
1483 607 1664 657 erant.
1696 601 1935 672 Hujusce
1981 601 2122 655 ritus

484 697 763 768 originem
793 696 1055 750 describit
1081 701 1304 749 sanctus
1325 695 1673 766 Augustinus
1695 694 1752 748 in
1773 695 1871 749 lib.
1907 711 1960 750 Ix
1981 696 2120 749 Con-

481 791 812 858 fessionum,
843 808 963 861 cap.
996 795 1027 843 7
1062 805 1074 843 :
1121 811 1150 837 ‹‹
1197 790 1317 842 Νοη
1363 789 1530 859 longe
1569 793 1812 859 coeperat
1847 789 2114 843 Mediola-

483 885 675 939 nensis
701 883 944 938 Ecclesia
971 899 1148 954 genus
1175 883 1280 935 hoc
1307 883 1706 938 consolationis
1751 887 1807 937 et
1850 883 2113 937 exhorta-

482 977 654 1031 tionis
683 976 982 1043 celebrare,
1004 992 1212 1046 magno
1235 977 1421 1030 studio
1435 976 1674 1030 fratrum
1695 975 2113 1030 concinentium

403 1099 409 1106 -
481 1071 708 1124 vocibus
738 1074 792 1123 et
817 1067 1097 1123 cordibus.
1134 1069 1413 1124 Nimirum
1449 1087 1631 1124 annus
1678 1073 1818 1138 erat,
1863 1073 1960 1123 aut
1999 1085 2112 1122 non

483 1164 664 1217 multo
723 1161 998 1232 amplius,
1052 1179 1182 1216 cum
1241 1163 1492 1231 Justina,
1545 1162 1916 1218 Valentiniani
1963 1163 2114 1233 regis

481 1256 643 1327 pueri
669 1261 870 1325 mater,
901 1255 1195 1310 hominem
1219 1261 1382 1310 tuum
1420 1257 1781 1311 Ambrosium
1807 1271 2108 1327 perseque-

481 1355 639 1404 retur
655 1350 887 1404 haeresis
907 1366 1019 1403 suze
1047 1366 1232 1418 causa,
1263 1367 1375 1421 qua
1402 1350 1586 1404 fuerat
1612 1351 1840 1404 seducta
1865 1350 1934 1403 ab
1961 1349 2113 1403 Aria-

479 1444 588 1498 nis.
635 1443 953 1497 Excubabat
1004 1442 1097 1514 pia
1137 1444 1297 1514 plebs
1345 1444 1403 1497 in
1449 1444 1698 1511 ecclesia,
1743 1443 1886 1497 mori
1914 1448 2114 1514 parata

479 1553 612 1592 cum
634 1537 894 1608 episcopo
919 1553 1075 1591 servo
1100 1542 1264 1593 tuo...
1297 1539 1450 1592 Tunc
1483 1537 1683 1608 hymni
1713 1542 1768 1591 et
1804 1536 2006 1609 psalmi
2049 1540 2113 1590 ut

481 1635 819 1685 canerentur
845 1631 1156 1684 secundum
1186 1648 1404 1686 morem
1434 1631 1796 1685 orientalium
1826 1631 2106 1701 partium,

478 1741 551 1779 ne
581 1725 823 1794 pOpulus
851 1723 1107 1778 mceroris
1125 1725 1292 1778 taedio
1316 1725 1756 1794 contabesceret,
1786 1723 2108 1778 institutum

1273 311 1600 364 APPENDIX
1643 311 1728 363 AD
1765 309 1984 362 OPERA
2024 308 2257 362 SANCTI
2296 307 2594 360 GERMANI
2635 305 3059 362 PARISIENSIS.

3760 306 3859 358 388

2221 413 2452 467 ecclesia
2477 419 2629 468 stans
2668 420 2783 469 tam
2809 415 3010 468 devote
3034 427 3170 467 voce
3209 410 3477 482 personui
3509 427 3522 464 :
3568 413 3860 479 Nunquam

2223 508 2340 560 ridi
2347 507 2556 575 justum
2580 508 2914 570 derelictum,
2945 530 2971 556 »
3004 512 3109 561 etc.
3137 507 3346 561 Verum
3386 521 3504 558 non
3551 521 3584 556 a
3627 504 3858 575 populo,

2222 601 2318 655 sed
2362 618 2393 654 a
2440 601 2646 655 lectore
2690 603 2805 655 solo
2851 601 3191 672 quandoque
3235 599 3518 670 psalmum
3569 597 3862 668 integrum

2219 694 2389 748 fuisse
2415 699 2701 748 cantatum
2725 695 2857 748 alibi
2885 695 3132 748 declarat
3147 693 3231 747 vir
3248 696 3491 760 sanctus,
3521 707 3732 762 nempe
3761 691 3863 744 ini-

2219 788 2298 841 tio
2327 787 2697 842 enarrationis
2726 788 2785 842 in
2821 787 3109 859 psalmum
3152 803 3396 842 cxxxvm
3426 802 3438 839 :
3504 807 3531 834 ‹‹
3574 785 3862 839 Psalmum

2217 882 2381 936 nobis
2433 882 2661 936 brevem
2698 898 3120 952 paraveramus,
3171 897 3340 952 quem
3387 879 3862 934 mandaveramus

2215 974 2429 1028 cantari
2467 992 2500 1028 a
2523 975 2729 1028 lectore
2753 991 2768 1041 ;
2794 975 2890 1028 sed
2921 974 2993 1028 ad
3039 975 3260 1043 horam,
3295 976 3576 1044 quantum
3611 971 3858 1038 videtur,

2214 1068 2599 1140 perturbatus,
2634 1068 2878 1121 alterum
2901 1083 3005 1138 pro
3033 1067 3210 1121 altero
3253 1066 3410 1136 legit.
3439 1065 3718 1120 Malumus
3759 1081 3862 1118 nos

2213 1163 2273 1215 in
2307 1177 2497 1216 errore
2523 1161 2746 1215 lectoris
2784 1159 2943 1232 sequi
2989 1161 3338 1215 voluntatem
3378 1158 3494 1226 Dei,
3544 1174 3720 1230 quam
3754 1175 3860 1212 no-

2213 1259 2388 1309 stram
2415 1255 2473 1308 in
2503 1259 2692 1308 nostro
2720 1255 3028 1326 proposito.
3064 1254 3215 1308 Idem
3248 1269 3365 1307 non
3403 1253 3636 1307 obscure
3677 1251 3865 1305 innuit

2213 1348 2402 1402 statim
2429 1348 2497 1401 ab
2523 1349 2755 1402 exordio
2789 1347 3162 1402 enarrationis
3200 1347 3259 1401 in
3295 1346 3575 1418 psalmum
3612 1362 3812 1400 Lxxxw
3847 1364 3859 1398 :

2216 1461 2243 1492 «
2270 1442 2542 1511 Psalmus,
2567 1442 2665 1513 qui
2691 1442 2859 1496 modo
2886 1446 3142 1496 cantatus
3167 1445 3270 1510 est,
3301 1440 3486 1494 brevis
3512 1445 3597 1494 est
3616 1455 3860 1493 numero

2212 1535 2534 1605 verborum,
2558 1552 2800 1606 magnus
2816 1535 3065 1607 pondere
3087 1535 3515 1590 sententiarum.
3540 1535 3686 1589 Nam
3709 1539 3860 1589 totus

2212 1629 2388 1684 lectus
2414 1633 2517 1695 est,
2548 1651 2574 1678 »
2609 1634 2716 1683 etc.

2286 1726 2371 1776 15.
2405 1722 2512 1776 Sed
2535 1722 2835 1777 dicendum
2869 1723 3110 1792 videtur,
3151 1721 3370 1776 duobus
3394 1721 3577 1776 modis
3615 1723 3678 1776 in
3717 1721 3858 1776 Afri-

482 1823 583 1885 est,
616 1824 670 1873 et
696 1834 764 1872 ex
793 1818 891 1872 illo
921 1818 979 1870 in
1009 1818 1350 1873 hodiernum
1394 1823 1702 1885 retentum,
1745 1817 1938 1872 multis
1968 1817 2110 1888 jam,
2133 1806 2190 1878 B
2215 1832 2353 1870 cana
2394 1816 2634 1870 Ecclesia
2675 1817 2918 1886 psalmos
2961 1815 3131 1870 fuisse
3169 1815 3465 1886 recitatos,
3513 1832 3723 1887 nempe
3772 1817 3857 1871 vel

479 1929 543 1966 ac
569 1929 714 1982 pene
741 1911 1003 1965 omnibus
1032 1912 1300 1982 gregibus
1329 1912 1440 1966 tuis
1465 1917 1520 1966 et
1559 1929 1664 1983 per
1705 1916 1933 1966 caeteras
1967 1910 2116 1965 orbis

480 2011 669 2077 partes
698 2005 1067 2060 imitantibus.
1100 2027 1126 2053 ››
1179 2005 1331 2059 Idem
1376 2011 1601 2060 sanctus
1640 2005 2011 2076 Augustinus,
2057 2004 2114 2058 in

481 2099 736 2169 ejusdem
756 2099 887 2152 libri
913 2116 964 2154 1x
986 2117 1107 2170 cap.
1140 2099 1171 2153 4
1190 2099 1514 2170 exprimens
1530 2099 1705 2154 animi
1720 2098 1807 2153 sui
1828 2098 2111 2170 affectum,

478 2209 608 2246 cum
639 2193 854 2263 legeret
881 2193 1122 2264 psalmos
1149 2193 1344 2262 David,
1378 2193 1567 2248 subdit
1600 2210 1613 2247 :
1650 2213 1678 2244 α
1709 2195 1859 2257 Quas
1887 2193 1983 2246 tibi
2015 2210 2111 2247 vo-

477 2303 568 2341 ces
595 2287 798 2340 dabam
825 2287 885 2340 in
910 2287 1140 2358 psalmis
1167 2286 1299 2354 illis,
1328 2292 1385 2342 et
1414 2287 1700 2359 quomodo
1727 2287 1788 2341 in
1814 2292 1869 2342 te
1897 2288 2115 2341 inllam-

478 2381 678 2434 mabar
711 2378 905 2452 389
941 2397 1012 2434 ex
1052 2381 1152 2449 eis,
1197 2386 1254 2435 et
1289 2379 1637 2435 accendebar
1680 2397 1773 2435 eos
1790 2382 2044 2451 recitare,
2069 2381 2112 2434 si

474 2489 720 2545 possem,
754 2477 872 2527 toto
891 2479 1174 2528 terrarum
1200 2474 1334 2528 orbe
1361 2474 1633 2529 adversus
1665 2475 1906 2545 typhum
1949 2491 2116 2546 gene-

476 2567 553 2620 ris
573 2565 838 2620 humanil
863 2568 930 2622 Et
948 2571 1138 2622 tamen
1157 2571 1274 2622 toto
1297 2569 1433 2623 orbe
1455 2573 1772 2638 cantantur,
1796 2573 1852 2623 et
1876 2585 1991 2622 non
2031 2573 2115 2623 est

476 2659 576 2732 qui
611 2677 668 2714 se
708 2660 1010 2714 abscondat
1049 2678 1082 2714 a
1122 2662 1306 2717 calore
1360 2667 1478 2717 tuo.
1524 2683 1551 2712 ››
1597 2664 1664 2717 Et
1707 2663 1767 2717 in
1813 2662 1993 2734 capite
2033 2665 2110 2716 6:

480 2777 507 2803 ‹‹
535 2755 820 2817 Quantum
851 2754 981 2808 ﬂevi
1001 2753 1060 2808 iu
1081 2755 1310 2827 hymnis
1341 2759 1397 2810 et
1424 2756 1654 2810 canticis
1685 2757 1815 2826 tuis,
1838 2773 2006 2812 suave
2022 2773 2111 2811 so-

476 2848 666 2903 nantis
688 2847 946 2902 Ecclesiae
974 2852 1084 2903 tua:
1111 2849 1337 2904 vocibus
1364 2855 1684 2905 commotus
1723 2850 1962 2906 acriter!
2003 2852 2111 2905 Vo-

477 2958 566 2996 ces
597 2941 706 2995 illae
733 2941 1047 2997 inﬂuebant
1075 2943 1305 2997 auribus
1331 2944 1492 3014 meis,
1525 2949 1580 2999 et
1598 2945 1957 3016 eliquabatur
1975 2945 2114 2999 veri-

473 3040 559 3090 tas
587 3040 685 3089 tua
705 3035 762 3089 in
782 3053 878 3090 cor
895 3053 1090 3091 meum
1110 3055 1128 3106 ;
1152 3042 1207 3091 et
1233 3037 1580 3092 exmstuabat
1600 3038 1731 3092 inde
1752 3038 1983 3093 affectus
2001 3039 2114 3110 pie-

2215 1910 2490 1964 cantando
2509 1910 2581 1964 ad
2608 1911 2785 1963 Deum
2808 1910 3174 1978 laudandum,
3192 1909 3280 1964 vel
3310 1909 3424 1963 alta
3447 1926 3579 1964 voce
3603 1927 3857 1980 pronun-

2215 2003 2407 2058 tiando
2436 2003 2508 2058 ad
2534 2004 2817 2074 psalmum
2848 2004 3268 2075 exponendum.
3299 2004 3522 2058 Primus
3547 2004 3753 2058 modus
3781 2005 3857 2057 al-

2216 2098 2393 2151 ternis
2431 2097 2636 2166 choris,
2672 2097 2950 2152 secundus
2995 2114 3097 2168 per
3149 2097 3335 2152 solum
3388 2097 3681 2151 lectorem.
3724 2098 3854 2151 Haec

2214 2191 2376 2246 lectio
2416 2191 2475 2245 in
2501 2191 2733 2246 arbitrio
2759 2191 3092 2262 exponentis
3119 2196 3278 2261 erat;
3310 2191 3409 2262 qui
3432 2207 3604 2262 quem
3632 2190 3856 2245 volebat

2213 2285 2501 2356 psalmum
2530 2284 2590 2338 in
2617 2289 3024 2356 argumentum
3049 2301 3166 2338 suae.
3196 2285 3479 2339 concionis
3505 2285 3849 2340 assumebat.

2213 2379 2420 2434 Cantus
2449 2395 2579 2434 vero
2598 2379 2692 2434 ille
2719 2379 2886 2434 certis
2911 2379 3213 2450 aliquando
3239 2377 3469 2449 psalmis
3491 2395 3593 2449 pro
3623 2378 3853 2433 dierum

2215 2472 2482 2543 qualitate
2502 2473 2758 2528 addictus
2779 2476 2918 2543 erat,
2937 2477 2998 2527 ut
3021 2477 3176 2544 patet
3196 2489 3265 2527 ex
3278 2471 3583 2543 Augustini
3614 2488 3850 2526 enarra-

2213 2565 2365 2620 tione
2394 2571 2425 2621 2
2459 2566 2518 2620 in
2562 2567 2844 2638 psalmum
2887 2583 2996 2636 xxx,
3039 2582 3202 2621 num.
3232 2569 3320 2636 38,
3355 2571 3412 2620 et
3439 2582 3505 2620 ex
3536 2565 3660 2619 aliis
3687 2566 3849 2636 locis,

2213 2676 2340 2731 quas
2383 2659 2671 2715 brevitatis
2715 2677 2886 2715 causa
2921 2659 3430 2732 praetermittimus.
3482 2660 3852 2714 Postmodum

2213 2769 2343 2808 cum
2368 2754 2610 2825 majores
2647 2753 2706 2808 in
2743 2754 2857 2809 vita
2893 2754 3206 2809 Christiana
3249 2771 3581 2826 progressus
3622 2754 3850 2810 fecisset

2214 2847 2596 2902 sanctissimus
2617 2849 2835 2918 Doctor,
2869 2847 3022 2902 illam
3056 2847 3453 2902 modulationis
3488 2848 3847 2917 suavitatem,

2213 2958 2343 3013 quas
2381 2945 2675 3013 tantopere
2721 2942 2908 3013 ipsum
2944 2941 3246 3012 aliquando
3283 2941 3563 3008 aﬂ‘ecerat,
3607 2941 3847 3013 simplici

2211 3037 2558 3105 psalmorum
2579 3035 2883 3106 prolationi
2907 3053 3036 3090 cum
3066 3035 3335 3107 gravitate
3363 3036 3521 3089 facta:
3550 3041 3850 3106 postpone-

473 3130 622 3195 tatis,
653 3134 709 3185 et
733 3130 1034 3184 currebant
1069 3132 1353 3202 lacrymae,
1383 3136 1439 3186 et
1463 3132 1604 3186 bene
1641 3132 1784 3187 mihi
1817 3137 1938 3186 erat
1979 3149 2109 3186 cum
2134 3182 2182 3203 η
2211 3129 2326 3183 bat.
2359 3130 2435 3184 Ita
2461 3129 2613 3184 enim
2636 3129 2889 3200 loquitur
2914 3129 2976 3183 in
3014 3129 3112 3183 lib.
3153 3145 3186 3184 x
3224 3129 3674 3203 Confessionum,
3718 3147 3845 3202 cap.

585 3182 621 3195 ν,
665 3182 706 3185 η
744 3182 784 3184 η
815 3182 846 3183 η
1391 3182 1601 3186 -νηη
1641 3182 1784 3187 -----
1823 3182 1936 3186 ww-
1985 3182 2109 3186 ----
2233 3182 2236 3183 ν
2316 3182 2324 3183 κ
2390 3182 2417 3184 ρ
2474 3182 2611 3184 πρ
3057 3182 3082 3183 η
3153 3182 3186 3184 ﬁ
3241 3182 3288 3183 η
3385 3182 3394 3184 ρ
3585 3199 3588 3203 ,
3661 3182 3674 3196 ,
3730 3182 3844 3202 ητ-

473 3223 574 3277 eis.
621 3245 648 3271 »
699 3223 950 3294 Denique
989 3227 1219 3278 cantum
1248 3241 1378 3278 cum
1415 3224 1574 3278 suavi
1610 3241 1809 3279 vocum
1849 3226 2104 3280 modula-
2131 3182 2184 3255 Ο
2210 3225 2275 3277 33
2307 3241 2320 3276 :
2354 3245 2382 3271 «
2411 3222 2517 3278 Sed
2547 3223 2708 3277 valde
2746 3223 3054 3291 interdum,
3095 3228 3160 3277 ut
3201 3223 3375 3277 melos
3413 3239 3580 3277 omne
3611 3223 3847 3278 cantile-

471 3315 621 3370 tione
651 3316 1014 3386 conjunctum
1045 3317 1216 3371 fuisse
1242 3317 1395 3371 idem
1421 3321 1660 3372 testatur
1685 3318 1744 3372 in
1770 3319 1869 3374 lib.
1900 3336 1932 3373 Χ
1959 3321 2104 3374 Con-

468 3407 800 3476 fessionum,
846 3426 967 3479 cap.
1010 3411 1098 3464 33.
1142 3410 1376 3464 Psalmis
1413 3410 1893 3467 interserebantur
1935 3413 2107 3468 etiam

467 3501 688 3572 hymni,
719 3501 817 3574 qui
842 3503 911 3556 ab
937 3507 1162 3557 auctore
1191 3503 1546 3558 Ambrosiani
1575 3505 1707 3560 dicti
1735 3511 1886 3561 sunt.
1909 3508 1984 3562 De
2015 3508 2104 3562 his

468 3595 732 3650 omnibus
758 3595 912 3650 testis
943 3601 1025 3651 est
1050 3597 1316 3651 Paulinus
1344 3597 1406 3651 in
1426 3599 1705 3653 Ambrosii
1733 3600 1858 3654 Vita
1887 3617 1900 3654 :
1935 3623 1962 3650 «
1995 3602 2104 3656 Hoc

465 3686 528 3743 in
554 3694 810 3762 tempore
841 3690 1026 3760 primo
1046 3690 1374 3762 antiphonae
1404 3691 1480 3762 (id
1507 3697 1591 3747 est
1614 3692 1864 3747 alternus
1889 3696 2103 3767 cantus)

466 3782 688 3854 hymni,
729 3800 791 3837 ac
817 3782 1028 3854 vigiliae
1058 3783 1119 3838 in
1145 3784 1381 3839 ecclesia
1403 3785 1804 3840 Mediolanensi
1833 3787 2104 3843 celebrari

466 3881 777 3946 coeperunt.
809 3897 837 3924 ››
870 3876 937 3929 Et
956 3876 1281 3931 Ambrosius
1321 3877 1441 3949 ipse
1475 3878 1533 3932 in
1576 3876 1967 3934 Hexaemeron
2000 3881 2098 3935 lib.

463 3986 546 4038 III,
577 3986 698 4040 cap.
731 3972 782 4038 5,
813 3969 1110 4024 Ecclesiam
1146 3971 1293 4024 mari
1340 3977 1651 4042 comparat,
1692 3972 1752 4026 in
1789 3989 1900 4044 qua
1951 3995 1978 4024 «
2018 3991 2103 4030 re-

463 4062 770 4133 sponsoriis
801 4061 919 4131 (seu
943 4063 1164 4117 alterno
1195 4065 1384 4134 cantu)
1415 4064 1782 4138 psalmorum,
1815 4072 1986 4122 cantu
2014 4069 2098 4123 vi-

465 4172 682 4222 rorum,
701 4153 1030 4224 mulierum,
1050 4156 1359 4228 virginum,
1377 4159 1765 4230 parvulorum,
1789 4178 2100 4218 consonans

466 4249 748 4303 undarum
773 4249 965 4319 fragor
983 4249 1236 4305 resultat.
1267 4273 1295 4299 »
1329 4251 1480 4306 Idem
1501 4252 1846 4324 hymnorum
1863 4272 2099 4311 suorum

464 4341 724 4398 meminit
752 4341 812 4396 in
843 4343 1114 4413 opusculo
1144 4344 1211 4399 de
1249 4345 1460 4418 Spiriiu
1511 4353 1724 4415 sancto,
1771 4354 1827 4404 et
1869 4350 1928 4404 in
1976 4351 2096 4422 epi-

463 4436 605 4493 stola
634 4437 722 4493 32.

539 4534 623 4588 14.
650 4535 785 4597 Quae
807 4531 1068 4604 superius
1101 4548 1170 4588 ex
1214 4538 1381 4589 cantu
1405 4534 1757 4605 psalmorum
1800 4535 2098 4592 Mediolani

458 4629 716 4684 instituto
740 4628 845 4682 sibi
860 4627 1123 4682 accidisse
1143 4633 1336 4683 narrat
1353 4629 1720 4701 Augustinus,
1737 4629 1807 4683 ad
1824 4629 2094 4702 baptismi

459 4722 637 4795 ipsius
661 4727 906 4792 tempus,
937 4721 994 4776 id
1025 4727 1109 4776 est
1136 4722 1207 4776 ad
1237 4739 1453 4777 annum
1481 4726 1582 4777 387
1612 4723 1907 4779 referenda
1939 4730 2091 4782 sunt.

462 4816 737 4871 Eumdem
767 4816 940 4869 ritum
980 4815 1041 4868 in
1080 4816 1328 4870 Africam
1366 4816 1484 4887 ipse
1528 4817 1741 4872 invexit
1776 4818 2090 4891 episcopus.

458 4911 754 4966 Alternum
774 4925 945 4979 porro
960 4908 1130 4964 fuisse
1144 4909 1464 4982 colligimus
1493 4926 1562 4965 ex
1590 4912 1711 4982 ejus
1742 4914 2093 4969 enarratione

461 5004 518 5058 in
540 5002 826 5074 psalmum
852 5019 1000 5070 xxvi,
1027 5020 1188 5058 num.
1224 5007 1242 5057 1
1273 5021 1285 5058 :
1319 5024 1345 5055 «
1370 5005 1539 5060 Voces
1555 5005 1674 5060 ista:
1699 5007 1920 5077 psalmi,
1953 5024 2094 5079 quas

458 5096 794 5167 audivimus,
820 5102 875 5152 et
905 5113 971 5151 ex
989 5103 1146 5168 parte
1175 5097 1542 5168 cantavimus,
1573 5122 1600 5147 ››
1633 5104 1737 5154 etc.
1768 5101 1911 5154 Tum
1937 5118 2094 5156 enar-

453 5190 634 5254 rando
660 5192 944 5264 psalmum
973 5209 1116 5261 xui,
1147 5208 1308 5261 num,
1345 5195 1365 5246 l
1401 5208 1415 5246 :
1453 5214 1479 5240 «
1511 5193 1702 5264 Itaque
1723 5193 1782 5248 in
1805 5193 1913 5250 hoc
1941 5197 2089 5268 psal-

453 5311 569 5360 mo,
597 5302 771 5364 quem
787 5291 1078 5342 cantatum
1093 5285 1430 5357 audivimus,
1452 5285 1542 5341 cui
1560 5287 1838 5343 cantando
1863 5306 2091 5362 respon-

454 5388 662 5456 dimus,
687 5401 751 5438 ea
771 5397 968 5439 sumus
982 5378 1187 5436 dicturi
1200 5394 1328 5452 quae
1347 5380 1547 5436 nostis.
1573 5400 1601 5432 ››
1629 5382 1738 5436 Alii
1757 5399 1893 5454 ergo
1909 5400 2089 5438 unum

455 5495 702 5548 versum,
733 5478 829 5532 alii
851 5477 1028 5532 alium
1054 5473 1298 5529 vicissim
1328 5474 1703 5531 decantabant
1732 5494 1748 5546 ;
1780 5493 1844 5531 ac
1884 5477 2088 5532 deinde

455 5577 581 5646 post
608 5572 887 5644 psalmum
916 5585 1063 5641 saepe
1094 5568 1370 5640 expositio
1396 5567 1465 5622 ab
1494 5569 1757 5641 episcopo
1782 5570 1928 5625 facta
1952 5571 2085 5626 sub-

455 5666 813 5739 sequebatur.
827 5663 1170 5719 Cantabatur
1187 5659 1312 5736 39
1323 5660 1382 5735 0
1403 5667 1595 5718 autem
1607 5681 1640 5717 a
1651 5664 1864 5736 populo
1882 5667 2085 5734 stante,

456 5782 526 5822 ex
551 5780 810 5820 sermone
829 5766 858 5820 3
889 5761 948 5816 in
973 5763 1258 5834 psalmum
1283 5777 1469 5832 mn,
1501 5778 1662 5818 num.
1690 5765 1722 5818 2
1753 5779 1767 5818 :
1801 5783 1830 5814 ‹‹
1853 5763 2086 5820 Certene

2207 3332 2411 3370 narum
2427 3316 2702 3385 suavium,
2722 3316 2928 3386 quibus
2943 3315 3268 3370 Davidicum
3284 3316 3618 3371 Psalterium
3647 3314 3835 3389 391

2207 3410 2618 3481 frequentatur,
2639 3411 2709 3464 ab
2736 3410 2967 3464 auribus
2991 3410 3131 3465 meis
3154 3410 3436 3465 removeri
3454 3410 3643 3480 velim,
3671 3417 3847 3482 atque

2207 3503 2384 3574 ipsius
2422 3504 2674 3559 Ecclesia
2706 3521 2719 3558 :
2779 3504 3066 3574 tutiusque
3119 3504 3262 3558 mihi
3321 3505 3542 3560 videtur
3580 3505 3737 3577 quod
3777 3507 3846 3560 de

2206 3597 2583 3652 Alexandrino
2623 3597 2882 3669 episcopo
2918 3598 3222 3652 Athanasio
3261 3615 3409 3670 saepe
3451 3600 3591 3654 mihi
3625 3600 3843 3655 dictum

2205 3690 2588 3760 commemini,
2620 3692 2718 3762 qui
2747 3697 2862 3746 tam
2886 3692 3106 3746 modico
3142 3692 3294 3746 ﬂexu
3319 3693 3468 3746 vocis
3493 3693 3733 3749 faciebat
3762 3711 3846 3749 so-

2203 3799 2339 3838 nare
2367 3785 2637 3839 lectorem
2654 3785 2877 3856 psalmi,
2910 3791 2968 3839 ut
2993 3786 3386 3857 pronuntianti
3411 3787 3645 3841 vicinior
3669 3793 3839 3858 esset,

2203 3893 2377 3948 quam
2407 3879 2651 3933 canenti.
2684 3898 2711 3930 »
2740 3879 2894 3933 Alius
2916 3879 3092 3951 igitur
3117 3885 3237 3935 erat
3251 3885 3387 3935 tunc
3414 3880 3473 3934 in
3500 3881 3742 3935 Ecclesia
3771 3883 3843 3935 ri-

2203 3974 2313 4038 tus,
2345 3972 2576 4042 quando
2615 3971 3060 4027 Alexandrinum
3099 3973 3448 4043 Augustinus
3475 3973 3839 4045 praeferebat.

2202 4063 2455 4135 Denique
2489 4064 2548 4118 in
2589 4065 2773 4119 Africa
2812 4066 3045 4137 psalmis
3085 4067 3256 4122 etiam
3305 4067 3844 4123 intermiscebantur

2201 4157 2367 4212 certis
2407 4157 2602 4212 diebus
2643 4159 2930 4229 lectiones,
2989 4180 3018 4210 ί(
3055 4176 3184 4232 quae
3227 4160 3306 4214 ita
3332 4167 3493 4216 erant
3517 4178 3746 4232 annuae,
3781 4168 3843 4216 ut

2199 4250 2323 4306 aliae
2353 4267 2472 4307 esse
2497 4269 2613 4307 non
2643 4259 2890 4324 possent,
2925 4275 2951 4302 n
2982 4253 3061 4308 ait
3087 4254 3241 4309 idem
3285 4256 3634 4326 Augustinus
3671 4255 3842 4312 initio

2199 4345 2634 4418 expositionisin
2659 4347 2906 4418 primam
2919 4349 3169 4402 Joannis.
3199 4350 3261 4402 In
3279 4349 3512 4403 concilio
3538 4349 3838 4421 Carthagi-

2199 4439 2359 4494 nensi
2389 4456 2450 4494 III
2479 4440 2744 4495 statuitur
2769 4457 2980 4496 canone
3006 4443 3074 4496 47
3106 4458 3118 4495 :
3177 4445 3240 4497 Ut
3286 4448 3486 4513 praeter
3521 4445 3840 4513 Scripturas

2198 4536 2499 4596 canonicas,
2528 4534 2669 4588 nihil
2691 4537 2749 4588 in
2773 4535 2989 4590 ecclesia
3016 4535 3228 4605 legatur
3254 4537 3351 4590 sub
3376 4539 3584 4591 nomine
3618 4537 3836 4592 divina-

2194 4643 2317 4682 rum
2343 4629 2768 4698 Scripturarum.
2797 4629 2931 4692 Quin
2964 4629 3212 4684 clausula
3227 4647 3341 4684 non
3368 4631 3615 4685 excludit
3632 4636 3835 4686 tracta-

2195 4725 2286 4775 tus
2311 4725 2634 4776 sanctorum
2661 4724 2912 4792 Patrum,
2940 4740 3045 4779 nec
3072 4724 3340 4780 lectiones
3359 4730 3676 4797 martyrum
3701 4743 3835 4796 pas-

2195 4815 2439 4886 sionum,
2480 4833 2619 4888 quas
2662 4817 2777 4888 legi
2823 4818 3104 4889 permittit
3136 4819 3437 4874 concilium
3480 4821 3830 4884 Africanum,

2192 4924 2310 4964 cum
2336 4913 2663 4965 aniversarii
2704 4912 2818 4966 dies
2855 4928 3034 4967 eorum
3073 4914 3427 4968 celebrantur.
3476 4916 3648 4969 Caute
3693 4931 3833 4968 vero

2193 5018 2257 5055 ac
2283 5003 2544 5074 religiose
2573 5020 2605 5056 a
2630 5004 2886 5059 Patribus
2909 5006 3107 5076 synodi
3143 5006 3472 5061 Milevitana:
3511 5007 3614 5062 sub
3657 5010 3828 5063 Inno-

2193 5096 2376 5151 centio
2405 5098 2424 5150 l
2455 5097 2745 5152 decretum
2770 5103 2873 5169 est,
2904 5115 3116 5154 canone
3142 5104 3227 5168 l2,
3254 5105 3320 5156 ut
3334 5101 3505 5156 nullae
3525 5119 3719 5172 preces
3748 5104 3830 5157 di-

2193 5193 2393 5243 cantur
2417 5189 2476 5244 in
2505 5191 2751 5261 ecclesia,
2770 5195 2879 5248 nisi
2900 5209 3019 5263 qua?
3043 5210 3078 5247 ιι
3099 5195 3542 5265 prudentioribus
3559 5201 3826 5261 tractatae,

2190 5284 2276 5338 vel
2315 5285 2663 5354 comprobata
2695 5288 2753 5339 in
2787 5288 2991 5355 synodo
3019 5290 3268 5354 fuerint:
3311 5306 3378 5344 ne
3413 5293 3556 5357 forte
3612 5291 3830 5362 aliquid

2190 5381 2374 5433 contra
2395 5379 2574 5447 ﬁdem,
2601 5381 2687 5435 vel
2705 5397 2805 5450 per
2830 5383 3216 5451 ignorantiam,
3247 5385 3331 5440 vel
3353 5401 3454 5455 per
3492 5387 3670 5441 minus
3707 5391 3826 5440 stu-

2189 5472 2340 5526 dium
2365 5475 2436 5527 sit
2461 5477 2827 5544 compositum.

2267 5569 2348 5621 16.
2377 5567 2459 5622 Ab
2480 5567 2663 5624 Africa
2681 5587 2797 5626 non
2817 5577 2934 5628 tam
2959 5573 3244 5644 disparata
3283 5578 3405 5628 erat
3435 5572 3699 5647 Hispania
3735 5573 3824 5628 lo-

2188 5678 2386 5718 corum
2412 5661 2704 5719 intervallo
2731 5682 2903 5737 quam
2929 5667 3206 5740 psallendi
3230 5667 3366 5739 ritu,
3394 5669 3576 5740 qualis
3604 5670 3666 5724 in
3706 5669 3823 5724 Mo-

2186 5755 2435 5813 zarabico
2477 5773 2630 5814 nunc
2683 5760 2965 5817 Breviario
3014 5762 3336 5820 exhibetur.
3391 5763 3532 5819 Nam
3584 5780 3716 5820 cum
3765 5763 3830 5820 in

457 5870 654 5910 verum
693 5856 777 5907 est
811 5850 966 5924 quod
1005 5851 1264 5907 cantavi?
1301 5855 1451 5907 certe
1489 5867 1689 5908 verum
1722 5857 1807 5910 est
1840 5853 1995 5928 quod
2027 5853 2087 5910 in
2183 5851 2388 5923 Africa,
2429 5854 2574 5912 sicut
2599 5859 2655 5912 et
2678 5855 2738 5911 in
2768 5859 2888 5913 toto
2913 5857 3068 5929 orbe,
3091 5860 3295 5933 psalmi
3325 5866 3440 5919 tam
3486 5863 3544 5918 in
3587 5868 3824 5919 noctur-
