4014 6230
179 276 268 329 389
1230 271 1314 325 DE
1350 271 1568 327 CURSU
1606 272 1981 329 GALLICANO
2018 273 2430 341 DISQUISITIO.

3418 278 3527 329 390

178 382 270 448 nis,
297 395 465 451 quam
490 378 551 433 in
581 378 799 434 diurnis
836 377 1089 433 ﬁdelium
1117 378 1485 435 conventibus
1512 396 1785 436 caneren-
1809 395 1869 466 Α
1892 382 2048 453 gilias
2078 387 2404 438 nocturnas.
2444 381 2688 437 Isidorus
2715 397 2783 436 ex
2812 380 3049 453 reliquis
3077 376 3295 450 ofﬁciis,
3323 386 3533 452 praeter

178 480 272 542 tur,
285 474 358 528 ita
368 477 431 527 ut
446 491 472 524 α
489 472 730 544 primus,
742 471 964 527 medius
974 471 1376 529 etnovissimus
1386 478 1531 529 esset
1543 474 1718 529 David
1735 495 1785 542 ,η

178 574 296 624 teste
333 567 728 638 Chrysostomo
769 566 919 637 apud
961 567 1301 634 Mozarabes,
1349 568 1550 622 saltem
1589 584 1786 623 recen-

176 663 337 725 tiores,
363 676 478 715 non
511 660 594 714 ita
622 664 815 731 utpote
841 659 940 732 qui
968 676 1071 714 nec
1097 660 1158 714 in
1185 660 1411 732 vigiliis,
1438 678 1544 715 nec
1570 661 1629 716 in
1658 678 1783 715 ves-

174 754 306 828 peris
332 753 513 808 ullum
549 753 836 825 psalmum
874 753 1267 825 praescribunt.
1302 756 1364 808 In
1404 753 1668 809 omnibus
1692 770 1788 809 au-

174 856 290 917 tem,
310 851 511 919 praeter
529 847 994 919 Completorium,
1016 847 1213 901 ofﬁciis
1230 847 1323 901 hic
1345 846 1482 902 ordo
1511 852 1783 903 servatur.

174 942 336 998 Primo
358 942 525 1009 Kyrie
560 941 756 996 eteison
788 939 1105 1013 praemisso,
1143 945 1357 996 secreto
1386 940 1623 996 recitant
1657 957 1784 996 ora-

170 1036 361 1092 tionem
401 1033 755 1089 Dominicam
798 1032 993 1107 392
1042 1050 1175 1088 cum
1223 1034 1559 1089 salutatione
1606 1050 1784 1105 ange—

170 1126 617 1201 lica;.statimque
654 1127 925 1182 inchoant
961 1126 1216 1182 ofﬁcium
1251 1127 1322 1182 ab
1351 1127 1441 1182 bis
1464 1126 1649 1182 verbis
1678 1144 1692 1182 :
1723 1130 1786 1183 In

172 1224 358 1278 nomine
381 1223 602 1276 Domini
616 1223 791 1276 nostri
812 1223 935 1276 Jesu
963 1221 1165 1278 Christi
1190 1222 1368 1275 lumen
1395 1237 1513 1275 cum
1531 1236 1686 1292 pace,
1714 1221 1785 1275 ad

170 1332 283 1387 quae
326 1314 703 1387 respondetur
757 1317 908 1370 :Deo
958 1316 1189 1384 gratias.
1242 1315 1542 1370 Nocturnus
1591 1330 1785 1386 preces

167 1407 486 1463 brevissimae
530 1411 792 1463 constant
830 1406 1171 1478 quibusdam
1203 1407 1549 1479 antiphonis,
1582 1411 1638 1462 et
1662 1423 1781 1463 res-

165 1501 442 1574 ponsoriis,
464 1518 595 1573 quae
617 1502 761 1555 Laus
776 1505 833 1556 et
853 1500 1035 1556 Sonus
1053 1500 1445 1572 appellantur;
1466 1500 1603 1555 item
1623 1501 1786 1572 hym-

166 1612 230 1650 no
263 1600 315 1650 et
349 1595 591 1666 cantico,
630 1595 781 1666 quod
824 1595 980 1649 aliud
1024 1598 1111 1649 est
1152 1611 1183 1648 a
1225 1594 1441 1648 cantico
1476 1594 1779 1661 Zachariae,

165 1694 529 1761 praeterquam
558 1689 620 1743 in
654 1688 797 1744 festo
825 1687 1196 1742 Praecursoris
1241 1704 1255 1741 :
1300 1686 1465 1741 sicuti
1500 1686 1784 1742 canticum
1885 1709 1918 1745 a
1983 1691 2218 1760 cunctis,
2280 1712 2307 1738 η

1889 478 2180 547 Vesperas,
2212 474 2684 548 Completorium,
2718 475 2947 547 Vigilias
2966 479 3294 543 nocturnas,
3326 478 3383 529 et
3407 491 3529 529 ma-

1888 570 2100 625 tutinas
2139 570 2378 637 Laudes,
2421 572 2677 625 recenset
2715 573 2940 624 tantum
2977 568 3242 635 Tertiam,
3285 568 3529 637 Sextam,

1887 668 1944 719 et
1990 665 2232 731 Nonam,
2278 662 2482 717 omissa
2536 662 2741 717 Primae
2793 662 3004 718 nedum
3052 665 3288 716 Aurorae
3325 660 3528 732 ofﬁcio,

1887 757 2039 829 quod
2064 759 2297 811 Aurorae
2322 756 2574 810 ofﬁcium
2600 761 2732 812 ante
2758 756 3005 811 Primam
3018 756 3078 810 in
3106 754 3387 810 Breviario
3412 757 3527 810 Mo-

1886 849 2137 905 zarabico
2170 849 2458 921 singulare
2486 848 2895 922 praescribitur.
2918 848 3088 921 Atqui
3114 848 3174 903 in
3196 847 3284 903 his
3309 848 3530 904 diurnis

1887 943 2086 999 ofﬁciis
2116 942 2359 998 Isidorus
2384 947 2499 998 tres
2532 943 2807 999 duntaxat
2831 942 3080 1016 psalmos
3104 942 3375 1014 assignat,
3406 959 3528 998 res-

1885 1037 2218 1109 ponsorium
2255 1053 2460 1106 unum,
2493 1036 2760 1092 lectiones
2797 1053 2866 1091 ex
2896 1036 3082 1091 Veteri
3116 1038 3379 1109 Novoque
3404 1037 3531 1091 Tes-

1884 1134 2136 1186 tamento
2162 1130 2322 1198 duas,
2355 1129 2557 1185 deinde
2603 1130 2836 1198 Laudes,
2866 1130 3168 1201 hymnum,
3199 1135 3369 1202 atque
3408 1146 3532 1185 ora-

1882 1224 2121 1293 tionem,
2151 1239 2282 1295 qure
2309 1222 2500 1277 omnia
2529 1238 2660 1276 cum
2690 1222 3033 1277 Mozambico
3074 1222 3190 1278 ritu
3226 1223 3524 1290 hodierno,

1882 1334 1999 1372 non
2020 1316 2381 1372 conveniunt.
2410 1316 2694 1371 Caeterum
2724 1316 2924 1370 lsidori
2949 1320 3203 1387 tempore
3223 1317 3346 1371 haec
3374 1316 3527 1388 apud

1884 1412 2157 1482 Hispanos
2186 1408 2482 1481 disciplina
2519 1413 2659 1477 erat,
2705 1413 2770 1463 ut
2803 1427 2829 1460 α
2863 1409 3089 1481 quando
3118 1410 3396 1481 psallitur,
3426 1410 3525 1479 ait,

1881 1504 2151 1576 psallatur
2170 1504 2240 1558 ab
2266 1502 2562 1569 omnibus;
2600 1519 2733 1556 cum
2779 1505 2994 1572 oratur,
3024 1507 3217 1558 oretur
3243 1503 3314 1558 ab
3340 1504 3525 1558 omni-

1881 1597 2021 1665 bus;
2044 1614 2176 1652 cum
2202 1596 2369 1652 lectio
2389 1595 2618 1668 legitur,
2637 1595 2786 1649 facto
2806 1595 3051 1663 silentio,
3079 1612 3240 1668 asque
3265 1595 3529 1651 audiatur

2364 1690 2423 1745 in
2486 1689 2586 1744 lib.
2642 1706 2657 1742 ι
2709 1689 2778 1743 de
2847 1688 3233 1745 ecclesiasticis
3293 1688 3524 1759 Ofﬁciis,

164 1782 325 1837 beatae
362 1782 549 1837 Mariae
578 1782 642 1836 in
668 1781 913 1853 vesperis
939 1798 1235 1854 nunquam
1276 1780 1501 1848 dicitur,
1542 1784 1780 1852 praeter-
1802 1761 1860 1834 B
1883 1802 2006 1858 cap.
2039 1788 2127 1840 10.

165 1891 320 1947 quam
347 1874 406 1929 in
431 1874 592 1931 festis
619 1875 799 1931 beata:
825 1875 1033 1931 Marias.
1062 1876 1124 1929 ln
1159 1874 1282 1930 aliis
1311 1874 1468 1930 horis
1500 1874 1783 1930 canonicis

164 1970 378 2042 quidam
428 1969 639 2041 psalmi
688 1970 1020 2039 recitantur,
1075 1968 1305 2041 adjectis
1357 1968 1529 2024 etiam
1573 1968 1779 2037 Laude,

164 2065 314 2134 Sono,
350 2068 404 2119 et
430 2062 781 2135 antiphonis.
822 2063 1017 2139 Ofﬁcia
1057 2068 1335 2118 nocturna
1370 2067 1428 2117 et
1465 2062 1784 2134 vespertina

165 2158 351 2213 claudit
388 2157 574 2212 oratio
616 2158 928 2226 Dominica,
972 2173 1102 2228 quae
1144 2158 1286 2212 elata
1320 2172 1453 2211 voce
1488 2155 1779 2223 recitatur,

166 2251 355 2323 populo
392 2251 465 2306 ad
510 2250 766 2323 singulas
808 2250 1110 2323 petitiones
1158 2249 1536 2322 respondente
1586 2250 1779 2317 Amen,

164 2349 524 2416 praeterquam
553 2345 627 2399 ad
644 2348 848 2401 Panem
882 2349 1144 2415 nostrum,
1172 2349 1303 2413 etc.,
1348 2342 1447 2397 ubi
1477 2342 1783 2414 responde-

165 2444 275 2493 tur:
294 2440 428 2505 Quia
445 2442 588 2494 Deus
609 2454 681 2501 es,
704 2442 766 2492 ut
789 2437 851 2492 in
878 2437 1069 2493 missa.
1097 2439 1157 2492 In
1184 2437 1296 2492 ﬁne
1319 2453 1334 2490 :
1354 2440 1418 2492 In
1435 2438 1644 2491 nomine
1672 2438 1779 2490 Do-

163 2534 282 2586 mini
299 2535 471 2587 nostri
483 2535 611 2588 Jesu
631 2533 834 2590 Christi
846 2534 1188 2602 perﬁciamus
1204 2546 1323 2585 cum
1349 2546 1504 2601 pace.
1526 2530 1612 2584 Ad
1630 2532 1782 2601 quod

164 2626 442 2697 respondet
459 2626 708 2699 populus
725 2642 738 2680 :
753 2630 858 2682 Deo
878 2627 1109 2696 gratias.
1129 2624 1296 2679 Plura
1315 2624 1385 2679 de
1398 2624 1587 2678 ofﬁcio
1602 2625 1780 2679 Moza-

163 2719 342 2774 rabum
362 2719 460 2792 qui
479 2720 651 2789 volet,
682 2719 836 2791 legat
853 2723 1075 2773 tomum
1093 2722 1445 2789 postremum
1470 2717 1780 2771 Bibliothe-

164 2829 232 2866 σεε
271 2814 494 2869 Patrum
533 2812 755 2868 defectu
799 2812 1066 2868 Breviarii
1102 2811 1448 2878 Mozarabici,
1477 2810 1638 2882 cujus
1658 2828 1785 2865 rara

164 2910 279 2961 sunt
296 2906 661 2979 exemplaria,
686 2910 785 2962 aut
804 2905 1106 2961 cardinalis
1133 2906 1301 2959 Bonae
1322 2904 1535 2960 libriun
1554 2921 1593 2959 ιι
1615 2904 1683 2959 de
1706 2904 1785 2959 di-

162 2999 275 3055 vina
287 3001 620 3072 psalmodia,
643 3016 768 3072 cap.
795 3003 881 3071 18,
897 2999 1001 3055 ubi
1018 2999 1096 3054 ait
1114 2997 1688 3071 hocyofﬁciumadhuc
1708 2998 1785 3053 vi-

163 3110 280 3164 gere
303 3111 363 3150 ac
384 3095 596 3151 servari
612 3092 788 3150 Toleti
804 3093 863 3148 in
881 3094 1136 3165 quinque
1156 3092 1434 3166 parmciis,
1458 3096 1514 3147 et
1538 3091 1599 3146 in
1618 3091 1785 3146 sacel-

160 3186 206 3241 lo
231 3187 498 3243 Francisci
517 3187 783 3243 Ximenez
802 3186 1124 3256 cardinalis,
1145 3186 1395 3258 itemque
1422 3184 1781 3240 Salmanticte

158 3279 210 3334 in
231 3282 422 3337 sacello
450 3281 699 3337 doctoris
717 3279 1147 3348 Talabricencis,
1176 3279 1332 3352 quod
1353 3283 1438 3334 est
1460 3278 1521 3333 in
1540 3279 1783 3334 claustro

160 3375 368 3446 majoris
394 3375 667 3432 ecclesiae.

1804 3136 1858 3211 C

1958 1882 2043 1935 l8.
2075 1880 2436 1949 Fructuosus,
2465 1879 2526 1933 in
2569 1879 2785 1950 regulae
2826 1877 3029 1950 prima:
3068 1893 3192 1949 cap.
3221 1880 3278 1947 2,
3312 1876 3382 1931 ab
3427 1877 3526 1931 lsi-

1883 1974 2020 2029 doro
2045 1972 2106 2027 in
2131 1972 2442 2039 nonnullis,
2476 1972 2574 2026 sed
2600 1972 2660 2026 in
2687 1958 2947 2044 pluribus
2973 1988 3007 2024 a
3032 1970 3373 2027 Mozarabico
3412 1969 3530 2025 ritu

1882 2066 2089 2123 differt.
2123 2064 2317 2139 394
2360 2066 2420 2119 In
2461 2064 2570 2119 hoc
2594 2070 2787 2120 antem
2831 2081 2963 2120 cum
3004 2063 3213 2119 Isidoro
3244 2064 3526 2134 convenit,

1882 2160 2034 2232 quod
2077 2159 2330 2213 Psalmos
2373 2158 2433 2212 in
2477 2159 2775 2213 nocturnis
2814 2157 3013 2229 Vigilis
3050 2156 3385 2227 praescribit,
3432 2156 3530 2212 sed

1882 2254 2075 2326 plures
2094 2269 2267 2325 quam
2294 2251 2538 2307 Isidorus
2561 2269 2578 2322 ;
2608 2255 2798 2307 ternos
2824 2268 2958 2307 vero
2977 2251 3040 2305 in
3057 2249 3297 2320 diurnis,
3318 2255 3388 2305 ut
3406 2249 3524 2319 ille,

1883 2347 2101 2402 ofﬁciis.
2133 2346 2191 2400 ld
2240 2345 2547 2417 peculiare,
2577 2345 2730 2417 quod
2757 2344 3005 2400 Primam
3030 2347 3088 2399 et
3123 2343 3527 2400 Duodecimam

1881 2441 2150 2512 assignat,
2170 2456 2313 2512 quas
2342 2439 2437 2494 ille
2462 2438 2880 2510 praetermittit;
2903 2441 2962 2492 et
2980 2437 3380 2493 Duodecimam
3404 2437 3529 2509 qui—

1883 2535 2015 2590 dem
2040 2551 2075 2588 a
2098 2535 2339 2605 Vespera
2365 2532 2681 2603 distinguit,
2708 2548 2840 2586 cum
2869 2531 3025 2586 hora:
3051 2531 3335 2586 canonicae
3362 2531 3433 2586 ab
3460 2548 3527 2587 eo

1883 2631 2251 2683 recensentur
2293 2628 2399 2681 hoc
2436 2626 2608 2682 modo
2639 2642 2654 2680 :
2683 2625 2888 2694 Tertia,
2935 2624 3123 2692 Sexta,
3162 2626 3341 2693 Nona,
3373 2625 3526 2681 Duo-

1883 2722 2100 2776 decima
2148 2720 2429 2789 videlicet,
2479 2722 2649 2791 atque
2698 2720 2959 2789 Vespera.
3014 2710 3330 2773 Concilium
3395 2736 3526 2775 vero

1884 2808 2253 2884 Emeritense,
2281 2830 2498 2868 canone
2524 2816 2578 2882 2,
2607 2813 2980 2883 Vesperarum
3005 2811 3259 2866 ofﬁcium
3283 2812 3355 2867 ad
3398 2830 3524 2867 mo-

1883 2907 2021 2963 dum
2051 2907 2293 2962 aliarum
2342 2906 2726 2975 ecclesiarum,
2758 2904 2969 2960 scilicet
3009 2905 3385 2975 Mozarabum,
3425 2922 3525 2961 ea-

1883 3017 2127 3072 rumque
2170 3005 2284 3056 tres
2321 3005 2530 3072 partes,
2573 2998 3004 3065 Lucernarium,
3036 2999 3435 3071 Vespertinum
3474 3005 3530 3053 et

1885 3095 2097 3150 Sonum
2125 3092 2601 3164 distinguit.Sicut
2628 3095 2685 3147 in
2712 3092 2843 3148 Fide
2875 3096 3085 3155 sancta,
3125 3091 3395 3164 inquiunt
3423 3095 3525 3147 Pa-

1882 3190 1996 3243 tres
2024 3193 2212 3243 nostra
2239 3192 2317 3243 est
2343 3188 2701 3251 unanimitas,
2729 3189 2811 3242 ita
2843 3202 2948 3258 pro
2986 3192 3174 3242 sancto
3212 3188 3311 3242 Dei
3347 3188 3525 3257 ofﬁcio

1883 3281 2037 3337 debet
2083 3297 2190 3338 esse
2225 3282 2450 3337 intentio
2486 3280 2648 3352 (forte
2704 3280 2991 3351 consensio)
3036 3296 3267 3336 summa.
3311 3282 3529 3352 Oportet

1881 3378 2073 3446 igitur,
2118 3380 2181 3430 ut
2221 3378 2361 3430 sicut
2408 3377 2467 3430 in
2506 3375 2634 3430 aliis
2676 3376 2905 3430 ecclesiis
2936 3377 3238 3445 vespertino
3274 3379 3525 3446 tempore,

222 3440 304 3524 t7.
332 3470 441 3524 Hoc
474 3469 805 3525 Breviarum
831 3467 890 3522 in
928 3467 1176 3522 editione
1204 3465 1499 3522 cardinalis
1524 3440 1784 3520 Ximenez
1876 3440 2001 3540 post
2019 3470 2196 3525 lumen
2224 3470 2485 3532 oblatum,
2512 3471 2669 3540 prius
2698 3469 2900 3524 dicitur
2931 3440 3331 3540 Vespertinum,
3363 3440 3529 3540 guam

158 3561 465 3619 inscribitur
503 3581 518 3619 :
561 3564 815 3633 Ofﬁcium
861 3561 1139 3619 Gothicam
1181 3564 1291 3616 sive
1332 3563 1563 3616 mia-tum
1598 3576 1779 3615 secun-

160 3657 275 3712 dum
304 3660 553 3729 regulam
594 3658 740 3712 beati
774 3656 991 3712 Isidori.
1029 3654 1135 3710 Sed
1170 3670 1367 3710 vereor
1402 3656 1468 3709 ut
1505 3652 1783 3725 ejusmodi

160 3750 302 3819 ritus,
324 3752 511 3824 qualis
537 3751 598 3806 in
616 3750 713 3805 illo
740 3748 1023 3805 Breviario
1049 3747 1364 3819 descriptus
1390 3752 1493 3818 est,
1526 3747 1603 3802 ita
1634 3747 1780 3801 anti-

161 3860 289 3914 quus
312 3846 399 3917 sit,
432 3849 495 3901 ut
512 3845 588 3901 ad
618 3844 813 3900 lsidori
834 3849 1092 3915 tempora
1114 3842 1291 3914 possit
1314 3840 1535 3897 referri.
1557 3841 1785 3896 Constat

162 3937 420 4010 siquidem
446 3957 521 3996 ex
554 3939 678 4010 ejus
701 3938 936 4010 Regulae
963 3954 1087 4009 cap.
1110 3941 1141 3991 7
1162 3936 1407 4009 psalmos
1432 3934 1492 3989 in
1520 3933 1676 3990 omni
1699 3950 1787 4005 sy-

161 4033 278 4087 naxi
328 4034 592 4090 recitatos
641 4033 833 4087 fuisse.
887 4032 948 4086 In
990 4030 1327 4102 vespertinis
1378 4029 1530 4084 enim
1587 4026 1784 4083 ofﬁciis

161 4125 329 4197 primo
358 4151 385 4177 α
411 4128 846 4192 Lucernarium,
872 4148 899 4175 ››
928 4122 1122 4199 393
1146 4125 1204 4179 id
1229 4128 1313 4179 est
1329 4121 1580 4195 precatio
1604 4122 1675 4177 ad
1698 4138 1786 4176 ac-

163 4221 458 4276 cendendas
516 4222 779 4277 lucernas
802 4236 815 4274 :
869 4242 896 4270 ι(
924 4219 1131 4274 deinde
1158 4217 1359 4291 psalmi
1389 4218 1524 4287 duo,
1547 4232 1782 4287 respon-

162 4314 357 4369 sorium
374 4332 580 4385 unum,
612 4315 851 4385 Laudes,
880 4314 1128 4385 hymnus
1148 4316 1317 4383 atque
1345 4310 1523 4366 oratio
1548 4309 1785 4365 dicenda

165 4412 253 4462 est.
278 4432 302 4457 »ι
325 4410 383 4464 In
403 4408 701 4464 nocturnis
721 4412 915 4464 autem
934 4406 1151 4479 Vigiliis
1171 4406 1423 4478 primum
1447 4408 1610 4459 «tres
1628 4404 1781 4459 Psal-

1842 3598 1859 3605 -
1882 3565 2081 3620 Sanum
2114 3566 2174 3618 in
2199 3563 2386 3618 diebus
2414 3564 2606 3631 festis;
2635 3565 2717 3617 ita
2746 3568 2797 3617 et
2832 3579 2867 3617 a
2904 3562 3055 3617 nobis
3092 3563 3430 3618 custodiatur
3468 3565 3526 3618 in

1882 3659 2080 3712 nostris
2115 3658 2361 3712 ecclesiis.
2404 3657 2606 3711 Beatus
2644 3656 2817 3710 abbas
2846 3655 2907 3709 in
2943 3654 3041 3709 lib.
3071 3671 3087 3708 ι
3115 3655 3380 3711 adversus
3408 3657 3523 3712 Eli-

1881 3750 2157 3821 pandum,
2189 3749 2258 3805 de
2285 3748 2467 3803 ofﬁcio
2499 3748 2651 3820 apud
2676 3747 2955 3818 Hispanos
2984 3749 3115 3803 ante
3155 3748 3426 3803 saeculum
3470 3765 3525 3805 ιχ

1881 3842 2088 3898 usitato
2127 3842 2253 3897 haec
2288 3841 2461 3896 habet
2492 3856 2506 3896 :
2542 3860 2569 3893 ‹‹
2601 3840 2662 3895 Si
2694 3840 2754 3895 in
2784 3839 3116 3912 vespertinis
3139 3841 3524 3898 lucernarium

1882 3941 2013 3991 ante
2055 3935 2231 3991 altare
2275 3934 2560 4005 obtulerit,
2598 3950 2714 3989 non
2747 3936 2931 4006 potest
2964 3933 3130 3988 aliter
3171 3933 3380 4004 offerri,
3410 3934 3522 3991 nisi

1884 4028 2091 4085 dixerit
2117 4047 2131 4083 :
2161 4032 2223 4086 1n
2243 4031 2459 4085 nomine
2484 4030 2699 4085 Domini
2722 4028 2894 4084 nostri
2919 4030 3043 4083 Jesu
3092 4028 3294 4085 Christi
3346 4028 3523 4086 lumen

1885 4140 2002 4179 cum
2032 4139 2185 4194 pace.
2240 4122 2295 4178 Si
2348 4121 2523 4177 etiam
2576 4122 2857 4194 completo
2909 4120 3115 4190 ofﬁcio,
3168 4138 3286 4177 non
3338 4128 3525 4195 potest

1884 4216 2077 4289 egredi
2106 4217 2226 4272 sine
2250 4216 2355 4271 hac
2381 4216 2678 4285 solutione,
2701 4215 2811 4270 nisi
2846 4216 3005 4287 prius
3049 4216 3258 4271 dixerit
3284 4235 3297 4272 :
3327 4219 3394 4273 In
3432 4235 3526 4274 no-

1881 4315 2027 4367 mine
2051 4313 2264 4367 Domini
2288 4312 2458 4366 nostri
2481 4313 2604 4365 Jesu
2632 4311 2835 4368 Christi
2869 4325 3053 4365 eamus
3095 4326 3212 4366 cum
3241 4326 3399 4382 pace.
3436 4312 3524 4367 Sic

1882 4405 1943 4459 in
1968 4404 2323 4477 vespertinis,
2373 4404 2450 4458 sic
2478 4403 2538 4457 in
2579 4403 2893 4472 matutinis,
2926 4403 3003 4458 sic
3048 4404 3314 4459 omnibus
3341 4405 3519 4474 horis,

163 4499 231 4554 mi
256 4503 506 4559 canonici
550 4502 827 4558 recitandi
856 4505 1019 4571 sunt;
1053 4500 1255 4555 deinde
1280 4504 1395 4555 tres
1420 4498 1608 4554 missa:
1631 4498 1779 4570 psal-
1801 4514 1861 4587 D
1883 4498 2088 4571 quibus
2114 4497 2428 4555 necessaria
2454 4496 2638 4552 ofﬁcia
2662 4497 2749 4552 vel
2775 4496 3037 4552 canonica
3063 4496 3124 4551 in
3144 4496 3376 4553 ecclesia
3398 4514 3526 4571 per-

163 4608 389 4667 morum,
411 4599 617 4670 quarta
637 4596 1006 4662 canticorum,
1028 4594 1226 4666 quinta
1244 4593 1648 4649 Matutinorum
1667 4591 1784 4647 ofﬁ—

162 4687 379 4747 ciorum.
400 4691 548 4757 Quid
577 4690 650 4746 sit
678 4691 786 4745 hoc
814 4690 939 4745 loco
964 4688 1156 4757 missa,
1189 4688 1495 4743 obscurum
1536 4690 1640 4741 est.
1669 4686 1784 4741 Hoc

162 4783 479 4840 vocabulum
506 4783 813 4856 aliquando
840 4783 1167 4859 lectionem,
1190 4780 1496 4853 aliquando
1518 4796 1649 4835 vero
1668 4778 1782 4833 col-

160 4873 346 4933 lectam
387 4895 491 4935 seu
548 4878 887 4947 orationem,
936 4892 1349 4947 nonnunquam
1395 4871 1783 4929 dimissionem

163 4967 436 5041 signiﬁcat.
480 4971 780 5029 Menardus
819 4971 972 5026 hunc
1014 4970 1207 5025 locum
1245 4969 1314 5024 de
1349 4968 1595 5024 Collecta
1633 4971 1782 5022 recte

163 5060 551 5137 interpretatur
572 5083 585 5121 :
614 5087 641 5117 ‹‹
665 5067 728 5121 In
750 5063 1056 5120 Dominicis
1078 5080 1211 5120 vero
1232 5061 1452 5132 diebus,
1469 5061 1560 5117 vel
1579 5057 1785 5116 festivi-

164 5158 349 5215 tatibus
368 5164 708 5233 martyrum,
729 5158 1099 5215 solemnitatis
1130 5173 1296 5213 causa
1326 5155 1565 5228 singulae
1591 5171 1785 5227 super-

163 5250 425 5311 addantur
465 5253 671 5309 missae.
715 5255 926 5331 verum
965 5253 1027 5308 in
1063 5251 1278 5324 Vigiliis
1304 5249 1575 5315 recitandi
1604 5248 1785 5305 aderit

166 5358 302 5417 usus,
330 5348 389 5403 in
420 5348 701 5404 Matutinis
728 5347 967 5404 canendi
1001 5345 1388 5420 psallendique
1414 5343 1778 5399 consuetudo.

167 5436 429 5498 Lectiones
455 5448 650 5499 autem
680 5458 751 5498 ex
788 5440 973 5498 Veteri
993 5445 1051 5497 et
1076 5441 1227 5495 Novo
1258 5440 1612 5495 Testamento
1645 5442 1785 5494 tem.

167 5544 284 5601 pore
321 5533 488 5592 ofﬁcii
525 5532 868 5610 quotidianis
915 5534 1115 5591 diebus
1152 5528 1495 5602 recitantur;
1540 5531 1783 5588 Sabbato

166 5631 337 5684 autem
353 5635 409 5686 et
426 5630 717 5687 Dominico
743 5646 814 5686 ex
840 5630 994 5685 Novo
1014 5632 1239 5683 tantum
1256 5625 1724 5700 pronuntientur.
1750 5646 1778 5676 ››

169 5718 283 5778 Haec
310 5725 495 5782 omnia
520 5727 691 5799 longe
716 5724 1040 5798 discrepant
1065 5739 1099 5778 a
1129 5722 1360 5796 vulgato
1380 5718 1664 5778 Breviario
1675 5721 1783 5777 Mo-

170 5816 431 5890 zarabum,
451 5820 510 5879 in
538 5836 655 5897 quo
684 5819 889 5895 psalmi
915 5817 1082 5890 nulli,
1098 5817 1272 5876 nulla:
1299 5815 1566 5875 lectiones
1597 5814 1668 5873 ad
1694 5815 1783 5872 Vi-

1885 4596 2156 4663 aguntur.
2190 4611 2216 4644 »
2242 4593 2309 4646 Et
2336 4591 2459 4646 haec
2479 4590 2709 4663 quidem
2732 4591 3003 4645 hactenus
3029 4589 3296 4646 dicuntur
3318 4592 3378 4648 in
3404 4591 3527 4647 offi-

1884 4684 1969 4741 cio
1995 4685 2369 4755 Mozarabum,
2396 4685 2550 4757 quod
2577 4685 2638 4739 in
2681 4684 2803 4739 aliis
2854 4685 3101 4740 multum
3124 4686 3337 4741 recedit
3364 4704 3398 4742 a
3427 4703 3519 4744 re-

1885 4779 2033 4852 gulis
2061 4778 2257 4834 lsidori
2286 4782 2342 4835 et
2370 4778 2685 4835 Fructuosi.

1958 4876 2043 4930 19.
2075 4873 2232 4928 Dicat
2267 4872 2458 4928 forsan
2485 4870 2690 4945 aliquis
2717 4871 2777 4927 in
2804 4869 2892 4928 his
2920 4872 3135 4946 regulis
3185 4875 3523 4933 monasticos

1882 4966 2025 5022 ritus
2058 4966 2417 5039 praescriptos
2457 4966 2651 5037 fuisse,
2680 4983 2800 5022 non
2829 4984 3216 5041 communem,
3244 4971 3425 5043 qualis
3464 4972 3524 5030 in

1884 5060 2195 5133 Hispanicis
2231 5060 2491 5116 Ecclesiis
2516 5061 2939 5117 observabatur.
2968 5062 3348 5121 Conﬁrmatur
3373 5066 3431 5122 id
3454 5083 3524 5122 ex

1884 5154 2108 5211 concilii
2134 5154 2490 5210 Bracarensis
2519 5154 2691 5226 primi
2715 5172 2929 5211 canone
2952 5160 2974 5211 1
3002 5157 3395 5231 relectionum,
3424 5160 3523 5216 ubi

1883 5248 2225 5319 decernitur,
2260 5251 2325 5305 Ut
2347 5264 2487 5304 unus
2515 5245 2706 5321 395
2729 5254 2890 5319 atque
2919 5251 3065 5306 idem
3087 5253 3367 5325 psallendi
3394 5252 3524 5309 ordo

1881 5343 1941 5399 in
1966 5342 2255 5399 matutinis
2278 5344 2364 5398 vel
2381 5344 2701 5414 vespertinis
2721 5345 2905 5413 ofﬁciis
2930 5349 3210 5414 teneatur;
3243 5349 3294 5401 et
3314 5360 3422 5401 non
3442 5346 3525 5403 di-

1880 5453 2045 5494 versae
2072 5454 2136 5493 ac
2163 5439 2414 5509 priuata,
2444 5450 2614 5509 neque
2639 5439 3084 5495 monasteriorum
3121 5440 3525 5498 consuetudines

1881 5549 2000 5589 cum
2053 5530 2409 5588 ecclesiastica
2454 5533 2567 5587 sint
2600 5534 2901 5603 permixtae.
2965 5533 3171 5588 Verum
3220 5532 3521 5608 haudqua-

1882 5643 2058 5700 quam
2109 5625 2413 5682 verisimile
2448 5631 2554 5696 est,
2601 5625 2895 5694 lsidorum,
2942 5626 3042 5698 qui
3078 5630 3374 5700 tantopere
3418 5646 3523 5702 pro

1881 5721 1997 5778 ritu
2022 5719 2365 5778 Mozarabico
2394 5719 2693 5787 laboravit,
2739 5722 2806 5775 ut
2831 5720 2954 5793 ejus
2978 5724 3174 5776 auctor
3197 5721 3476 5777 habeatur
3504 5742 3518 5779 :
3562 5743 3567 5747 ·

1881 5832 2017 5887 non,
2046 5815 2304 5889 inquam,
2342 5813 2645 5871 verisimile
2674 5817 2759 5871 est
2787 5812 2847 5870 in
2886 5813 3243 5870 monasteriis
3283 5813 3352 5870 ab
3396 5813 3520 5886 ipso
