4014 6230
188 280 275 337 2593

1240 270 1322 331 DE
1360 277 1579 332 CURSL’
1616 274 1989 331 GALLICANO
2028 272 2436 339 DISQUISITIO.

3442 272 3541 323 394

185 389 398 442 dicaret.
419 385 530 441 Sed
550 385 655 438 etsi
674 383 729 437 in
744 381 985 455 publicis
1007 382 1263 437 ﬁdelium
1286 383 1659 437 comentibus
1673 383 1797 452 jam
1822 396 1881 467 Α
1903 383 1961 434 In
1984 381 2170 451 primo
2193 397 2257 433 ex
2283 380 2370 432 his
2393 377 2573 432 tribus
2590 375 2748 431 libris
2767 374 2969 430 asserit
2985 374 3350 447 vindicatque
3378 394 3541 430 usuin

181 481 297 535 inde
325 480 394 533 ab
426 479 695 533 Ecclesia
726 477 1016 532 nascentis
1046 477 1281 531 exordio
1316 478 1520 548 psalmi
1556 477 1796 548 aliaque

182 589 358 646 preces
386 574 645 627 recitata
688 572 820 637 sint,
856 575 1053 625 tamen
1078 572 1249 641 longe
1274 571 1385 624 alia
1406 574 1531 624 erat
1550 588 1618 624 eo
1648 574 1793 624 tem-

182 683 301 738 pore
317 682 488 736 quam
521 665 899 735 subsequenti
920 664 1238 734 disciplina.
1262 666 1459 734 Neque
1484 664 1641 718 enim
1668 681 1798 718 can-

182 760 325 813 tusin
342 776 443 813 usu
464 761 601 813 tunc
625 762 766 824 erat,
788 774 892 812 nec
913 761 1070 833 certa
1096 758 1450 828 psalmorum
1471 761 1571 811 aut
1606 757 1798 812 lectio-

180 870 301 908 num
338 853 657 923 dispositio.
709 875 737 901 ‹‹
781 851 1075 906 Primitiva
1125 851 1377 922 (quippe)
1422 851 1673 905 Ecclesia
1717 851 1796 905 ita

180 946 451 1017 psallebat,
506 950 571 999 ut
612 944 841 999 modico
882 946 1031 998 ﬂexu
1076 944 1229 998 vocis
1268 945 1483 997 faceret
1522 960 1794 998 resonare

179 1040 515 1111 psallentem,
549 1039 631 1093 ita
652 1042 715 1092 ut
744 1038 1149 1108 pronuntianti
1180 1037 1421 1091 vicinior
1442 1041 1592 1091 esset
1618 1054 1792 1107 quam

177 1132 403 1197 canenti,
438 1154 465 1179 ››
497 1132 580 1185 ait
613 1133 882 1187 Rabanus
910 1132 967 1185 in
990 1132 1088 1184 lib.
1124 1130 1195 1184 de
1229 1131 1589 1186 Institutione
1616 1130 1793 1185 Cleri-

174 1242 353 1280 corum
391 1242 518 1295 cap.
564 1227 633 1280 48
674 1226 827 1293 (Vid.
872 1227 1190 1294 Augustin.,
1225 1241 1414 1293 supra,
1447 1241 1581 1293 pag.
1647 1226 1790 1294 391).

174 1320 313 1373 Idem
339 1318 531 1372 subdit
558 1300 714 1389 quod
743 1335 809 1372 ex
840 1318 1057 1372 Isidoro
1076 1317 1295 1387 accepit
1319 1335 1331 1370 :
1364 1340 1392 1366 ‹‹
1414 1319 1655 1387 Pr0pter
1678 1334 1794 1370 car-

174 1413 315 1465 nales
330 1417 523 1465 autem
548 1412 607 1465 in
624 1412 890 1477 Ecclesia,
906 1428 1024 1465 non
1046 1415 1282 1481 propter
1299 1410 1643 1481 spirituales,
1664 1427 1794 1464 con-

170 1505 390 1559 suetudo
421 1505 699 1559 cantandi
737 1508 823 1558 est
861 1505 1149 1569 instituta;
1182 1508 1243 1557 ut
1277 1503 1412 1574 quia
1448 1504 1633 1557 verbis
1677 1520 1791 1558 non

170 1602 643 1668 compunguntur,
660 1598 937 1652 suavitate
964 1597 1375 1651 modulaminis
1395 1599 1789 1651 moveantur.»

169 1694 359 1746 Parum
383 1692 582 1761 itaque
611 1689 805 1763 399
834 1690 1140 1744 verisimile
1181 1694 1267 1743 est
1302 1689 1360 1742 id
1406 1690 1562 1760 quod
1602 1690 1796 1743 scribit

1900 474 2163 529 Ecclesia
2208 470 2627 544 Lugdunensis,
2668 487 2797 543 qua
2842 471 2997 524 nulla
3027 470 3280 538 cantica,
3324 470 3432 524 nisi
3478 487 3545 523 ex

1898 568 2158 634 Psalmis,
2212 568 2398 621 nullos
2443 567 2690 637 hymnos
2737 582 2771 618 a
2819 563 3004 635 poetis
3048 563 3307 635 scriptos,
3360 563 3544 617 nullas

1898 664 2285 732 praterquam
2313 678 2378 714 ex
2406 676 2569 713 sacra
2595 657 2885 728 Scriptura
2908 657 3184 712 lectiones
3214 657 3275 710 in
3298 657 3401 712 Dei
3428 658 3547 711 lau-

1899 754 2065 808 dibus
2096 758 2230 807 tunc
2271 752 2634 807 admittebat.
2677 774 2703 801 ‹‹
2733 750 2849 806 Sed
2879 754 2937 805 et
2961 750 3282 805 reverenda
3304 749 3547 805 concilia

1897 851 2149 919 patrum,
2166 846 2371 917 inquit,
2387 846 3107 915 decernunt,ncquaquam
3121 844 3379 915 plebeios
3394 844 3542 914 psal-

1898 956 2025 994 mos
2053 940 2111 993 in
2145 939 2395 993 Ecclesia
2425 937 2850 1005 decantandos;
2876 941 2934 991 et
2964 937 3107 991 nihil
3136 937 3361 1008 poetice
3384 953 3543 990 com-

1896 1033 2150 1105 positum
2166 1032 2223 1086 in
2243 1031 2451 1085 divinis
2475 1031 2738 1085 laudibus
2760 1031 3223 1101 usurpandum.»
3259 1030 3360 1084 Hic
3386 1031 3543 1083 locus

1897 1130 2131 1201 respicit
2158 1146 2444 1184 canonem
2480 1128 2889 1182 duodecimum
2937 1128 3163 1183 concilii
3193 1127 3366 1198 primi
3406 1127 3543 1180 Bra-

1897 1224 2167 1288 carensis,
2184 1240 2299 1294 quo
2318 1221 2667 1288 decernitur,
2692 1224 2758 1276 Ut
2774 1227 2930 1276 cntra
2958 1223 3197 1276 Psalmos
3222 1222 3308 1276 vel
3330 1224 3547 1276 canoni-

1894 1333 2079 1372 carum
2102 1320 2507 1386 Scripturarum
2532 1317 2673 1371 Novi
2698 1320 2747 1368 et
2779 1316 2983 1370 Veteris
3016 1317 3359 1378 Testamenti,
3401 1315 3542 1369 nihil

1889 1417 2092 1485 poetice
2115 1417 2458 1484 compositum
2484 1415 2543 1467 in
2576 1413 2812 1467 Ecclesia
2837 1412 3132 1481 psallatu-r,
3160 1415 3299 1467 sicut
3334 1417 3384 1466 et
3419 1428 3541 1467 san-

1895 1511 1969 1562 cti
2017 1510 2343 1578 praecipiunt
2383 1521 2625 1573 canones,
2664 1521 2874 1576 nempe
2939 1505 3165 1560 concilii
3210 1505 3534 1572 Laodiceni,

1898 1601 2057 1671 cujus
2076 1618 2263 1655 canon
2289 1604 2354 1655 59
2370 1601 2605 1670 plebeios
2614 1600 2853 1670 psalmos
2875 1599 2933 1652 in
2948 1598 3196 1651 Ecclesia
3213 1598 3344 1651 cani
3354 1602 3537 1661 vetat;

1898 1711 2001 1748 nec
2034 1695 2175 1748 alios
2202 1694 2378 1747 libros
2406 1696 2608 1748 Praeter
2637 1695 2904 1749 Cononem
2925 1691 3058 1761 legi.
3086 1691 3211 1744 Alia
3239 1690 3349 1744 fuit
3367 1689 3537 1744 disci-

168 1787 312 1838 vetus
330 1788 530 1839 auctor
560 1784 715 1855 apud
747 1784 1187 1855 Spelmannum,
1214 1783 1522 1837 Photinum
1566 1783 1794 1853 Lugdu-
1817 1777 1872 1849 B
1896 1786 2055 1857 plina
2080 1786 2306 1840 concilii
2343 1802 2397 1839 iv
2434 1785 2693 1840 Toletani
2728 1784 2786 1838 in
2826 1801 3048 1839 canone
3098 1787 3181 1849 1'2,
3216 1782 3326 1837 alia
3361 1782 3537 1837 etiam

172 1894 410 1944 nensem,
440 1881 499 1931 et
525 1877 905 1947 'I‘ropbimum
928 1878 1325 1930 Arelatensem
1346 1876 1643 1947 episcopos
1669 1894 1796 1931 auc-

168 1974 305 2024 tores
327 1970 523 2037 fuisse,
556 1974 619 2024 ut
648 1987 844 2025 cursus
873 1970 1154 2024 Asiaticus
1184 1971 1241 2023 in
1271 1970 1385 2023 suis
1427 1970 1682 2024 ecclesiis
1714 1970 1794 2024 in-

170 2064 500 2118 stitueretur.
522 2065 650 2118 Alia
672 2064 917 2134 proinde
934 2063 1057 2133 ejus
1071 2063 1337 2134 reigorigo
1356 2064 1670 2133 quarenda
1686 2068 1788 2117 est.

228 2161 307 2210 '25.
340 2158 417 2210 De
440 2156 847 2227 Lugdunensis
866 2157 1121 2210 ecclesia
1143 2173 1311 2210 cursu
1338 2157 1481 2210 nihil
1503 2156 1793 2228 antiquius

171 2249 395 2304 occurrit
414 2267 597 2320 quam
609 2250 765 2321 quod
778 2250 989 2320 legitur
1001 2250 1058 2303 in
1072 2250 1375 2304 collatione
1392 2250 1791 2321 episcoporum

173 2359 308 2396 anno
336 2344 438 2396 499
472 2344 675 2397 habita
692 2359 887 2398 coram
909 2342 1265 2397 Gundobado
1290 2343 1632 2413 Burgundia
1653 2361 1790 2415 rege

170 2436 418 2491 adversus
435 2436 704 2491 Arianos.
738 2436 1092 2507 Designataa
1111 2453 1249 2507 rege
1280 2437 1508 2491 collatio
1532 2437 1605 2490 ad
1636 2438 1791 2492 diem

171 2530 365 2583 festum
404 2531 592 2584 sancti
626 2530 787 2585 Justi.
835 2533 897 2603 In
942 2530 1138 2600 vigilia
1172 2530 1349 2600 ipsius
1387 2531 1788 2596 solemnitatis,

172 2623 402 2694 episcopi
423 2623 808 2678 decreverunt
823 2623 896 2677 ad
919 2624 1042 2693 ejus
1063 2624 1403 2695 ,sepulcrum
1428 2627 1788 2694 pernoctare,

172 2720 223 2769 ut
239 2717 437 2771 futura
459 2717 785 2772 collationis
805 2735 1129 2771 successum
1151 2718 1264 2772 Deo
1286 2718 1788 2772 commendarent.

175 2810 406 2863 «Evenit
436 2815 639 2865 autem
666 2815 729 2865 ut
759 2827 829 2864 ea
863 2815 1051 2875 nocte,
1083 2828 1213 2865 cum
1250 2813 1430 2866 lector
1472 2812 1789 2865 secundum

170 2919 372 2957 morem
402 2904 691 2975 inciperet
720 2904 1025 2958 lectionem
1061 2922 1095 2958 a
1122 2906 1331 2975 Moyse,
1366 2905 1567 2960 incidit
1604 2906 1663 2959 in
1694 2906 1792 2959 illa

169 2996 320 3051 verba
345 2998 586 3052 Domini
615 3014 628 3051 ε
655 2999 761 3054 Sed
775 3014 868 3068 ego
882 2999 1151 3053 indurabo
1176 3015 1267 3053 cor
1285 3000 1417 3068 ejus,
1438 3004 1545 3054 etc.
1570 2999 1789 3055 Deinde

168 3106 281 3144 cum
305 3095 430 3161 post
450 3092 708 3162 psalmos
730 3091 1064 3146 decantatos
1083 3092 1355 3147 recitaret
1379 3110 1445 3147 ex
1470 3094 1787 3164 prophetis,

170 3189 527 3239 occurrerunt
545 3185 723 3238 verba
750 3185 984 3240 Domini
1006 3186 1080 3239 ad
1092 3185 1283 3240 Esiam
1306 3186 1550 3243 dicentis
1573 3205 1585 3242 :
1620 3188 1785 3251 Vade,

167 3282 210 3330 et
229 3278 362 3332 dices
378 3280 586 3350 populo
615 3280 740 3333 huic
766 3298 783 3333 :
813 3280 1014 3335 Audite
1042 3280 1341 3343 audientes,
1369 3284 1477 3334 etc.
1530 3282 1787 3353 Cumque

168 3369 336 3425 adhuc
366 3372 577 3442 psalmi
600 3372 844 3427 fuissent
864 3372 1175 3441 decantati,
1200 3377 1259 3427 et
1278 3375 1498 3445 legeret
1524 3392 1591 3429 ex
1610 3378 1787 3431 Evan-

168 3464 322 3533 gelia,
340 3465 544 3520 incidit
569 3466 629 3520 in
653 3466 847 3533 verba,
865 3467 1071 3537 quibus
1093 3468 1354 3522 Salvator
1373 3469 1680 3538 exprobrat
1696 3472 1787 3525 Ju-

168 3554 291 3611 dais
316 3558 785 3614 incredulitatem
821 3578 834 3614 :
874 3563 967 3617 Vae
994 3562 1096 3615 tibi
1123 3563 1425 3624 Corazaim,
1467 3565 1574 3616 etc.
1610 3563 1783 3616 Deni-

168 3665 264 3719 que
289 3668 417 3706 cum
439 3654 613 3708 lectio
644 3654 810 3708 ﬁeret
834 3670 899 3707 ex
928 3655 1224 3725 Apostolo,
1258 3655 1631 3726 pronuntiata
1657 3660 1790 3711 sunt

168 3744 320 3800 verba
344 3746 439 3800 illa
473 3763 487 3801 :
518 3750 611 3803 An
636 3749 863 3803 divitias
894 3748 1149 3821 bonitatis
1169 3749 1299 3818 ejus,
1330 3752 1437 3802 etc.
1469 3749 1634 3813 Quod
1656 3768 1786 3805 cum

168 3836 227 3891 ab
254 3840 516 3895 omnibus
546 3841 831 3912 episcopis
860 3842 1226 3897 observatum
1252 3844 1474 3911 fuisset,
1508 3861 1787 3915 cognove-

168 3936 284 3985 runt
310 3933 588 3990 lectiones
627 3936 752 3989 illas
782 3936 861 3990 sic
897 3937 1230 4005 occurrisse,
1258 3939 1486 3993 volente
1514 3939 1783 4007 Domino,

170 4028 221 4077 ut
242 4026 445 4083 scirent
469 4029 809 4084 induratum
827 4047 949 4085 esse
977 4048 1077 4085 cor
1089 4032 1265 4102 regis.
1288 4056 1316 4082 »
1346 4033 1423 4087 Ex
1448 4033 1558 4088 hoc
1576 4033 1787 4104 insigni

170 4117 276 4173 loco
300 4123 555 4195 quinque
591 4123 865 4178 discimus
912 4125 983 4179 de
1029 4126 1268 4197 antiqua
1314 4127 1598 4197 psallendi
1633 4127 1785 4198 apud

170 4210 563 4284 Lugdunenses
593 4216 913 4289 disciplina.
944 4219 1201 4273 Primum
1225 4219 1282 4273 in
1314 4220 1523 4291 vigiliis
1554 4225 1781 4275 noctur-

169 4304 244 4358 nis
263 4313 503 4378 quatuor
528 4311 845 4367 lectionum
875 4329 1092 4383 genera
1112 4314 1264 4369 facta
1284 4314 1477 4382 fuisse,
1510 4314 1784 4369 nimirum

170 4413 225 4452 ex
259 4401 667 4473 Heptateucho,
697 4424 765 4460 ex
802 4407 1124 4477 Prophetis,
1158 4425 1223 4461 ex
1254 4408 1585 4479 Evangelio,
1616 4414 1675 4463 et
1719 4428 1786 4464 ex

1895 1879 2279 1950 quorumdam
2311 1879 2507 1933 Gallia
2537 1877 2932 1942 conciliorum,
2966 1880 3027 1929 ut
3049 1875 3416 1947 Agathensis,
3442 1892 3535 1929 ca-

1894 1989 2048 2027 none
2080 1974 2167 2039 30,
2198 1976 2256 2025 et
2293 1971 2658 2037 Turonensis,
2700 1988 2923 2026 canone
2959 1972 3045 2035 23,
3090 1969 3190 2022 ubi
3224 1968 3446 2039 hymni,
3480 1972 3538 2022 et

1895 2065 2133 2136 quidem
2159 2065 2530 2119 Ambrosiani
2554 2065 2625 2119 ad
2656 2062 3042 2118 ecclesiastica
3064 2061 3256 2115 ofﬁcia
3281 2062 3532 2132 proban-

1894 2166 2006 2230 tur,
2034 2162 2151 2217 imo
2180 2166 2239 2216 et
2266 2162 2513 2217 aliorum
2543 2166 2869 2227 auctorum,
2898 2162 2993 2229 qui
3018 2160 3174 2228 digni
3204 2164 3332 2213 sunt
3352 2161 3534 2225 forma

1893 2259 2130 2311 cantari.
2157 2255 2497 2325 Agobardus
2530 2253 2717 2327 401
2757 2253 2939 2320 addit,
2970 2251 3144 2305 cuivis
3175 2255 3376 2306 contra
3403 2268 3531 2304 sen-

1892 2350 2061 2402 tienti
2097 2350 2357 2403 sufﬁcere
2396 2348 2627 2415 debere,
2657 2347 2813 2418 quod
2863 2369 2890 2394 «
2931 2345 3075 2400 sicut
3118 2345 3176 2398 in
3219 2344 3420 2398 diebus
3461 2344 3535 2398 ad

1892 2442 2096 2497 missas
2148 2442 2381 2497 nonnisi
2422 2442 2615 2495 divina
2657 2440 3009 2511 generaliter
3046 2438 3275 2509 eloquia
3319 2438 3529 2492 decan-

1893 2539 2107 2601 tantur,
2134 2536 2213 2589 ita
2228 2539 2287 2589 et
2305 2535 2362 2588 in
2378 2534 2642 2589 noctibus
2664 2534 2738 2587 ad
2767 2550 2957 2588 sacras
2979 2533 3098 2586 Deo
3119 2530 3354 2601 Vigilias
3375 2530 3529 2584 exhi-

1892 2628 2113 2684 bendas
2136 2646 2204 2683 ea
2226 2630 2423 2699 procul
2446 2627 2620 2682 dubio
2650 2629 2737 2681 lex
2759 2627 2967 2680 debeat
2987 2623 3296 2679 observari.
3324 2646 3351 2673 »
3378 2624 3533 2678 Idem

1892 2723 2170 2793 probatin
2189 2721 2453 2799 sequenti
2466 2722 2610 2776 libro
2632 2721 2703 2774 de
2722 2719 3090 2776 Correctione
3103 2716 3532 2788 Antiphonarii,

1894 2816 1993 2869 ubi
2019 2817 2143 2869 hac
2168 2816 2369 2870 verba:
2396 2836 2422 2864 «
2450 2816 2574 2869 Non
2605 2830 2745 2884 ergo
2777 2814 3167 2883 cujuscunque
3214 2810 3529 2881 ﬁgmentis,

1893 2909 1993 2963 sed
2015 2909 2258 2980 Spiritus
2278 2910 2459 2962 sancti
2480 2908 2724 2978 eloquiis
2738 2906 3001 2977 Majestas
3028 2905 3221 2959 divina
3241 2903 3532 2958 laudanda

1894 3006 1996 3057 est.
2049 3026 2076 3051 »
2115 3004 2184 3056 Et
2220 3003 2390 3073 paulo
2427 3005 2555 3072 post
2594 3000 2792 3055 laudat
2836 2999 3121 3070 quosdam
3166 3021 3193 3048 «
3230 2996 3532 3068 religiosos

1891 3097 2063 3161 viros,
2087 3096 2183 3168 qui
2206 3095 2477 3166 subjectis
2502 3094 2611 3148 sibi
2632 3094 2903 3148 fratribus
2928 3095 3281 3164 praceptum
3299 3092 3414 3145 tale
3438 3091 3532 3145 de-

1892 3191 2122 3257 derunt,
2147 3212 2173 3239 ››
2200 3194 2260 3244 ut
2292 3213 2319 3239 «
2351 3190 2540 3243 nullus
2568 3191 2882 3260 prasumat
2895 3185 3279 3258 responsoria,
3305 3187 3405 3240 aut
3434 3201 3531 3238 an-

1894 3284 2180 3355 tiphonas,
2196 3300 2323 3355 qua
2336 3284 2523 3337 solent
2534 3282 2708 3352 aliqui
2722 3280 3043 3352 composito
3059 3296 3201 3335 sono
3218 3295 3323 3350 pro
3342 3278 3527 3345 libitu,

1892 3396 2009 3433 non
2037 3395 2103 3432 ex
2128 3377 2406 3432 canonica
2430 3377 2723 3447 Scriptura
2750 3377 3047 3446 assumpta
3068 3390 3296 3440 canere,
3316 3373 3375 3426 in
3400 3389 3533 3428 con-

1890 3473 2232 3542 gregatione
2256 3471 2365 3525 ista
2380 3471 2466 3525 vel
2489 3469 2779 3535 meditari,
2804 3470 2891 3522 vel
2905 3468 3113 3522 dicere.
3140 3488 3168 3516 »
3197 3467 3335 3531 Qua
3355 3466 3529 3520 verba

1889 3571 2021 3620 sunt
2061 3568 2392 3619 sanctorum
2424 3563 2584 3618 Pauli
2625 3565 2681 3615 et
2730 3560 3007 3632 Stephani
3058 3560 3118 3614 in
3157 3561 3372 3631 regula
3410 3576 3527 3613 sua

1889 3676 2014 3729 cap.
2060 3661 2141 3713 14.
2181 3660 2427 3712 Demum
2458 3657 2539 3710 ita
2574 3655 2863 3710 concludit
2900 3653 3242 3724 Agobardus
3270 3670 3283 3707 :
3318 3675 3345 3703 ‹‹
3374 3652 3525 3716 Qua-

1889 3756 2144 3824 propter,
2178 3751 2487 3807 auxiliante
2514 3749 2615 3803 Dei
2636 3748 2845 3818 gratia,
2879 3747 3039 3802 omni
3068 3746 3257 3800 studio
3297 3746 3529 3818 pietatis

1888 3846 2220 3901 instandum
2253 3849 2425 3915 atque
2459 3842 2885 3899 observandum
2917 3844 3021 3904 est,
3055 3844 3117 3894 ut
3146 3841 3291 3894 sicut
3326 3839 3400 3894 ad
3429 3856 3522 3894 ce-

1888 3940 2167 3994 lebranda
2192 3939 2498 3993 missarum
2529 3937 2814 3993 solemnia
2838 3936 3013 3990 habet
3037 3934 3291 3997 Ecclesia,
3313 3934 3523 3988 librum

1888 4034 2297 4105 mysteriorum
2329 4032 2441 4087 ﬁde
2489 4033 2812 4105 purissima,
2840 4034 2897 4086 et
2918 4029 3201 4085 concinna
3243 4027 3522 4083 brevitate

1888 4133 2199 4204 digestum,
2214 4131 2390 4186 habet
2411 4132 2690 4186 etlibrum
2712 4130 3047 4197 lectionum,
3062 4146 3128 4183 ex
3147 4126 3523 4182 divinislibris

1887 4244 2145 4298 congrua
2169 4226 2395 4281 ratione
2435 4226 2760 4291 collectum,
2796 4224 2877 4279 ita
2912 4223 3091 4277 etiam
3128 4225 3186 4276 et
3225 4222 3376 4276 hunc
3407 4224 3521 4275 ter-

1886 4322 2032 4375 tium
2045 4320 2621 4376 ofﬁcialemlibellum
2637 4319 2694 4373 id
2714 4315 3292 4387 estAntiphonarium
3313 4314 3525 4369 habea-

1886 4432 2017 4471 mus
2033 4415 2304 4471 omnibus
2319 4414 2590 4468 humanis
2610 4411 2905 4483 ﬁgmentis
2924 4408 3307 4463 etmendaciis
3324 4424 3524 4478 expur-

167 4494 437 4593 §.P05tolo‘.
477 4498 709 4593 Deinde
753 4501 1028 4555 lectiones
1059 4501 1186 4555 illas
1234 4502 1473 4557 fortuito
1520 4504 1579 4557 in
1626 4504 1785 4559 illum
1802 4522 1862 4593 D
1887 4514 2108 4581 gatum,
2124 4512 2180 4563 et
2213 4526 2316 4580 per
2332 4511 2517 4563 totum
2532 4506 2667 4561 anni
2685 4506 2958 4559 circulum
2974 4520 3039 4556 ex
3053 4500 3372 4573 purissimis
3388 4517 3517 4555 san-

170 4584 304 4642 diem
318 4590 758 4659 incidisse,forte
776 4595 931 4665 quod
944 4597 1057 4650 Pen
1066 4596 1395 4651 tateuchum
1408 4600 1465 4651 et
1477 4604 1781 4669 sequentes

169 4677 298 4748 libri,
321 4683 513 4758 400
537 4690 658 4741 tum
682 4688 999 4759 propheta,
1018 4690 1347 4761 Evangelia,
1372 4694 1429 4745 et
1447 4692 1608 4745 Pauli
1628 4693 1780 4764 Epis-

169 4773 281 4827 tola
305 4784 725 4850 consequenter
742 4782 1104 4852 legerentur;
1125 4787 1183 4837 et
1207 4784 1267 4838 in
1296 4786 1562 4855 sequenti
1589 4787 1778 4842 ofﬁcio

169 4863 286 4920 inde
312 4870 475 4927 lectio
506 4873 805 4945 inciperet,
835 4876 931 4930 ubi
963 4876 1021 4930 in
1044 4877 1327 4948 superiori
1350 4878 1629 4934 desiisset.
1653 4882 1779 4935 Ter-

171 4962 314 5032 tium,
337 4974 644 5025 nocturnas
666 4973 899 5044 Vigilias
925 4991 957 5028 a
985 4976 1233 5031 lectione
1251 4977 1570 5048 incapisse.
1597 4978 1777 5043 Quar-

171 5058 276 5112 tum
306 5077 457 5131 vero,
491 5065 831 5121 lectionibus
857 5070 1220 5124 Psalmorum
1243 5075 1477 5125 cantum
1494 5071 1665 5127 fuisse
1697 5073 1780 5127 in-

173 5151 509 5222 terpositum.
544 5159 820 5223 Quintum
866 5161 1137 5234 denique,
1195 5166 1381 5220 nullas
1413 5165 1484 5220 de
1511 5166 1777 5238 passione

171 5248 330 5301 sancti
345 5250 487 5305 iusti
512 5253 787 5310 lectiones
812 5256 1011 5311 factas.
1038 5258 1205 5322 Quod
1219 5275 1396 5329 quam
1429 5260 1502 5315 ob
1532 5277 1657 5315 rem
1685 5260 1780 5316 ob-

172 5352 459 5413 servemus,
489 5363 553 5401 ex
576 5351 1064 5420 consequentibus
1089 5352 1459 5424 intelligetur.

230 5435 308 5488 26.
346 5438 429 5491 Ab
454 5456 522 5495 eo
551 5444 815 5513 tempore
845 5444 919 5498 ad
946 5447 1218 5502 saculum
1251 5464 1305 5502 1x
1336 5448 1479 5503 nihil
1510 5448 1581 5503 de
1612 5466 1779 5504 cursu

174 5521 516 5597 Lugdunensi
540 5536 765 5607 reperio
789 5537 851 5591 in
874 5539 1109 5594 vetustis
1134 5542 1548 5611 monumentis,
1571 5547 1782 5614 prater

173 5614 240 5685 id,
260 5624 405 5693 quod
424 5627 588 5682 nobis
605 5631 1213 5704 suggeritAgobardus
1225 5635 1348 5705 ejus
1369 5636 1525 5691 urbis
1540 5637 1781 5691 antistes

177 5708 225 5766 in
248 5715 383 5774 libro
411 5721 480 5775 de
507 5722 700 5778 divina
718 5726 1066 5795 Psalmodia,
1097 5728 1353 5801 itemque
1379 5730 1439 5785 in
1466 5730 1593 5786 aliis
1622 5731 1782 5786 libris

179 5803 240 5861 de
264 5810 615 5874 Correctione
633 5818 1057 5891 Antiphonarii,
1088 5826 1146 5878 et
1172 5827 1374 5882 contra
1397 5825 1779 5882 Amalarium.

470 5912 742 5981 PATROL.
790 5916 1029 5986 LXXII.

1880 4609 1984 4661 cta
1998 4603 2303 4674 Scriptura
2321 4601 2508 4656 verbis
2523 4597 3002 4655 sufﬁcientissime
3017 4595 3369 4664 ordinatum;
3387 4610 3524 4665 qua-

1882 4704 2048 4754 tenus
2092 4698 2151 4750 in
2201 4696 2374 4751 sacris
2419 4694 2621 4749 ofﬁciis
2654 4691 3068 4764 peragendis...
3123 4706 3239 4743 una
3274 4706 3308 4743 a
3353 4687 3522 4743 nobis

1880 4796 2052 4864 atque
2066 4791 2273 4845 eadem
2289 4788 2642 4844 custodiatur
2654 4789 2841 4841 forma
2853 4784 3396 4849 orationum,forma
3411 4783 3521 4837 lec-

1882 4887 2128 4952 tionum,
2144 4888 2203 4938 et
2231 4885 2418 4938 forma
2438 4880 2953 4937 ecclesiasticarum
2975 4877 3460 4932 modulationum.
3486 4898 3515 4927 ››

1952 4984 2039 5034 '27.
2074 4980 2231 5033 Hunc
2270 4977 2448 5031 ritum
2485 4976 2544 5029 in
2574 4973 2857 5046 aliquibus
2897 4972 3075 5027 etiam
3108 4988 3261 5025 nunc
3308 4970 3525 5025 retinet

1881 5073 2116 5129 ecclesia
2148 5068 2575 5143 Lugdunensis;
2609 5068 2711 5122 sed
2751 5067 2810 5121 in
2841 5067 3149 5138 plerisque,
3180 5065 3433 5120 maxime
3459 5063 3518 5117 in

1880 5168 2241 5223 Psalmorum
2282 5146 2703 5227 distributione,
2744 5178 2875 5215 cum
2924 5162 3190 5215 Romana
3232 5156 3518 5213 convenit.

1880 5263 2074 5317 Nullos
2117 5262 2363 5332 hymnos
2396 5257 2590 5324 habet,
2633 5255 2741 5310 nisi
2774 5254 2848 5309 ad
2878 5252 3365 5325 Completorium;
3399 5249 3512 5302 Iec-

1879 5361 2069 5416 tiones
2093 5376 2161 5415 ex
2185 5357 2337 5413 Actis
2358 5358 2689 5411 sanctorum
2713 5352 2987 5409 admittit.

1952 5458 2039 5509 28.
2058 5452 2340 5508 Eumdem
2360 5450 2543 5505 ferme
2565 5449 2741 5504 ritum
2754 5449 2942 5501 servat
2954 5442 3202 5499 Ecclesia
3223 5440 3512 5495 Viennen-

1882 5549 1977 5617 sis,
2010 5564 2139 5619 qua
2168 5547 2356 5601 nullos
2379 5544 2599 5616 pariter
2624 5544 2871 5614 hymnos
2911 5537 3084 5605 canit,
3109 5535 3219 5591 nisi
3244 5534 3319 5589 ad
3346 5534 3513 5589 Com-

1881 5642 2213 5714 pletorium,
2248 5637 2444 5712 402
2468 5638 2657 5692 varios
2682 5651 2786 5706 pro
2826 5632 3000 5687 variis
3030 5630 3211 5685 festis.
3239 5631 3302 5683 In
3330 5625 3519 5682 officio

1883 5752 1986 5809 pro
2014 5733 2257 5791 mortuis
2280 5734 2560 5803 Vesperas
2583 5730 2825 5786 collocat
2847 5728 2978 5796 post
3006 5724 3246 5779 Laudes.
3273 5718 3433 5775 Unde
3455 5717 3514 5771 in

1882 5829 2145 5886 solemni.
2189 5824 2583 5885 anniversario
2636 5819 2899 5877 omnium
2950 5816 3355 5873 defunctorum
3407 5809 3511 5861 Ve-

3124 5916 3195 5975 13
