4014 6230
448 300 551 349 39:3
1240 292 1572 351 APPENDIX
1611 294 1698 348 AD
1735 292 1955 348 OPERA
1995 290 2227 347 SANCTI
2266 288 2567 347 GERMANI
2604 288 3029 346 PARISIENSIS.

3721 291 3824 344 396

444 422 640 477 speras
670 403 861 459 differt
884 403 943 459 in
971 404 1126 459 diem
1149 404 1462 458 secundam
1488 401 1842 457 Novembris.
1865 403 1932 455 Et
1955 401 2076 472 qui-
2096 413 2155 485 Α
2176 401 2406 471 altaque
2441 404 2498 453 et
2537 399 2832 453 modulata
2882 415 3040 465 voce,
3082 398 3267 454 instar
3319 397 3665 455 clericorum
3721 399 3815 453 alii

445 499 581 553 dem
624 500 734 553 hoc
766 499 968 554 ordine
1002 497 1449 570 praescribuntur
1486 495 1543 549 in
1596 499 1816 549 vetusto
1864 495 2078 551 Ordine

446 594 707 647 Romano
730 610 838 647 ms.
862 595 923 647 In
938 592 1087 646 Actis
1109 589 1286 645 sancti
1309 589 1461 643 Clari
1484 589 1727 655 abbatis,
1756 589 1854 660 qui
1875 591 2078 645 saeculo

441 702 519 740 vn
551 686 763 754 ﬂoruit,
802 687 1177 740 recensentur
1203 682 1501 753 utriusque
1533 699 1697 736 sexus
1724 684 2079 739 monasteria

442 780 768 847 duodecim,
792 779 851 833 in
874 778 1080 849 quibus
1101 793 1445 831 numerosus
1464 777 1671 831 chorus
1688 776 1947 831 assiduas
1959 779 2076 832 Deo

442 874 640 927 laudes
681 871 1058 943 persolvebat.
1106 870 1182 923 De
1221 870 1539 924 cathedrali
1576 870 1757 924 sancti
1802 871 2074 939 Mauricii,

442 967 678 1038 aliisque
708 965 964 1036 ejusdem
998 963 1153 1017 urbis
1183 964 1436 1017 ecclesiis
1458 964 1578 1017 hare
1610 964 1802 1018 subdit
1831 969 2031 1019 auctor
2061 982 2073 1019 :

444 1082 471 1108 «
501 1062 675 1114 Porro
708 1059 766 1112 in
800 1058 975 1112 domo
998 1057 1207 1127 majori
1238 1060 1569 1111 sanctorum
1600 1060 1923 1129 martyrum
1944 1075 2077 1129 apo-

439 1153 697 1206 stolicam
730 1152 908 1205 vitam
936 1153 1219 1220 tenentes,
1245 1150 1305 1204 in
1340 1167 1635 1222 unumque
1664 1151 1919 1205 viventes
1949 1153 2072 1223 plu-

439 1245 570 1299 rimi
597 1244 786 1299 clerici
813 1248 1006 1311 erant;
1031 1244 1111 1297 ita
1134 1248 1196 1297 ut
1211 1244 1418 1298 turmis
1440 1244 1729 1315 dispositis
1751 1244 2074 1299 ofﬁciorum

438 1338 760 1393 ministeria
830 1340 1196 1409 peragerent.
1251 1338 1419 1408 Apud
1477 1342 1740 1393 sanctum
1800 1338 2074 1393 Severum

437 1449 668 1505 quoque
703 1435 879 1485 cretus
912 1431 1253 1485 clericorum
1284 1431 1648 1485 venerabilis.
1680 1431 1807 1485 Alia
1842 1449 2072 1503 quoque

434 1525 788 1581 venerabilia
820 1510 1153 1579 sanctorum
1186 1524 1243 1577 in
1265 1541 1449 1578 unum
1477 1525 1940 1579 conversantium
1971 1526 2071 1580 ha-

433 1620 685 1674 bitacula
715 1619 787 1673 ad
816 1618 1130 1689 sexaginta,
1165 1617 1268 1671 sub
1290 1635 1426 1672 cura
1452 1618 1737 1689 pontiﬁcis
1778 1619 2070 1689 degentia,

434 1713 492 1766 in
524 1713 832 1767 Viennensi
865 1712 1093 1766 dimcesi
1131 1711 1267 1765 satis
1297 1711 1699 1765 ordinabiliter
1740 1712 1848 1765 sita
1885 1715 2072 1766 erant.

2179 495 2388 561 Greece,
2414 493 2513 547 alii
2536 492 2754 555 Latine,
2778 508 2976 563 prosas
3001 492 3466 564 antiphonasque
3489 496 3817 560 cantarent,

2180 590 2244 641 ut
2256 604 2373 641 non
2390 586 2674 641 haberent
2688 586 2936 657 spatium
2949 586 3007 640 in
3023 586 3261 641 ecclesia
3270 587 3481 641 fabulis
3494 586 3816 658 occupari.»

2179 680 2463 734 Nimirum
2495 696 2612 734 non
2662 681 2847 733 solum
2879 679 3062 736 Latini
3100 680 3385 734 sermonis
3429 679 3701 734 homines
3730 679 3815 733 ibi

2180 776 2366 841 erant,
2384 773 2485 827 sed
2499 773 2675 827 etiam
2697 773 2877 827 Graeci
2890 777 3129 844 propter
3140 772 3427 828 coloniam
3441 774 3818 841 Phocensem,

2180 888 2305 943 qua:
2319 870 2624 925 Massiliam
2649 870 3108 941 immigraverat.
3122 872 3316 942 Neque
3333 887 3469 926 vero
3486 888 3592 943 per
3603 871 3663 925 id
3681 874 3822 925 tem-

2176 981 2284 1036 pus
2313 964 2515 1019 Latina
2550 964 2749 1035 lingua
2773 964 2833 1017 in
2866 964 3064 1018 Galliis
3101 963 3182 1018 ita
3220 964 3525 1019 familiaris
3566 968 3721 1031 erat,
3763 968 3822 1018 ut

2178 1058 2360 1130 quivis
2387 1075 2516 1112 eam
2540 1058 2756 1129 absque
2780 1061 3133 1129 praaceptore
3156 1057 3568 1128 intelligerent.
3591 1060 3819 1112 Testem

2179 1150 2371 1224 404
2398 1152 2509 1206 huc
2522 1153 2749 1223 θιΡΡθῙῙΟ
2761 1150 3122 1221 Gregorium,
3139 1151 3335 1206 Gallias
3348 1154 3561 1207 nostrae
3576 1152 3814 1223 scripto-

2177 1261 2302 1299 rem
2322 1245 2636 1316 insignem,
2663 1246 2762 1316 qui
2787 1245 2846 1298 in
2883 1260 3009 1315 cap.
3040 1248 3105 1298 t2
3128 1244 3198 1298 de
3221 1245 3359 1299 Vitis
3384 1245 3619 1299 Patrum
3637 1262 3821 1316 agens

2177 1338 2249 1392 de
2276 1339 2592 1394 Brachione
2619 1338 2848 1404 abbate,
2884 1337 2981 1408 qui
3019 1358 3047 1386 «
3083 1354 3215 1391 cum
3244 1340 3394 1391 esset
3418 1337 3606 1392 adhuc
3638 1338 3820 1392 laicus

2177 1430 2277 1501 (sic
2308 1430 2624 1502 legendum
2651 1448 2717 1485 ex
2744 1430 2864 1501 Ms.)
2894 1431 2953 1484 in
2980 1434 3150 1485 nocte
3173 1430 3260 1485 bis
3289 1433 3391 1485 aut
3413 1435 3502 1485 ter
3527 1431 3598 1486 de
3633 1435 3819 1486 stratu

2176 1540 2277 1579 suo
2291 1541 2665 1595 consurgens,
2680 1527 2850 1578 terra:
2866 1527 3184 1595 prostratus
3197 1524 3518 1579 orationem
3535 1525 3823 1580 fundebat

2176 1617 2249 1672 ad
2272 1618 2621 1683 Dominum;
2667 1618 2961 1672 nesciebat
3006 1622 3224 1685 tamen,
3259 1618 3359 1685 ait,
3387 1618 3524 1689 quid
3559 1622 3818 1685 caneret,

2176 1711 2311 1781 quia
2337 1712 2558 1765 litteras
2584 1709 2909 1781 ignorabat,
2945 1732 2972 1759 ››
3006 1710 3065 1764 id
3107 1714 3193 1765 est
3237 1711 3496 1783 linguam
3528 1712 3817 1766 Latinam.

438 1806 530 1861 Sic
550 1809 684 1860 tunc
701 1805 979 1877 temporis
994 1805 1068 1859 ad
1094 1805 1339 1875 gloriam
1362 1804 1779 1875 omnipotentis
1793 1804 1894 1858 Dei
1915 1805 2079 1859 Vien-
2096 1793 2153 1865 B
2249 1807 2337 1859 30.
2354 1805 2547 1859 Redeo
2574 1804 2649 1858 ad
2679 1804 3007 1873 Caesarium,
3032 1805 3132 1875 qui
3153 1804 3224 1859 de
3249 1805 3510 1860 instituta
3532 1805 3824 1878 psallendi

439 1899 635 1953 nensis
658 1899 911 1953 Ecclesia
942 1898 1205 1953 florebat.
1234 1920 1261 1947 ››
1296 1897 1384 1951 Ad
1426 1898 1549 1952 haec
1575 1914 1737 1953 sacra
1768 1899 1912 1966 loca,
1947 1915 2074 1969 qua:

436 1994 670 2047 Viennae
719 1992 827 2046 illis
871 1991 1227 2062 temporibus
1264 1994 1464 2062 erant,
1519 1992 1811 2062 pertinere
1849 1992 2074 2046 videtur

434 2086 581 2140 Aviti
607 2084 951 2140 sanctissimi
982 2085 1104 2155 ejus
1131 2084 1382 2155 episcopi
1412 2086 1809 2155 fragmentum
1835 2089 1885 2139 5.
1913 2107 1941 2135 ‹‹
1967 2086 2073 2140 Νο-

434 2182 639 2233 verunt
651 2178 936 2249 siquidem
950 2182 1177 2249 sceptra
1197 2178 1386 2232 smculi
1403 2179 1654 2233 nostriin
1679 2195 1791 2249 quo
1814 2179 2072 2233 sitvirtus

434 2273 715 2344 temporis
754 2272 868 2339 sui;
917 2288 1164 2343 quorum
1214 2271 1757 2342 inexpugnabiliter,
1804 2275 1958 2327 recte
2009 2275 2073 2326 ut

432 2366 798 2433 conﬁdimus,
826 2366 953 2436 plus
972 2366 1097 2419 haec
1127 2364 1394 2431 basilicis,
1420 2381 1596 2435 quam
1622 2365 2070 2436 propugnaculis

432 2460 567 2514 urbs
606 2442 885 2514 munitur.
932 2459 1194 2529 Cingitur
1230 2459 1485 2529 undique
1524 2475 1817 2513 sacrarum
1855 2460 2067 2514 aedium

430 2554 717 2608 tutamine
750 2553 908 2606 dives
935 2568 1224 2618 accessus;
1250 2556 1307 2605 et
1336 2551 1410 2605 ad
1460 2555 1779 2622 portarum,
1808 2553 2069 2623 quamvis

430 2646 775 2718 patentium,
809 2645 1014 2699 limina
1040 2645 1270 2713 tutiora,
1314 2645 1424 2698 nisi
1462 2646 1673 2699 sanctis
1698 2646 2065 2716 janitoribus,

430 2756 548 2794 non
568 2739 814 2793 venitur.
841 2739 1087 2793 Desistat
1120 2738 1254 2793 hinc
1284 2740 1456 2809 plane
1486 2744 1628 2793 nutu
1649 2750 1901 2811 superno
1935 2758 2067 2795 usus

430 2844 750 2888 armorum.
802 2855 830 2883 »
884 2834 947 2886 In
988 2832 1075 2887 his
1123 2849 1296 2903 porro
1340 2833 1551 2887 sanctis
1596 2833 1733 2887 locis
1784 2834 2067 2905 psallendi

368 2958 387 2973 κ
425 2927 604 2982 ritum
629 2926 873 2998 viguisse
895 2926 1184 2997 colligitur
1215 2943 1283 2981 ex
1315 2926 1403 2980 his
1427 2927 1743 2997 fragmenti
1770 2933 1800 2981 7
1832 2928 2019 2984 verbis
2050 2944 2063 2982 :

432 3042 459 3071 ‹‹
490 3021 669 3076 Gallia
699 3023 897 3075 nostra
923 3020 1206 3075 ﬂorescat.
1234 3020 1397 3074 Orbis
1418 3020 1707 3074 desideret
1726 3022 1881 3092 quod
1910 3023 2067 3077 locus

427 3115 658 3169 invexit.
687 3114 1000 3185 Incipiatur
1022 3114 1195 3168 hodie
1228 3114 1508 3167 exustioni
1535 3115 1843 3183 aeternitas,
1875 3115 2062 3187 digni-

427 3165 509 3169 ___.
533 3165 656 3169 η---
687 3165 990 3185 νηῒ-π--
1023 3165 1088 3168 _-
1879 3165 2037 3187 ηε---

425 3212 514 3263 tas
542 3207 788 3278 regioni.
818 3206 1207 3261 Laudantibus
1236 3206 1298 3260 in
1319 3207 1591 3278 praesenti
1621 3210 1827 3264 saeculo
1858 3211 2061 3277 Deum,
2087 3165 2141 3239 Ο

425 3300 745 3355 laudaturis
775 3301 993 3371 pariter
1022 3300 1081 3353 in
1108 3300 1322 3368 futuro,
1351 3306 1590 3356 renovet
1624 3303 1811 3373 magis
1854 3302 2060 3371 obitus,

429 3409 605 3465 quam
622 3394 911 3463 terminet
937 3393 1246 3461 actionem,
1280 3416 1307 3443 ››
1333 3398 1441 3449 etc.
1473 3394 1629 3451 Idem
1651 3396 1709 3450 in
1732 3398 2062 3467 fragmento

428 3490 482 3554 6,
520 3486 791 3541 meminit
830 3486 1024 3560 403
1070 3508 1097 3537 ‹‹
1132 3488 1293 3541 lecta
1340 3489 1622 3560 passionis
1654 3512 1681 3539 ››
1730 3489 2062 3546 sanctorum

424 3580 861 3652 Agaunensium
887 3582 948 3636 in
983 3598 1186 3636 eorum
1227 3582 1555 3652 festivitate,
1589 3583 1743 3655 quod
1775 3606 1803 3632 «
1835 3601 1902 3639 ex
1925 3602 2059 3640 con-

426 3674 744 3730 suetudinis
771 3674 966 3730 debito
996 3698 1024 3725 ››
1054 3676 1275 3730 factum
1304 3676 1458 3731 dicit.

498 3772 586 3824 29.
617 3768 783 3833 Quod
822 3771 1019 3824 sancto
1058 3769 1372 3841 Trophimo
1404 3770 1827 3825 Arelatensium
1873 3771 2061 3842 primo

426 3863 695 3934 episcopo
744 3862 947 3917 tribuit
987 3864 1149 3917 vetus
1190 3867 1389 3919 auctor
1421 3865 1574 3936 apud
1620 3865 2061 3935 Spelmannum,
2112 3920 2125 3925 _

425 3973 544 4011 non
570 3956 716 4010 adeo
744 3956 1047 4026 antiquum
1067 3956 1294 4011 videtur
1322 3958 1665 4012 institutum.
1697 3958 1864 4028 Apud
1896 3958 2062 4014 Sido-

424 4049 585 4103 nium
613 4048 1031 4119 Apollinarem,
1057 4049 1116 4103 in
1141 4049 1237 4104 lib.
1270 4067 1343 4117 IV,
1378 4051 1620 4123 epistola
1660 4055 1744 4118 Η,
1797 4052 2062 4107 Claudia-

424 4160 532 4197 nus
557 4142 911 4211 ‘monachus,
941 4144 1200 4199 Mamerti
1244 4144 1583 4199 Viennensis
1632 4144 1884 4216 episcopi
1930 4162 2059 4216 ger-

382 4240 391 4243 “
422 4252 631 4292 manus
653 4238 711 4290 et
742 4236 1002 4304 vicarius,
1046 4238 1333 4305 laudatur,
1372 4238 1531 4309 quod
1566 4239 1822 4309 psalmos
1858 4240 2060 4310 preci-

425 4330 635 4399 nuerit,
661 4333 719 4384 et
742 4330 1017 4386 lectiones
1043 4348 1147 4403 per
1177 4348 1396 4386 annum
1429 4332 1800 4387 ordinaverit.

644 4436 968 4502 Psalmorum
988 4436 1074 4487 hic
1100 4438 1395 4487 modulator
1423 4442 1475 4488 et
1494 4437 1812 4502 phonascus,

641 4503 772 4550 Ante
800 4500 997 4560 altaria,
1024 4502 1179 4549 fratre
1210 4500 1518 4563 gratulante,

645 4565 929 4612 lnstructas
957 4563 1138 4613 docuit
1161 4576 1347 4612 sonare
1383 4564 1592 4613 classes.

645 4625 741 4689 Hic
769 4625 1092 4674 solemnibus
1119 4625 1306 4689 annuis
1328 4626 1549 4689 paravit,

644 4687 768 4746 Qua)
792 4701 895 4751 quo
913 4691 1150 4751 tempore
1178 4688 1314 4738 lecta
1330 4687 1691 4739 convenirent.

428 4790 758 4845 Secundum
779 4791 1186 4860 Claudianum,
1212 4790 1460 4845 diviniin
1494 4792 1591 4847 illa
1616 4794 1868 4849 Ecclesia
1892 4794 2068 4850 ofﬁcii

426 4885 807 4956 ampliﬁcator
826 4884 1149 4940 censendus
1180 4889 1267 4939 est
1295 4888 1525 4940 sanctus
1549 4887 1827 4942 Caesarius
1853 4888 2069 4959 episco-

426 4998 553 5054 pus,
570 4982 712 5035 teste
725 4978 1011 5049 Cypriano
1034 4979 1303 5051 episcopo
1319 4981 1625 5035 Tolonensi
1640 4981 1701 5035 in
1717 4981 1863 5060 libro
1877 4983 2065 5053 primo

429 5076 501 5130 de
531 5074 653 5145 ejus
680 5071 825 5125 Vita.
860 5071 951 5126 Sic
980 5072 1139 5127 enim
1165 5068 1378 5145 legitur
1398 5090 1539 5129 num
1566 5077 1631 5129 l0
1654 5091 1666 5128 :
1696 5096 1724 5125 «
1747 5076 1827 5131 De
1849 5077 2067 5147 profec-

431 5169 586 5224 tibus
610 5168 802 5239 itaque
833 5170 1171 5221 cunctorum
1198 5167 1469 5223 sollicitus
1498 5172 1557 5223 et
1576 5169 1849 5240 providus
1866 5171 2069 5227 Pastor

430 5262 627 5317 statim
654 5260 902 5315 instituit
924 5263 988 5314 ut
1008 5260 1265 5331 quotidie
1287 5261 1510 5329 Tertiae,
1534 5262 1855 5335 Sextaeque,
1885 5268 1945 5319 et
1962 5265 2068 5320 No-

429 5373 521 5412 nae
544 5373 687 5428 opus
708 5355 767 5410 in
788 5354 975 5410 sancti
993 5354 1272 5425 Stephani
1292 5355 1527 5411 basilica
1542 5356 1733 5412 clerici
1753 5375 1885 5413 cum
1907 5359 2068 5429 hym-

429 5451 519 5506 nis
544 5454 879 5517 cantarent;
905 5452 969 5504 ut
994 5449 1043 5503 si
1063 5448 1190 5520 quis
1206 5450 1354 5504 forte
1380 5451 1740 5506 saecularium
1767 5453 1855 5507 vel
1890 5452 2068 5523 poeni-

429 5544 677 5600 tentium
705 5547 968 5599 sanctum
1002 5559 1145 5615 opus
1176 5544 1408 5615 exsequi
1430 5545 1696 5613 ambiret,
1726 5545 1941 5617 absque
1969 5563 2063 5600 ex-

430 5636 725 5694 cusatione
739 5639 932 5709 aliqua
945 5636 1283 5709 quotidiano
1296 5637 1575 5694 interesse
1591 5643 1786 5711 posset
1797 5640 2008 5697 ofﬁcio.
2032 5663 2062 5693 »

429 5733 500 5787 Et
524 5748 682 5787 num.
705 5731 1001 5802 sequenti:
1021 5753 1049 5783 «
1068 5731 1293 5803 Adjecit
1309 5732 1485 5788 etiam
1507 5737 1682 5804 atque
1694 5734 1990 5807 compulit,
2006 5740 2069 5791 ut

430 5825 705 5880 laicorum
739 5824 1092 5894 popularitas
1123 5826 1383 5881 Psalmos
1423 5830 1479 5881 et
1521 5827 1773 5897 hymnos
1812 5834 2062 5899 pararet,

2176 1896 2477 1968 disciplina
2506 1897 2787 1952 animisni
2810 1898 3069 1952 laetitiam
3093 1898 3173 1952 sic
3199 1898 3444 1953 effundit
3462 1899 3522 1953 in
3544 1915 3819 1954 sermone

2174 1993 2277 2046 288
2298 1990 2631 2062 appendicis
2652 2007 2815 2046 novae
2834 1991 3268 2062 Augustinianaa
3294 2009 3306 2045 :
3333 1992 3636 2059 Gaudium,
3659 1991 3821 2063 quod

2173 2084 2319 2138 mihi
2343 2084 2625 2139 Dominus
2650 2084 2733 2155 ﬁde
2767 2087 2953 2139 vestra
2989 2090 3187 2140 sancta
3221 2088 3279 2139 et
3312 2084 3470 2139 ﬁdeli
3510 2085 3819 2140 devotione

2172 2178 2472 2245 concessit,
2489 2177 2674 2232 verbis
2687 2194 2805 2233 non
2824 2179 3106 2249 prmvaleo
3120 2178 3423 2249 explicare.
3436 2178 3633 2232 Plures
3654 2177 3818 2233 enim

2173 2276 2339 2326 erant
2368 2271 2508 2326 anni
2529 2272 2684 2343 quod
2711 2288 2815 2343 pro
2836 2272 2943 2327 hac
2968 2289 3031 2326 re
3059 2272 3340 2327 aestuabat
3360 2272 3555 2327 anima
3581 2289 3735 2339 mea,
3761 2277 3824 2326 et

2170 2368 2293 2420 tota
2306 2364 2494 2420 cordis
2507 2365 2829 2420 intentione
2844 2365 3247 2420 desiderabam
3263 2368 3324 2419 ut
3340 2365 3510 2420 istam
3529 2365 3823 2437 psallendi

2171 2458 2648 2513 consuetudinem
2674 2458 2832 2514 vobis
2846 2458 2971 2529 pius
2984 2460 3264 2513 Dominus
3285 2459 3612 2530 inspiraret.
3646 2459 3814 2514 Unde

2169 2550 2450 2606 benedico
2464 2552 2774 2606 Dominum
2787 2569 3003 2619 meum,
3021 2556 3078 2606 et
3093 2556 3340 2623 quantas
3350 2568 3587 2624 possum
3593 2553 3824 2623 jugiter

2170 2645 2385 2715 gratias
2412 2662 2543 2716 ago,
2595 2646 2691 2717 qui
2737 2645 3009 2716 dignatus
3046 2651 3133 2700 est
3169 2647 3411 2717 implere
3459 2645 3817 2701 desiderium

2167 2755 2383 2793 meum.
2413 2741 2557 2795 Cum
2590 2740 2745 2794 enim
2768 2756 2866 2794 vos
2886 2756 2997 2811 ego
3028 2740 3105 2794 ita
3122 2741 3369 2812 psallere
3392 2740 3816 2805 desiderarem,

2169 2849 2283 2904 quo
2301 2833 2478 2888 modo
2499 2833 2559 2887 in
2584 2834 2708 2888 aliis
2725 2833 2925 2887 vicinis
2945 2834 3268 2888 civitatibus
3288 2834 3659 2905 psallebatur,
3684 2834 3819 2888 tali-

2169 2930 2259 2980 ter
2281 2927 2433 2980 Deus
2462 2926 2806 2998 prasparavit
2830 2926 3091 2981 animum
3112 2930 3390 2994 vestrum,
3420 2931 3484 2981 ut
3504 2927 3615 2982 hoc
3632 2927 3817 2982 etiam

2168 3020 2651 3086 melius,Domino
2674 3020 3006 3091 adjuvante,
3035 3020 3391 3091 compleatis.
3424 3043 3452 3070 υ
3474 3020 3561 3074 Ad
3603 3021 3728 3076 haec
3754 3022 3819 3075 in

2167 3129 2439 3169 sermone
2460 3115 2592 3168 14οε
2631 3135 2659 3163 ‹‹
2678 3115 2748 3168 Et
2768 3113 2897 3168 ideo
2920 3122 3061 3185 rego
3084 3130 3203 3181 vos,
3226 3116 3435 3169 fratres
3466 3114 3818 3181 charissimi,

2167 3207 2241 3261 ad
2256 3207 2489 3277 Vigilias
2502 3207 2817 3261 matutinas
2834 3207 3051 3278 surgite
3066 3224 3079 3261 :
3096 3208 3170 3262 ad
3181 3208 3455 3275 Tertiam,
3471 3208 3544 3262 ad
3557 3208 3819 3274 Sextam,

2165 3301 2240 3354 ad
2262 3301 2485 3355 Nonam
2507 3304 2640 3355 ante
2665 3301 2862 3356 omnia
2883 3301 3207 3356 convenite.
3232 3303 3429 3356 Nullus
3460 3318 3519 3356 se
3542 3319 3577 3356 a
3607 3305 3819 3357 sancto

2166 3409 2342 3463 opere
2367 3394 2683 3462 subtrahat,
2726 3393 2838 3448 nisi
2875 3410 3047 3465 quem
3078 3394 3407 3464 inﬁrmitas,
3449 3398 3550 3450 aut
3582 3395 3824 3467 publica

2165 3486 2401 3553 utilitas,
2422 3490 2521 3541 aut
2532 3488 2680 3541 forte
2698 3489 2856 3542 certa
2881 3490 2942 3541 et
2965 3486 3202 3558 grandis
3227 3488 3538 3543 necessitas
3558 3490 3825 3544 tenuerit

2166 3583 2528 3650 occupatum.
2561 3582 2674 3635 Nec
2714 3581 2900 3635 solum
2928 3579 3089 3636 vobis
3130 3581 3396 3649 sufﬁciat,
3426 3582 3584 3653 quod
3615 3582 3677 3636 in
3720 3598 3817 3637 ec-

2165 3671 2338 3726 clesia
2362 3672 2585 3727 divinas
2614 3673 2890 3729 lectiones
2919 3673 3129 3728 auditis
3153 3690 3166 3739 ;
3191 3674 3294 3728 sed
3320 3674 3499 3729 etiam
3525 3675 3587 3729 in
3632 3674 3824 3731 domi-

2164 3765 2272 3820 bus
2291 3766 2491 3820 vestris
2518 3770 2618 3821 aut
2636 3767 2747 3837 ipsi
2771 3767 2969 3839 legite,
2998 3771 3099 3822 aut
3124 3768 3267 3823 alios
3304 3752 3568 3840 legentes
3612 3770 3816 3841 requi-

2164 3859 2294 3923 rite,
2329 3862 2387 3913 et
2412 3859 2661 3914 libenter
2680 3860 2893 3915 audite.
2928 3881 2957 3911 »
2982 3863 3065 3915 Ita
3085 3861 3363 3916 Caesarius
3389 3861 3463 3916 ad
3500 3862 3680 3917 laicos
3706 3863 3817 3917 bo-

2166 3952 2356 4007 mines
2389 3952 2631 4007 civitatis
2660 3954 3010 4009 Arelatensis
3040 3971 3052 4010 :
3084 3956 3182 4026 qui
3203 3977 3231 4005 «
3255 3955 3597 4027 frequenter
3622 3957 3811 4011 etiam

2167 4046 2241 4100 ad
2269 4046 2575 4101 Matutinos
2617 4050 2674 4101 et
2717 4048 3127 4103 Lucernarium
3169 4053 3409 4121 propter
3434 4049 3822 4106 advenientes

2165 4140 2446 4194 recitabat
2488 4140 2778 4209 homilias,
2815 4166 2842 4191 ››
2886 4159 2951 4197 ex
2994 4143 3285 4214 Cypriane
3322 4143 3592 4216 episcopo
3638 4145 3812 4200 Tolo-

2165 4233 2330 4288 nensi
2354 4233 2414 4288 in
2441 4234 2563 4305 ejus
2589 4235 2734 4301 Vita,
2778 4252 2937 4290 num.
2967 4237 3021 4304 4,
3055 4257 3083 4285 ‹‹
3114 4241 3177 4291 ut
3206 4238 3395 4292 nullus
3430 4241 3584 4292 esset
3617 4238 3716 4309 qui
3753 4255 3817 4292 se

2167 4327 2237 4381 de
2266 4327 2599 4398 ignorantia
2635 4333 2948 4384 excusaret.
2978 4351 3007 4379 ››
3038 4332 3099 4384 In
3133 4330 3222 4385 his
3256 4331 3474 4403 Vigiliis
3508 4332 3820 4386 matutinis

2166 4437 2284 4475 non
2330 4423 2516 4476 solum
2543 4422 2866 4494 Scripturas
2905 4440 3114 4491 sacras,
3154 4424 3255 4479 sed
3297 4425 3474 4480 etiam
3511 4426 3817 4496 passiones

2080 4536 2142 4609 D
2166 4513 2358 4587 405
2390 4519 2709 4588 martyrum
2723 4518 2900 4573 lectas
2918 4517 3094 4573 fuisse
3118 4534 3185 4573 ex
3202 4518 3410 4574 eodem
3440 4519 3691 4575 Caesarie
3721 4520 3816 4574 in-

2167 4608 2480 4678 telligimus
2497 4609 2557 4663 in
2578 4626 2850 4666 sermone
2876 4614 2980 4667 300
3003 4612 3337 4684 appendicis
3364 4629 3527 4668 novas
3542 4614 3815 4685 Augusti-

2168 4701 2356 4756 nianm
2387 4719 2399 4757 :
2432 4724 2459 4751 »
2488 4704 2635 4758 Ante
2667 4704 2889 4776 aliquot
2913 4705 3036 4760 dies
3061 4710 3299 4777 propter
3327 4722 3445 4776 eos,
3476 4707 3574 4779 qui
3594 4712 3696 4763 aut
3716 4725 3817 4779 pe-

2169 4794 2270 4851 des
2301 4796 2519 4866 dolent,
2550 4801 2650 4854 aut
2681 4798 2875 4871 aliqua
2914 4800 3169 4871 corporis
3206 4800 3601 4871 inaequalitate
3649 4803 3811 4858 labos

2166 4894 2317 4957 rant,
2332 4894 2575 4961 paterna
2588 4891 2804 4963 pietate
2818 4893 3090 4949 sollicitus
3102 4894 3407 4949 consilium
3424 4894 3580 4965 dedi,
3597 4899 3657 4951 et
3673 4913 3814 4968 quo-

2134 5029 2145 5033 -
2169 4983 2303 5039 dam
2330 4985 2504 5040 modo
2538 4985 2870 5057 supplicavi,
2890 4990 2954 5041 ut
2974 4988 3208 5059 quando
3226 4992 3326 5043 aut
3348 4988 3649 5060 passiones
3675 5008 3811 5062 pro-

2167 5078 2313 5147 lixae,
2343 5084 2443 5134 aut
2468 5082 2622 5134 certe
2658 5080 2866 5151 aliquas
2896 5082 3173 5137 lectiones
3202 5082 3494 5154 longiores
3516 5085 3811 5157 leguntur,

2167 5172 2265 5243 qui
2294 5176 2445 5227 stare
2472 5190 2592 5229 non
2612 5178 2871 5245 possunt,
2905 5175 3200 5231 humiliter
3219 5180 3278 5231 et
3297 5193 3429 5231 cum
3462 5178 3695 5235 silentio
3720 5195 3809 5235 se-

2167 5265 2391 5330 dentes,
2409 5267 2647 5322 attentis
2669 5269 2901 5323 auribus
2923 5269 3161 5325 audiant
3182 5286 3309 5342 quaa
3330 5271 3625 5343 leguntur.
3655 5275 3812 5329 Nunc

2166 5374 2300 5413 vero
2332 5359 2540 5431 aliquae
2561 5362 2633 5417 de
2654 5362 2878 5417 ﬁliabus
2908 5364 3119 5418 nostris
3148 5367 3374 5435 putant,
3408 5366 3565 5437 quod
3586 5367 3698 5422 hoc
3713 5372 3813 5423 aut

2167 5468 2392 5522 omnes,
2416 5458 2515 5510 aut
2534 5458 2690 5511 certe
2719 5456 2911 5527 plures
2932 5474 3061 5529 quae
3078 5474 3236 5513 sanae.
3261 5462 3395 5514 sunt
3414 5476 3679 5532 corpore,
3702 5462 3812 5516 fre-

2167 5555 2415 5622 quenter
2440 5553 2656 5609 debent
2680 5555 2887 5610 facere.
2908 5556 3053 5611 Nam
3072 5556 3170 5611 ubi
3193 5557 3432 5613 verbum
3449 5558 3554 5613 Dei
3575 5561 3809 5632 coeperit

2166 5646 2416 5714 recitari,
2431 5647 2593 5718 quasi
2609 5648 2668 5703 in
2687 5648 2910 5703 lectulis
2930 5650 3066 5718 suis,
3090 5650 3173 5706 ita
3184 5650 3383 5722 jacere
3404 5653 3625 5723 volunt,
3650 5673 3681 5707 »
3700 5656 3805 5709 etc.

2239 5743 2325 5795 31.
2356 5741 2436 5795 Ex
2461 5740 2549 5796 his
2574 5741 2919 5814 colligimus,
2948 5742 3140 5815 primo
3170 5744 3526 5816 publicarum
3571 5763 3808 5819 precum

2166 5832 2591 5891 institutionem
2622 5852 2739 5891 non
2780 5837 2974 5892 minus
3012 5836 3070 5892 in
3114 5838 3361 5907 gratiam
3405 5841 3603 5912 populi
3631 5858 3808 5915 quam
