4014 6230
164 388 265 437 397

1272 384 1357 440 DE
1394 387 1611 441 CURSlI
1651 384 2023 441 GALLICANO
2060 384 2471 451 DISQUISITIO.

3444 391 3547 441 398

163 492 299 548 cleri
315 492 523 548 factam
553 494 750 549 fuisse.
771 493 983 550 Deinde
1000 494 1308 550 lectionum
1332 498 1588 567 tempore
1609 496 1806 551 ﬁdeles
1827 508 1886 580 Α
1906 495 2160 549 chalibus
2186 496 2544 566 praecipiunt,
2575 496 2825 568 itemque
2840 512 2944 568 pro
2972 495 3208 568 singulis
3233 495 3538 550 Dominicis

162 586 380 641 stetisse
406 586 467 641 in
496 588 692 658 pedes,
722 589 971 660 exceptis
999 589 1264 644 inﬁrmis.
1294 589 1377 644 Ad
1417 590 1539 643 haec
1592 592 1809 646 nullam

163 680 257 734 hic
276 680 347 734 de
372 681 581 735 Primaa
607 681 791 737 ofﬁcio
816 682 939 738 ﬁeri
968 683 1337 751 mentionem,
1361 682 1504 737 sicut
1518 700 1622 738 nec
1639 684 1809 739 etiam

160 773 223 828 in
249 774 667 842 fconstitutione
712 776 972 847 lnjuriosi
1021 777 1269 848 episcOpi
1307 777 1683 846 Turonensis,
1739 779 1807 833 de

159 884 274 939 qua
299 867 559 923 inferius.
605 871 894 925 Postremo
931 871 1075 926 hanc
1123 871 1395 943 psallendi
1448 887 1708 925 normam
1750 872 1807 926 in

159 961 361 1015 vicinis
390 962 674 1034 Ecclesiis,
710 969 1018 1037 antequam
1049 965 1109 1019 in
1149 964 1478 1031 Arelatensi,
1516 964 1686 1020 fuisse
1728 964 1808 1020 in-

157 1055 440 1109 stitutam.

232 1151 324 1204 32.
359 1150 482 1203 Non
520 1150 770 1204 multum
813 1150 982 1205 distat
1011 1150 1233 1205 Arelate
1262 1150 1515 1220 Massilia,
1545 1150 1641 1206 ubi
1681 1167 1804 1206 me-

153 1242 253 1296 dio
279 1243 489 1296 saeculo
515 1259 551 1295 v
576 1248 827 1299 versatus
850 1247 936 1298 est
959 1243 1271 1299 Cassianus.
1311 1245 1361 1298 Is
1387 1244 1607 1299 duobus
1631 1244 1694 1298 in
1718 1243 1803 1298 lo-

151 1334 237 1389 cis
264 1351 466 1389 cursus
502 1335 772 1390 Gallicani
816 1336 1101 1404 meminit,
1144 1341 1200 1392 et
1234 1336 1421 1407 primo
1460 1337 1694 1410 quidem
1743 1337 1804 1391 in

147 1428 257 1483 lib.
288 1446 327 1484 ιι
360 1429 810 1496 lnstitutionum,
840 1446 962 1502 cap.
988 1434 1019 1485 8
1050 1447 1062 1484 :
1097 1453 1125 1479 «
1162 1430 1306 1485 Illud
1344 1430 1515 1486 etiam
1547 1431 1699 1502 quod
1746 1430 1804 1485 in

147 1522 262 1576 hac
288 1523 586 1594 provincia
612 1523 877 1594 vidimus,
912 1527 976 1577 ut
1005 1539 1115 1579 uno
1144 1528 1427 1593 cantante,
1459 1525 1518 1579 in
1559 1523 1805 1578 clausula

145 1616 365 1686 psalmi
393 1616 890 1673 omnesadstantes
906 1618 1207 1673 concinant
1225 1635 1355 1672 cum
1385 1618 1656 1687 clamore,
1686 1618 1803 1674 Glo-

142 1713 242 1764 ria
268 1714 434 1766 Patri
456 1715 508 1766 et
527 1712 662 1766 Filio
687 1717 738 1766 et
763 1713 998 1782 Spiritui
1025 1716 1231 1775 sancto,
1254 1728 1535 1783 nusquam
1553 1727 1657 1783 per
1676 1728 1799 1765 om-

1909 594 1965 643 et
1989 589 2297 660 majoribus
2322 589 2737 646 festivitatibus.
2768 590 2853 644 Ab
2881 590 3083 645 eodem
3128 590 3370 645 Caesario
3412 606 3544 644 con-

1909 682 2013 736 diti
2041 685 2173 736 sunt
2197 699 2444 738 canones
2471 685 2690 739 concilii
2720 701 2757 739 11
2804 684 3077 750 Vasensis,
3123 684 3281 754 cujus
3327 699 3540 738 canone

1909 778 1939 830 3
1971 776 2252 846 statuitur,
2281 782 2340 832 ut
2373 778 2537 849 Kyrie
2565 779 2773 833 eleison
2802 779 2877 833 ad
2901 780 3220 842 Matutinos,
3248 782 3299 832 et
3326 778 3401 832 ad
3424 780 3549 833 mis-

1906 885 2016 932 sas,
2045 875 2093 924 et
2118 872 2195 924 ad
2226 874 2514 943 Vesperam
2539 875 2932 942 frequentetur.
2972 873 3108 925 Eam
3151 872 3222 925 ob
3268 887 3389 926 rem
3436 874 3547 926 Au-

1908 962 2106 1018 reliani
2124 964 2324 1033 regula
2354 965 2411 1019 id
2429 966 2735 1038 aliquando
2752 970 2858 1035 ter,
2891 965 3193 1036 aliquando
3210 965 3381 1021 etiam
3400 965 3541 1020 duo-

1908 1056 2091 1112 decies
2111 1058 2290 1128 repeti
2310 1059 2493 1129 jubet.
2517 1060 2783 1131 Ejusdem
2812 1058 3034 1114 concilii
3059 1076 3240 1115 canon
3279 1062 3310 1114 5
3347 1059 3541 1114 decer-

1906 1150 2010 1220 nit,
2070 1153 2135 1207 σι
2168 1153 2225 1206 in
2254 1154 2497 1208 omnibus
2527 1154 2783 1209 clausulis
2812 1154 3148 1224 psalmorum
3181 1158 3306 1224 post
3360 1152 3547 1208 Gloria

1906 1244 2121 1300 dicatur
2172 1245 2325 1301 Sicut
2376 1251 2495 1301 erat
2533 1250 2592 1302 in
2631 1249 2894 1302 universis
2934 1247 3056 1318 ejus
3104 1245 3408 1318 provinciae
3456 1262 3538 1301 ec-

1908 1339 2101 1393 etesiis.

1979 1436 2065 1488 35.
2100 1434 2311 1488 Praeter
2336 1450 2403 1489 ea
2431 1432 2729 1488 Ferreolus
2755 1432 3062 1489 Ucetiensis
3081 1433 3334 1503 antistes,
3364 1433 3423 1487 in
3449 1449 3538 1487 re-

1907 1526 2056 1597 gulae
2082 1543 2196 1581 suae
2222 1543 2347 1598 cap.
2379 1530 2444 1582 18
2476 1545 2488 1581 :
2521 1549 2547 1575 ‹‹
2575 1528 2741 1597 Gesta
2768 1532 3108 1598 martyrum,
3136 1526 3342 1598 inquit,
3377 1526 3435 1580 id
3459 1531 3543 1580 est

1904 1620 2193 1691 passiones
2215 1624 2539 1675 sanctorum
2566 1620 2842 1689 ﬁdelium,
2862 1637 2988 1691 quae
3005 1619 3384 1693 quorumdam
3397 1636 3545 1673 com-

1903 1715 2172 1785 paginata
2201 1715 2389 1771 studio
2430 1718 2487 1769 et
2530 1720 2795 1770 Sermone
2831 1714 3052 1786 digesta
3090 1718 3241 1782 sunt,
3288 1716 3541 1783 tempore

144 1819 291 1858 nem
323 1804 617 1860 Orientem
642 1804 982 1872 audivimus,
1010 1806 1109 1861 sed
1135 1823 1265 1860 cum
1295 1806 1553 1860 omnium
1580 1805 1802 1860 silentio
1826 1876 1859 1879 _
1902 1825 2015 1879 quo
2040 1809 2205 1864 nobis
2231 1808 2385 1865 diem
2414 1808 2776 1879 migrationis
2803 1824 3002 1863 eorum
3028 1808 3165 1862 anni
3180 1811 3330 1862 meta
3349 1822 3543 1861 cursus

146 1897 225 1952 ab
255 1914 326 1951 eo
367 1897 466 1969 qui
517 1901 728 1967 cantat,
761 1899 923 1952 ﬁnito
965 1898 1205 1969 psalmo,
1255 1899 1568 1954 orationem
1607 1876 1878 1964 succe-B
1904 1904 1992 1957 sui
2025 1903 2247 1973 legibus
2291 1906 2679 1974 repraesentat,
2729 1901 3011 1957 recenseri
3049 1901 3111 1956 in
3152 1900 3399 1956 oratorio
3438 1916 3541 1954 au-

148 1991 322 2046 dere:
353 1991 460 2046 hac
486 2007 618 2046 vero
646 1991 1053 2063 gloriﬁcatione
1088 1991 1374 2048 Trinitatis
1407 1993 1802 2049 tantummodo

144 2084 338 2140 solere
369 2085 713 2156 antiphonas
736 2086 1052 2153 terminari,
1084 2107 1111 2133 ››
1146 2086 1203 2140 id
1232 2089 1336 2156 est,
1378 2086 1424 2139 si
1448 2086 1592 2141 bene
1620 2086 1797 2142 inter-

143 2181 371 2249 pretor,
394 2182 627 2233 cantum
647 2179 952 2234 alternum.
980 2180 1121 2234 Nam
1146 2180 1301 2234 hunc
1339 2179 1667 2251 antiphonae
1692 2197 1796 2235 no-

145 2271 309 2326 mine
338 2273 491 2343 apud
517 2273 867 2344 antiquiores
888 2278 1146 2329 auctores
1160 2273 1400 2344 intelligi
1426 2271 1620 2345 406
1640 2291 1802 2345 supe-

144 2365 270 2419 rius
308 2365 579 2420 vidimus.
620 2367 777 2422 Alter
811 2368 966 2422 locns
1006 2371 1091 2423 est
1122 2367 1183 2423 in
1222 2368 1323 2422 lib.
1351 2384 1434 2436 111,
1465 2383 1589 2438 cap.
1617 2368 1671 2437 4,
1707 2367 1800 2422 ubi

143 2458 263 2512 duo
304 2476 410 2514 nos
444 2460 608 2515 docet
648 2461 964 2516 Cassianus.
1004 2462 1283 2530 Primum,
1333 2461 1677 2516 matutinam
1717 2479 1799 2517 so-

143 2552 530 2624 lemnitatem,
555 2554 611 2609 id
645 2559 731 2609 est
754 2556 989 2626 Laudes,
1023 2556 1309 2628 «expletis
1331 2554 1623 2611 nocturnis
1647 2557 1797 2627 psal-

142 2646 259 2701 mis
287 2650 348 2702 et
373 2647 745 2716 orationibus,
770 2652 897 2720 post
923 2650 1211 2706 modicum
1239 2650 1514 2722 temporis
1533 2651 1797 2707 interval-

140 2740 295 2811 lum,
322 2764 350 2789 ››
384 2742 444 2795 in
469 2742 659 2797 Galliae
676 2744 1033 2797 monasteriis
1051 2744 1224 2800 fuisse
1244 2744 1610 2801 celebratam.
1640 2745 1797 2809 Quod

139 2835 327 2905 etiam
351 2836 413 2891 in
437 2837 636 2908 regula
656 2854 758 2891 sua
785 2837 1043 2908 praecipit
1068 2841 1293 2894 sanctus
1320 2839 1691 2909 Benedictus;
1719 2844 1798 2893 at-

136 2945 262 3001 que
284 2930 356 2985 de
386 2930 723 2985 Emeritensi
751 2931 995 2986 Ecclesia
1020 2932 1224 2987 hiemis
1254 2936 1513 3004 tempore
1549 2933 1610 2989 in
1639 2949 1798 2988 more

134 3024 326 3078 fuisse
344 3024 513 3080 tradit
526 3025 730 3080 Paulus
746 3025 1024 3080 Diaconus
1044 3026 1106 3080 in
1121 3026 1222 3081 lib.
1246 3027 1314 3082 de
1342 3027 1600 3082 Patribus
1629 3029 1794 3083 Eme-

132 3118 479 3188 ritensibus,
509 3135 635 3191 cap.
674 3123 722 3174 1.
750 3120 1073 3175 Secundum
1100 3125 1204 3190 est,
1236 3122 1473 3193 alteram
1505 3143 1533 3171 «
1560 3121 1794 3177 matuti—
1824 3122 1831 3123 ⁷

132 3228 286 3266 nam
340 3212 776 3281 solemnitatem,
836 3236 863 3263 ››
917 3214 1069 3285 quod
1115 3214 1318 3269 Primae
1378 3215 1627 3271 ofﬁcium
1690 3219 1793 3285 est,

135 3327 171 3355 ‹‹
206 3305 275 3361 in
299 3306 547 3361 occiduis
572 3307 661 3362 vel
690 3308 942 3363 maxime
972 3308 1302 3380 regionibus
1344 3331 1371 3360 ››
1420 3310 1794 3366 observatam.

132 3401 217 3455 Et
267 3403 463 3456 tamen
518 3401 823 3471 Caesarius,
862 3406 929 3457 ut
969 3403 1141 3458 modo
1192 3403 1475 3474 vidimus,
1534 3403 1798 3460 Cassiano

136 3493 394 3549 inferior
451 3498 634 3563 tetate,
688 3496 904 3551 nullam
949 3496 1157 3551 Primae
1216 3498 1350 3551 facit
1410 3497 1792 3568 mentionem;

132 3587 252 3643 sed
277 3590 472 3643 tamen
499 3588 556 3643 in
574 3590 885 3662 appendice
912 3592 1125 3663 regula:
1153 3607 1268 3646 suae
1295 3608 1423 3647 eam
1464 3592 1662 3648 diebus
1690 3593 1795 3647 Do-

134 3681 378 3737 rninicis
405 3700 469 3737 ac
488 3683 647 3739 festis
672 3685 1009 3756 prmscribit,
1033 3688 1097 3739 ut
1114 3690 1309 3757 postea
1327 3685 1664 3742 videbimus.

222 3778 290 3831 33
300 3818 314 3830 .
330 3776 450 3831 Non
464 3779 985 3849 prietermittendus
995 3780 1103 3834 hoc
1115 3780 1237 3835 loca
1247 3781 1590 3851 Museus,seu
1603 3780 1685 3851 (ut
1694 3795 1797 3851 per

138 3872 595 3927 vetustusCodex
607 3873 856 3945 praefert)
872 3874 1210 3946 Maseus,qui
1229 3875 1503 3929 «hortatu
1517 3874 1795 3929 sanctiVe-

138 3964 301 4019 nerii
328 3965 574 4038 episcopi
604 3967 994 4039 (Massiliensis)
1016 3968 1300 4041 excerpsit
1326 3984 1397 4024 ex
1418 3968 1625 4023 sanctis
1654 3967 1798 4023 Scri-

136 4058 338 4131 ptm'is
362 4059 646 4133 lectiones,
674 4061 847 4117 totius
876 4063 1010 4117 anni
1029 4062 1242 4118 festivis
1266 4067 1426 4134 aptas
1440 4062 1659 4131 diebus,
1673 4078 1793 4117 res-

139 4153 420 4225 ponsoria
445 4154 618 4209 etiam
646 4160 703 4210 et
744 4157 1095 4228 psalmorum
1150 4157 1396 4229 capitula
1437 4156 1796 4228 temporibus

142 4253 209 4302 et
230 4247 571 4303 lectionibus
599 4252 992 4322 congruentia.
1024 4252 1186 4315 Quod
1215 4268 1357 4323 opus
1381 4256 1496 4306 tam
1535 4266 1790 4306 necessa-

142 4346 303 4402 rium
334 4362 367 4400 a
388 4346 598 4402 lectore
623 4347 685 4402 in
714 4348 957 4403 Ecclesia
994 4350 1415 4421 comprobatur,
1457 4352 1523 4404 ut
1558 4348 1792 4421 expedi-

141 4447 271 4495 tum
302 4445 359 4495 et
388 4440 827 4498 sollicitudinem
853 4443 1033 4514 tollat,
1061 4447 1119 4499 et
1142 4460 1370 4498 moram
1386 4460 1404 4514 ;
1422 4443 1688 4515 plebique
1701 4442 1792 4498 in-

144 4538 314 4606 gerat
349 4535 659 4605 scientiam,
704 4540 761 4591 et
791 4537 1102 4593 celebritati
1157 4538 1442 4593 decorem.
1475 4560 1503 4587 »
1552 4539 1682 4592 Haec
1725 4552 1795 4591 ex

1904 1996 2189 2051 dientibus
2215 1996 2431 2050 cunctis
2455 1995 2690 2050 omnino
2716 1994 3096 2049 decernimus.
3130 2016 3157 2043 »
3185 1994 3343 2058 Quod
3369 1992 3539 2048 etiam

1904 2090 1973 2144 de
1994 2089 2297 2144 Viennensi
2325 2092 2381 2143 et
2399 2087 2712 2143 Arelatensi
2761 2087 3021 2142 Ecclesiis
3060 2086 3320 2158 superius
3358 2086 3543 2143 obser-

1903 2182 2174 2236 vavimus.
2222 2181 2477 2252 Denique
2523 2182 2756 2235 Faustus
2793 2196 2862 2235 ex
2912 2180 3191 2234 monacho
3249 2178 3538 2233 Lerinensi

1903 2274 2200 2345 episcopus
2231 2273 2541 2345 Regiensis,
2573 2276 2715 2328 teste
2742 2272 2970 2328 Sidonio
3000 2272 3059 2326 in
3106 2271 3206 2327 lib.
3253 2288 3325 2341 1x,
3375 2270 3543 2347 epist,

1902 2372 1955 2436 3,
1984 2368 2091 2422 fuit
2120 2389 2147 2416 ‹‹
2176 2385 2409 2439 precum
2438 2366 2652 2439 peritus
2677 2367 3242 2437 insulanarum,quas
3266 2365 3335 2420 de
3365 2364 3540 2435 palae-

1902 2466 2019 2517 stra
2047 2461 2357 2516 eremitidis
2387 2465 2444 2516 et
2469 2461 2538 2516 de
2568 2463 2766 2515 senatu
2814 2458 3204 2514 Lerinensium
3247 2457 3543 2513 cellulano-

1902 2571 2051 2625 rum,
2082 2554 2143 2608 in
2193 2554 2397 2609 urbem
2426 2569 2653 2625 quoque
2699 2551 2900 2623 (suam)
2944 2551 3253 2618 transtulit,
3296 2549 3443 2605 nihil
3471 2550 3542 2603 ab

1900 2648 2101 2704 abbate
2126 2651 2379 2703 mutatus
2407 2663 2510 2718 per
2537 2646 2961 2701 sacerdotem.»
3012 2645 3104 2700 His
3152 2644 3414 2699 omnibus
3451 2643 3544 2699 ad-

1892 2726 2140 2814 jungere
2166 2758 2271 2813 par
2294 2746 2379 2797 est
2404 2741 2749 2812 metropoles
2775 2739 3218 2808 Narbonensem,
3253 2738 3540 2810 Burdega-

1899 2836 2135 2905 lensem,
2165 2839 2223 2891 et
2258 2834 2684 2903 Bituricensem,
2737 2849 2979 2904 quarum
3025 2831 3274 2904 episcopi
3316 2831 3369 2886 in
3411 2848 3543 2886 con-

1899 2929 2029 2984 cilio
2057 2929 2365 3001 Agathensi
2385 2928 2521 2983 anni
2552 2930 2677 2995 506,
2707 2943 2920 2982 canone
2947 2928 3036 2995 30,
3085 2925 3430 2993 sancierunt,
3473 2928 3539 2979 ut

1898 3024 2049 3079 idem
2078 3024 2215 3078 ordo
2240 3023 2298 3077 in
2316 3022 2523 3077 divinis
2546 3020 2744 3075 ofﬁciis
2758 3020 2968 3091 ubique
2999 3022 3339 3087 servaretur,
3365 3034 3539 3091 quem

1898 3133 2173 3173 canonem
2193 3116 2482 3188 integrum
2512 3116 2572 3169 in
2597 3113 3071 3186 consequentibus
3098 3113 3429 3168 referemus.
3450 3112 3538 3167 Ad

1898 3214 2019 3268 haec
2045 3211 2349 3282 Gregorius
2368 3210 2428 3264 in
2442 3208 2697 3264 Historiae
2723 3207 2823 3262 lib.
2856 3225 2894 3276 1,
2924 3210 3154 3279 cap.29,
3188 3206 3358 3261 tradit
3382 3205 3535 3277 apud

1900 3305 2200 3376 Biturigas,
2221 3301 2414 3376 408
2433 3320 2467 3357 a
2491 3301 2694 3374 primis
2711 3304 2953 3373 acceptae
2993 3300 3124 3355 ﬁdei
3163 3299 3533 3371 temporibus,

1898 3400 2132 3456 clericos
2159 3397 2443 3453 ordinatos
2467 3396 2659 3464 fuisse,
2689 3394 2790 3468 qui
2836 3417 2865 3444 «
2897 3394 3073 3450 ritum
3110 3393 3387 3466 psallendi
3424 3409 3541 3449 sus-

1886 3496 2192 3566 ceperunt.
2221 3514 2249 3543 »

1967 3591 2055 3643 36.
2085 3588 2212 3642 Haec
2238 3586 2357 3641 fere
2383 3589 2516 3640 sunt
2542 3600 2669 3657 quas
2690 3584 2758 3638 de
2786 3582 3171 3655 Lugdunensi,
3208 3580 3532 3650 Viennensi,

1896 3680 2226 3751 Arelatensi,
2257 3679 2493 3750 aliisque
2509 3678 2707 3732 vicinis
2725 3676 2972 3732 ecclesiis
2999 3675 3161 3730 nobis
3190 3674 3537 3730 observanda

1896 3777 2295 3831 occurrerunt:
2330 3789 2398 3827 ex
2426 3771 2631 3843 quibus
2656 3769 3049 3840 intclligimus,
3082 3767 3266 3839 primo
3303 3766 3533 3838 quidem

1895 3871 2140 3943 psalmos
2178 3867 2248 3921 ab
2292 3883 2405 3920 uno
2446 3866 2651 3920 lectore
2694 3862 2998 3934 aliquando
3038 3861 3208 3916 fuisse
3248 3859 3531 3927 recitatos,

1895 3966 2136 4019 testante
2162 3959 2447 4025 Cassiano,
2494 3962 2551 4013 et
2584 3961 2708 4029 post
2751 3956 2925 4010 ﬁnem
2967 3954 3322 4026 singulorum
3364 3951 3535 4008 versi-

1896 4058 2157 4113 culorum
2183 4057 2369 4114 Gloria
2391 4055 2552 4111 Patri
2580 4052 2650 4107 ab
2677 4049 2940 4105 omnibus
2977 4051 3298 4118 cantatum;
3328 4046 3531 4102 deinde

1895 4169 2027 4208 vero
2053 4167 2179 4206 eam
2194 4147 2524 4222 psalmodiae
2543 4144 2900 4216 disciplinam
2920 4141 3267 4211 successisse,
3312 4143 3375 4194 ut
3415 4157 3533 4195 om-

1894 4263 1997 4303 nes
2025 4248 2314 4309 canerent,
2344 4241 2496 4313 quod
2523 4239 2797 4295 Ctesarius
2820 4237 3044 4293 Arelate
3066 4235 3384 4291 vicinarum
3426 4234 3528 4289 Ec-

1895 4340 2198 4397 clesiarum
2218 4336 2477 4407 exemplo
2496 4333 2755 4390 instituit.
2785 4333 2942 4388 Nunc
2969 4331 3041 4386 ad
3082 4329 3221 4385 alias
3258 4327 3526 4384 Ecclesiae

1894 4432 2351 4507 progrediamur.

2635 4526 2668 4598 §
2695 4526 2782 4580 ιιι.

140 4629 423 4684 Gennadii
442 4645 566 4702 cap.
591 4634 679 4695 79,
709 4631 809 4686 ubi
837 4632 1071 4687 observa
1122 4632 1393 4688 lectiones
1420 4631 1491 4687 ad
1526 4631 1644 4687 dies
1668 4634 1866 4711 tan-D
1889 4651 1962 4705 De
2002 4646 2208 4714 origine
2244 4647 2294 4697 et
2318 4640 2736 4714 “propagatione,
2767 4636 3073 4714 divinorum
3127 4631 3427 4714 οίμεονῗηη
3463 4629 3547 4682 in.

140 4729 271 4777 tum
298 4724 524 4779 festivos
549 4724 855 4797 designari,
889 4742 1005 4781 non
1030 4727 1103 4781 ad
1125 4726 1367 4782 feriales.

216 4818 309 4873 34.
340 4819 460 4882 Qua
478 4819 699 4876 ratione
726 4808 985 4876 ordinata
995 4822 1210 4878 fuerint
1226 4820 1479 4878 Massiliae
1499 4819 1690 4875 divina
1701 4818 1786 4873 of-

142 4912 291 4982 ﬁcia,
336 4928 453 4967 non
495 4913 704 4985 liquet;
760 4919 819 4970 at
868 4916 937 4971 de
969 4915 1283 4971 Arelatensi
1322 4914 1437 4969 ritu
1475 4913 1789 4984 conjectare

142 5022 450 5078 possumus
476 5023 545 5061 ex
572 5009 785 5079 regulis
812 5009 1040 5065 Caesarii
1068 5014 1125 5065 et
1150 5008 1462 5078 Aureliani,
1489 5007 1585 5079 qui
1621 5007 1790 5077 longe

142 5100 435 5154 diversum
465 5117 499 5155 a
522 5102 889 5174 Lugdunensi
918 5104 1151 5158 modum
1173 5103 1568 5174 praescribunt.
1609 5100 1791 5155 Ambo

142 5208 283 5250 vero
306 5194 450 5250 duos
481 5198 705 5252 tantum
729 5202 1033 5253 nocturnos
1061 5197 1270 5270 passim
1301 5197 1363 5252 in
1398 5194 1614 5267 Vigiliis
1649 5211 1785 5250 noc-

144 5289 333 5344 turnis
357 5290 670 5362 assignant,
700 5297 757 5347 et
778 5291 1050 5347 lectiones
1086 5296 1327 5365 uterque
1368 5290 1567 5345 missas
1603 5288 1791 5361 appel-

142 5383 285 5438 lant.
316 5385 386 5439 Et
416 5384 521 5438 tria
551 5385 784 5456 quidem
832 5385 968 5441 folia
1001 5386 1074 5442 ad
1112 5400 1574 5458 unamquamque
1613 5382 1793 5455 exigit

142 5476 453 5547 Cesarius;
480 5482 595 5533 tres
618 5485 718 5549 aut
744 5486 988 5552 quatuor
1010 5480 1268 5552 paginas,
1295 5496 1400 5552 pro
1424 5494 1693 5534 mensura
1716 5477 1787 5532 li-

144 5570 254 5638 bri,
282 5572 639 5643 Aurelianus,
676 5573 865 5647 407
899 5575 1000 5646 qui
1028 5575 1301 5631 lectiones
1344 5574 1414 5630 de
1439 5571 1791 5645 passionibus

144 5658 469 5738 martyrum
495 5667 557 5721 in
595 5684 792 5723 eorum
822 5669 981 5724 festis
1032 5668 1368 5741 praescribit,
1406 5674 1474 5723 ut
1510 5665 1792 5739 permittit

140 5759 382 5816 tertium
395 5760 701 5818 concilium
716 5763 1178 5837 Carthaginense.
1198 5762 1281 5819 Ad
1296 5764 1421 5819 haec
1434 5762 1708 5820 Caesarius
1736 5763 1792 5815 et

140 5858 485 5915 Aurelianus
512 5859 573 5915 in
605 5858 898 5915 matutinis
937 5858 1217 5915 Laudibus
1251 5858 1535 5915 canticum
1569 5857 1787 5929 Magni-

136 5953 269 6023 ﬁcat
300 5958 359 6009 et
387 5954 670 6025 hymnum
702 5954 885 6011 Gloria
907 5957 974 6026 in
1019 5956 1239 6011 excelsis
1282 5972 1386 6028 pro
1424 5955 1620 6012 diebus
1661 5970 1788 6026 pas-

1960 4704 2304 4787 Lugdunensi
2325 4704 2581 4773 secunda,
2608 4711 2791 4770 tertia,
2812 4712 2862 4762 et
2890 4708 3111 4777 quarta,
3136 4707 3191 4757 et
3217 4704 3275 4756 in
3293 4705 3525 4771 utraque

1961 4790 2198 4859 Belgica.

1962 4921 2048 4973 37.
2089 4912 2424 4971 Psalmodiae
2463 4906 2862 4980 antiquitatem
2900 4903 2962 4958 in
3005 4901 3252 4958 secunda
3291 4899 3521 4973 Lugdu-

1890 5011 2073 5080 nensi,
2103 5008 2161 5063 id
2188 5010 2273 5062 est
2299 5006 2357 5060 in
2404 4997 2852 5072 Rbthomagensi
2892 4997 3157 5067 Ecclesia,
3195 4994 3419 5050 nullum
3454 4994 3523 5048 il-

1890 5106 2122 5163 lustrius
2147 5098 2509 5158 commendat
2526 5093 2940 5161 testimonium,
2971 5106 3146 5163 quam
3172 5088 3393 5144 Paulini
3412 5088 3526 5159 epi-

1890 5200 2034 5256 stola
2059 5198 2131 5252 ad
2162 5192 2488 5249 Victricium
2504 5190 2551 5261 ej
2562 5186 2807 5243 us'urbis
2823 5185 3176 5257 episcopum.
3212 5204 3241 5233 ‹‹
3271 5181 3524 5251 Denique

1889 5310 2044 5350 nunc
2068 5290 2514 5358 Rothomagum,
2543 5289 2600 5339 et
2623 5280 2820 5337 vicinis
2849 5283 2981 5334 ante
3005 5275 3332 5349 regionibus
3366 5272 3525 5328 tenui

1889 5386 2122 5444 nomine
2145 5382 2564 5458 pervulgatum,
2589 5377 2648 5431 in
2677 5372 3003 5447 longinquis
3026 5371 3193 5426 etiam
3222 5363 3524 5439 provinciis

1889 5479 2178 5539 nominari
2204 5473 2602 5533 venerabiliter
2634 5470 2922 5535 audimus,
2955 5470 3013 5520 et
3046 5465 3195 5519 inter
3233 5460 3406 5516 urbes
3441 5474 3526 5515 sa-

1892 5577 2060 5633 cratis
2088 5571 2225 5629 locis
2254 5569 2471 5627 nobiles
2491 5582 2623 5623 cum
2647 5564 2839 5621 divina
2857 5559 3022 5614 laude
3037 5555 3350 5612 numerari.
3365 5551 3522 5610 Haud

1890 5669 2200 5736 immerito,
2234 5681 2365 5722 cum
2384 5666 2560 5720 totam
2579 5657 2714 5729 illic,
2746 5654 2925 5729 qualis
2968 5652 3029 5706 in
3055 5650 3284 5706 Oriente
3311 5663 3523 5706 memoo

1890 5770 2069 5833 ratur,
2104 5760 2417 5817 Hierusales
2441 5755 2664 5822 faciem,
2705 5747 3094 5822 apostolorum
3117 5760 3345 5816 quoque
3372 5757 3522 5814 prae-

1892 5857 2131 5917 sentiam
2157 5854 2427 5911 meritum
2451 5852 2565 5904 tuae
2592 5842 2913 5903 Sanctitatis
2927 5837 3229 5895 adduxerit
3256 5853 3271 5892 :
3301 5834 3401 5908 qui
3418 5849 3517 5905 pe-

1892 5952 2179 6027 regrinam
2204 5943 2496 6003 memoriis
2532 5940 2645 5995 suis
2686 5935 2908 6005 urbem,
2954 5931 3159 5988 affectu
3202 5933 3522 5986 sanctorum

3534 5661 3563 5671 Α
