4014 6230
464 399 565 449 399

1248 388 1577 446 APPENDIX
1618 389 1703 443 AD
1740 388 1961 443 OPERA
1999 386 2233 443 SANCTI
2270 388 2569 445 GERMANI
2606 388 3032 446 PARISIENSIS.

3730 372 3833 439 too

463 502 786 573 spirituum,
814 503 871 555 et
885 499 1086 555 affectu
1119 515 1356 570 operum
1374 497 1716 566 divinorum,
1739 497 1965 551 sedibus
1980 496 2100 550 suis
2121 509 2179 581 Α
2200 498 2549 568 hymnorum
2576 498 2907 569 composuit,
2924 500 3064 551 teste
3088 494 3543 566 Hieronymopet
3567 495 3697 565 post
3710 507 3839 547 eum

464 599 811 666 comparant,
837 595 936 665 qui
964 594 1024 647 in
1059 598 1113 647 te
1153 593 1276 663 ipso
1299 590 1656 661 aptissimum
1696 589 1803 643 sibi
1850 589 2097 644 diverso-

462 689 615 744 rium
649 692 1049 760 repererunt...
1093 686 1196 740 Ubi
1232 682 1563 754 quotidiano
1616 683 1901 754 sapienter
1957 683 2102 753 psal-

462 782 705 838 lentium
746 797 848 853 per
881 782 1202 850 frequentes
1239 776 1496 832 ecclesias
1538 781 1593 832 et
1630 776 1973 830 monasteria
2010 791 2098 830 se-

462 881 612 931 creta
628 879 921 940 concentu,
949 871 1271 926 castissimis
1298 871 1488 925 ovium
1509 874 1741 925 tuarum
1762 875 1818 925 et
1842 870 2102 924 cordibus

462 970 812 1024 delectantur
843 964 1035 1038 409
1063 968 1120 1019 et
1144 964 1393 1034 vocibus,
1445 986 1472 1014 »
1528 964 1739 1018 scilicet
1775 963 1940 1018 amici
1978 963 2096 1017 Dei.

461 1064 594 1117 Erat
618 1078 754 1132 ergo
777 1061 900 1130 jam
928 1065 1083 1127 tunc,
1115 1059 1172 1113 id
1198 1061 1283 1112 est
1326 1058 1428 1112 sub
1471 1060 1645 1112 ﬁnem
1691 1057 1877 1112 saeculi
1918 1073 1994 1122 1v,
2038 1056 2097 1111 in

460 1156 557 1209 illa
601 1155 823 1209 civitate
860 1153 1220 1224 quotidianus
1236 1152 1597 1223 psallentium
1625 1154 1952 1217 concentus,
1984 1166 2099 1204 non

460 1249 629 1303 modo
669 1248 729 1302 in
753 1246 1126 1313 monasteriis,
1175 1245 1273 1299 sed
1321 1246 1493 1300 etiam
1544 1245 1605 1299 in
1654 1244 1778 1299 aliis
1829 1243 2095 1309 ecclesiis,

459 1342 721 1413 exemplo
746 1340 1176 1408 monachorum,
1209 1355 1349 1409 quos
1374 1339 1510 1393 huic
1536 1336 1877 1393 institutioni
1898 1353 2093 1392 exem-

456 1436 619 1507 plum
647 1435 955 1507 praebuisse
979 1434 1143 1488 facile
1167 1437 1311 1487 esset
1335 1432 1746 1486 demonstrare.

532 1532 621 1584 38.
653 1530 729 1583 De
756 1528 986 1582 ecclesia
1009 1526 1340 1594 Turonensi,
1374 1541 1504 1596 quas
1546 1524 1715 1579 tertia
1750 1528 1836 1578 est
1874 1524 2099 1594 Lugdu-

457 1623 671 1692 nensis,
720 1622 777 1676 id
813 1621 1104 1675 memoriae
1156 1619 1404 1690 prodidit
1441 1617 1743 1689 Gregorius
1776 1614 1879 1671 sub
1924 1618 2097 1671 ﬁnem

460 1716 720 1771 Historiae
763 1731 897 1784 suae,
937 1714 1277 1785 lnjuriosum
1314 1712 1642 1783 episcopum
1690 1711 1900 1765 ibidem
1941 1710 2098 1764 insti-

456 1808 631 1863 tuisse
660 1830 689 1857 ‹‹
718 1807 962 1862 Tertiam
989 1810 1046 1861 et
1066 1807 1290 1862 Sextam
1318 1826 1345 1855 »
1377 1805 1435 1859 in
1464 1804 1561 1857 illa
1588 1803 1848 1873 Ecclesia,
1898 1825 1925 1852 «
1943 1803 2097 1874 quod

458 1902 648 1969 modo,
675 1901 881 1969 subdit,
906 1900 965 1954 in
993 1900 1089 1954 Dei
1116 1899 1347 1953 nomine
1376 1900 1714 1969 perseverat.
1746 1918 1773 1945 »
1816 1898 1943 1951 Haec
1991 1898 2096 1952 sub
2116 1876 2174 1948 B

458 2010 674 2050 annum
705 1997 828 2049 530.
861 1994 1031 2047 Paulo
1058 1997 1203 2064 post,
1238 1992 1295 2046 id
1325 1996 1410 2046 est
1449 2007 1599 2045 anno
1637 1994 1760 2057 567,
1793 1991 2098 2045 concilium

454 2090 781 2143 Turonense
810 2104 849 2142 11
878 2086 1138 2142 ordinem
1160 2085 1438 2157 psallendi
1464 2082 1826 2156 praescripsit,
1855 2084 1953 2155 qui
1980 2088 2097 2138 tam

454 2185 513 2237 in
540 2186 661 2252 ipsa
687 2182 910 2236 basilica
937 2184 1123 2236 sancta
1142 2179 1290 2233 beati
1321 2178 1563 2247 Martini,
1592 2193 1759 2247 quam
1784 2177 1842 2231 in
1869 2177 1998 2232 aliis
2023 2193 2100 2232 ec-

455 2277 629 2331 clesiis
652 2277 990 2329 servaretur.
1020 2273 1199 2343 Hujus
1224 2272 1308 2326 rei
1348 2272 1530 2343 gratia
1573 2272 1833 2326 conditus
1872 2275 1956 2325 est
2002 2287 2095 2324 ca-

452 2385 570 2424 non
598 2372 678 2436 l8,
697 2369 755 2422 in
784 2384 897 2439 quo
911 2367 1048 2438 quid
1081 2366 1317 2436 singulis
1336 2365 1471 2419 anni
1496 2364 1783 2419 mensibus
1808 2365 1883 2418 ad
1911 2367 2095 2419 Matu-

454 2465 628 2517 tinum
666 2460 1023 2532 psallendum
1062 2460 1150 2528 sit,
1172 2458 1458 2527 deﬁnitur,
1485 2458 1642 2512 nulla
1671 2458 1910 2512 aliarum
1936 2457 2100 2512 hora-

454 2571 586 2609 rum
611 2553 899 2608 mentione
928 2553 1094 2621 facta,
1127 2551 1237 2605 nisi
1265 2552 1446 2606 Sextm
1488 2554 1544 2604 et
1572 2551 1947 2618 Duodecimus,
2000 2550 2097 2604 sed

455 2651 677 2703 tantum
704 2646 1081 2717 comparando
1101 2650 1357 2699 veterum
1378 2645 1445 2699 de
1478 2645 1643 2699 Sexta
1674 2648 1731 2699 et
1759 2644 2097 2698 Duodecima

454 2741 775 2795 institutum
799 2755 927 2794 cum
944 2737 1197 2793 Matutini
1217 2737 1626 2805 observatione,
1653 2753 1825 2807 quam
1870 2736 2096 2790 concilii

452 2833 648 2889 Patres
677 2833 1061 2901 instituerunt,
1089 2848 1295 2902 nempe
1321 2835 1386 2885 ut
1407 2847 1527 2885 non
1553 2830 1744 2885 minus
1785 2846 1960 2901 quam
1999 2846 2098 2885 sex

453 2927 656 3000 psalmi
685 2927 745 2981 in
771 2926 1059 2995 Matutino,
1088 2924 1145 2979 id
1183 2929 1266 2979 est
1315 2924 1375 2978 in
1411 2928 1690 2978 nocturno
1728 2924 1934 2991 ofticio,
1974 2940 2099 2994 per-

454 3022 761 3089 solvantur,
794 3035 926 3074 cum
957 3019 1028 3073 ad
1055 3018 1284 3074 Sextam
1319 3021 1375 3072 el
1419 3017 1817 3072 Duodecimam
1857 3017 2095 3072 totidem

455 3115 703 3186 psalmos
731 3116 957 3169 Patrum
985 3102 1194 3167 statuta
1224 3108 1619 3183 prmceperint,
1649 3111 1861 3166 scilicet
1885 3112 2095 3181 Egyp-

453 3208 684 3274 tiorum,
713 3207 782 3261 de
811 3205 1016 3278 quibus
1039 3204 1335 3259 Cassianus
1362 3205 1423 3258 in
1473 3204 1618 3258 libro
1658 3221 1695 3257 u
1738 3220 1970 3258 suarum
2006 3205 2095 3258 In-
2119 3246 2173 3320 Ο

462 3301 808 3320 κιξιηιὲ-..ηηΔ
864 3297 1179 3320 ---;ι;ι.---μ
1205 3301 1253 3320 ..ι
1278 3300 1305 3320 ι)
1349 3297 1446 3320 --ιε
1472 3296 1620 3320 ι.---,.
1642 3313 1942 3320 ---ΨΑ-.-μ
1969 3297 2072 3320 Δ---

456 3301 836 3371 stitutionum,
859 3297 1139 3369 capitibus
1152 3301 1182 3351 5
1200 3301 1258 3351 et
1277 3300 1330 3367 6,
1349 3297 1451 3351 ubi
1472 3296 1622 3351 hunc
1642 3313 1949 3351 numerum
1964 3297 2100 3351 duo-

455 3393 638 3448 decim
663 3392 1032 3463 psalmorum,
1063 3395 1182 3444 tam
1212 3390 1273 3442 in
1297 3389 1653 3460 vespertinis,
1685 3406 1858 3461 quam
1902 3390 1963 3444 in
2002 3407 2100 3444 no-

456 3485 672 3541 cturnis
688 3483 1095 3540 conventiculis
1110 3483 1543 3539 custodiendum
1565 3483 1754 3554 angeli
1775 3484 2100 3555 magisterio

456 3579 783 3635 institutum
804 3578 976 3633 fuisse
1000 3577 1224 3631 dicitur.
1270 3576 1373 3631 Ubi
1412 3581 1686 3632 nocturna
1714 3576 2101 3643 conventicula

454 3690 571 3728 non
606 3674 715 3727 alia
743 3677 875 3727 sunt
909 3687 1084 3744 quam
1117 3670 1451 3725 Matutinum
1486 3670 1703 3725 concilii
1738 3671 2097 3741 Turonensis,

456 3768 617 3839 cujus
645 3768 834 3822 Patres
862 3766 932 3820 ad
958 3766 1114 3821 hunc
1134 3765 1324 3819 locum
1365 3768 1756 3836 respexerunt.
1808 3766 1998 3836 Itaque
2029 3765 2102 3819 ad

454 3861 703 3917 Tertiam
734 3865 789 3914 et
813 3860 1060 3928 Sextam,
1091 3875 1231 3929 quas
1268 3857 1576 3928 lnjuriosus
1618 3858 1680 3912 in
1718 3858 1837 3913 dies
1881 3858 2101 3914 ordina-

455 3958 634 4022 verat,
663 3953 966 4007 concilium
992 3952 1200 4023 adjecit
1225 3952 1461 4023 singulis
1479 3952 1652 4006 etiam
1683 3950 1798 4022 41
1815 3951 1876 4024 ο
1903 3952 2101 4006 diebus

456 4047 816 4104 Matutinum.
848 4049 992 4100 Ante
1012 4046 1071 4100 id
1097 4050 1325 4117 tempus
1353 4046 1458 4100 sub
1486 4048 1766 4117 Perpetuo
1810 4051 2098 4116 metropo-

457 4141 559 4196 lita
584 4140 845 4194 habitum
874 4145 958 4195 est
975 4156 1122 4194 anno
1148 4140 1249 4194 465
1276 4140 1582 4194 concilium
1620 4139 1970 4208 Veneticum,
2011 4156 2103 4193 cu-

453 4235 551 4307 jus
577 4250 791 4289 canone
830 4237 891 4288 15
914 4233 1197 4288 sancitum
1225 4238 1311 4288 est
1341 4237 1406 4288 Ut
1429 4233 1574 4287 idem
1594 4234 1725 4288 ordo
1753 4248 2027 4288 sacrorum
2051 4239 2103 4288 et

451 4328 734 4402 psallendi
752 4329 1119 4383 observaretur
1145 4330 1293 4381 intra
1312 4328 1668 4397 provinciam,
1693 4330 1743 4381 et
1767 4328 1903 4381 sicut
1913 4342 2099 4394 unam,

458 4422 730 4493 inquiunt
752 4423 963 4489 Patres,
1001 4437 1119 4475 cum
1163 4422 1448 4475 Trinitatis
1486 4420 1811 4485 confessione
1839 4421 1998 4488 ﬁdem
2033 4425 2104 4475 te-

461 4532 666 4579 nemus,
696 4532 861 4570 unam
889 4519 940 4568 et
967 4516 1264 4584 ofﬁciorum
1290 4513 1536 4582 regulam
1564 4518 1860 4569 teneamus.
1897 4514 1965 4568 Et
2008 4531 2100 4568 ca-

2208 591 2437 645 Isidoro.
2464 592 2803 646 Exciderunt
2826 589 3029 661 hymni
3052 588 3170 657 illi;
3224 588 3321 643 sed
3347 604 3442 642 eos
3468 586 3688 642 viderat
3722 586 3842 640 Hie-

2203 702 2501 756 ronymus,
2535 702 2604 739 ex
2623 702 2735 756 quo
2771 684 3062 751 discimus,
3092 683 3154 737 in
3196 682 3545 752 hymnorum
3587 680 3840 735 carmine

2203 779 2385 834 Gallos
2421 779 2694 834 indociles
2735 778 2805 832 ab
2850 777 3056 832 Hilario
3107 775 3314 845 vocari,
3366 779 3429 830 ut
3490 775 3610 846 ipse
3651 774 3842 829 Hiero-

2200 889 2409 944 nymus
2433 876 2668 928 testatur
2687 872 2747 926 in
2765 870 3100 943 praefatione
3119 870 3255 924 libri
3286 887 3326 923 ιι
3343 868 3751 939 commentarii
3769 868 3840 923 ad

2200 966 2439 1022 Galatas.
2479 967 2631 1021 Unus
2677 982 2746 1021 ex
2788 965 2877 1019 his
2917 963 3139 1035 integer
3178 963 3431 1035 hymnus
3461 962 3612 1017 inter
3643 960 3841 1016 Hilarii

2201 1077 2373 1131 opera
2396 1060 2561 1114 nobis
2586 1059 2837 1130 reliquus
2865 1062 2967 1126 est,
3002 1056 3257 1111 iambicis
3276 1048 3528 1112 versibus
3555 1060 3839 1122 constans,

2200 1153 2301 1224 qui
2328 1153 2457 1207 ﬁlim
2478 1154 2600 1224 ejus
2623 1152 2789 1207 Abrae
2817 1151 3022 1205 missus
3049 1149 3276 1205 dicitur.
3318 1151 3378 1203 In
3410 1164 3476 1203 eo
3508 1149 3729 1219 hymno
3780 1148 3845 1202 ﬁt

2198 1247 2416 1301 mentio
2455 1246 2760 1314 Matutinae,
2785 1245 2877 1300 cui
2902 1245 3057 1299 horae
3082 1243 3130 1297 is
3154 1246 3377 1314 aptatus
3398 1247 3501 1296 est.
3529 1242 3841 1296 Memoratu

2198 1340 2439 1410 dignum
2468 1339 2546 1409 id,
2575 1339 2728 1410 quod
2756 1337 3099 1393 Baudouivia
3126 1336 3186 1391 in
3223 1336 3336 1389 fine
3372 1334 3501 1388 libri
3538 1350 3575 1388 ιι
3607 1334 3678 1389 de
3715 1333 3840 1388 Vita

2199 1437 2406 1487 sanctae
2426 1432 2791 1503 Radegundis
2806 1431 2994 1500 tradit,
3016 1429 3227 1485 scilicet
3245 1444 3469 1483 morem
3501 1432 3639 1482 tunc
3666 1427 3840 1481 fuisse

2203 1548 2231 1575 ‹‹
2253 1526 2312 1580 in
2338 1526 2637 1581 festivitate
2672 1525 2823 1580 beati
2868 1523 3069 1579 Hilarii
3103 1523 3335 1595 reliquis
3366 1522 3727 1577 monasteriis
3741 1520 3845 1575 cir-

2197 1620 2477 1674 cumcirca
2503 1618 2619 1691 41
2636 1618 2685 1691 1
2723 1617 3022 1691 proximis,
3049 1616 3304 1688 usquein
3328 1616 3577 1671 mediam
3606 1620 3839 1670 noctem

2197 1712 2425 1783 Vigilias
2450 1712 2771 1782 celebrare;
2804 1711 2943 1766 etde
2975 1710 3165 1765 media
3184 1715 3349 1765 nocte
3370 1724 3843 1781 unumquemque

2196 1807 2457 1861 abbatem
2483 1822 2614 1861 cum
2643 1806 2759 1860 suis
2779 1805 3047 1861 fratribus
3072 1804 3143 1858 ad
3178 1820 3345 1859 suum
3370 1804 3683 1873 [revertisse
3724 1818 3847 1856 mo-

2197 1900 2511 1955 nasterium
2530 1900 2601 1954 ad
2631 1916 2799 1954 suum
2827 1914 3055 1954 cursum
3084 1896 3507 1952 celebrandum.
3537 1918 3565 1946 υ
3587 1896 3847 1966 Denique

2196 1993 2257 2048 in
2284 1993 2528 2049 Ecclesia
2553 1992 2865 2049 Pictavensi
2893 1992 3272 2047 Collectarum
3301 2007 3437 2045 usus
3466 1990 3727 2045 nondum
3762 1989 3852 2042 in-

2196 2087 2441 2143 valuisse
2479 2088 2703 2143 videtur
2752 2094 3010 2159 tempore
3049 2086 3299 2143 Fulberti
3341 2084 3590 2157 episcopi
3631 2084 3852 2138 Camu-

2197 2181 2390 2250 tensis,
2435 2186 2502 2237 ut
2554 2182 2761 2253 colligo
2802 2197 2872 2236 ex
2917 2181 3153 2253 epistola
3206 2183 3273 2234 79
3327 2178 3399 2232 ad
3454 2175 3846 2246 Hildegarium

2199 2275 2377 2330 sancti
2419 2275 2615 2330 Hilarii
2655 2275 2906 2329 ecclesiae
2954 2274 3231 2329 decanum
3271 2289 3284 2326 :
3337 2293 3365 2321 «
3405 2270 3605 2324 Finitis
3648 2273 3850 2324 autem

2197 2369 2476 2440 capitulis,
2512 2374 2640 2440 post
2686 2369 3007 2423 orationem
3050 2366 3423 2431 Dominicam,
3467 2363 3567 2418 ubi
3613 2362 3849 2428 dicitur,

2197 2466 2437 2527 Domine,
2464 2463 2670 2517 exaudi
2693 2465 2991 2517 orationem
3028 2477 3222 2523 meam,
3271 2458 3463 2514 statim
3514 2462 3661 2511 esset
3703 2456 3845 2510 sub-

2198 2557 2383 2611 denda
2406 2556 2602 2625 oratio,
2630 2572 2756 2627 quas
2797 2572 2866 2610 ex
2890 2556 3035 2609 libro
3078 2551 3521 2609 Sacramentario
3545 2549 3849 2604 recitatur.

2196 2652 2391 2706 Patere
2415 2656 2609 2705 tamen
2635 2649 2938 2704 Ecclesiam
2967 2648 3215 2703 retinere
3254 2662 3425 2701 suum
3457 2660 3629 2700 usum
3664 2658 3853 2714 usque

2197 2744 2269 2798 ad
2297 2760 2565 2816 praesens.
2595 2764 2622 2792 »

2268 2838 2356 2892 40.
2385 2837 2471 2891 Ad
2495 2840 2757 2908 quartam
2781 2835 3220 2906 Lugdunensem
3247 2836 3385 2888 tunc
3399 2830 3723 2903 pertinebat
3750 2831 3854 2884 Pa-

2198 2931 2463 2985 risiorum
2502 2929 2714 2998 civitas,
2738 2929 2899 3000 cujus
2940 2927 3074 2982 cleri
3104 2928 3328 2982 fervens
3353 2926 3413 2980 in
3452 2924 3660 2980 divinis
3719 2924 3851 2977 lau-

2198 3024 2363 3079 dibus
2415 3022 2799 3095 persolvendis
2856 3022 3108 3077 studium
3148 3020 3308 3075 testis
3348 3018 3600 3090 locuples
3644 3016 3857 3072 asserit

2198 3117 2502 3173 Venantius
2545 3119 2903 3183 Fortunatus.
2949 3117 2997 3169 Is
3021 3115 3082 3169 in
3126 3113 3320 3169 libello
3364 3113 3433 3167 de
3478 3112 3601 3167 Vita
3670 3110 3856 3165 sancti

2198 3211 2463 3266 Germani
2486 3210 2658 3281 hujus
2689 3210 2849 3265 urbis
2877 3207 3149 3279 episcopi,
3200 3222 3335 3262 eum
3350 3205 3542 3261 laudat
3564 3204 3637 3259 ab
3680 3204 3854 3259 inde-

2198 3303 2342 3359 fessa
2367 3303 2697 3374 Vigiliarum
2725 3301 3061 3368 constantia,
3093 3315 3221 3371 quae
3252 3315 3321 3354 ea
3347 3303 3487 3368 erat,
3508 3302 3577 3353 ut
3611 3318 3639 3347 ι(
3674 3297 3854 3369 quin-

2199 3397 2472 3469 quaginta
2491 3396 2740 3467 psalmos
2764 3396 2852 3449 vel
2877 3393 3124 3466 amplius
3147 3393 3207 3448 in
3230 3393 3449 3464 templo
3476 3391 3565 3446 sui
3604 3390 3857 3463 pectoris

2200 3491 2439 3545 Domino
2481 3490 2825 3557 decantaret,
2867 3510 2895 3539 »
2942 3488 2998 3542 id
3044 3492 3132 3542 est
3168 3486 3430 3541 recitaret
3472 3489 3855 3556 «antequam

2200 3584 2448 3655 reliquos
2476 3583 2545 3639 de
2572 3599 2771 3655 sopore
2797 3586 3185 3637 commoneret
3206 3594 3533 3651 assurgere:
3578 3599 3607 3627 »
3642 3576 3853 3633 deinde

2199 3683 2264 3734 ut
2303 3700 2330 3727 «
2357 3694 2415 3733 se
2442 3677 2796 3733 mutantibus
2842 3675 3079 3744 clericis,
3130 3673 3252 3729 sine
3302 3671 3690 3727 vicissitudine
3730 3671 3856 3743 ipse

2199 3771 2536 3828 decantandi
2574 3770 2962 3826 modulamina
3017 3785 3133 3823 non
3183 3767 3395 3822 ﬁniret.
3462 3788 3489 3815 »
3557 3767 3857 3820 Postremo

2205 3888 2233 3917 «
2258 3866 2423 3921 tertia
2449 3864 2629 3920 noctis
2651 3865 2792 3919 hora
2823 3862 3150 3935 ingrediens
3178 3861 3239 3915 in
3266 3859 3585 3929 ecclesiam,
3616 3874 3743 3914 non
3771 3861 3860 3911 est

2201 3976 2457 4031 egressus
2483 3958 2722 4014 ulterius
2746 3956 3110 4029 psallentium
3148 3955 3220 4009 ab
3248 3954 3467 4022 ordine,
3511 3953 3691 4007 donec
3729 3951 3855 4006 cla-

2199 4057 2452 4108 rescente
2481 4052 2593 4119 die,
2623 4052 2949 4107 decantatus
2974 4048 3304 4105 solemniter
3327 4062 3526 4102 cursus
3551 4045 3863 4101 universus
3964 4104 3965 4109 η

2201 4150 2693 4202 consummaretur
2714 4162 2785 4200 ex
2812 4160 3047 4199 canone.
3070 4164 3098 4193 »
3128 4142 3224 4197 Hic
3265 4141 3335 4195 de
3368 4138 3569 4195 multis
3608 4155 3714 4194 nos
3761 4138 3867 4193 ad-

2201 4243 2397 4296 monet
2426 4241 2785 4295 Fortunatus.
2815 4238 3024 4307 Primo,
3053 4235 3316 4308 episcopo
3360 4233 3535 4288 moris
3572 4231 3749 4287 fuisse
3792 4236 3862 4285 ut

2202 4334 2432 4389 clericos
2471 4350 2599 4387 suos
2652 4333 2723 4386 ad
2779 4332 3008 4404 Vigilias
3062 4334 3369 4384 nocturnas
3424 4326 3716 4393 excitaret,
3790 4340 3862 4379 ac
3964 4344 3965 4349 η

2201 4428 2439 4500 proinde
2467 4427 2572 4481 sub
2602 4426 2805 4481 eodem
2828 4430 2977 4480 tecto
3005 4423 3355 4479 cohabitasse
3382 4436 3605 4476 omnes.
3638 4418 3862 4474 Deinde

2203 4521 2433 4576 clericos
2458 4520 2566 4574 sibi
2590 4519 2834 4574 invicem
2861 4519 2922 4573 in
2946 4517 3183 4573 canendi
3206 4516 3354 4571 vices
3380 4512 3733 4569 successisse.
3766 4512 3865 4566 Ad

459 4627 610 4666 none
641 4610 705 4664 14
734 4626 747 4663 :
797 4611 863 4665 Ut
886 4608 1082 4671 clerici,
1107 4609 1205 4677 qui
1233 4610 1291 4660 in
1319 4608 1538 4661 civitate
1555 4608 1784 4673 fuerint,
1825 4610 2183 4691 matutinisD
2206 4616 2329 4670 haec
2363 4615 2531 4671 tertia
2568 4613 2751 4669 noctis
2790 4614 2931 4668 hora
2972 4610 3207 4683 Vigilias
3247 4609 3419 4663 fuisse
3460 4607 3756 4662 inchoatas
3790 4605 3864 4659 in

462 4705 676 4775 hymnis
710 4704 983 4757 intersint.
1025 4702 1149 4756 Jam
1196 4716 1334 4771 ergo
1369 4700 1427 4753 in
1468 4699 1758 4777 provincia
1798 4702 2108 4758 Turonensi

462 4798 601 4853 ordo
626 4796 899 4867 psallendi
927 4800 1052 4848 erat
1090 4793 1403 4863 institutus,
1437 4794 1536 4848 sed
1573 4778 1812 4850 fortasse
1848 4812 1967 4850 non
2003 4813 2107 4866 pro

465 4889 707 4961 singulis
733 4888 948 4956 diebus,
979 4887 1077 4942 sed
1103 4904 1206 4959 pro
1232 4886 1430 4942 diebus
1471 4887 1645 4942 festis.
1676 4889 1834 4943 Unde
1874 4889 2108 4958 Injurio-

466 5001 562 5039 sus
587 4983 646 5037 in
674 4981 793 5035 dies
819 4981 1041 5035 feriales
1065 4980 1313 5035 Tertiam
1342 4986 1400 5036 et
1420 4981 1649 5037 Sextam
1670 4981 1934 5037 instituit.

541 5078 630 5132 39.
660 5074 975 5149 Turonensi
995 5074 1257 5129 Ecclesia:
1285 5074 1597 5146 adjungere
1647 5074 1791 5129 mihi
1828 5075 1991 5132 liceat
2023 5078 2109 5132 Pi-

464 5177 806 5239 ctavensem,
833 5184 961 5239 quas
997 5168 1127 5222 licet
1159 5168 1324 5222 alteri
1370 5168 1690 5239 metropoli,
1730 5186 1938 5242 nempe
1972 5172 2107 5226 Bur-

467 5264 777 5338 degalensi,
807 5262 1082 5332 subjecta,
1113 5277 1386 5332 magnam
1413 5265 1601 5317 tamen
1630 5279 1761 5318 cum
1790 5264 2108 5320 eaafﬁnita-

466 5366 583 5416 tem
604 5359 794 5421 habet,
822 5362 946 5412 tum
974 5354 1045 5409 ob
1071 5354 1358 5424 viciniam,
1383 5357 1509 5410 tum
1541 5356 1614 5411 ob
1638 5362 1898 5413 sanctum
1926 5358 2108 5414 Marti-

465 5469 630 5521 num,
670 5468 843 5524 quem
886 5450 1202 5504 Turonibus
1241 5450 1512 5505 concessit
1549 5450 1795 5506 Hilarius
1832 5453 2108 5508 sanctissi-

465 5562 598 5602 mus
626 5544 981 5600 Pictavorum
998 5544 1250 5598 antistes.
1280 5543 1417 5597 Huic
1444 5543 1596 5599 inter
1621 5546 1840 5617 primos
1855 5547 2105 5618 psalmo-

467 5641 577 5697 diae
604 5640 889 5711 originem
917 5654 1037 5693 esse
1067 5636 1429 5692 tribuendam
1458 5638 1849 5710 conjiciebam,
1882 5645 2006 5695 tum
2039 5657 2108 5697 ex

467 5751 537 5790 eo
567 5732 721 5805 quod
747 5732 808 5785 in
833 5731 1141 5803 Phrygiam
1162 5731 1233 5786 ob
1253 5731 1587 5786 catholicam
1610 5732 1781 5788 ﬁdem
1800 5733 2105 5806 relegatus,

466 5823 911 5895 huncpsallendi
924 5839 1145 5879 morem
1184 5841 1255 5880 ex
1276 5824 1408 5878 Asia
1440 5824 1501 5878 in
1550 5825 1785 5880 Galliam
1820 5827 1983 5884 facile
2027 5829 2109 5883 in-

466 5918 677 5978 vehere
704 5915 888 5983 potuit
913 5931 927 5969 :
957 5918 1079 5971 tum
1102 5916 1237 5987 quia
1264 5916 1593 5974 Latinorum
1622 5919 1845 5988 primus
1890 5921 2105 5977 librum

2206 4709 2449 4765 Ecclesia
2486 4708 2805 4763 Parisiaca:
2856 4722 2983 4778 qua:
3034 4702 3315 4759 laudabile
3363 4702 3471 4756 hoc
3518 4701 3860 4755 institutum

2207 4804 2378 4859 etiam
2402 4819 2556 4858 nunc
2588 4801 2853 4873 religiose
2897 4802 3102 4865 servat,
3151 4802 3457 4852 nocturnas
3502 4793 3736 4866 Vigilias
3778 4792 3867 4847 ad

2205 4898 2454 4953 mediam
2480 4900 2705 4951 noctem
2732 4893 3124 4967 persolvendo.
3152 4893 3445 4946 Postremo
3462 4888 3607 4942 sacri
3654 4902 3865 4941 cursus

2207 5008 2481 5047 canonem
2507 4996 2643 5046 tunc
2667 4994 2859 5044 ratum
2876 4987 2993 5060 41
3009 4985 3071 5059 2
3092 5002 3156 5040 ac
3176 4984 3357 5039 ﬁxum
3375 4982 3569 5038 fuisse.
3595 4982 3674 5035 De
3692 4981 3863 5052 Lupo

2207 5085 2517 5142 Senonensi
2546 5084 2807 5155 episcopo
2846 5082 2904 5136 id
2942 5081 3114 5137 etiam
3156 5078 3359 5134 litteris
3403 5075 3695 5131 mandavit
3729 5073 3865 5144 ejus

2206 5185 2343 5239 Vita:
2369 5183 2627 5255 scriptor,
2656 5182 2845 5254 ipsum
2877 5201 2905 5233 (ι
2933 5197 3001 5235 ea
3023 5180 3164 5234 hora
3187 5193 3301 5248 qua
3321 5175 3471 5230 clero
3487 5170 3866 5229 incumbebat

2207 5278 2488 5332 matutina
2512 5292 2789 5349 peragere
2819 5272 3117 5339 solemnia,
3160 5270 3279 5325 suis
3319 5268 3583 5324 manibus
3622 5266 3866 5338 signum
3964 5302 3965 5309 η

2245 5374 2473 5428 ulsasse.
2504 5393 2532 5421 »

2204 5389 2473 5444 pulsasse.
2504 5393 2532 5421 »

2275 5467 2364 5521 41.
2396 5466 2741 5521 Praeclarum
2772 5479 2903 5519 vero
2930 5466 3014 5518 est
3038 5460 3294 5533 ejusdem
3320 5457 3459 5512 cleri
3512 5454 3867 5511 Parisiacen-

2207 5559 2281 5613 sis
2308 5559 2378 5614 ob
2403 5559 2690 5615 assiduam
2715 5557 3089 5631 psalmodiam
3115 5553 3368 5625 elogium
3385 5550 3540 5623 apud
3582 5545 3867 5605 eumdem

2206 5653 2602 5723 Fortunatum,
2629 5653 2690 5707 in
2722 5652 2820 5707 lib.
2850 5668 2912 5721 ιι,
2939 5649 3194 5705 carmine
3226 5649 3293 5702 l0
3323 5663 3338 5701 :

2426 5744 2575 5795 Gelsa
2597 5740 2837 5793 Parisiaci
2869 5739 2998 5790 cieri
3018 5735 3310 5788 reverentia
3342 5733 3548 5799 pollens

2486 5804 2734 5868 Ecclesia
2766 5802 3002 5868 genium,
3012 5800 3212 5868 Agloria,
3237 5794 3447 5868 munus,
3472 5794 3641 5845 honos
3664 5807 3680 5856 ;

2426 5867 2665 5917 Carmine
2699 5863 2948 5915 Daﬁdico
2973 5863 3149 5915 divina
3170 5863 3415 5927 poemata
3426 5868 3679 5925 pangens,

2485 5928 2733 5979 Cursibus
2757 5926 2974 5979 assiduis
2997 5926 3148 5977 dulce
3172 5922 3395 5976 revolvit
3422 5922 3569 5991 opus.
