4014 6230
175 386 251 442 i0]
1216 385 1305 442 DE
1341 386 1559 445 CURSU
1596 389 1970 447 GALLICANO
2008 391 2419 460 DlSQUlSlTlO.

320 489 436 543 [nde
462 487 777 553 sacerdotes,
801 489 1041 542 leviticus
1062 490 1188 549 hinc
1213 492 1372 544 micat
1399 494 1529 546 ordo
1553 510 1568 545 :

374 553 491 619 illos
522 552 875 619 canities,hos
897 554 1028 619 stola
1050 554 1271 617 pulchra
1292 556 1441 619 tegit.

318 615 517 690 man
540 615 706 690 senio,
728 619 905 666 tamen
921 616 975 690 hi
997 615 1131 690 bene
1157 615 1388 690 vestibus
1412 620 1611 683 albent,

377 679 436 727 Ut
456 679 657 741 placeat
678 691 884 728 summo
916 679 1057 742 picta
1084 693 1280 730 corona
1314 682 1437 731 Deo.

318 740 567 816 Inﬁmedio
586 741 883 816 germanus
910 742 1058 791 adest
1088 743 1299 816 antistes
1316 743 1541 816 honore.

372 802 463 861 Qui
492 802 622 866 regit
646 802 771 852 hinc
798 803 1040 867 juvenes,
1069 804 1287 868 subrigit
1314 804 1433 856 inde
1453 820 1625 857 senes.

164 924 228 979 Ex
249 920 590 993 sequentibus
620 920 877 976 versibus
902 922 1092 994 colligi
1123 922 1365 992 videtur,
1406 924 1758 995 psalmorum

166 1018 357 1070 cantum
384 1031 415 1067 a
449 1014 634 1069 media
676 1020 842 1071 nocte
883 1016 955 1070 ad
990 1016 1178 1071 lucem
1204 1016 1538 1073 continuum
1562 1018 1753 1074 fuisse.

164 1112 317 1181 Atque
358 1107 464 1162 huc
488 1108 722 1163 fortasse
767 1114 982 1181 spectat
1022 1110 1173 1182 quod
1214 1126 1280 1165 ex
1333 1111 1597 1167 Germani
1635 1111 1758 1168 Vita

163 1218 269 1256 mox
292 1200 599 1271 retulimus,
629 1203 862 1258 clericos
891 1204 996 1259 sibi
1024 1204 1085 1259 in
1121 1204 1372 1260 canendo
1406 1206 1754 1262 successisse.

317 1313 453 1381 Miles
479 1311 544 1381 ad
567 1326 712 1362 arma
730 1314 889 1374 celer,
909 1314 1119 1381 signum
1140 1328 1262 1365 mox
1281 1315 1435 1365 tinnit
1465 1316 1520 1367 in
1540 1330 1712 1381 aures,

370 1374 529 1441 Erigit
549 1389 769 1441 excusso
798 1374 1247 1441 memb‘raqsopore
1271 1382 1406 1428 toro.

316 1435 524 1504 Ad_vol:at
544 1441 665 1487 ante
692 1438 822 1504 alios
838 1439 1084 1503 mysteria
1101 1435 1250 1504 sacra
1278 1440 1552 1504 requirens

370 1498 601 1566 Undique
625 1500 843 1566 quisque
876 1498 970 1566 suo
997 1503 1194 1566 templa
1216 1498 1443 1566 petenda
1474 1504 1613 1552 loco.

314 1560 561 1629 ﬂagranti
586 1560 775 1611 studio'
792 1564 1043 1627 populum
1074 1560 1266 1629 domus
1291 1564 1727 1629 irrigatiomnem,

442 1623 716 1689 rtatimque
751 1623 969 1689 mouent
997 1627 1114 1689 quis
1140 1626 1284 1688 prior
1308 1623 1567 1677 ire'valet.

314 1685 601 1753 Pervigiles
614 1685 798 1753 noctes
808 1687 883 1753 ad
906 1685 1076 1753 prima
1102 1685 1419 1753 crepuscula
1430 1690 1677 1753 jungens,

373 1747 627 1798 Construit
648 1747 924 1813 angelicos
940 1751 1092 1801 turba
1122 1747 1353 1802 verenda
1376 1747 1583 1803 choros.

154 1860 316 1930 Neque
340 1862 555 1914 tantum
582 1876 811 1931 vocum,

155 1956 442 2008 mentorum
484 1970 657 2008 usum
704 1954 765 2011 in
806 1954 1083 2011 Parisiaca
1126 1956 1372 2012 Ecclesia
1409 1960 1546 2013 tunc
1587 1958 1759 2015 fuisse

156 2045 312 2103 subdit
333 2045 479 2103 idem
500 2048 691 2103 Poeta.

315 2166 498 2286 4153
514 2175 653 2226 Hinc
667 2189 799 2240 puer
813 2175 1015 2240 exiguis
1025 2179 1335 2240 attemperat
1347 2190 1543 2286 organa
1558 2177 1760 2240 cannis;

372 2241 424 2286 In
465 2253 492 2286 e
522 2252 684 2286 senex
716 2238 912 2286 laruam
946 2243 1114 2286 raptat
1140 2240 1205 2286 ab
1240 2253 1331 2286 ore
1365 2244 1417 2286 tu
1458 2254 1560 2286 am.

372 2238 684 2303 lideqqsenei
716 2238 927 2303 largam'
946 2243 1117 2303 raptat
1140 2238 1205 2289 ab
1240 2253 1331 2288 ore
1365 2238 1560 2303 tubam.

311 2298 605 2364 Cimbalicm
630 2298 1029 2364 voces'calamis
1051 2301 1336 2351 miscentur
1358 2302 1541 2364 acutis,

380 2362 787 2427 Disparibusque
816 2362 979 2425 tropis
1001 2363 1171 2414 ﬁstula
1197 2365 1350 2427 dulce
1373 2362 1543 2415 sonat.

309 2424 567 2491 Tympana
591 2424 750 2491 rauca
777 2424 958 2475 senum
987 2427 1204 2491 puerilis
1226 2425 1354 2491 tibia
1378 2427 1592 2491 mulcet,

397 2488 565 2551 Atque
595 2487 869 2538 hominum
896 2487 1141 2552 reparant
1167 2489 1331 2539 verba
1355 2502 1549 2539 canora
1571 2488 1760 2553 lyram.

154 2596 403 2653 Postremo
426 2615 543 2654 non
571 2599 757 2656 solum
785 2599 1039 2668 clericos,
1073 2600 1171 2655 sed
1201 2600 1372 2656 etiam
1422 2600 1595 2656 laicos
1634 2617 1763 2656 can-

154 2690 306 2746 tandis
342 2692 435 2749 Dei
468 2692 734 2748 laudibus
773 2692 993 2749 dedisse
1036 2709 1271 2766 operam
1307 2697 1525 2749 constat
1563 2710 1634 2751 ex
1671 2710 1758 2749 se-

153 2784 319 2857 quenti
342 2801 505 2841 versu
534 2803 550 2839 :

227 2895 471 2946 Pontiﬁcis
504 2895 705 2947 meritis
729 2896 919 2960 clerus,
953 2897 1105 2961 plebs
1132 2897 1307 2962 psallit
1329 2900 1381 2949 et
1406 2897 1591 2948 infans.

207 3020 285 3074 «i2.
333 3020 457 3074 Haec
491 3024 632 3075 sunt
688 3035 817 3091 quae
860 3019 930 3074 de
983 3019 1220 3093 antiquo
1268 3036 1437 3076 cursu
1484 3020 1764 3076 Gallicano

149 3112 277 3182 apud
301 3113 564 3184 probatos
589 3116 850 3168 auctores
891 3114 1142 3185 reperire
1190 3113 1352 3169 nobis
1383 3113 1563 3169 licuit.
1595 3114 1765 3168 Caete-

149 3220 255 3259 rum
283 3221 346 3260 ex
364 3206 487 3260 aliis
520 3206 898 3278 intelligimus
939 3207 1118 3262 serius
1170 3207 1324 3278 apud
1357 3206 1631 3279 quasdam
1659 3208 1762 3261 Ec-

3392 392 3495 452 402

1778 511 1839 586 Α
1859 498 2056 571 eisque
2088 522 2116 549 «
2154 500 2500 558 sufﬁcientia
2531 500 2799 560 victualia
2828 501 3143 573 cOnstituit,
3189 504 3249 560 et
3276 503 3496 577 praedia

1858 593 2126 663 quaedam
2156 594 2266 649 illis
2301 595 2561 662 contulit,
2609 614 2837 653 necnon
2873 597 3145 653 aerarium
3183 614 3494 654 commune

1859 686 2049 740 usibus
2076 704 2277 742 eorum
2314 689 2581 745 instituit.
2632 712 2660 741 »
2706 693 2788 747 lta
2827 692 3182 747 Frodoardus
3226 691 3287 746 in
3325 692 3422 746 lib.
3456 709 3496 751 ιι

1858 796 1982 850 cap.
2001 783 2085 834 11.
2112 782 2184 834 At
2196 781 2493 853 Rigoberti
2514 783 2655 839 Vitas
2681 785 2926 857 scriptor
2943 787 3116 857 paulo
3148 786 3315 842 aliter
3335 786 3493 842 idem

1858 876 2161 928 attestatur
2177 875 2265 929 his
2275 876 2463 931 verbis
2478 894 2491 932 :
2511 899 2538 927 «
2550 878 2898 934 Canonicam
2911 880 3128 935 clericis
3150 879 3493 952 religionem

1859 966 2298 1023 instituit.Juxta
2321 987 2633 1025 numerum
2656 990 2885 1044 quoque
2901 990 3127 1040 eorum,
3152 978 3361 1046 quotus
3396 975 3495 1030 illo

1858 1060 1917 1114 in
1948 1064 2213 1132 tempore
2236 1066 2379 1130 erat,
2395 1064 2742 1121 sufﬁcientia
2760 1070 2819 1121 et
2836 1067 3108 1122 continua
3125 1067 3207 1122 eis
3226 1068 3495 1123 victualia

1859 1154 2174 1223 constituit,
2198 1159 2481 1226 quatenus
2512 1157 2702 1213 divino
2731 1161 2908 1214 cultui
2937 1160 3171 1216 liberius
3205 1164 3378 1232 atque
3414 1161 3500 1215 in-

1860 1246 2102 1301 stantius
2154 1248 2417 1303 insistere
2469 1250 2803 1321 quivissent.
2864 1253 3025 1307 Prius
3068 1254 3280 1326 quippe
3317 1270 3493 1325 quam

1860 1341 2196 1411 exoptabilis
2221 1341 2311 1395 hic
2342 1343 2492 1397 altor
2516 1360 2582 1398 ac
2610 1348 2775 1415 pater
2793 1362 2994 1401 eorum
3026 1347 3343 1415 adveniret,
3376 1363 3495 1402 non

1860 1433 1942 1487 eis
1969 1434 2214 1488 dabatur
2240 1436 2551 1491 canonicus
2581 1437 2767 1509 panis,
2812 1442 2869 1492 et
2895 1455 3011 1493 non
3053 1444 3239 1507 erant,
3274 1444 3336 1494 ut
3364 1444 3497 1495 sunt

1869 1527 2059 1593 hodie,
2093 1528 2374 1596 canonici,
2405 1531 2509 1585 sed
2536 1531 2682 1585 sicut
2724 1532 3119 1587 matricularii.
3156 1534 3226 1587 Et
3264 1533 3339 1587 ad
3374 1534 3498 1589 haec

1863 1637 1954 1673 res
1982 1621 2245 1691 proprias
2266 1639 2397 1676 cum
2431 1624 2848 1680 habitatoribus
2873 1642 3074 1681 earum
3096 1625 3207 1680 illis
3231 1626 3497 1696 contutit,

1859 1713 1957 1784 qui
1987 1713 2225 1785 singulis
2251 1716 2686 1772 necessitatibus
2708 1735 2909 1773 eorum
2936 1722 3214 1791 perpetuo
3247 1720 3499 1774 deservi-

1858 1809 2007 1860 rent.
2031 1807 2257 1862 Primus
2278 1809 2693 1865 Rhemensium
2722 1811 2812 1865 hic
2829 1811 3129 1883 episcopus
3149 1813 3331 1866 fertur
3347 1828 3504 1867 com-

1027 1862 1037 1873 .
1298 1863 1308 1874 .
1555 1864 1566 1874 .
2722 1862 2807 1865 _--
2836 1862 3126 1883 τηητπ-
3149 1862 3321 1866 _-_-__
3353 1862 3479 1867 -__

1860 1916 2038 1955 mune
2083 1901 2164 1956 eis
2198 1902 2513 1959 instituisse
2551 1905 2841 1973 aerarium,
2885 1906 3238 1977 generaliter
3266 1906 3497 1961 illorum

1861 1995 2054 2049 usibus
2081 1994 2139 2049 in
2169 1997 2373 2051 saecula
2395 1997 2782 2067 profuturum.
2805 2021 2833 2049 ››
2858 1999 3021 2063 Quod
3043 1999 3388 2070 Rigobertus
3408 1999 3502 2055 hic

1861 2087 2088 2155 dicitur,
2130 2090 2472 2145 canonicam
2512 2091 2734 2145 clericis
2770 2092 3117 2163 religionem
3166 2092 3499 2161 instituisse,

1860 2180 1995 2249 sive,
2019 2185 2082 2235 ut
2110 2182 2474 2238 Frodoardus
2498 2184 2696 2253 habet,
2726 2185 3066 2251 restituisse,
3096 2185 3155 2240 id
3174 2185 3256 2239 ita
3285 2185 3495 2240 intelli-

1861 2276 2117 2346 gendum
2137 2278 2241 2343 est,
2262 2280 2325 2331 ut
2352 2293 2451 2331 eos
2478 2278 2552 2332 ad
2570 2295 2945 2333 communem
2964 2279 3142 2333 vitam
3164 2296 3503 2351 composue-

1860 2368 1954 2435 rit,
1997 2386 2309 2424 commune
2338 2371 2420 2425 eis
2460 2371 2770 2427 tribuendo
2803 2372 3106 2427 aerarium:
3157 2390 3289 2427 cum
3328 2376 3502 2428 antea

1861 2462 2079 2517 reditus
2102 2480 2447 2519 communes
2476 2482 2593 2520 non
2622 2465 2926 2533 haberent,
2962 2465 3063 2520 sed
3093 2465 3303 2538 stipem
3335 2482 3500 2521 suam

1860 2554 1921 2609 in
1960 2554 2082 2610 dies
2117 2556 2189 2610 ab
2230 2557 2496 2629 episcepo
2538 2557 2886 2628 acciperent,
2926 2559 3072 2613 sicut
3105 2558 3501 2626 matricularii,
3550 2606 3567 2624 ,

1863 2649 2116 2703 ecclesiae
2148 2651 2413 2722 catalogo
2445 2650 2697 2722 ascripti.
2721 2652 2927 2706 Beatus
2966 2652 3265 2724 Remigius
3299 2652 3359 2707 in
3400 2668 3502 2707 suo

1864 2742 2039 2814 ipsius
2050 2746 2402 2798 testamento
2423 2745 2643 2799 clerum
2658 2745 2911 2799 ecclesiae
2932 2745 3277 2800 Rhemensis
3298 2751 3356 2801 et
3376 2762 3500 2801 ma-

1864 2836 2183 2891 tricularios
2213 2837 2777 2908 designathisverbis
2802 2855 2814 2893 :
2835 2860 2863 2888 «
2882 2838 3257 2894 Subdiaconis
3290 2839 3503 2894 solidos

1866 2929 2195 2997 duodecim,
2223 2930 2528 2985 lectoribus
2563 2931 2777 2986 solidos
2819 2931 2982 2999 duos,
3008 2998 3014 3007 .
3040 2932 3286 2987 ostiariis
3323 2936 3380 2987 et
3406 2933 3500 3003 ju-

1866 3022 2122 3077 nioribus
2132 3024 2347 3079 solidos
2359 3025 2503 3079 duos
2507 3025 2685 3095 jubeo
2702 3024 2845 3079 dari.
2864 3025 3287 3096 Pauperibusin
3307 3025 3505 3080 matri-

1864 3117 1992 3170 cula
2002 3116 2221 3187 positis,
2245 3116 2361 3189 41
2379 3117 2436 3190 5
2458 3121 2592 3172 ante
2607 3119 2760 3172 fores
2774 3118 3027 3173 ecclesiae
3041 3120 3502 3191 exspectantibus

1866 3209 2096 3279 stipem,
2136 3209 2250 3264 duo
2289 3210 2476 3277 solidi,
2508 3211 2660 3265 unde
2692 3228 2751 3265 se
2781 3210 3061 3279 reficiant,
3094 3211 3435 3268 inferentur.
3468 3236 3497 3264 ››

149 3251 255 3259 -__
285 3251 346 3260 ν..
365 3251 486 3260 .....-
520 3251 897 3278 -..--...,,...-...
939 3251 1118 3262 νυ---
1171 3251 1324 3278 πη...
1359 3251 1631 3279 τμη-η-
1659 3251 1732 3261 ..ν
1866 3251 2096 3279 curm",
2137 3251 2250 3264 ...ω
2289 3251 2476 3277 υυωυ,
2509 3251 2659 3265 ...μιν
2692 3251 2751 3265 νυ
2781 3251 3061 3279 ,νηυηηιη
3096 3251 3435 3268 ηηυιυ....ιυ.
3468 3251 3496 3264 ι.

148 3299 317 3354 clesias
335 3299 730 3371 quotidianum
750 3300 1031 3372 psallendi
1054 3317 1277 3357 morem
1293 3300 1606 3356 admissum
1632 3300 1766 3354 fuis-
1785 3251 1839 3326 C
1868 3301 2146 3357 Similiter
2180 3303 2410 3373 agendo
2439 3303 2510 3357 de
2536 3303 2785 3358 Ecclesia
2821 3305 3191 3375 Lugdunensi
3220 3322 3322 3359 seu
3354 3306 3500 3361 Lau-

150 3408 212 3448 se.
242 3394 298 3448 In
321 3394 567 3449 Ecclesia
591 3393 931 3450 Virdunensi
958 3394 1164 3449 Paulus
1192 3394 1505 3466 episcopus,
1537 3394 1635 3466 qui
1662 3395 1766 3450 sub

148 3501 335 3542 annum
356 3488 455 3542 647
497 3488 690 3543 vivere
730 3487 914 3558 desiit,
955 3488 1108 3543 hunc
1142 3487 1320 3543 ritum
1354 3487 1618 3555 instituit,
1667 3490 1767 3543 aut

150 3584 274 3635 certe
294 3581 556 3649 restituit,
573 3581 804 3652 prtediis
822 3582 972 3637 hanc
998 3582 1059 3637 in
1088 3598 1212 3636 rem
1231 3598 1264 3636 a
1284 3582 1603 3653 Dagoberto
1628 3597 1765 3653 rege

149 3677 194 3726 et
212 3690 241 3727 a
265 3674 522 3731 Grimone
542 3675 604 3729 in
620 3675 812 3730 dotem
836 3675 1241 3731 canonicornm
1259 3676 1594 3747 impetratis.
1622 3676 1765 3731 Nam

149 3771 257 3823 ante
279 3766 333 3823 id
354 3774 584 3841 tempus
602 3768 837 3824 ecclesia
855 3769 954 3824 illa
985 3791 1014 3819 ‹‹
1044 3769 1120 3825 ita
1135 3770 1306 3825 rebus
1326 3769 1594 3825 destituta
1619 3772 1761 3839 erat,

147 3864 200 3915 ut
209 3878 365 3917 nemo
388 3862 734 3919 clericorum
760 3867 907 3918 esset
924 3863 1026 3935 qui
1047 3864 1268 3918 assidue
1298 3864 1381 3934 (ut
1404 3860 1483 3918 sic
1506 3862 1766 3935 praecipit

149 3955 519 4013 ecclesiasticus
549 3957 705 4027 ordo)
735 3956 1036 4011 missarum
1072 3957 1364 4027 solemnia,
1410 3957 1498 4012 vel
1534 3972 1765 4012 consue-

148 4050 249 4103 tum
274 4051 620 4121 psalmorum
651 4050 792 4105 inibi
818 4051 1129 4122 compleret
1174 4067 1400 4105 cursum
1431 4068 1449 4119 ;
1505 4050 1601 4105 sed
1645 4064 1764 4121 prae

148 4138 310 4213 inopia
328 4143 421 4200 vix
446 4148 504 4200 et
553 4160 685 4199 cum
732 4160 942 4216 magno
987 4144 1178 4200 labore
1212 4160 1317 4216 per
1359 4143 1612 4216 singulos
1647 4142 1765 4199 dies

148 4234 447 4299 adveniebat
479 4238 688 4310 aliquis
727 4237 971 4293 forensis
1015 4238 1332 4309 presbyter,
1378 4243 1435 4293 et
1472 4236 1761 4305 citissime,

150 4328 361 4402 satisque
374 4332 707 4388 indecenter
720 4332 998 4388 horarum
1018 4337 1075 4387 et
1092 4332 1279 4387 missae
1294 4331 1464 4387 simul
1478 4330 1766 4402 complens

152 4421 326 4494 cilicia,
362 4425 622 4481 mercede
669 4431 917 4497 accepta,
964 4425 1350 4481 revertebatur
1398 4426 1470 4481 ad
1512 4427 1760 4500 prOpria.

151 4514 390 4573 Similiter
421 4519 704 4575 secundus
733 4522 791 4575 et
814 4518 1037 4586 tertius,
1065 4519 1385 4591 cmterique,
1407 4519 1586 4576 donec
1610 4521 1765 4577 idem

148 4609 263 4664 ordo
286 4612 548 4668 confusus
572 4630 607 4668 a
629 4612 940 4669 novissimo
966 4612 1180 4669 rediret
1198 4612 1271 4668 ad
1295 4612 1568 4685 primum.
1600 4635 1629 4664 »
1649 4616 1759 4670 Ha-
1781 4624 1840 4696 D

148 4706 319 4759 etenus
358 4721 426 4762 ex
466 4706 651 4778 ipsius
698 4706 856 4763 Pauli
893 4706 1068 4778 Actis,
1112 4723 1243 4778 quas
1296 4706 1355 4762 in
1418 4706 1626 4763 saeculo
1690 4724 1765 4765 vn

145 4800 313 4853 nostro
334 4798 642 4856 habentur.

205 4890 285 4946 43.
310 4893 418 4948 Nec
442 4893 566 4950 fere
600 4894 712 4950 alio
738 4894 910 4950 modo
952 4894 1045 4950 hic
1082 4894 1227 4951 ritus
1264 4894 1325 4950 in
1366 4892 1609 4949 Ecclesia
1646 4895 1765 4949 An-

146 4982 509 5044 tissiodorensi
538 4989 643 5045 sub
671 4989 847 5045 ﬁnem
874 4988 1066 5044 saeculi
1090 5004 1165 5043 vn
1184 4988 1294 5044 fuit
1318 4988 1636 5043 institutus.
1664 4989 1766 5044 Te-

150 5076 300 5133 tricus
348 5082 561 5154 quippe
604 5083 919 5155 episcopus,
982 5082 1170 5154 primo
1232 5098 1351 5138 suae
1403 5082 1771 5138 ordinationis

149 5185 300 5240 anno,
326 5175 616 5231 constituit
647 5180 716 5232 ut
732 5176 980 5246 abbates,
1003 5176 1482 5247 archipresbyteri
1509 5180 1566 5231 et
1601 5192 1768 5247 paro-

151 5262 228 5317 chi
245 5264 354 5339 41
371 5268 432 5340 4
461 5269 680 5325 rurales
704 5286 837 5325 cum
865 5269 1163 5326 dominicis
1201 5269 1286 5339 (ut
1320 5272 1457 5324 Acta
1489 5269 1772 5341 episcopo-

150 5371 262 5413 rum
306 5361 536 5435 habent)
584 5364 820 5434 clericis,
874 5364 937 5419 in
986 5363 1216 5418 ecclesia
1265 5362 1444 5418 sancti
1500 5363 1772 5435 Stephani

153 5448 385 5511 divinum
434 5457 817 5528 persolverent
855 5457 1139 5527 ofﬁcium;
1182 5456 1263 5512 ita
1300 5461 1367 5511 ut
1406 5472 1507 5511 sua
1566 5456 1772 5528 cuique

154 5550 491 5621 monasterio,
518 5551 1027 5623 archipresbytero,
1053 5551 1143 5606 vel
1155 5549 1402 5623 parocho
1417 5550 1775 5605 bebdomada

154 5639 503 5715 incumberet,
531 5645 815 5717 assignato
838 5644 1077 5717 singulis
1104 5644 1385 5717 stipendio
1411 5660 1481 5700 ex
1492 5642 1774 5699 dominico

155 5732 381 5792 cellario.

221 5827 329 5882 liis
357 5830 564 5887 Eodem
621 5835 877 5905 tempore
927 5833 1080 5906 apud
1121 5832 1367 5889 Bbemos
1433 5831 1776 5904 Rigobertus

165 5921 400 5989 pontifex
432 5926 810 5986 «canonicam
835 5927 1050 5990 clericis
1078 5926 1414 6001 religionem
1450 5925 1713 5999 restituit,
1743 5946 1772 5977 »

1868 3395 2133 3463 dunensi,
2182 3397 2334 3450 solos
2377 3396 2778 3463 subdiaconos,
2824 3398 3085 3465 lectores,
3140 3398 3401 3453 ostiarius
3445 3403 3504 3453 et

1859 3487 2121 3558 juniores
2143 3489 2429 3555 nominat,
2446 3491 2604 3544 nulla
2624 3490 3093 3561 presbyterorum
3110 3494 3209 3546 aut
3235 3490 3503 3547 diacono-

1867 3598 1995 3635 rum
2024 3581 2324 3637 mentione
2348 3583 2521 3637 facta.
2542 3582 2725 3637 Perid
2746 3586 2977 3653 tempus
2999 3583 3216 3638 clerum
3238 3585 3502 3640 Ecclesiae

1867 3674 2207 3729 Rhemensis
2235 3675 2310 3729 ad
2332 3674 2523 3729 officia
2543 3675 2736 3729 divina
2764 3675 2899 3729 satis
2926 3692 3303 3731 numerosum
3326 3678 3500 3732 fuisse

1866 3767 2001 3821 inde
2028 3767 2219 3839 colligi
2244 3770 2452 3839 potest.
2478 3768 2591 3823 Sed
2617 3785 2748 3822 cum
2775 3772 3104 3839 temporum
3120 3770 3383 3839 procellis
3402 3771 3502 3824 im-

1867 3861 2125 3915 minutus
2160 3861 2378 3929 fuisset,
2421 3878 2554 3915 eum
2584 3862 2835 3916 restituit
2872 3865 3100 3916 sanctus
3135 3862 3497 3933 Rigobertus.

1864 3955 1948 4009 Ab
1978 3955 2147 4025 hujus
2175 3958 2439 4026 tempore
2462 3958 2662 4009 auctus
2681 3955 2901 4010 estsine
2918 3955 3162 4011 dubioin
3185 3956 3501 4011 Rhemensi

1865 4048 2111 4104 Ecclesia
2131 4048 2357 4103 divinus
2377 4049 2580 4117 cultus,
2605 4049 2703 4121 qui
2728 4050 2957 4104 fortean
2984 4050 3145 4120 prius
3172 4050 3245 4105 ob
3271 4051 3500 4105 canoni-

1865 4160 2063 4198 corum
2090 4143 2399 4214 penuriam
2430 4159 2549 4198 non
2578 4142 2659 4197 ita
2680 4143 2956 4198 solemnis
2984 4147 3127 4199 erat.
3168 4146 3328 4199 Nunc
3365 4161 3499 4199 vero

1866 4240 2028 4291 tanta
2045 4237 2160 4291 illic
2190 4237 2493 4308 majestate
2518 4238 2576 4292 et
2593 4237 2815 4292 rituum
2848 4237 3132 4309 gravitate
3153 4238 3495 4306 celebratur,

1866 4334 2084 4402 quanta
2108 4330 2197 4385 vix
2224 4330 2285 4385 in
2316 4331 2431 4387 ulla
2455 4330 2568 4385 alia
2597 4330 2913 4386 cathedrali
2945 4331 3203 4386 ecclesia.

2600 4446 2859 4519 §IV.-

1865 4544 2179 4597 Divinarum
2217 4543 2517 4611 ofﬁciorum
2540 4542 2813 4666 institgctio.
2834 4544 2892 4595 in
2909 4542 3323 4611 parochialibus
3341 4543 3500 4598 aliis-

2484 4629 2585 4666 aue
2609 4628 2692 4666 ecc
2715 4627 2858 4666 esus.

2484 4629 2585 4683 que
2609 4627 2858 4668 ecclesiis.

1935 4708 2023 4760 45.
2054 4706 2198 4761 Cum
2218 4705 2409 4760 ofﬁcia
2439 4706 2631 4760 divina
2672 4723 2790 4760 non
2834 4705 3023 4776 magis
3051 4705 3126 4761 ad
3161 4706 3500 4763 clericorum

1866 4815 2109 4872 pensum
2137 4813 2313 4871 quam
2335 4799 2409 4854 ad
2434 4799 2692 4854 ﬁdelium
2719 4800 3049 4870 exemplum
3078 4799 3340 4856 instituta
3369 4802 3501 4871 sint,

1868 4910 1985 4949 non
2014 4909 2221 4964 parum
2252 4892 2531 4947 intererat
2552 4896 2612 4948 ut
2635 4910 2753 4950 non
2776 4894 2960 4951 solum
2983 4893 3042 4947 in
3056 4895 3501 4967 cathedralibus,

1869 4987 1970 5041 sed
1995 4987 2172 5042 etiam
2194 4986 2253 5041 in
2278 4987 2703 5058 parochialibus
2723 4987 2964 5058 aliisque
2986 4989 3240 5044 ecclesiis
3257 4991 3508 5047 celebra-

1868 5084 2087 5148 rentur,
2110 5083 2395 5152 quatenus
2424 5097 2530 5152 per
2551 5080 2805 5135 ecclesiae
2832 5082 3109 5154 cujusque
3123 5083 3422 5139 facultates
3448 5085 3507 5139 id

1871 5176 2086 5230 liceret.
2117 5175 2359 5246 Hujusce
2400 5174 2644 5229 instituti
2682 5176 2906 5230 nullum
2948 5176 3242 5248 antiquius
3279 5177 3505 5233 invenio

1872 5271 2339 5336 monumentum,
2370 5285 2546 5339 quam
2575 5268 2635 5322 in
2672 5268 2915 5324 concilio
2955 5270 3299 5341 Epaonensi,
3348 5270 3508 5339 cujus

1873 5379 2095 5418 canone
2116 5365 2183 5417 25
2205 5362 2264 5417 id
2288 5362 2666 5417 constitutum
2702 5366 2788 5416 est
2808 5380 2821 5418 :
2849 5364 3165 5420 Sanctorum
3182 5362 3424 5431 reliquie
3450 5364 3507 5415 in

1871 5458 2123 5513 oratoriis
2145 5457 2433 5512 vilioribus
2474 5472 2579 5511 non
2600 5460 2899 5528 ponantur,
2931 5458 3039 5511 nisi
3069 5457 3258 5524 forsan
3293 5456 3507 5510 clericos

1872 5551 2224 5621 cujuscunque
2245 5552 2520 5622 parochiw
2543 5553 2745 5606 vicinos
2769 5565 2876 5605 esse
2895 5553 3192 5619 contingat,
3223 5551 3318 5620 qui
3340 5550 3508 5604 sacris

1872 5646 2136 5701 cineribus
2154 5645 2434 5715 psallendi
2457 5646 2768 5714 frequentia
2794 5643 3152 5711 famulentur.
3183 5643 3300 5697 Mos
3332 5641 3506 5711 igitur

1876 5756 1944 5794 eo
1972 5742 2237 5810 tempore
2264 5741 2408 5806 arat,
2432 5738 2492 5793 id
2519 5741 2605 5792 est
2631 5737 2901 5792 saeculovr
2923 5733 3181 5801 ineunte,
3205 5737 3268 5787 ut
3290 5734 3350 5786 in
3370 5731 3509 5786 locis

1879 5832 1971 5886 ubi
2005 5834 2335 5887 sanctorum
2351 5831 2608 5902 reliquiae
2636 5827 3092 5892 asservabantur,
3108 5824 3297 5880 ofﬁcia
3314 5823 3503 5875 divina

1879 5941 1981 5999 per
2032 5925 2297 5999 proprios
2341 5928 2442 5980 aut
2485 5924 2698 5981 vicinos
2747 5921 2984 5978 clericos
3019 5916 3500 5993 persolverentur.
