4014 6230
426 388 529 444 403

1218 388 1548 444 ΑΡΡΕΝΒΙΧ
1589 386 1677 442 ΑΙ)
1714 386 1935 441 ΟΡΕΒΑ
1973 381 2206 438 SANCTI
2243 382 2543 437 GERMAN!
2582 381 3008 436 PARlSIENSIS.

3708 381 3803 436 illi

418 499 820 554 Consentanea
847 499 935 552 est
969 495 1101 552 huic
1140 496 1356 552 sanctio
1394 492 1622 549 concilii
1669 492 2063 549 Cabilonensis
2083 490 2361 575 Aﬁdeles
2396 489 2470 544 ad
2511 492 2821 545 nocturnas
2849 503 3049 560 preces
3084 489 3431 561 surgebant,
3473 506 3543 545 ex
3575 490 3801 546 Tertul-

420 592 615 648 medio
662 592 869 647 saeculo
895 608 972 647 vu
1002 589 1118 663 41
1135 589 1195 662 6
1223 588 1517 655 celebrati,
1546 588 1606 641 in
1633 604 1854 642 canone
1880 590 1964 655 l3,
1989 588 2057 642 de

416 688 668 743 oratoriis
693 702 811 756 quae
840 701 938 757 per
963 686 1125 739 villas
1148 687 1305 753 ﬁunt,
1331 686 1391 737 ut
1429 684 1539 737 sint
1570 685 1630 737 in
1652 686 1912 753 potestate
1940 684 2052 752 epi-

414 796 726 851 scoporum;
757 782 855 849 qui
874 796 940 833 ea:
967 779 1325 845 facultatibus
1350 776 1551 831 ibidem
1594 777 1822 831 collectis
1854 792 2052 847 procu-

416 879 536 929 rent
573 878 636 929 ut
659 875 895 943 ofﬁcium
921 873 1168 927 divinum
1187 874 1356 943 possit
1382 871 1618 941 impleri,
1649 875 1701 925 et
1727 886 1881 925 sacra
1912 871 2050 926 liba-

415 970 565 1023 mina
586 968 904 1022 consecrari.

486 1063 575 1117 46.
609 1059 924 1116 Concilium
959 1057 1317 1112 Emeritense
1348 1058 1405 1112 in
1437 1058 1747 1126 Lusitania,
1778 1063 1905 1131 post
1933 1075 2052 1113 me-

416 1155 576 1209 dium
598 1154 870 1208 saeculum
888 1169 963 1207 vn
980 1152 1052 1207 de
1074 1150 1442 1222 parochianis
1460 1152 1809 1224 presbyteris
1832 1153 2047 1218 statuit,

416 1264 638 1304 canone
687 1251 773 1313 l9,
824 1251 891 1304 Ut
920 1248 986 1302 de
1022 1248 1250 1302 ecclesiae
1285 1261 1396 1301 suae
1428 1248 1650 1314 familia
1692 1248 1907 1301 clericos
1948 1247 2053 1301 sibi

412 1344 647 1409 faciant,
666 1357 796 1412 quos
815 1357 915 1411 per
937 1342 1132 1395 bonam
1157 1341 1490 1395 voluntatem
1517 1342 1597 1394 ita
1623 1342 1893 1403 nutriant,
1920 1345 1983 1396 ut
2000 1345 2053 1395 et

412 1438 648 1507 ofﬁcium
662 1439 907 1490 sanctum
920 1434 1082 1503 digne
1104 1439 1397 1503 peragant,
1426 1438 1478 1487 et
1501 1434 1576 1488 ad
1592 1436 1871 1488 servitium
1894 1449 2047 1488 suum

411 1536 565 1602 aptos
594 1545 677 1585 eos
704 1530 958 1583 habeant.
991 1530 1135 1581 Item
1161 1528 1317 1597 apud
1348 1528 1584 1597 Anglos,
1609 1543 1760 1581 auno
1790 1531 1912 1593 787,
1947 1528 2047 1582 de-

412 1628 632 1679 cretum
670 1626 756 1677 est
778 1622 837 1675 in
865 1621 1092 1676 concilii
1120 1620 1519 1677 Celichitensis
1541 1637 1665 1692 cap.
1701 1626 1752 1687 7,
1781 1624 1848 1677 Ut
1871 1637 2049 1677 omnes

410 1720 639 1773 ecclesia:
666 1717 899 1788 publicae
921 1718 1186 1770 canonicis
1224 1716 1367 1769 horis
1393 1729 1605 1769 cursum
1628 1730 1787 1770 suum
1814 1730 1933 1770 cum
1958 1732 2044 1770 re-

409 1814 649 1867 verentia
674 1811 928 1865 habeant.
944 1808 1105 1863 Unde
1128 1808 1421 1878 Eadgarus
1442 1825 1539 1862 rex
1565 1809 1771 1863 szeculo
1794 1826 1825 1862 x
1848 1810 2043 1876 edixit,

2155 586 2331 651 liano,
2362 583 2422 638 in
2451 583 2745 656 Apologia:
2766 599 2889 656 cap.
2913 586 2975 649 2;
3004 583 3262 653 egPlinii
3287 584 3530 656 epistola
3556 584 3633 641 ad
3669 586 3802 641 Tra-

2148 680 2377 751 janum,
2413 678 2483 732 dc
2517 677 2886 744 Christianis;
2922 682 2979 732 et
3008 678 3237 732 Eusebii
3268 678 3364 733 lib.
3393 695 3476 746 Ill,
3529 696 3656 750 cap.
3698 682 3797 744 33;

2155 776 2326 844 atque
2340 773 2382 827 N
2392 771 2646 842 icephori
2668 771 2765 826 lib.
2794 787 2852 825 Ill
2873 788 3002 841 cap.
3024 775 3108 838 l7,
3125 771 3330 843 quibus
3352 772 3503 827 adde
3516 772 3798 827 Hilarium

2150 866 2210 921 in
2256 868 2548 937 psalmum
2594 882 2781 932 cxvm,
2822 869 2879 919 et
2916 865 3289 920 Ambrosium
3333 866 3501 921 variis
3536 867 3594 920 in
3636 866 3797 923 locis.

2153 959 2440 1015 Solemnis
2467 962 2591 1013 erat
2621 959 2797 1013 etiam
2817 958 3307 1013 Lucernariihora
3329 960 3435 1014 sub
3449 961 3629 1015 ﬁnem
3657 960 3796 1027 diei,

2152 1058 2295 1109 testo
2335 1053 2648 1109 Prudentio
2689 1070 2819 1107 cum
2868 1052 3011 1118 aliis,
3051 1055 3365 1124 antequam
3410 1056 3797 1125 Vesperarum

2152 1151 2482 1203 nostrarum
2514 1147 2658 1202 ritus
2684 1150 2833 1201 esset
2860 1145 3172 1200 institutus.
3202 1146 3459 1217 Scriptor
3501 1147 3793 1203 Constitu-

2152 1242 2376 1297 tionum
2408 1240 2874 1312 apostolicarum,
2907 1240 2965 1293 in
3005 1239 3102 1293 lib.
3137 1256 3255 1307 vm,
3293 1257 3417 1311 cap.
3458 1242 3544 1307 34,
3594 1241 3799 1295 ﬁdeles

2152 1350 2356 1389 omnes
2388 1334 2700 1388 universim
2731 1334 3068 1404 alloquens:
3106 1354 3133 1382 ‹‹
3159 1334 3545 1401 Precationes,
3580 1334 3791 1405 inquit,

2150 1428 2320 1481 facite
2356 1444 2552 1493 mane,
2590 1427 2782 1495 tertia,
2820 1430 2998 1493 sexta,
3025 1443 3201 1494 nona,
3225 1444 3481 1498 vespere,
3508 1432 3684 1499 atque
3721 1428 3797 1482 ad

2151 1521 2284 1592 galli
2312 1524 2567 1575 cantum.
2604 1543 2630 1569 ››
2672 1518 2865 1593 418
2894 1522 3099 1575 Postea
3124 1520 3529 1592 refrigescente
3552 1522 3793 1593 pietate,

2150 1614 2348 1668 diebus
2374 1614 2533 1668 festis
2560 1631 2624 1668 ac
2647 1614 2963 1668 Dominicis
2990 1615 3189 1669 ﬁdeles
3219 1632 3255 1669 a
3278 1615 3565 1669 Matutinis
3592 1616 3795 1669 abesse

2146 1708 2413 1778 religioni
2453 1708 2757 1762 duxerunt.
2796 1708 2958 1762 Unde
3007 1707 3287 1764 Ebroinus
3335 1708 3425 1763 die
3467 1708 3794 1777 Dominico,

2149 1818 2281 1855 cum
2296 1802 2367 1855 ab
2386 1802 2493 1855 hoc
2509 1801 2917 1856 Matutinarum
2941 1802 3131 1856 ofﬁcio
3153 1802 3211 1855 in
3227 1802 3379 1856 aedes
3400 1819 3530 1856 suas
3550 1802 3793 1865 rediret,

412 1922 536 1977 cap.
570 1907 659 1972 45,
696 1926 723 1953 ‹‹
752 1905 822 1957 Ut
852 1903 977 1974 quis
1015 1902 1175 1956 statis
1196 1902 1555 1973 temporibus
1586 1919 1900 1974 campanas
1929 1881 2125 1975 pul-B
2150 1896 2221 1949 ab
2255 1894 2595 1949 adversariis
2625 1900 2861 1949 necatus
2893 1898 2997 1949 est.
3032 1897 3189 1950 Nunc
3221 1912 3289 1949 co
3326 1896 3555 1949 devenit
3584 1896 3793 1966 pietas,

410 2002 515 2067 set,
550 2002 607 2052 et
646 1990 706 2051 ut
728 1996 917 2051 omnis
947 2000 1079 2049 tunc
1099 1996 1366 2051 sacerdos
1397 1999 1631 2051 cantum
1664 2013 1830 2051 suum
1877 1998 2050 2052 hora-

408 2092 561 2147 rium
586 2092 643 2145 in
665 2090 903 2144 ecclesia
920 2090 1145 2161 psallat.
1166 2110 1192 2138 »
1212 2091 1335 2143 Non
1357 2089 1469 2144 alia
1492 2090 1645 2161 apud
1668 2107 1772 2144 nos
1798 2090 2047 2162 discipli-

410 2203 503 2240 na.
526 2186 667 2239 Nam
685 2184 837 2257 apud
862 2184 1246 2254 Reginonem,
1278 2183 1335 2236 in
1363 2183 1711 2239 Collectione
1736 2201 2047 2255 canonum,

408 2279 502 2333 lib.
522 2295 560 2347 ι,
589 2295 713 2349 cap.
741 2281 864 2345 208,
899 2278 1150 2331 refertur
1168 2276 1393 2331 concilii
1434 2278 1838 2331 Namnetensis
1879 2282 2051 2349 caput

412 2376 494 2439 l9,
525 2372 584 2426 in
612 2372 733 2425 haec
752 2370 926 2424 verba
953 2388 966 2425 :
998 2372 1299 2439 Presbyter,
1327 2387 1486 2425 mane
1516 2373 1837 2426 matutinali
1875 2374 2050 2441 ofﬁcio

404 2468 634 2537 ewpleto,
663 2481 889 2535 pensum
927 2466 1201 2519 servitutis
1234 2480 1345 2519 suae
1368 2465 1607 2519 canendo
1636 2464 1717 2536 (id
1745 2468 1829 2519 est
1858 2465 2045 2536 priva-

406 2559 509 2613 tim
538 2558 856 2628 recitando)
890 2560 1150 2621 Primam,
1186 2560 1443 2621 Tertiam,
1475 2559 2049 2630 Sextam,Nonamque

397 2652 707 2724 persolvat;
756 2654 835 2705 ita
881 2656 1060 2705 tamen
1085 2656 1146 2706 ut
1176 2656 1385 2722 postea,
1428 2653 1572 2706 horis
1608 2655 2045 2723 competentibus,

392 2746 561 2815 juxta
583 2746 1019 2816 possibilitatem,
1043 2749 1141 2800 aut
1160 2762 1194 2799 a
1214 2760 1287 2808 se,
1306 2749 1406 2799 aut
1424 2762 1458 2800 a
1483 2746 1814 2801 scholaribus
1835 2748 2047 2816 publice

402 2840 787 2910 compleantur.
815 2839 1065 2893 Verbum
1091 2840 1329 2894 canendo
1350 2839 1700 2909 interpretor
1732 2839 1803 2893 de
1828 2840 2047 2911 privata

405 2932 872 2999 recitatione,nec
886 2933 1059 2987 aliam
1076 2932 1617 3003 interpretationem
1632 2932 1934 3004 sequentia
1950 2951 2046 3004 pa-

404 3025 638 3080 tiuntur.
656 3025 746 3080 Sic
768 3029 963 3079 autem
982 3026 1100 3079 hinc
1113 3042 1217 3079 vox
1236 3026 1479 3096 aliaeque
1496 3026 1713 3080 similes
1731 3026 2043 3097 aliquando

401 3122 709 3173 sumuntur
736 3119 889 3190 apud
915 3119 1200 3189 ejusmodi
1226 3123 1507 3189 auctores,
1535 3123 1597 3173 ut
1621 3120 1760 3174 alias
1778 3120 2041 3191 probavi-

402 3229 548 3267 mus.
583 3214 651 3266 Et
673 3212 809 3282 quia
830 3213 952 3265 haec
971 3212 1294 3265 observatio
1312 3212 1553 3283 alicujus
1578 3214 1860 3267 momenti
1883 3213 2041 3268 estin
2065 3252 2120 3325 Ο

618 3308 954 3325 “suum-
998 3322 1169 3325 --ρῳ
1392 3305 1439 3325 εμ-
1464 3306 1669 3325 me.
1734 3324 1763 3325 ρ
1795 3308 1863 3325 π

402 3309 598 3360 nostro
614 3308 981 3375 argumento,
998 3322 1177 3358 unum
1195 3305 1374 3359 affero
1392 3305 1775 3361 indubitatum
1795 3307 2046 3378 Remigii

400 3398 918 3453 Antissiodorensis
943 3399 1213 3453 monachi
1234 3399 1655 3466 testimonium,
1673 3400 1840 3470 quiin
1866 3400 2042 3471 expli-

401 3491 628 3546 catione
653 3508 825 3562 super
848 3492 1147 3546 Canoncm
1170 3492 1381 3560 missae,
1400 3493 1494 3546 ubi
1525 3493 1810 3548 rationem
1830 3494 2039 3563 reddit,

401 3602 503 3639 cur
522 3586 717 3641 Canon
760 3585 929 3639 tacite
960 3585 1269 3640 recitatur:
1306 3607 1332 3635 «
1371 3586 1605 3651 Idcirco,
1651 3587 1855 3660 inquit,
1884 3587 2043 3641 venit

404 3679 759 3738 consuetudo
778 3679 835 3732 in
851 3679 1367 3746 Ecclesia,uttacite
1384 3680 1506 3751 ipsa
1525 3680 1844 3734 obsecratio
1868 3684 2040 3751 atque

397 3771 749 3827 consecratio
768 3789 800 3826 a
818 3771 933 3844 41
951 3772 1007 3844 7
1024 3772 1320 3827 sacerdote
1340 3776 1621 3839 cantetur,
1638 3790 1710 3827 ne
1728 3774 1901 3827 verba
1920 3776 2039 3827 tam

397 3883 557 3921 sacra
586 3866 947 3920 vilescerent.
979 3887 1007 3915 »
1042 3868 1167 3920 Non
1200 3866 1367 3920 aliter
1398 3867 2038 3937 accipiturVerbumca-

395 3961 560 4015 nendi
576 3960 633 4013 in
654 3959 928 4030 pracdicto
945 3976 1165 4013 canone
1180 3959 1407 4013 concilii
1432 3960 1862 4028 Namnetcnsis;
1884 3961 2041 4031 quod

397 4069 512 4125 quo
539 4056 805 4123 tempore
827 4052 1178 4106 celebratum
1208 4053 1298 4121 sit,
1324 4053 1609 4107 incertum
1650 4057 1752 4108 est.
1789 4056 1904 4109 Hoc
1944 4071 2038 4108 ca-

397 4146 642 4217 pitulum
669 4146 911 4200 totidem
941 4146 1128 4200 verbis
1156 4149 1335 4202 refert
1372 4148 1710 4201 Hincmarus
1753 4148 1812 4202 in
1862 4147 2039 4219 primi

395 4238 736 4309 Capitularis
780 4238 1016 4294 articulo
1049 4243 1099 4294 9.
1124 4242 1300 4295 Porro
1335 4240 1721 4311 psalmodiam
1746 4240 1805 4295 in
1832 4242 2033 4295 rurali-

392 4333 500 4387 bus
525 4332 700 4386 etiam
746 4333 997 4387 ccclesiis
1036 4336 1244 4389 saeculo
1285 4320 1359 4389 vn
1392 4334 1638 4405 viguisse
1680 4334 1819 4388 illud
1864 4352 2035 4407 argu-

395 4429 591 4480 mento
607 4427 875 4497 est,quod
888 4430 1117 4481 sanctus
1138 4428 1353 4499 Eligius
1365 4427 1763 4481 Noviomensis
1775 4429 2033 4495 antistes,

395 4541 423 4567 ‹‹
451 4536 584 4574 cum
617 4519 889 4575 dioeceses
922 4538 1073 4589 suas,
1097 4543 1125 4570 »
1152 4522 1209 4576 id
1241 4524 1325 4575 est
1348 4520 1666 4591 parochias,
1694 4543 1720 4569 «
1746 4524 1807 4575 ut
1825 4522 2038 4593 episco-

2154 1992 2213 2042 ut
2244 1988 2341 2059 qui
2370 2006 2402 2042 a
2430 1988 2605 2042 missa
2621 1990 2705 2041 vel
2738 1988 2959 2059 privata
2991 2006 3107 2043 non
3130 1987 3378 2043 abfuerit
3409 1988 3610 2042 diebus
3642 2005 3793 2060 prae-

2152 2082 2351 2152 ceptis,
2403 2082 2636 2152 egregie
2676 2082 2975 2153 religiosus
3030 2083 3327 2137 habeatur.
3379 2082 3545 2145 Quod
3590 2086 3794 2136 tamen

2151 2176 2293 2229 citra
2328 2175 2610 2230 offensam
2654 2176 2871 2230 dictum
2922 2176 2993 2230 sit
3035 2176 3263 2247 piorum
3320 2176 3646 2242 hominum,
3692 2176 3796 2247 qui

2151 2272 2348 2324 nostra
2367 2268 2544 2323 etiam
2573 2272 2763 2337 (etate,
2807 2270 3127 2341 priscorum
3159 2270 3621 2326 Christianorum
3655 2270 3791 2324 reli-

2151 2362 2477 2434 gionem'ac
2502 2348 2697 2417 méres
2728 2379 2832 2434 pro
2862 2363 3098 2419 modulo
3130 2364 3453 2418 imitantur.

2909 2480 3030 2552 ἓν.

2654 2576 2825 2629 iorum
2859 2577 2917 2628 in
2945 2575 3241 2631 Gallicanis
3266 2575 3497 2630 ecclesiis
3522 2579 3753 2645 antiqua

2649 2647 2922 2700 ordinatio
2949 2646 3291 2701 describitur.

2182 2576 2497 2629 Divinarum
2525 2575 2649 2644 ofﬁc

2218 2739 2305 2793 48.
2332 2739 2619 2793 Hactenus
2660 2739 2798 2809 quid
2837 2740 2908 2793 de
2953 2756 3120 2793 cursu
3161 2738 3451 2794 Gallicano
3508 2740 3567 2793 in
3619 2740 3793 2794 variis

2146 2832 2406 2886 Ecclesiis
2456 2833 2762 2887 observare
2795 2832 2972 2899 licuit,
3006 2832 3135 2886 rudi
3167 2848 3339 2903 opere
3376 2835 3749 2905 exposuimus
3776 2852 3789 2899 ;

2146 2926 2247 2979 sed
2268 2926 2326 2980 in
2350 2942 2462 2997 quo
2490 2926 2582 2981 hic
2612 2943 2813 2980 cursus
2841 2928 3200 2991 consisteret,
3230 2928 3490 2982 nondum
3519 2945 3586 2982 ex
3616 2946 3791 3000 supe-

2146 3019 2392 3074 rioribus
2422 3020 2557 3074 satis
2587 3019 2852 3074 distincte
2878 3020 3241 3093 intelligitur.
3272 3022 3332 3076 Id
3352 3038 3487 3077 vero
3521 3027 3794 3077 accurate

2146 3112 2466 3167 describere
2489 3112 2721 3167 difﬁcile
2756 3118 2861 3177 est,
2900 3118 3024 3169 tum
3048 3115 3184 3186 quia
3211 3115 3419 3170 diversi
3452 3117 3691 3170 fuerunt
3722 3117 3787 3171 in

2146 3205 2314 3260 variis
2350 3206 2665 3261 Galliarum
2693 3207 2955 3261 Ecclesiis
2981 3209 3141 3273 ritus,
3171 3212 3294 3263 tum
3320 3209 3452 3280 quia
3479 3225 3586 3264 nos
3614 3210 3793 3281 hujus

2144 3299 2228 3353 rei
2272 3303 2468 3355 vetera
2503 3305 2885 3355 monumenta
2908 3301 3201 3356 deﬁciunt.
3231 3303 3345 3357 Sed
3374 3306 3573 3357 tamen
3607 3319 3791 3374 gene-

2144 3394 2263 3447 rale
2291 3393 2584 3463 quoddam
2613 3394 2888 3448 Gallicani
2932 3411 3130 3449 cursus
3169 3396 3464 3467 specimen
3516 3398 3620 3450 sub
3667 3414 3790 3451 uno

2144 3491 2453 3557 conspectu
2480 3487 2569 3540 hic
2597 3504 2813 3557 ponere
2838 3488 3023 3543 visum
3057 3493 3161 3557 est,
3192 3490 3266 3545 ad
3293 3490 3582 3561 majorem
3608 3507 3791 3563 argu-

2145 3580 2325 3634 menti
2353 3580 2507 3651 quod
2528 3584 2840 3635 tractamus
2866 3582 3329 3638 illustrationem.

2213 3675 2303 3729 49.
2321 3673 2607 3745 Principio
2626 3674 2686 3728 id
2704 3675 2953 3730 maxime
2973 3682 3248 3731 curarunt
3278 3678 3489 3749 ubique
3503 3679 3786 3751 episcopi,

2145 3769 2207 3821 ut
2234 3767 2293 3821 in
2335 3768 2533 3839 quavis
2575 3767 2869 3839 provincia
2900 3770 3207 3825 uniformis
3238 3772 3297 3825 in
3335 3772 3543 3826 divinis
3579 3774 3791 3828 ofﬁciis

2143 3861 2285 3915 ritus
2304 3865 2644 3916 servaretur.
2670 3864 2903 3917 Exstant
2922 3864 3079 3919 varia
3098 3866 3205 3920 hac
3227 3866 3297 3920 de
3322 3882 3383 3920 re
3405 3866 3639 3922 decreta
3649 3885 3787 3923 cum

2143 3955 2295 4025 apud
2337 3955 2546 4021 Gallos,
2590 3960 2714 4010 tum
2762 3958 2916 4027 apud
2962 3959 3259 4029 Hispanos.
3310 3960 3559 4032 Insignis
3598 3966 3686 4016 est
3721 3962 3786 4016 in

2141 4048 2341 4119 primis
2365 4048 2697 4103 constitutio
2728 4051 2986 4105 Toletani
3014 4053 3240 4107 concilii
3267 4070 3339 4121 iv,
3378 4055 3540 4125 cujus
3583 4057 3789 4110 Patres

2144 4146 2269 4212 post
2315 4142 2633 4213 expositam
2670 4144 3013 4198 catholicam
3058 4146 3234 4201 ﬁdem
3284 4147 3423 4201 nihil
3484 4149 3788 4220 antiquius

2139 4236 2485 4303 habuerunt,
2521 4253 2695 4308 quam
2727 4241 2789 4290 ut
2824 4238 3177 4293 uniformem
3217 4241 3498 4311 psallendi
3532 4243 3785 4297 modum

2139 4329 2507 4384 adstruerent
2535 4346 2757 4385 canone
2790 4334 2850 4385 2:
2894 4334 3108 4387 Placuit
3145 4337 3207 4388 ut
3245 4349 3423 4389 omnes
3455 4337 3783 4399 sacerdotes,

2137 4426 2233 4493 qui
2256 4425 2533 4480 catholica:
2567 4426 2694 4493 ﬁdei
2720 4424 2835 4497 41
2853 4424 2914 4498 9
2946 4429 3155 4483 unitate
3183 4429 3602 4498 complectimur,
3637 4430 3788 4484 nihil

2137 4519 2284 4573 ultra
2310 4519 2582 4573 diversum
2607 4524 2706 4573 aut
2727 4520 3002 4575 dissonum
3025 4524 3084 4575 in
3101 4524 3466 4578 ecclesiasticis
3476 4537 3786 4578 sacramen-

391 4613 475 4684 pis
498 4630 626 4668 mos
653 4616 758 4680 est,
788 4613 1071 4681 visitaret;
1099 4635 1125 4667 ι)
1151 4615 1223 4669 ob
1248 4631 1451 4685 pravos
1480 4614 1779 4683 cujusdam
1799 4616 2031 4687 presby-
2049 4626 2108 4697 Ι)
2133 4615 2201 4667 tis
2226 4627 2488 4695 agamus;
2517 4628 2582 4667 ne
2600 4614 2851 4683 quaelibet
2875 4619 3061 4670 nostra
3087 4616 3377 4671 diversitas
3404 4618 3557 4687 apud
3570 4620 3786 4687 ignotos

390 4706 501 4760 teri
536 4722 750 4769 mores,
782 4725 808 4758 ‹‹
840 4707 898 4761 in
929 4726 1043 4763 una
1070 4708 1301 4762 basilica
1329 4707 1623 4762 interdixit
1668 4725 1901 4763 cursum
1942 4711 2031 4764 vel

388 4800 815 4867 oblationem,»
848 4805 909 4856 ut
936 4802 1149 4873 legitur
1174 4801 1232 4855 in
1258 4802 1380 4872 ejus
1410 4801 1549 4857 Vitae
1576 4799 1672 4856 lib.
1704 4819 1761 4870 ιι,
1786 4820 1909 4873 cap.
1940 4806 2026 4857 20.

456 4895 543 4947 47.
592 4894 741 4949 Sane
779 4895 1034 4951 Riculqu
1081 4896 1287 4950 saeculo
1340 4913 1391 4949 ix
1437 4895 1738 4967 cpiscopus
1771 4897 2027 4951 Suessio-

387 4988 582 5042 nensis
606 4989 875 5043 eamdem
897 4991 1016 5043 fere
1036 4989 1509 5044 constitutionem
1534 4990 1712 5044 habet
1732 4990 1972 5045 articulo
1996 4994 2026 5045 3

384 5081 458 5135 ad
505 5099 637 5137 suos
682 5083 1008 5153 parochos:
1067 5104 1095 5133 «
1143 5083 1377 5150 Habete,
1426 5100 1639 5154 quaeso,
1685 5083 1935 5138 studium
1967 5084 2025 5138 in

382 5177 635 5245 psalmos
662 5175 972 5242 cantando,
1002 5175 1061 5229 in
1096 5175 1320 5230 divinos
1346 5175 1519 5231 libros
1549 5177 1820 5248 legendo,
1848 5178 1907 5233 in
1931 5195 2021 5233 ca-

382 5270 621 5324 nonicas
647 5268 819 5321 horas
845 5268 1241 5336 custodiendo,
1268 5269 1325 5323 id
1344 5271 1430 5323 est
1448 5270 1723 5339 Primam,
1749 5271 2021 5339 Tertiam,

378 5363 632 5429 Sextum,
660 5362 967 5417 missarum
1001 5363 1341 5432 quotidiana
1362 5365 1746 5420 celebratione
1776 5366 2020 5433 Nonam,

376 5458 655 5526 Vesperas
668 5459 725 5509 et
736 5458 873 5511 Com
880 5456 1210 5527 pletorium,
1228 5460 1399 5529 atque
1414 5460 1752 5513 matutinale
1766 5459 2020 5514 ofﬁcium

378 5548 741 5605 decantando
760 5569 773 5617 ;
794 5554 851 5605 et
874 5550 1109 5606 invitate
1135 5552 1518 5623 parochianos
1536 5557 1773 5621 vestros,
1802 5556 1865 5607 ut
1885 5553 1929 5606 si
1950 5552 2021 5607 ad

374 5642 518 5696 alios
572 5660 769 5698 cursus
804 5644 998 5699 venire
1057 5662 1174 5700 non
1220 5646 1528 5713 sufﬁciunt,
1573 5648 1777 5701 saltem
1817 5646 2023 5700 missas

376 5736 573 5790 audire
591 5738 948 5808 frequentius
965 5739 1253 5807 studeant,
1275 5742 1333 5794 et
1346 5739 1679 5807 Dominicis,
1703 5744 1876 5811 atque
1894 5739 2018 5793 aliis

376 5827 576 5881 diebus
598 5828 778 5893 festis,
804 5831 1096 5899 Vesperas,
1125 5832 1430 5887 Matutinas
1446 5836 1505 5887 et
1520 5833 1723 5887 missas
1744 5834 1986 5903 frequen
2003 5862 2015 5874 -

376 5921 499 5972 tare
542 5935 659 5973 non
701 5922 1163 5989 praetermittunt.
1190 5947 1218 5973 ›ι
1245 5925 1452 5979 Primis
1478 5926 1741 5981 Ecclesia:
1776 5925 2015 5994 saeculis,

2130 4722 2223 4761 seu
2244 4706 2487 4761 carnales
2512 4707 2817 4763 schismatis
2843 4724 3073 4763 errorem
3108 4710 3361 4764 videatur
3395 4712 3687 4774 ostendere,
3730 4717 3788 4767 et

2130 4799 2317 4854 multis
2340 4803 2507 4854 exstet
2532 4802 2589 4853 in
2613 4801 2931 4855 scandalum
2958 4805 3197 4858 varietas
3218 4805 3600 4859 Ecclesiarum.
3636 4808 3789 4860 Unus

2131 4908 2255 4963 ergo
2272 4893 2401 4948 ordo
2426 4894 2626 4948 orandi
2660 4899 2826 4964 atque
2863 4896 3141 4965 psallendi
3182 4913 3217 4951 a
3252 4898 3406 4953 nobis
3435 4914 3540 4968 per
3572 4914 3783 4953 omnem

2128 4990 2455 5057 Hispaniam
2477 4993 2529 5043 et
2553 4989 2791 5045 Galliam
2811 4994 3178 5058 conservetur;
3196 5007 3336 5047 unus
3359 4993 3550 5048 modus
3573 4995 3633 5047 in
3654 4996 3788 5047 mis-

2127 5097 2314 5136 sarum
2338 5082 2787 5145 solemnitatibus,
2802 5096 2940 5138 unus
2957 5085 3015 5137 in
3033 5088 3369 5155 vespertinis,
3385 5089 3783 5158 matutinisque

2126 5177 2317 5244 ofﬁciis
2349 5192 2361 5229 :
2391 5190 2484 5230 nec
2510 5176 2726 5232 diversa
2745 5179 2817 5233 sit
2842 5177 2995 5231 ultra
3026 5179 3085 5230 in
3106 5179 3259 5233 nobis
3273 5180 3629 5236 ecclesiastica
3654 5196 3782 5236 con-

2124 5269 2369 5333 suetudo,
2391 5273 2523 5339 quia
2544 5286 2657 5326 una
2680 5271 2787 5341 ﬁde
2812 5274 3148 5326 continemur
3163 5278 3212 5326 et
3230 5287 3413 5342 regno.
3436 5277 3548 5330 Hoc
3566 5277 3705 5330 enim
3725 5281 3781 5331 et

2124 5365 2341 5432 antiqui
2362 5379 2587 5420 canones
2627 5366 2991 5429 decreverunt,
3035 5371 3099 5420 ut
3129 5382 3466 5437 unaquaeque
3486 5372 3775 5439 provincia

2124 5462 2175 5511 et
2188 5458 2486 5527 psallendi,
2519 5462 2569 5513 et
2597 5460 2957 5514 ministrandi
2982 5476 3176 5530 parem
3204 5462 3637 5518 consuetudinem
3666 5465 3771 5518 ha-

2126 5552 2264 5606 beat.
2304 5552 2420 5606 Hoc
2465 5551 2763 5607 decretum
2805 5552 3105 5608 conditum
3144 5558 3230 5607 est
3264 5571 3381 5609 non
3430 5558 3616 5611 solum
3660 5574 3771 5628 pro

2122 5645 2426 5715 Hispaniis,
2450 5645 2551 5700 sed
2572 5646 2745 5701 etiam
2766 5663 2868 5717 pro
2886 5647 3067 5701 Gallia
3087 5647 3465 5718 Narbonensi,
3484 5666 3612 5721 qua:
3632 5654 3770 5706 tunc

2122 5738 2551 5809 Visigothorum
2580 5755 2762 5810 regno
2780 5740 3205 5795 continebatur.

2195 5834 2279 5885 50.
2316 5832 2422 5896 Qui
2444 5832 2559 5886 sint
2588 5832 2665 5886 illi
2693 5850 2946 5888 canones
2980 5852 3013 5888 a
3042 5835 3331 5890 Toletanis
3350 5836 3609 5892 Patribus
3635 5840 3761 5892 lau-

2123 5925 2260 5993 dati,
2295 5925 2671 5996 intelligimus
2700 5943 2767 5982 ex
2792 5927 3038 5984 decretis
3066 5929 3313 5985 aliorum
3357 5931 3759 6002 conciliorum,
