4014 6230
204 366 291 419 405
1255 358 1343 419 DE
1380 361 1595 419 CURSU
1636 362 2011 419 GALLICANO
2056 359 2471 431 DlSQlIlSlTlO.

3444 364 3545 419 406

204 484 393 543 nempe
445 466 806 525 Bracarensis
855 465 915 524 in
971 465 1285 538 Lusitania,
1317 468 1710 526 Gerundensis
1751 468 1812 526 in
1833 481 1893 557 Α
1912 468 2228 528 Turonensi
2257 466 2577 542 praemisso.
2602 467 2760 526 l-lanc
2790 466 2949 525 enim
2977 484 3100 526 esse
3131 467 3293 527 istius
3323 470 3551 530 concilii

202 562 490 631 Catalania,
539 566 599 618 et
636 561 791 635 apud
827 563 1020 619 Gallos
1054 563 1310 619 Venetici
1342 568 1402 620 et
1429 565 1806 636 Epaonensis.

204 659 278 717 Sic
304 657 469 713 habet
486 656 831 712 Meneticum
864 672 1019 712 anno
1043 658 1147 712 465
1167 657 1523 714 celebratum
1550 658 1609 713 in
1641 676 1810 716 cano~

203 770 263 808 ne
290 756 382 807 l5:
410 753 625 807 Rectum
655 766 866 821 quoque
891 750 1167 818 duximus,
1195 756 1257 807 ut
1281 752 1366 808 vel
1391 754 1544 808 intra
1577 756 1805 824 provin-

199 849 319 902 ciam
345 848 581 900 nostram
608 859 886 899 sacrorum
927 845 1059 900 ordo
1084 850 1135 900 et
1156 846 1576 916 psallendi,una
1593 850 1667 902 sit
1689 863 1809 902 con-

197 939 427 1004 suetudo;
461 941 514 993 et
563 939 701 993 sicut
748 953 918 993 unam
970 954 1091 993 cum
1144 940 1429 995 Trinitatis
1479 941 1807 1008 confessione

195 1032 330 1103 ﬁdem
354 1036 606 1093 tenemus,
635 1046 803 1086 unam
841 1036 893 1086 et
930 1034 1221 1101 o/ﬂciorum
1242 1033 1489 1101 regulam
1513 1037 1805 1102 teneamus,

194 1141 249 1180 ne
266 1126 473 1179 variata
498 1124 885 1185 observatione,
925 1126 985 1179 in
1019 1125 1207 1195 aliquo
1244 1126 1453 1182 devotio
1485 1130 1673 1182 nostra
1700 1128 1809 1183 dis-

191 1233 386 1290 crepare
421 1218 698 1295 uideatur.
745 1219 1087 1289 Epaonense
1133 1235 1290 1275 anno
1328 1223 1451 1288 5l7,
1494 1220 1555 1275 in
1583 1236 1807 1276 canone

193 1311 377 1380 27}:Ad
401 1312 721 1367 celebranda
745 1312 938 1368 divina
962 1314 1146 1382 ofﬁcia
1170 1314 1415 1369 ordinem
1437 1329 1595 1384 quem
1617 1320 1809 1371 metro-

186 1406 401 1477 politani
423 1408 622 1467 tenent,
646 1408 1007 1475 provinciales
1031 1407 1313 1463 observare
1337 1407 1621 1463 debebunt.

253 1501 331 1553 51.
366 1499 563 1569 Neque
589 1514 726 1553 vero
766 1500 955 1555 solum
997 1498 1058 1553 in
1096 1516 1446 1572 unaquaque
1491 1499 1803 1571 provincia,

189 1592 277 1646 sed
305 1591 476 1646 etiam
500 1592 561 1647 in
592 1595 716 1648 tota
738 1592 920 1648 Gallia
948 1593 1279 1648 communis
1306 1594 1545 1664 quidam
1567 1594 1709 1648 ritus
1731 1593 1808 1648 vi-

190 1685 363 1757 gebat,
391 1684 435 1739 si
466 1702 586 1742 non
617 1686 677 1741 in
724 1686 1013 1754 omnibus,
1045 1686 1250 1741 saltem
1272 1686 1332 1741 in
1360 1687 1648 1759 plerisque
1676 1686 1804 1740 uni-

189 1778 390 1845 formis,
424 1778 521 1849 qui
553 1779 855 1834 communi
892 1779 1281 1851 appellatione
1329 1796 1528 1834 cursus
1561 1779 1802 1835 Gallica-

1913 569 2269 626 sententiam
2308 568 2620 640 persuadet
2643 569 2835 640 primo
2860 570 3095 626 Patrum
3128 572 3457 645 exemplum
3482 590 3553 630 ex

1906 663 2176 719 Cassiano
2206 663 2450 734 petitum
2476 663 2551 720 ad
2577 663 2946 735 probandum
2970 664 3277 721 duodecim
3303 667 3552 738 psalmo-

1908 774 2039 813 rum
2071 773 2385 813 numerum
2416 757 2570 829 apud
2586 757 2881 830 Egyptios
2906 759 3227 815 monachos
3250 763 3548 832 receptum

1911 857 2030 907 tam
2060 873 2088 903 ‹‹
2114 850 2174 907 in
2208 850 2525 919 nocturnis,
2556 873 2583 900 ››
2615 868 2792 923 quam
2818 874 2845 902 ‹‹
2866 852 2924 907 in
2950 853 3291 925 vespertinis
3306 870 3552 911 conven-

1906 946 2112 1001 ticulis.
2147 968 2173 995 ››
2206 945 2427 1000 Deinde
2458 962 2832 1017 nequaquam
2862 945 2983 1001 veri
3008 947 3199 1002 simile
3242 952 3329 1003 est
3359 949 3547 1005 solum

1909 1040 2169 1096 Laudum
2195 1039 2473 1106 ofﬁcium,
2507 1039 2736 1094 omissis
2766 1040 3028 1110 precibus
3059 1042 3375 1110 nocturnis,
3403 1044 3548 1098 aPa-

1910 1134 2091 1189 tribus
2118 1132 2464 1189 Turonensis
2490 1132 2697 1203 synodi
2722 1133 2896 1188 fuisse
2923 1134 3270 1190 institutum.
3310 1136 3399 1191 Ad
3425 1136 3549 1192 haec

1908 1227 1955 1283 is
1989 1244 2105 1282 non
2139 1230 2265 1282 erat
2303 1226 2566 1282 Laudum
2600 1225 2741 1280 ritus
2772 1244 2876 1297 per
2908 1228 2969 1282 id
3002 1232 3230 1301 tempus
3270 1229 3328 1284 in
3373 1230 3543 1287 Galli-

1907 1321 2064 1377 canis
2090 1320 2362 1386 ecclesiis,
2389 1319 2576 1391 qualis
2597 1319 2656 1373 in
2675 1335 2744 1374 eo
2770 1320 3012 1376 concilio
3034 1323 3379 1394 assignatur.
3400 1326 3547 1379 Nam

1907 1415 1980 1470 ad
1997 1413 2253 1469 ofﬁcium
2277 1434 2303 1463 ‹‹
2321 1412 2601 1484 temporis
2620 1413 2895 1469 matutini
2916 1435 2943 1463 ››
2961 1431 3061 1468 seu
3084 1416 3343 1471 Laudum
3358 1417 3549 1473 Gallus

1904 1511 2294 1562 Arvernorum
2338 1507 2659 1578 episcopus,
2709 1506 2883 1562 morti
2930 1508 3244 1579 proximus,
3290 1510 3550 1566 recitavit

1910 1623 1937 1650 α
1968 1602 2258 1672 psalmum
2294 1600 2870 1672 quinquagesimum,
2903 1601 3415 1657 benedictionem»
3446 1620 3548 1660 seu

1905 1694 2196 1749 canticum
2224 1693 2403 1748 trium
2434 1710 2767 1765 puerorum,
2804 1697 2863 1748 et
2887 1717 2913 1744 «
2939 1695 3373 1750 Alleluiaticum
3404 1698 3549 1767 psal-

1909 1806 2094 1856 mum,
2128 1811 2156 1838 »
2207 1788 2264 1842 id
2290 1792 2378 1843 est
2424 1789 2715 1858 psalmum
2752 1804 2915 1843 CLvm
2948 1792 3007 1843 et
3037 1788 3181 1844 duos
3220 1794 3548 1861 sequentes,

188 1889 282 1926 nus
309 1889 341 1926 a
365 1871 683 1942 majoribus
708 1872 920 1928 nostris
939 1872 1125 1927 dictus
1150 1876 1255 1941 est,
1285 1872 1423 1928 utin
1439 1871 1595 1927 Actis
1627 1873 1808 1928 Sancti
1827 1856 1884 1927 B
1910 1883 2009 1953 qui
2036 1883 2280 1939 Alleluia
2306 1898 2411 1953 pro
2428 1856 2599 1937 titulo
2622 1882 2862 1950 habent,
2892 1885 3142 1937 testante
3174 1856 3452 1956 Gregorio
3475 1884 3546 1939 de

188 1964 427 2020 Walarici
467 1965 732 2020 abbatis:
765 1987 794 2015 «
822 1966 1068 2021 Cursum
1098 1982 1233 2021 vero
1266 1969 1388 2021 tam
1421 1965 1807 2020 monasteria-

187 2061 307 2127 lem,
338 2074 512 2130 quam
536 2062 598 2113 et
629 2057 824 2132 420
854 2059 1213 2115 Gallicanum
1244 2075 1462 2129 magno
1495 2058 1685 2114 studio
1717 2059 1806 2114 in-

189 2151 500 2206 desinenter
540 2152 904 2206 observabat.
939 2174 967 2202 »
1001 2152 1159 2207 Idem
1193 2152 1264 2207 de
1303 2154 1501 2208 sancto
1531 2152 1805 2208 Serenico

190 2245 396 2316 legitur,
430 2261 644 2316 nempe
670 2245 827 2316 quod
866 2267 893 2294 ‹‹
934 2245 1151 2317 absque
1194 2245 1469 2316 peculiari
1518 2245 1803 2317 supplica-

186 2338 343 2403 tione,
362 2339 695 2393 Romanum
716 2355 817 2393 seu
838 2331 1218 2408 Gallicanum,
1244 2355 1471 2394 necnon
1496 2342 1555 2393 et
1573 2341 1806 2395 Sancto-

186 2448 298 2486 rum
324 2431 617 2487 Benedicti
648 2435 707 2486 et
734 2431 1077 2488 Columbani
1114 2448 1346 2487 cursum
1379 2432 1537 2487 horis
1562 2431 1804 2503 singulis

186 2524 410 2580 Domino
453 2524 814 2580 decantaret.
848 2547 876 2575 »
905 2527 1104 2597 Itaque
1130 2525 1437 2581 Gallicana
1464 2543 1668 2581 omnes
1697 2527 1798 2580 Ec-

184 2617 349 2672 clesiae
376 2618 436 2673 in
466 2635 653 2673 unum
692 2618 947 2689 aliquem
977 2618 1218 2674 modum
1245 2618 1675 2690 conspirabant,
1704 2618 1801 2690 qui

183 2728 357 2766 cursus
385 2712 712 2767 Gallicanus
739 2712 1056 2767 dicebatur.

241 2808 318 2860 52.
359 2806 438 2861 De
469 2806 773 2861 nocturnis
799 2805 1004 2861 ofﬁciis
1029 2805 1087 2860 id
1120 2805 1319 2861 statuit
1346 2822 1500 2861 anno
1529 2809 1631 2861 567
1659 2822 1796 2860 con-

181 2898 354 2953 cilium
376 2901 712 2954 Turonense
744 2916 805 2966 ιι,
836 2916 1061 2955 canone
1088 2903 1150 2955 18
1183 2916 1196 2954 :
1236 2903 1304 2955 Ut
1327 2902 1386 2954 in
1412 2900 1601 2955 diebus
1644 2901 1801 2968 festis

177 2992 241 3046 ad
260 2995 587 3055 Matutinum
607 3009 703 3048 sea:
725 2995 1037 3063 antiphona:
1081 2994 1219 3048 binis
1263 2994 1494 3063 psalmis
1522 2994 1796 3064 explicen-

179 3090 317 3140 tur...
341 3087 644 3157 Septembri
655 3091 853 3158 septem
873 3088 1185 3157 antiphonae
1206 3088 1345 3142 binis
1362 3088 1623 3158 psalmis;
1652 3089 1800 3146 Octo-

178 3179 251 3233 bri
274 3185 380 3235 octo
404 3180 546 3235 binis
564 3181 825 3251 psalmis;
850 3181 1141 3238 Novembri
1150 3196 1334 3236 novem
1351 3183 1516 3235 ternis
1537 3182 1794 3250 psalmis;

174 3274 429 3328 Decembri
452 3274 635 3329 decem
662 3278 828 3330 ternis
850 3275 1080 3346 psalmis
1096 3293 1114 3329 :
1143 3276 1410 3331 Januario
1430 3278 1483 3330 et
1504 3276 1796 3331 Februario

173 3367 343 3422 itidem
360 3383 529 3438 usque
558 3368 636 3422 ad
656 3369 887 3423 Pascha.
915 3368 1022 3423 Ubi
1060 3368 1249 3423 obiter
1287 3367 1542 3437 adverte,
1575 3385 1796 3424 annum

175 3458 420 3515 desinere
445 3461 508 3515 in
536 3461 773 3515 Pascha.
808 3461 921 3516 Sed
958 3461 1097 3532 quid
1122 3461 1231 3515 sibi
1256 3462 1456 3516 volunt
1482 3461 1604 3516 haec
1634 3462 1792 3517 simi-

175 3550 345 3624 liaque
374 3554 554 3609 verba
582 3569 595 3609 :
628 3556 736 3611 Sex
761 3556 1074 3625 antiphonae
1102 3555 1240 3610 binis
1263 3556 1493 3626 psalmis
1520 3556 1792 3625 explicen-

172 3648 386 3700 tur?An
418 3648 616 3719 plures
653 3648 990 3719 antiphonai
1020 3664 1198 3719 quam
1236 3647 1493 3704 Psalmi?
1522 3650 1642 3703 lmo
1673 3647 1796 3702 bini

172 3742 257 3793 aut
277 3740 423 3795 terni
452 3741 670 3813 psalmi
695 3758 799 3813 pro
831 3741 1071 3813 singulis
1098 3740 1450 3812 antiphonis.
1480 3741 1543 3796 Id
1562 3758 1628 3797 ex
1656 3759 1793 3797 con-

173 3835 531 3905 sequentibus
551 3835 910 3907 intelligitur,
938 3835 1035 3889 ubi
1050 3835 1302 3903 additur,
1327 3838 1389 3889 ut
1408 3836 1492 3891 vel
1518 3836 1797 3891 duodecim

168 3928 351 3995 psalmi
379 3928 764 4001 expediantur
788 3929 863 3984 ad
890 3928 1254 3984 Matutinum.
1288 3930 1438 4000 Ergo
1466 3928 1570 3984 sub
1596 3929 1792 4000 singu-

176 4019 234 4074 lis
262 4022 594 4093 antiphonis
618 4022 741 4077 bini
762 4022 974 4077 Psalmi
998 4022 1375 4077 canebantur.

235 4117 312 4169 53.
341 4115 489 4180 Quid
518 4117 716 4171 Patres
740 4116 945 4187 synodi
968 4116 1320 4172 Turononsis
1339 4115 1600 4172 Matutini
1624 4131 1790 4171 voca-

174 4208 291 4264 bulo
311 4210 400 4264 hic
417 4210 766 4281 signiﬁcent,
790 4226 909 4264 non
935 4210 1073 4265 levis
1096 4212 1183 4265 est
1195 4210 1521 4265 difﬁcultas.
1548 4209 1795 4273 Quidam

175 4301 310 4357 hunc
340 4304 533 4358 locum
555 4302 626 4357 de
646 4306 931 4359 nocturno
959 4303 1149 4359 ofﬁcio
1178 4303 1654 4375 interpretantur,
1674 4303 1796 4375 qui-

173 4393 291 4449 dam
316 4396 384 4451 de
407 4395 548 4453 solis
567 4396 856 4452 Laudibus
878 4397 1201 4464 matutinis,
1222 4414 1367 4468 quas
1384 4397 1794 4454 Matutinarum

172 4489 390 4543 nomine
403 4494 635 4545 sanctus
648 4490 989 4545 Benedictus
1006 4490 1220 4561 aliique
1241 4494 1464 4545 veteres
1486 4489 1793 4561 designare

1817 3224 1872 3300 G

1880 1976 2047 2043 .Vitis
2070 1978 2308 2030 Patrum
2335 1992 2460 2046 cap.
2490 1980 2543 2029 7.
2571 1977 2789 2029 Praeter
2814 1992 2883 2029 ea
2902 1975 3059 2029 idem
3082 1977 3394 2047 Gregorius
3421 1994 3552 2033 noc-

1906 2074 2106 2125 turnas
2132 2069 2345 2140 publici
2367 2069 2542 2124 ofﬁcii
2570 2085 2769 2139 preces
2798 2085 2915 2124 non
2942 2086 3056 2124 uno
3089 2068 3148 2123 in
3168 2070 3295 2125 loco
3321 2072 3546 2127 Matuti-

1907 2180 2010 2218 nas
2036 2164 2309 2234 appellat.
2338 2162 2564 2219 Primus
2592 2163 2750 2217 locus
2781 2166 2868 2216 est
2897 2162 2957 2216 in
2985 2162 3084 2217 lib.
3121 2180 3137 2218 ι
3161 2163 3233 2217 de
3262 2164 3545 2220 Miraculis

1906 2257 2088 2313 sancti
2111 2256 2339 2312 Martini
2368 2273 2493 2327 cap.
2524 2259 2591 2312 33
2626 2273 2639 2311 :
2677 2278 2706 2305 «
2733 2255 2925 2311 Tertia
2953 2259 3153 2312 autem
3184 2261 3373 2325 nocte,
3398 2262 3550 2329 post-

1906 2367 2081 2422 quam
2120 2350 2462 2405 advenimus
2511 2350 2587 2404 ad
2637 2353 2897 2405 sanctam
2940 2349 3259 2419 basilicam,
3308 2350 3549 2424 vigilare

1904 2442 2487 2516 disposuimus,|quod
2508 2446 2567 2497 et
2590 2443 2975 2514 implevimus.
2995 2465 3024 2493 ››
3040 2445 3151 2499 Has
3169 2444 3395 2516 vigilias
3415 2446 3549 2501 Gre-

1904 2538 2068 2607 gorio
2094 2553 2226 2592 cum
2252 2553 2354 2592 suo
2378 2536 2586 2592 clerico
2615 2536 2865 2607 privatas
2881 2537 3055 2591 fuisse
3070 2540 3298 2592 constat
3325 2555 3391 2593 ex
3416 2555 3553 2594 con-

1903 2634 2060 2685 textu
2103 2630 2472 2686 narrationis.
2517 2631 2682 2686 Man‘e
2727 2633 2923 2686 autem
2959 2632 3132 2699 facto,
3171 2631 3366 2687 subdit
3405 2633 3542 2688 Gre-

1904 2724 2119 2795 gorius,
2153 2724 2319 2795 signo
2347 2724 2422 2779 ad
2441 2724 2748 2779 Matutinas
2774 2727 3090 2792 commoto,
3113 2725 3326 2780 reversi
3351 2743 3547 2782 sumus

1902 2817 2241 2873 dormitum.
2265 2837 2295 2871 η
2323 2819 2407 2872 En
2424 2817 2654 2888 signum
2678 2816 2872 2890 422
2893 2818 3253 2889 publicarum
3278 2819 3349 2874 de
3378 2822 3546 2875 nocte

1900 2928 2157 2982 precum,
2185 2928 2313 2982 qua:
2342 2911 2433 2965 hic
2453 2911 2744 2965 Matutinus
2768 2916 3065 2967 vocantur.
3091 2914 3253 2967 Alter
3278 2913 3437 2968 locus
3460 2916 3546 2968 est

1900 3004 2054 3076 apud
2082 3005 2357 3059 eumdem
2398 3004 2740 3075 Gregorium
2784 3005 2843 3058 in
2889 3005 2987 3059 lib.
3027 3004 3098 3059 de
3143 3005 3281 3060 Vitis
3308 3007 3544 3062 Patrum

1899 3116 2031 3169 cap:
2053 3102 2105 3165 8,
2135 3098 2233 3152 ubi
2261 3097 2513 3152 Nicetius
2542 3096 2943 3169 Lugdunensis
2964 3098 3222 3167 antistes,
3255 3116 3388 3154 cum
3445 3100 3545 3155 ali-

1899 3191 2133 3265 quando
2166 3211 2195 3241 «
2220 3191 2648 3259 surrexissetad
2665 3191 3027 3260 Matutinum,
3049 3193 3387 3263 exspectatis
3408 3193 3547 3251 dua-

1897 3287 2002 3343 bus
2026 3284 2380 3356 antiphonis,
2411 3300 2677 3356 egressus
2702 3284 2953 3357 (dicitur)
2984 3285 3043 3339 in
3070 3286 3410 3355 sacrarium;
3442 3287 3542 3342 ubi

1899 3380 2039 3434 dum
2096 3378 2396 3447 resideret,
2439 3378 2717 3434 diaconus
2760 3378 3196 3450 responsorium
3250 3380 3542 3451 psalmum

1897 3490 2104 3528 canere
2134 3472 2326 3543 coepit,
2354 3493 2384 3523 »
2413 3472 2693 3527 nimirum
2712 3475 2843 3544 post
2869 3473 3195 3528 lectionem.

1968 3568 2057 3621 54.
2087 3569 2285 3637 Itaque
2322 3566 2641 3622 secundum
2670 3567 3071 3639 praescriptum
3113 3567 3339 3623 concilii
3365 3569 3539 3624 Turo-

1898 3659 2110 3727 nensis,
2135 3658 2439 3714 duodecim
2451 3659 2763 3714 minimum
2784 3660 3043 3731 psalmis,
3059 3661 3427 3716 continenter
3438 3661 3542 3716 sub

1897 3770 1993 3809 sex
2015 3752 2351 3824 antiphonis
2380 3751 2653 3818 recitatis,
2687 3753 3077 3807 succedebant
3100 3753 3380 3808 lectiones
3408 3771 3540 3809 cum

1897 3846 2011 3901 suis
2055 3845 2456 3917 responsoriis.
2501 3846 2582 3900 De
2626 3861 2830 3899 mense
2863 3847 3123 3917 Augusto
3155 3846 3298 3901 nulli
3331 3849 3543 3918 psalmi

1896 3938 2361 4011 praescribuntur,
2390 3937 2491 3993 sed
2517 3938 2626 3993 hoc
2652 3940 2882 3993 tantum
2904 3955 2917 3993 :
2938 3942 3065 3995 Toto
3090 3941 3336 4010 Augusto
3360 3944 3540 3996 mani-

1896 4035 2128 4088 cationes
2152 4036 2307 4102 ﬁant,
2346 4034 2478 4102 quia
2534 4033 2858 4099 festivitates
2892 4037 3020 4110 sunt
3058 4038 3109 4089 et
3143 4035 3317 4090 missa:
3336 4039 3545 4091 sancto-

1895 4143 2035 4182 rum.
2069 4126 2255 4190 Quem
2294 4126 2487 4180 locum
2515 4124 2762 4197 explicat
2800 4126 3102 4182 Aimoinus
3128 4127 3188 4181 in
3218 4128 3317 4182 lib.
3353 4145 3415 4182 ιιι
3441 4128 3537 4183 Hi-

1897 4219 2087 4275 storiae
2115 4220 2484 4286 Francorum,
2517 4236 2645 4291 cap.
2677 4222 2737 4275 81
2776 4236 2789 4274 :
2822 4241 2853 4270 »
2882 4222 3058 4276 Porro
3092 4224 3212 4277 toto
3260 4222 3539 4294 Augusto,

1898 4318 2134 4385 propter
2174 4314 2406 4369 crebras
2444 4312 2804 4381 festivitates,
2838 4314 3259 4370 manicationes
3302 4315 3538 4370 ﬁebant.

1896 4407 2179 4462 Manicare
2207 4410 2403 4463 autem
2440 4425 2615 4463 mane
2651 4423 2892 4479 surgere
2925 4407 3150 4461 dicitur.
3186 4428 3215 4456 ‹‹
3246 4408 3360 4462 Sed
3402 4408 3541 4479 quid

1897 4501 2330 4572 consequentiae
2355 4505 2461 4569 est,
2486 4505 2549 4557 ut
2568 4501 2706 4573 quia
2726 4504 2848 4556 toto
2868 4502 3125 4571 Augusto
3142 4516 3317 4555 mane
3339 4517 3541 4572 surge-

171 4582 359 4637 solent.
386 4583 515 4638 lam
543 4583 804 4655 superius
832 4601 963 4655 pag.
998 4587 1100 4640 HO
1138 4584 1544 4656 praemisimus,
1572 4583 1798 4639 Matuti-
1819 4596 1879 4668 Β
1903 4595 2073 4649 batur
2092 4594 2165 4649 ob
2184 4595 2519 4666 frequentes
2538 4594 2898 4661 festivitates,
2919 4593 3061 4647 nulli
3075 4592 3284 4663 psalmi
3300 4593 3375 4648 ad
3389 4593 3544 4648 hunc

174 4690 297 4730 num
310 4693 409 4732 seu
419 4677 730 4733 Matutinos
742 4677 1033 4749 ambiguas
1059 4694 1182 4734 esse
1205 4677 1662 4750 signiﬁcationis,
1680 4694 1794 4749 quo

172 4778 391 4834 nomine
412 4780 729 4851 aliquando
761 4779 985 4834 Laudes
1011 4779 1095 4850 (ut
1126 4780 1441 4850 vocamus),
1481 4780 1794 4851 aliquando

172 4870 359 4927 Primae
403 4874 662 4928 ofﬁcium
700 4872 1043 4945 exprimitur
1080 4874 1234 4946 apud
1271 4874 1636 4943 Cassianum;
1689 4874 1792 4929 ali-

172 4967 384 5035 quando
411 4984 547 5023 vero
576 4960 765 5039 ipsum
792 4971 1145 5023 nocturnum
1172 4968 1447 5033 ofﬁcium,
1483 4968 1640 5039 quod
1666 4985 1790 5023 ma-

174 5059 353 5114 tutinis
382 5061 541 5117 horis
556 5061 839 5117 celebrari
862 5078 992 5115 mos
1018 5050 1222 5115 erat-in
1254 5061 1569 5116 Dominicis
1592 5061 1797 5116 diebus

174 5155 223 5205 et
240 5153 389 5208 festis
401 5155 647 5211 minoris
667 5154 849 5228 421
883 5154 1288 5210 solemnitatis.
1314 5155 1564 5226 Duplicis
1582 5154 1797 5227 quippe

174 5249 383 5313 generis
404 5254 571 5304 erant
601 5253 898 5305 nocturnae
930 5266 1128 5320 preces
1160 5266 1173 5303 :
1208 5248 1334 5303 alia:
1362 5248 1583 5319 Vigilite
1614 5248 1674 5302 in
1713 5264 1798 5303 so-

176 5339 530 5397 lemnioribus
548 5344 705 5397 festis
733 5343 978 5411 usitatas,
1008 5343 1086 5397 sic
1113 5342 1301 5409 dictae,
1321 5342 1479 5413 quod
1498 5341 1570 5396 ab
1597 5342 1798 5397 ineun-

178 5434 242 5497 le,
268 5439 363 5489 aut
381 5440 535 5492 certe
556 5454 591 5491 a
606 5437 804 5491 media
830 5440 998 5491 nocte
1012 5436 1143 5491 circi
1153 5435 1483 5490 terinitium
1497 5435 1793 5501 ducerent;

178 5527 289 5581 alite
311 5530 599 5585 Matutinus
624 5531 683 5585 in
710 5530 983 5602 profestis
1002 5534 1061 5584 et
1078 5528 1416 5597 Dominicis,
1452 5528 1659 5600 quibus
1678 5532 1795 5583 tar-

178 5617 288 5672 dius
316 5625 610 5677 nocturnas
643 5640 843 5695 preces
874 5624 1367 5695 persolvebantur.
1395 5624 1458 5677 In
1485 5623 1595 5677 hoc
1617 5621 1792 5693 signi-

180 5710 331 5768 ﬁcatu
349 5715 688 5773 Matutinum
716 5716 964 5771 sumitur
984 5717 1042 5772 in
1064 5717 1305 5773 concilio
1321 5715 1631 5772 Venetensi
1657 5716 1798 5770 anni

182 5803 289 5869 465,
316 5825 534 5865 canone
564 5812 648 5879 14,
684 5810 780 5865 ubi
806 5810 1137 5883 praecipitur
1150 5815 1212 5866 ut
1235 5811 1418 5866 clerici
1441 5813 1538 5881 qui
1559 5813 1618 5865 in
1661 5812 1795 5865 civi-

179 5900 274 5952 tate
297 5901 497 5967 fuerint
516 5906 806 5963 matutinis
834 5907 1048 5977 hymnis
1076 5906 1357 5975 intersint;
1377 5907 1437 5963 et
1464 5903 1525 5961 in
1556 5902 1797 5963 concilio

1900 4704 2163 4743 mensem
2186 4688 2634 4759 prmscribantur
2652 4688 2679 4742 ‘t
2707 4689 2966 4743 Fortasse
2999 4686 3153 4757 quod
3183 4686 3375 4742 missae
3411 4703 3541 4742 san-

1899 4786 2123 4838 ctorum
2149 4785 2287 4836 tunc
2309 4798 2538 4836 summo
2564 4798 2737 4836 mane
2764 4780 3095 4835 dicerentur
3120 4780 3192 4835 ob
3217 4781 3423 4836 messis
3449 4798 3547 4836 ne-

1899 4876 2245 4931 cessitatem.
2270 4876 2417 4930 Nam
2464 4874 2800 4929 festivitates
2838 4873 2950 4928 illa:
2974 4874 3265 4946 plerasque
3295 4876 3548 4930 celebra-

1901 4970 2055 5025 tione
2101 4969 2293 5023 missse
2321 4968 2810 5037 terminabantur.
2838 4967 3327 5039 Antiphonarium
3368 4970 3546 5025 Turo-

1900 5080 2079 5118 nense
2120 5065 2458 5117 recensetur
2493 5062 2649 5117 inter
2682 5062 2879 5130 libros,
2922 5079 3067 5133 quos
3100 5062 3295 5118 medio
3340 5064 3547 5119 saeculo

1900 5174 1996 5212 vm
2040 5156 2201 5211 Wido
2230 5156 2411 5212 abbas
2447 5156 2878 5211 Fontanellensi
2916 5157 3274 5213 monasterio
3309 5156 3548 5227 largitus

1900 5254 2005 5306 est.
2030 5250 2197 5315 Quod
2229 5250 2300 5305 de
2328 5250 2548 5306 mensis
2573 5250 2815 5323 Augusti
2841 5250 3033 5306 missis
3060 5249 3413 5323 quotidianis
3438 5252 3550 5304 tra-

1900 5344 1984 5398 dit
2012 5344 2343 5411 concilium,
2364 5346 2538 5415 longe
2566 5344 2786 5400 recedit
2812 5362 2846 5399 a
2870 5361 3032 5400 more
3058 5341 3544 5408 Cisterciensium,

1900 5438 1958 5492 id
1985 5441 2072 5493 est
2101 5437 2578 5505 Barbellensium,
2627 5439 2952 5494 in’dioscesi
2983 5435 3295 5493 Parisiensi
3339 5451 3545 5490 mona-

1899 5532 2141 5586 chorum
2175 5547 2187 5586 :
2214 5532 2312 5603 qui
2346 5553 2375 5583 «
2401 5532 2762 5588 messionum
2788 5535 3055 5603 tempore
3086 5529 3389 5586 cessabant
3412 5546 3446 5584 a
3463 5546 3548 5584 so-

1899 5625 2203 5685 lemnitate
2220 5626 2591 5694 missarum,»
2608 5624 2888 5698 quoniam
2904 5623 3248 5695 colligendis
3260 5623 3550 5694 segetibus

1901 5722 2069 5774 erant
2097 5721 2379 5791 occupati.
2430 5719 2709 5784 Quocirca
2731 5717 2957 5788 Philipp
2970 5734 3034 5771 us
3062 5719 3355 5789 Augustus
3384 5715 3545 5771 insti-

1900 5812 2008 5866 tuit
2034 5816 2097 5866 ut
2126 5812 2411 5884 «singulis
2438 5812 2640 5867 diebus
2671 5828 2865 5877 mane,
2890 5810 2946 5865 in
2976 5809 3301 5865 remedium
3326 5811 3539 5865 animm

1898 5905 2077 5978 patris
2113 5905 2203 5961 sui
2235 5905 2506 5963 Ludovici
2536 5906 2647 5973 νυ,
2678 5904 2778 5976 qui
2806 5904 2930 5960 istic
2950 5904 3205 5976 sepultus
3230 5905 3336 5973 est,
3359 5923 3387 5953 ‹‹
3418 5903 3543 5960 Mis-
