4014 6230
433 388 532 449 407

1216 390 1547 444 ΑΡΡΕΝΒΙΧ
1586 390 1672 444 ΑΙ)
1707 388 1935 444 OPERA
1972 385 2205 443 SANCTI
2242 387 2541 443 GERMANI
2578 387 3004 444 PARISlENSlS.

3712 383 3817 441 «’1-08

382 570 387 575 ἱ
429 516 623 557 sarum
653 499 938 555 solemnia
977 499 1426 554 celebrarentur.
1463 520 1489 547 »
1536 496 1752 561 Quibus
1798 496 2065 568 peractis,
2093 510 2152 584 Α
2173 514 2333 565 num,
2368 497 2675 552 lectionem
2700 500 2758 552 et
2781 497 3134 569 capitellum.
3159 493 3264 551 Ubi
3278 494 3440 551 vides
3456 493 3515 549 in
3543 493 3821 550 omnibus

433 616 461 643 ‹‹
494 595 537 649 si
571 611 713 666 quas
740 595 1023 649 haberent
1050 609 1265 648 messes
1293 614 1318 639 η
1346 590 1638 658 monachi,
1663 590 1856 663 423
1880 590 2069 661 quoti-

2175 591 2377 646 ofﬁciis
2427 592 2712 661 hymnum
2757 589 2993 661 psalmis
3043 592 3101 643 et
3141 589 3473 660 antiphonis
3521 588 3817 660 postponi,

434 688 526 743 die
558 692 794 759 possent
824 674 937 742 illis
960 685 1247 741 metendis
1268 701 1507 754 operam
1537 684 1695 738 dare.
1723 704 1749 733 ››
1784 685 1961 755 Hujus
1988 684 2074 738 rei
2177 701 2351 756 quem
2375 701 2479 739 nos
2492 685 2563 738 ad
2576 684 2826 739 Primam
2848 688 2906 737 et
2922 688 3039 738 tres
3055 683 3656 753 subsequenteshoras
3674 698 3822 753 pras-

435 781 696 852 diploma
724 782 924 835 datum
954 783 1039 833 est
1070 794 1223 833 anno
1256 781 1411 843 H86,
1444 777 1663 831 editum
1697 778 1755 831 in
1785 778 1883 834 lib.
1919 795 1969 830 γι
1999 777 2069 831 de

435 875 514 929 Re
539 874 931 946 diplomatica.

505 972 592 1023 55.
636 969 722 1022 Ad
753 966 986 1037 Vigilias
1020 982 1120 1019 seu
1162 968 1473 1020 nocturnas
1519 982 1717 1036 preces
1758 966 2068 1036 aliquando

428 1062 535 1134 ipsi
562 1060 832 1133 episcopi,
863 1059 1171 1128 aliquando
1208 1059 1254 1112 is
1279 1059 1370 1112 cui
1398 1060 1518 1113 haec
1546 1059 1617 1113 ab
1646 1059 1728 1112 eis
1757 1059 2070 1114 commissa

424 1157 632 1221 fuerat,
661 1153 894 1208 clericos
920 1153 1263 1207 excitabant.
1298 1154 1379 1220 De
1402 1157 1597 1207 sancto
1638 1154 1925 1207 Germano
1962 1154 2064 1206 Pa-

422 1249 692 1303 risiorum
718 1246 987 1318 episcopo
1013 1248 1356 1301 Fortunatus
1379 1247 1572 1313 tradit,
1590 1247 1647 1300 id
1669 1264 1773 1318 per
1792 1264 1850 1299 se
1877 1247 2065 1317 ipsum

426 1342 778 1413 praestitisse,
806 1344 870 1394 ut
896 1341 1158 1411 superius
1178 1340 1446 1394 vidimus.
1477 1340 1755 1395 Caesarius
1775 1342 2068 1395 Arelaten-

426 1437 501 1489 sis
542 1437 691 1490 hanc
744 1451 943 1489 curam
988 1435 1283 1505 Stephano
1325 1430 1570 1489 diacono
1607 1434 1954 1505 injnnxerat,
2001 1452 2066 1488 ex

424 1529 565 1584 Vitas
594 1528 718 1599 ejus
744 1528 841 1582 lib.
877 1545 935 1595 ιι,
967 1545 1128 1582 num.
1157 1530 1210 1581 4.
1242 1528 1350 1593 Qui
1392 1528 1671 1583 Caesarius
1712 1528 1770 1582 id
1798 1529 2065 1582 observa-

424 1624 541 1689 bat,
576 1644 602 1671 «
630 1625 692 1676 ut
719 1623 906 1675 nullus
934 1638 1190 1688 suorum,
1222 1621 1317 1692 qui
1347 1638 1544 1675 secum
1565 1621 1900 1687 manebant,
1931 1624 2064 1675 ante

423 1717 630 1771 horam
662 1714 989 1787 legitimam
1024 1716 1392 1769 excitaretur.
1418 1738 1445 1763 ››
1471 1717 1554 1769 Ita
1580 1718 1809 1769 sanctus
1830 1714 2069 1769 Benedi-

424 1813 550 1865 ctus
582 1809 839 1863 ofﬁcium
869 1808 1233 1879 signiﬁcandi
1266 1808 1443 1862 ofﬁcii
1475 1807 1652 1862 divini
1683 1807 1935 1879 imponit
1965 1808 2064 1861 ab—

2175 795 2391 850 ponere
2412 779 2684 833 solemus.
2708 776 3039 832 Lucernarii
3064 776 3338 844 ofﬁcium,
3367 780 3429 830 ut
3444 776 3819 831 Duodecimaa

2172 872 2887 948 przevium,.celebrabalur
2912 887 2979 924 eo
3013 873 3278 941 tempore
3307 886 3420 941 quo
3446 871 3698 924 lucernae
3727 886 3821 924 ac-

2169 966 2568 1021 cendebantur
2590 966 2664 1020 ad
2691 963 3124 1031 Duodecimam,
3148 963 3208 1017 id
3234 966 3320 1017 est
3340 962 3413 1017 ad
3436 965 3736 1034 Vesperas.
3848 996 3863 1007 ο

2243 1064 2328 1114 59.
2360 1063 2421 1114 In
2452 1059 2677 1114 concilii
2713 1057 3060 1113 Turonensis
3091 1073 3314 1111 canone
3360 1057 3717 1128 praelaudato
3750 1057 3817 1111 ﬁt

2170 1153 2390 1208 mentio
2418 1154 2489 1208 de
2518 1154 2691 1208 Sexta
2705 1155 2762 1207 et
2783 1150 3160 1217 Duodecima,
3190 1168 3308 1205 non
3336 1150 3690 1215 deﬁniendo,
3711 1150 3815 1205 sed

2169 1247 2563 1319 comparando
2597 1248 2894 1317 utriusque
2932 1246 3122 1300 ofﬁcia
3150 1244 3222 1298 ab
3254 1244 3507 1315 antiquis
3550 1244 3815 1299 Patribus

2168 1341 2429 1395 instituta
2456 1339 2647 1413 425
2676 1357 2807 1393 eum
2835 1340 3131 1405 Matutino,
3161 1338 3321 1409 cujus
3364 1337 3619 1392 ofﬁcium
3651 1338 3713 1391 in
3744 1353 3814 1391 eo

2166 1434 2406 1489 concilio
2446 1434 2735 1488 deﬁnitur.
2766 1434 2857 1489 Sic
2887 1434 3098 1504 quippe
3127 1435 3613 1508 argumentantur
3642 1431 3817 1501 hujus

2166 1528 2389 1583 concilii
2410 1529 2608 1582 Patres
2638 1544 2651 1583 :
2697 1530 2837 1595 Quia
2864 1530 3091 1582 Patrum
3118 1530 3331 1581 statuta
3356 1531 3729 1596 praeceperunt
3755 1529 3817 1579 ut

2165 1623 2240 1677 ad
2274 1624 2495 1679 Sextum
2527 1637 2621 1676 sem
2651 1623 2855 1692 psalmi
2887 1622 3145 1675 dicantur
3178 1636 3296 1675 cum
3333 1620 3599 1681 Alleluia,
3633 1624 3687 1674 et
3740 1619 3817 1673 ad

2166 1716 2541 1771 Duodecimam
2574 1715 2856 1769 duodecim
2877 1715 3083 1784 psalmi
3120 1717 3245 1769 item
3289 1729 3408 1767 cum
3432 1711 3696 1775 Alleluia,
3719 1728 3815 1766 cur

2168 1810 2243 1864 ad
2270 1811 2601 1864 Matutinum
2626 1824 2733 1862 non
2759 1811 2885 1862 item
2912 1809 2999 1862 vel
3022 1808 3299 1863 duodecim
3324 1807 3698 1877 explicentur?
3734 1806 3813 1859 Ex

425 1903 566 1969 bati,
602 1905 703 1956 aut
720 1901 994 1973 diligenti
1026 1902 1193 1955 alicui
1222 1902 1529 1971 fratri,’cui
1555 1901 1732 1956 abbas
1755 1901 1905 1955 vices
1936 1918 2066 1956 suas
2087 1880 2142 1953 B
2169 1902 2374 1973 quibus
2398 1901 2585 1956 verbis
2607 1900 2845 1955 dubium
2867 1904 2953 1954 est
2978 1918 3052 1954 an
3080 1900 3382 1955 concilium
3410 1899 3635 1953 statutis
3651 1901 3808 1952 vete-

428 1995 811 2052 commiserit.

497 2093 583 2144 56.
624 2088 945 2145 Concilium
981 2089 1353 2143 Narbonense
1383 2089 1524 2143 anni
1573 2091 1694 2155 589,
1737 2105 1960 2143 canone
2004 2092 2057 2155 2,

418 2183 697 2255 prmeipit,
722 2187 787 2237 ut
813 2186 873 2237 in
897 2186 1001 2252 ﬁne
1029 2183 1281 2253 cujusque
1309 2183 1512 2252 psalmi
1541 2181 1726 2251 gloria
1750 2183 1991 2245 dicatur,
2011 2185 2063 2237 et

414 2294 515 2348 per
539 2278 835 2332 intervalla
877 2277 1163 2346 majorum.
1200 2278 1343 2329 Nam
1372 2276 1582 2345 psalmi
1622 2275 1959 2346 prolixiores
2002 2276 2061 2329 in

421 2370 563 2425 duas
606 2372 956 2440 pausationes
992 2369 1415 2435 dividebantur,
1449 2373 1499 2423 et
1526 2384 1630 2438 per
1672 2384 2065 2439 quamcumque

411 2466 792 2534 pausationem
846 2464 1031 2519 Gloria
1078 2463 1365 2517 Trinitatis
1424 2462 1834 2517 decantabatur.
1896 2462 2061 2525 Quod

420 2556 597 2610 etiam
624 2554 822 2608 statuit
847 2558 1075 2608 sanctus
1104 2553 1465 2609 Benedictus.
1497 2555 1583 2608 Ad
1618 2555 1739 2609 haec
1765 2557 1914 2611 Sicut
1945 2560 2064 2610 erat

422 2651 553 2719 post
579 2649 765 2705 Gloria
809 2648 972 2701 addit
1021 2647 1329 2702 concilium
1374 2650 1622 2702 Vasense
1664 2666 1724 2715 ιι,
1758 2665 1978 2703 canone
2007 2653 2056 2702 5.

420 2741 683 2812 Denique
716 2736 923 2812 praeter
948 2742 1171 2810 hymnos
1200 2743 1581 2797 Ambrosianos
1609 2741 1915 2802 concilium
1950 2744 2059 2796 Tu-

418 2852 667 2890 ronense
691 2852 728 2888 ιι
758 2852 891 2889 mox
910 2834 1231 2901 laudatum,
1258 2852 1479 2889 canone
1502 2838 1590 2902 23,
1613 2835 1866 2890 admittit
1882 2836 2059 2890 etiam

322 3001 327 3005 η
420 2946 519 2984 eos
552 2928 650 3000 qui
674 2929 830 2999 digni
850 2933 978 2983 sunt
1001 2931 1184 2996 forma
1206 2931 1440 2983 cantari.

488 3026 572 3077 57.
602 3022 809 3077 Prima:
841 3022 1095 3077 ofﬁcium
1124 3023 1359 3093 quando
1384 3022 1643 3094 primum
1672 3022 1731 3076 in
1761 3023 1942 3077 Gallia
1975 3041 2060 3077 re-

415 3119 649 3187 ceptum
690 3117 780 3183 sit,
805 3134 922 3171 non
950 3119 1194 3171 constat.
1229 3116 1552 3183 Cassianus,
1583 3116 1641 3168 in
1666 3116 1763 3170 lib.
1790 3132 1806 3169 1
1837 3117 2061 3170 [nstitu-

415 3210 663 3276 tionum,
694 3227 818 3280 cap.
861 3212 912 3276 4,
945 3212 1144 3264 auctor
1183 3213 1268 3263 est
1296 3210 1445 3263 hanc
1480 3230 1507 3258 «
1552 3209 1889 3263 Matutinam
1923 3209 2058 3281 (quo

421 3304 659 3357 nomine
700 3303 906 3357 Primae
944 3302 1201 3356 ofﬁcium
1248 3302 1541 3373 intelligit)
1579 3302 1636 3355 in
1684 3304 1935 3357 occiduis
1973 3305 2062 3358 vel

422 3396 673 3465 maxime
686 3395 1023 3465 regionibus
1036 3396 1403 3449 observatam
1428 3419 1454 3443 n
1488 3395 1679 3450 fuisse.
1698 3396 1862 3460 Quod
1892 3414 1965 3451 an
1990 3397 2060 3451 de

413 3488 597 3543 Gallia
623 3488 1077 3557 intelligendum
1115 3489 1205 3555 sit,
1241 3489 1504 3544 dubitare
1545 3490 1697 3555 licet,
1743 3507 1874 3544 cum
1905 3492 2062 3544 nulla

422 3581 642 3636 mentio
655 3582 863 3636 Prima:
886 3583 987 3636 ﬁat
1007 3582 1065 3636 in
1093 3582 1501 3637 constitutione
1521 3583 1781 3654 Injuriosi
1811 3583 2061 3655 episcopi

421 3675 788 3741 Turonensis,
824 3675 923 3746 qui
951 3676 1203 3730 Tertiam
1232 3681 1291 3729 et
1325 3677 1555 3731 Sextam
1610 3676 1874 3744 instituit,
1906 3678 2062 3731 nulla

418 3768 626 3823 Primae
648 3769 803 3823 facta
817 3769 1310 3833 mentione.Quod
1324 3769 1501 3823 etiam
1518 3769 1709 3841 424
1725 3770 1795 3823 de
1812 3771 2059 3825 Caesarie

416 3862 732 3917 Arelatensi
748 3863 1008 3933 superius
1023 3863 1290 3917 vidimus.
1305 3865 1377 3917 At
1397 3863 1599 3934 reponi
1618 3867 1826 3934 potest,
1854 3864 2060 3918 Primae

419 3955 656 4026 quidem
673 3956 928 4011 ofﬁcium
945 3956 1145 4010 diebus
1157 3956 1548 4023 ferialibus,de
1563 3957 1770 4027 quibus
1784 3956 2063 4028 agitlnju-

420 4049 556 4103 riosi
579 4049 932 4115 constitutio,
950 4065 1066 4103 non
1080 4048 1250 4103 fuisse
1267 4050 1682 4120 praescriptum,
1699 4051 1799 4104 sed
1830 4054 2059 4105 tantum

419 4142 633 4196 festivis
664 4160 728 4196 ac
762 4142 1092 4196 Dominicis.
1128 4143 1291 4197 Certe
1320 4143 1600 4198 Caesarius
1642 4144 1700 4197 in
1734 4145 1935 4213 regula
1960 4162 2063 4199 sua

420 4235 507 4290 his
521 4235 656 4290 solis
677 4240 887 4306 praeter
915 4236 1232 4290 Sabbalum
1256 4237 1478 4304 diebus,
1503 4238 1720 4291 scilicet
1747 4237 2063 4308 majoribus

428 4328 589 4383 festis
611 4333 668 4383 et
694 4330 1027 4396 Dominicis,
1060 4316 1313 4385 Primam
1346 4330 1665 4402 praescribit
1703 4330 1790 4384 his
1829 4331 2014 4384 verbis
2046 4348 2059 4385 :

426 4446 450 4472 ‹‹
482 4422 701 4477 Deinde
747 4423 994 4478 dicenda
1034 4428 1120 4477 est
1167 4424 1361 4479 Prima
1399 4441 1530 4479 cum
1579 4423 1813 4494 psalmis
1862 4442 1977 4490 sex,
2008 4428 2064 4479 et

414 4517 687 4587 hymnus,
720 4518 996 4586 Fulgentis
1037 4522 1225 4573 auctor
1264 4519 1477 4573 aetheris
1512 4533 1529 4568 :
1578 4516 1874 4571 Lectiones
1911 4518 2059 4585 dum,

2162 2012 2293 2049 rum
2322 1997 2556 2050 Patrum
2585 1994 2820 2065 (scilicet
2841 1993 3242 2061 Orientalium,
3270 1993 3341 2047 de
3365 1993 3572 2063 quibus
3592 1992 3810 2047 Cassia-

2164 2106 2271 2142 nus
2301 2089 2361 2142 in
2388 2088 2532 2143 libro
2569 2088 2629 2159 ιι)
2665 2087 2975 2142 adhaeserit
3018 2087 3075 2140 in
3118 2086 3467 2157 assignando
3519 2086 3704 2140 Sexta:
3749 2089 3807 2137 et

2164 2182 2529 2236 Duodecimae
2549 2181 2758 2236 ofﬁcio.

2235 2279 2320 2330 60.
2347 2275 2712 2330 Duodecimus
2735 2274 2988 2329 ofﬁcium
3005 2291 3038 2328 a
3054 2273 3445 2344 Completorio
3469 2273 3807 2327 distinctum

2162 2369 2334 2423 fuisse
2349 2372 2586 2440 patetex
2606 2370 2810 2440 regula
2822 2367 3136 2422 Aureliani.
3160 2369 3220 2420 In
3244 2367 3422 2421 veteri
3447 2366 3653 2421 Missali
3673 2366 3803 2421 Gal-

2163 2462 2349 2517 licano
2395 2463 2522 2517 duae
2566 2463 2898 2516 referuntur
2943 2461 3236 2515 orationes
3278 2477 3381 2531 pro
3428 2460 3804 2522 Duodecima,

2164 2573 2373 2627 nempe
2416 2572 2520 2627 pro
2572 2555 2787 2626 Vigiliis
2827 2554 3147 2609 Nativitatis
3186 2554 3414 2609 Domini
3453 2558 3507 2607 et
3550 2554 3803 2607 Paschae.

2161 2649 2450 2704 Posterior
2476 2649 2682 2703 horam
2716 2651 2898 2725 no_tat,
2930 2649 3113 2701 Deum
3168 2646 3557 2717 deprecando,
3592 2650 3658 2701 ut
3680 2662 3806 2701 ver-

2161 2749 2313 2814 gente
2323 2744 2410 2797 die
2422 2759 2620 2797 vocem
2634 2741 2858 2813 rugitus
2878 2741 3165 2808 exaudiat,
3182 2744 3239 2794 et
3248 2743 3652 2810 superveniente
3676 2741 3811 2795 cali-

2161 2840 2283 2906 gine
2317 2838 2484 2890 noctis
2527 2835 2727 2889 ﬁdeles
2771 2833 3003 2889 luminis
3042 2834 3127 2887 sui
3172 2833 3480 2904 splendore
3531 2834 3799 2886 illustret.

2162 2933 2358 3001 Itaque
2387 2934 2634 2999 vergente
2656 2930 2763 2991 die,
2780 2928 2836 2981 id
2867 2931 2953 2981 est
2973 2928 3115 2981 hora
3142 2927 3282 2981 lucis
3295 2927 3518 2993 ultima,
3538 2927 3647 2981 hoc
3681 2926 3808 2980 ofﬁ-

2162 3023 2311 3077 cium
2338 3022 2681 3077 celebratur.

2233 3120 2319 3170 61.
2349 3116 2625 3171 Caesarius
2655 3115 2727 3169 ad
2756 3114 3167 3169 Lucernarium
3192 3131 3293 3167 seu
3320 3116 3596 3184 Vesperas
3624 3113 3808 3167 bene-

2161 3209 2476 3264 dictionem
2503 3210 2715 3280 populo
2756 3207 3213 3279 impertiebatur,
3247 3224 3314 3261 ex
3341 3207 3481 3261 Vitae
3506 3207 3631 3277 ejus
3658 3206 3808 3261 libro

2164 3320 2222 3369 ιι,
2247 3319 2410 3357 num.
2443 3306 2505 3356 l2
2536 3319 2549 3356 :
2575 3324 2601 3351 ‹‹
2630 3303 2862 3356 Factum
2896 3306 2982 3355 est
3010 3304 3075 3355 ut
3093 3301 3348 3371 quodam
3372 3304 3639 3371 tempore
3671 3317 3812 3372 qua-

2162 3400 2292 3452 tuor
2318 3397 2368 3450 ei
2396 3394 2651 3467 episcopi
2677 3395 2751 3449 ad
2783 3412 3084 3449 occursum
3114 3394 3398 3460 venirent,
3428 3410 3560 3447 cum
3598 3393 3809 3465 quibus

2162 3490 2235 3543 ad
2262 3489 2671 3543 Lucernarium
2699 3488 2774 3542 ad
2818 3488 3117 3542 basilicam
3157 3487 3338 3541 sancti
3381 3488 3661 3558 Stephani
3704 3488 3805 3542 de-

2163 3583 2401 3637 scendit.
2433 3583 2693 3652 Cumque
2722 3583 2946 3651 expleto
2970 3581 3314 3635 Lucernario
3336 3581 3807 3637 benedictionem

2161 3678 2372 3748 populo
2403 3676 2672 3741 dedisset,
2704 3696 2730 3722 n
2763 3677 2869 3729 etc.
2904 3677 3119 3729 Praeter
3144 3692 3213 3728 ea
3243 3691 3392 3745 smpe
3419 3676 3690 3730 homilias
3708 3680 3809 3731 aut

2162 3772 2282 3842 ipse
2315 3793 2343 3820 ‹‹
2372 3769 2713 3824 memoriter
2739 3792 2765 3818 ››
2802 3769 3102 3835 recitabat,
3130 3771 3247 3835 aut,
3297 3769 3341 3823 si
3387 3769 3621 3839 quando
3658 3771 3809 3824 vale-

2162 3864 2301 3919 tudo
2338 3881 2455 3918 non
2483 3863 2725 3929 sinebat,
2761 3879 2865 3933 per
2908 3862 3049 3917 alios
3092 3861 3322 3916 recitari
3368 3863 3626 3927 curabat,
3661 3866 3803 3925 tam.

2167 3979 2194 4005 ‹‹
2222 3958 2295 4012 ad
2314 3958 2637 4024 Matutinos,
2664 3978 2690 4005 »
2720 3973 2895 4027 quam
2920 3979 2947 4003 ‹‹
2972 3958 3045 4011 ad
3066 3956 3498 4023 Lucernarium,
3529 3960 3591 4010 ut
3616 3958 3806 4010 nullus

2163 4055 2331 4118 esset,
2361 4051 2458 4122 qui
2504 4067 2562 4103 se
2603 4050 2673 4105 de
2710 4050 3042 4122 ignorantia
3079 4053 3392 4104 excusaret.
3429 4072 3457 4099 ››
3500 4052 3698 4121 Neque
3746 4051 3805 4104 id

2163 4146 2347 4199 solum
2391 4144 2591 4198 diebus
2621 4144 2857 4208 festivis,
2888 4144 2989 4197 sed
3031 4147 3089 4197 et
3130 4143 3425 4197 ferialibus
3469 4145 3802 4214 praestabat.

2165 4238 2394 4308 Legesis
2421 4237 2887 4292 admonitionem
2924 4237 2981 4290 in
3012 4253 3343 4291 sermonem
3372 4240 3440 4292 22
3467 4238 3805 4308 appendicis

2165 4348 2327 4386 nova:
2353 4330 2807 4402 Augustinianaa.
2855 4332 2936 4385 De
2965 4330 3073 4384 hac
3121 4330 3545 4395 benedictione,
3576 4348 3707 4401 quae
3732 4332 3805 4386 ab

2164 4425 2446 4496 episcopis
2488 4425 2576 4479 vel
2614 4423 2980 4495 praesbyteris
3020 4424 3080 4478 in
3116 4420 3236 4478 ﬁne
3282 4424 3695 4480 Matutinorum
3747 4430 3803 4479 et

2164 4521 2545 4589 Vesperarum
2568 4517 2833 4584 dabatur,
2857 4518 3139 4588 legendus
3166 4522 3254 4571 est
3274 4534 3462 4572 canon
3484 4521 3551 4573 30
3576 4518 3804 4573 concilii

417 4627 531 4664 una
553 4610 625 4664 de
641 4610 853 4677 Veteri,
884 4610 998 4665 alia
1026 4611 1096 4665 de
1127 4628 1275 4666 novo
1305 4612 1694 4675 Testamento,
1725 4614 1784 4664 et
1826 4611 2058 4682 capitel-
2080 4620 2140 4693 D
2162 4611 2525 4683 Agathensis.
2553 4614 2624 4667 Et
2650 4614 2782 4680 quia
2799 4615 3042 4666 convenit
3069 4612 3313 4667 ordinem
3339 4610 3533 4685 426
3559 4613 3807 4668 Ecclesiae

324 4700 333 4707 “
411 4705 552 4757 lum.
579 4704 694 4757 Hoc
727 4704 903 4757 modo
932 4704 1234 4759 Dominica
1264 4704 1349 4758 vel
1373 4703 1623 4759 Sabbato
1652 4707 1710 4757 et
1740 4704 2056 4775 majoribus

412 4795 813 4850 festivitatibus
846 4798 968 4873 ﬁeri
997 4797 1187 4852 debet.
1223 4818 1250 4847 ››
1284 4796 1449 4860 Quod
1478 4797 1523 4851 si
1547 4796 1823 4852 Caesarius
1852 4799 2055 4853 Primae

415 4888 673 4943 ofﬁcium
701 4890 1235 4945 sanctimonialibus
1256 4907 1361 4961 pro
1390 4890 1593 4945 diebus
1614 4891 1910 4945 ferialibus
1936 4910 2053 4946 non

411 4982 704 5053 imposuit,
746 4986 927 5039 multo
969 4985 1161 5039 minus
1202 4984 1456 5039 insolens
1512 5001 1633 5039 esse
1680 4984 1851 5039 debet
1899 4986 2056 5056 quod

410 5076 569 5130 idem
603 5076 661 5130 in
697 5078 935 5132 ecclesia
963 5095 1064 5131 sua
1095 5077 1432 5145 cathedrali,
1452 5077 1713 5149 itemque
1746 5078 2056 5149 lnjuriosus

415 5169 471 5223 in
509 5187 610 5225 sua
657 5170 800 5224 illud
844 5170 1066 5224 eisdem
1097 5170 1297 5225 diebus
1328 5172 1891 5242 praetermittendum
1920 5190 2055 5227 cen-

411 5264 648 5318 suerint.
669 5262 932 5318 Totidem
950 5264 1204 5334 psalmos
1225 5265 1589 5333 etlectiones,
1613 5282 1745 5320 cum
1764 5268 2051 5337 capitello,

411 5358 803 5428 eumdemque
833 5357 1116 5428 hymnum
1143 5357 1218 5411 ad
1242 5357 1496 5413 Primam
1528 5358 2051 5415 instituitAurelia-

410 5467 535 5517 nus,
561 5451 661 5504 sed
690 5468 821 5505 eam
852 5451 1052 5505 diebus
1083 5450 1323 5523 singulis
1346 5452 1666 5523 assignasse
1689 5453 1930 5508 videtur.

487 5546 573 5598 58.
616 5543 775 5596 Idem
803 5544 874 5598 ad
905 5544 1321 5615 subsequentes
1356 5545 1530 5600 horas
1572 5546 1749 5618 exigit
1789 5563 1883 5601 sex
1912 5548 2055 5617 psal-

410 5652 556 5702 mos,
595 5637 715 5689 tum
746 5641 875 5707 post
902 5638 1308 5710 antiphonam,
1332 5638 1636 5710 hymnum,
1667 5640 1975 5695 lectionem
1997 5645 2055 5695 et

410 5727 741 5800 capitellurn
763 5747 776 5795 ;
803 5730 875 5784 ad
896 5732 1307 5787 Lucernarium
1327 5734 1611 5802 psalmum
1630 5733 2048 5801 directaneum,

413 5821 782 5891 antiphonas,
799 5822 960 5890 duas,
978 5825 1283 5894 hymnum,
1301 5827 1699 5897 etcapitellum
1715 5843 1727 5890 ;
1745 5826 1818 5881 ad
1832 5826 2053 5880 Duode-

406 5911 619 5999 Ἥρωι
649 5913 900 5985 psalmos
949 5915 1153 5974 decem
1189 5920 1246 5973 et
1274 5920 1423 5989 octo,
1454 5917 1858 5990 antiphonam,
1883 5918 2049 5990 hym-

2157 4707 2225 4760 ab
2264 4705 2507 4761 omnibus
2527 4705 2811 4774 aequaliter
2839 4705 3122 4767 custodiri,
3142 4705 3473 4760 studendum
3512 4709 3608 4768 est,
3638 4712 3702 4759 ut
3725 4708 3801 4760 si-

2157 4804 2246 4854 cut
2270 4800 2466 4868 ubique
2491 4801 2573 4868 ﬁt,
2602 4802 2653 4853 et
2673 4801 2796 4868 post
2822 4799 3170 4868 antiphonas,
3218 4799 3560 4856 Collectiones
3582 4814 3686 4869 per
3712 4815 3802 4853 or-

2156 4894 2337 4948 dinem
2364 4893 2434 4947 ab
2461 4893 2720 4962 episcopis
2745 4893 2833 4945 vel
2854 4892 3203 4962 presbyteris
3226 4893 3515 4957 dicantur;
3542 4897 3592 4947 et
3618 4894 3809 4961 hymni

2155 4989 2417 5043 matutini
2438 4987 2523 5041 vel
2544 4965 2842 5055 vespertini
2863 4986 3051 5041 diebus
3076 4988 3322 5042 omnibus
3346 4986 3731 5053 decantentur;
3755 4992 3805 5042 et

2156 5083 2214 5135 in
2240 5081 2568 5136 conclusione
2596 5082 2995 5134 matutinarum
3028 5081 3116 5135 vel
3140 5082 3570 5150 vespertinarum
3606 5082 3803 5136 missa-

2155 5190 2297 5237 rum,
2340 5178 2461 5244 post
2499 5175 2722 5242 hymnos
2768 5173 3029 5243 capitella
3061 5173 3127 5228 de
3164 5173 3393 5243 psalmis
3434 5173 3711 5238 dicantur;
3755 5179 3805 5227 et

2150 5268 2302 5338 plebs
2333 5267 2554 5321 collecta
2593 5269 2834 5322 oratione
2870 5267 2946 5322 ad
2981 5281 3259 5338 vesperam
3291 5266 3360 5320 ab
3398 5268 3639 5336 episcopo
3681 5282 3803 5321 cum

2158 5360 2515 5415 benedictione
2544 5360 2881 5416 dimittatur.

2228 5457 2313 5508 62.
2346 5454 2473 5507 Haec
2492 5457 2624 5507 sunt
2648 5471 2773 5524 quae
2797 5453 2868 5508 de
2894 5470 3061 5507 cursu
3083 5453 3373 5507 Gallicano
3402 5453 3556 5524 apud
3579 5458 3803 5508 veteres

2156 5548 2754 5602 auctores‘observare
2804 5547 3112 5618 potuimus.
3157 5547 3377 5601 chulo
3410 5563 3463 5601 1x
3496 5547 3801 5603 uniformis

2157 5660 2331 5712 penes
2353 5642 2587 5696 clericos
2611 5645 2737 5696 erat
2758 5639 3098 5712 psalmodiaa
3123 5639 3443 5711 disciplina,
3468 5644 3535 5719 ut
3548 5658 3615 5695 ex
3635 5644 3803 5696 Ama-

2154 5735 2277 5789 larii
2307 5736 2712 5806 supplemento
2744 5734 2816 5789 ad
2847 5733 3055 5787 librum
3075 5733 3145 5787 de
3165 5732 3370 5787 divinis
3387 5734 3618 5801 Officiis,
3645 5735 3796 5789 aliis-

2153 5845 2263 5898 que
2292 5828 2661 5899 scriptoribus
2700 5827 3096 5897 intelligimus.
3132 5827 3193 5880 ld
3223 5827 3498 5891 factuma
3526 5831 3794 5899 tempore

2152 5937 2265 5994 quo
2292 5921 2501 5979 Paulus
2526 5936 2677 5994 papa
2714 5920 2775 5979 in
2813 5921 3057 5979 Galliam
3093 5919 3408 5979 transmisit
3442 5920 3802 5993 Antiphone-
