4014 6230
100 358 179 413 ῑοθ

1154 357 1241 413 DE
1277 358 1492 415 CURSL‘
1532 358 1906 415 GALLICANO
1943 358 2357 426 DlSQUlSlTlO.

3324 355 3427 413 410

93 467 214 521 rium
239 462 579 529 Romanum,
611 462 771 533 cujus
795 465 1125 535 exemplum
1149 465 1469 521 Harduinus
1487 467 1688 522 Fonta-
1708 477 1768 551 Α
1786 464 2154 538 languentem
2181 480 2480 521 sacrorum
2506 464 2898 522 ministrorum
2920 464 3192 539 pietatem
3208 463 3430 538 legibus
3452 490 3465 503 ο

89 560 227 614 uella:
242 557 481 610 reclusus
502 558 642 610 tunc
664 556 1024 628 descripsisse
1042 562 1423 613 memoratur.
1446 562 1695 616 Psalmo-

90 654 178 707 dia:
200 651 380 717 ritum,
410 649 510 720 qui
548 650 721 704 hodie
750 667 981 722 quoque
1016 651 1075 705 in
1112 653 1397 723 plerisque
1444 654 1694 707 ecclesiis

89 744 370 806 Gallicanis,
404 742 582 813 viget,
605 743 905 814 descripsit
929 745 1237 816 Gregorius
1260 748 1347 800 Vll
1366 747 1423 799 in
1453 747 1691 801 concilio

92 841 337 903 Romano,
395 836 558 907 cujus
599 836 895 892 decretum
950 838 1195 893 refertur
1246 839 1317 893 de
1361 840 1688 895 Consecrat.

90 934 194 985 dist.
224 935 269 995 5,
297 947 416 1000 cap.
450 932 514 985 1n
540 930 649 985 die.

787 1024 817 1095 §
856 1026 940 1078 v1.

90 1122 144 1172 De
166 1118 468 1189 obligatione
494 1118 807 1172 clericorum
834 1118 910 1172 ad
932 1134 1145 1173 cursum
1164 1121 1429 1189 privatim
1453 1122 1685 1175 recitan-

300 1188 455 1253 dum;
496 1189 594 1241 ubi
622 1190 688 1242 de
712 1190 1092 1245 itinera-ritibus
1117 1188 1438 1260 et’inﬁrmis.

143 1307 215 1358 63.
246 1304 414 1357 Tanta
440 1304 783 1358 Christianis
802 1305 1073 1361 omnibus
1099 1306 1280 1359 Deum
1308 1305 1582 1375 precandi
1606 1322 1691 1359 ra-

86 1398 146 1450 tio
170 1400 217 1449 et
246 1396 547 1450 necessitas
586 1396 891 1463 incumbit,
932 1401 991 1451 ut
1020 1398 1224 1468 jugem
1265 1402 1323 1450 et
1362 1415 1477 1453 non
1520 1398 1692 1451 inter-

86 1491 284 1543 missam
298 1490 366 1542 ab
381 1490 462 1542 eis
479 1490 807 1544 orationem
823 1491 1015 1561 exigat
1028 1492 1355 1561 Apostolus,
1377 1495 1686 1562 quantum-

82 1583 146 1636 vis
166 1583 383 1636 diversis
412 1583 745 1638 ﬂuctuantis
778 1601 842 1638 ac
875 1584 1101 1637 miserae
1132 1584 1260 1638 vitm
1304 1585 1690 1639 incommodis

84 1694 133 1729 ac
156 1677 287 1730 curis
316 1677 729 1731 distrahantur.
762 1679 879 1731 Non
930 1676 1120 1731 minor
1164 1678 1285 1731 sine
1326 1678 1520 1744 dubio,
1570 1678 1688 1733 imo

83 1762 296 1824 strictior
324 1770 567 1824 assiduae.
603 1770 951 1841 precationis
983 1771 1259 1841 obligatio
1291 1771 1528 1825 clericos
1557 1789 1685 1842 spe-

84 1868 191 1928 ctat,
212 1867 396 1934 utpote
420 1864 515 1934 qui
538 1864 706 1935 quasi
720 1864 957 1935 quidam
972 1863 1123 1918 inter
1141 1865 1319 1919 Deum
1338 1868 1397 1919 et
1420 1863 1688 1919 homines
1708 1848 1763 1919 B

86 1957 344 2026 sequestri,
370 1956 608 2027 speciali
641 1958 804 2010 titulo
833 1957 1111 2026 Majestati
1142 1956 1347 2010 divinas
1372 1957 1689 2011 consecrati

88 2068 135 2103 ac
176 2050 466 2120 mancipati
501 2054 656 2116 sunt,
703 2054 876 2121 atque
923 2068 957 2103 a
1004 2049 1248 2104 terrenis
1293 2050 1689 2105 sollicitudinis

86 2142 236 2214 magis
256 2141 436 2215 427
456 2142 624 2196 liberi
653 2147 710 2197 et
727 2142 1040 2198 immunes.
1058 2143 1422 2214 QuaprOpter
1444 2144 1689 2215 apostoli

88 2237 145 2289 sic
173 2235 395 2290 orationi
428 2253 553 2289 sese
592 2236 902 2290 adstrictos
928 2252 1051 2289 esse
1078 2236 1424 2304 sentiebant,
1474 2241 1554 2304 ut,
1598 2255 1686 2291 re-

88 2331 189 2381 licta
214 2329 457 2383 diaconis
481 2330 777 2384 inferioris
804 2330 1107 2384 ministerii
1131 2346 1288 2397 cura,
1314 2333 1465 2385 totos
1486 2348 1544 2384 se
1569 2348 1691 2402 pre-

88 2422 259 2476 cationi
272 2426 326 2476 et
343 2422 741 2494 prmdicationi
758 2423 917 2476 verbi
936 2423 1038 2476 Dei
1057 2423 1319 2478 addictos
1346 2424 1688 2494 proﬁteren-

87 2521 171 2568 tur.
201 2515 300 2570 Sed
330 2516 610 2587 quoniam
642 2517 900 2570 humana
927 2516 1310 2583 imbecillitas,
1344 2522 1516 2588 atque
1544 2518 1690 2572 adeo

89 2609 340 2680 multiplex
366 2610 603 2681 hujusce
626 2610 754 2664 vitm
775 2610 1086 2664 necessitas
1108 2627 1225 2665 non
1256 2610 1469 2682 patitur
1501 2615 1560 2665 ut
1586 2612 1689 2666 ho-

88 2703 241 2756 mines
263 2703 532 2758 continua
556 2704 770 2757 mentis
797 2703 1121 2758 intentione
1144 2704 1203 2757 in
1227 2704 1331 2758 Dei
1351 2704 1614 2759 laudibus
1636 2709 1694 2759 et

89 2796 306 2851 oratione
323 2800 708 2868 occupentur;
728 2797 845 2851 imo
870 2797 1045 2852 etiam
1060 2798 1177 2852 Deo
1191 2798 1379 2870 magis
1393 2802 1691 2869 acceptum

90 2891 142 2942 sit
166 2895 219 2943 ut
240 2891 422 2945 clerici
445 2891 577 2945 aliis
599 2890 821 2945 ordinis
863 2891 952 2944 sui
1000 2890 1223 2957 ofﬁciis,
1270 2910 1399 2963 quae
1448 2892 1692 2963 proximi

89 2984 258 3038 caritas
286 2984 475 3054 exigit,
506 2984 831 3039 identidem
853 2984 1224 3051 incumbant;
1253 2984 1383 3040 ideo
1404 2985 1695 3040 «diversas

89 3077 254 3131 orandi
278 3078 465 3145 horas,
501 3102 528 3127 ››
556 3083 621 3133 ut
648 3078 1033 3150 Hieronymus
1070 3079 1144 3133 ad
1193 3079 1563 3134 Eustochium
1610 3081 1692 3134 lo-

90 3170 265 3240 quitur,
296 3172 562 3226 «habere
588 3172 824 3237 debent,
857 3174 914 3225 ut
956 3171 1002 3225 si
1048 3174 1197 3226 forte
1242 3173 1436 3243 aliquo
1482 3173 1696 3227 fuerint

90 3280 228 3333 apere
250 3265 487 3320 nimium
505 3266 751 3331 detenti,
776 3266 961 3336 ipsum
981 3283 1079 3319 eos
1092 3266 1165 3320 ad
1187 3266 1443 3320 ofﬁcium
1467 3270 1696 3338 tempus

90 3357 377 3413 admoneat.
404 3380 430 3407 n
452 3363 646 3430 Atque
669 3360 778 3413 hoc
801 3358 1035 3413 demum
1052 3363 1220 3430 pacto
1236 3360 1392 3431 jugis
1419 3360 1697 3415 orationis

90 3455 395 3523 preeceptum
418 3454 665 3524 implere
692 3456 952 3524 possunt,
979 3471 1045 3506 ex
1066 3454 1410 3523 Augustino,
1429 3477 1456 3503 ς(
1475 3454 1521 3509 si
1540 3455 1695 3509 nullo

90 3544 159 3598 die
187 3545 632 3601 intermittantur
657 3563 835 3617 opera
878 3546 1102 3601 orandi.
1134 3570 1160 3596 ››
1198 3549 1394 3614 Porro,
1441 3552 1501 3601 ut
1536 3548 1694 3601 idem

91 3643 277 3692 sanctus
301 3641 508 3694 Doctor
538 3640 620 3693 ait
639 3640 701 3693 in
726 3640 970 3711 cpistola
999 3640 1071 3694 ad
1096 3641 1366 3709 Probam,
1390 3664 1416 3689 «
1440 3640 1570 3695 ideo
1592 3656 1697 3712 per

91 3736 214 3785 reita
237 3732 528 3789 intervalla
552 3734 829 3788 horarum
861 3751 926 3789 ac
948 3738 1276 3806 temporum
1302 3734 1479 3789 etiam
1508 3734 1697 3789 verbis

94 3841 326 3893 rogamus
346 3829 553 3894 Deum,
586 3832 647 3881 ut
668 3828 806 3898 ipsis
826 3844 1021 3882 rerum
1052 3827 1231 3898 signis
1259 3844 1363 3882 nos
1395 3828 1580 3883 acrius
1609 3844 1698 3881 ex-

92 3918 309 3974 citemus.
336 3921 582 3992 Dignior
612 3921 773 3975 enim
808 3924 1083 3991 sequetur
1104 3921 1361 3987 effectus,
1386 3937 1559 3992 quem
1593 3921 1698 3974 fre-

94 4014 318 4081 quentior
342 4014 621 4086 prmcedit
648 4014 906 4069 affectus.
935 4038 961 4063 ››

147 4107 221 4159 6i.
251 4107 453 4163 Sancta
484 4110 607 4163 hinc
637 4107 919 4162 institutio
944 4107 1084 4162 nulli
1112 4123 1227 4161 non
1256 4105 1566 4178 probatur:
1596 4107 1697 4161 sed

96 4197 257 4254 durior
283 4203 473 4257 multis
506 4201 741 4256 videtur
768 4202 867 4255 illa
895 4201 1173 4271 obligatio
1202 4216 1316 4271 qua
1346 4200 1449 4253 sub
1472 4199 1701 4254 lethalis

98 4294 273 4358 peccati
302 4313 466 4365 poena
494 4297 619 4350 haec
653 4295 976 4349 divinorum
1016 4294 1342 4349 ofﬁciorum
1376 4293 1639 4348 recitatio
1664 4311 1699 4348 a

98 4386 235 4439 sacris
254 4388 526 4444 ministris
558 4388 821 4460 exigitur.
872 4389 1123 4443 Censent
1154 4386 1369 4459 quippe
1413 4386 1699 4457 ejusmodi

100 4475 322 4533 homines
346 4482 631 4537 novitiam
658 4483 808 4536 hanc
831 4498 953 4535 esse
1005 4480 1449 4551 obligationem,
1501 4461 1699 4551 priscis

1716 3215 1769 3289 C

1795 558 2084 627 excitaret,
2112 564 2177 615 ut
2202 559 2404 615 saltem
2425 559 2644 632 aliquot
2655 559 2822 615 horas
2847 558 3327 617 divinislaudibus
3345 557 3431 614 in-

1795 656 2103 721 sumerent,
2117 670 2362 725 quorum
2383 653 2569 708 omnis
2585 653 2849 724 cogitatio
2865 653 2925 707 in
2939 654 3121 707 Deum
3149 656 3206 707 et
3230 653 3299 708 de
3313 653 3429 708 Deo

1794 760 1912 799 esse
1943 745 2188 801 deberet.
2222 746 2348 802 Sive
2374 762 2512 818 ergo
2551 764 2616 801 ea
2649 747 2741 801 lex
2780 751 2884 815 est,
2917 747 3031 802 sive
3055 746 3424 814 consuetudo,

1796 854 1912 909 qua
1940 838 2188 893 ministri
2213 840 2359 894 sacri
2383 840 2453 895 ad
2482 840 2794 895 recitandas
2820 840 2989 895 horas
3017 839 3315 895 canonicas
3340 843 3428 894 te-

1792 934 2019 1000 nentur,
2060 935 2249 987 sancta
2287 936 2343 987 et
2385 932 2718 988 inviolabilis
2763 948 2882 988 esse
2935 932 3147 988 debet:
3182 949 3315 987 cum
3359 931 3432 986 sit

1792 1024 2057 1094 quaedam
2079 1023 2479 1096 interpretatio
2496 1026 2644 1096 juris
2663 1025 2859 1094 divini,
2889 1031 3124 1097 ortaque
3140 1026 3212 1080 sit
3227 1042 3295 1080 ex
3308 1026 3430 1097 ipsa

1793 1116 2129 1172 clericorum
2166 1118 2517 1185 conditione,
2563 1118 2664 1189 qui
2703 1118 2805 1174 toti
2848 1119 3039 1174 divino
3084 1119 3259 1174 cultui
3294 1121 3429 1173 sunt

1792 1210 2118 1281 mancipati.
2160 1211 2270 1267 Sed
2297 1211 2387 1265 his
2416 1211 2661 1277 omissis,
2692 1211 2804 1265 duo
2827 1212 2989 1266 nobis
3012 1213 3120 1266 hoc
3148 1213 3267 1266 loco
3309 1212 3424 1267 dis-

1791 1303 2069 1374 quirenda
2094 1307 2246 1359 sunt.
2283 1306 2487 1371 Unum,
2520 1321 2634 1375 quo
2660 1321 2729 1358 ex
2755 1310 3011 1376 tempore
3045 1306 3168 1360 haec
3205 1305 3424 1361 divino-

1796 1412 1923 1450 rum
1951 1396 2272 1451 ofﬁciorum
2303 1398 2524 1469 privata
2566 1398 2816 1453 recitatio
2844 1398 2905 1453 in
2934 1398 3173 1453 Ecclesia
3204 1403 3429 1471 recepta

1791 1489 1883 1558 sit,
1924 1490 2240 1561 prmsertim
2279 1490 2431 1561 apud
2473 1490 2675 1546 Gallos.
2719 1491 2996 1560 Alterum,
3044 1507 3160 1563 quo
3192 1492 3425 1547 demum

1790 1582 1992 1637 saeculo
2017 1583 2077 1637 in
2105 1584 2291 1655 legem
2316 1584 2553 1640 evaserit
2573 1586 2664 1640 ha:
2690 1584 3058 1654 consuetudo,
3098 1589 3155 1640 et
3189 1602 3261 1640 an
3298 1586 3423 1641 fue-

1790 1674 1865 1730 rit
1892 1675 1985 1729 lex
2012 1675 2116 1729 illa
2144 1676 2443 1747 generalis.

1861 1771 1950 1823 65.
1979 1771 2161 1841 Atque
2185 1774 2250 1824 ut
2289 1787 2323 1824 a
2346 1770 2523 1842 priori
2562 1770 2855 1842 incipiam,
2905 1788 3020 1826 non
3053 1788 3169 1828 uno
3203 1772 3264 1827 in
3304 1772 3427 1828 loco

1788 1861 2098 1917 Venantius
2119 1863 2458 1918 Fortunatus
2476 1868 2775 1933 memorat,
2791 1865 3072 1921 Germano
3087 1865 3429 1921 Parisiorum

1788 1954 2070 2025 episcopo,
2124 1955 2223 2026 qui
2266 1955 2455 2011 medio
2498 1958 2705 2011 saeculo
2750 1974 2802 2010 γι
2850 1958 3009 2027 vixit,
3061 1959 3217 2014 hunc
3256 1959 3428 2014 fuisse

1788 2063 2029 2116 morem,
2059 2052 2122 2103 ut
2144 2048 2541 2119 quotidianum
2572 2066 2803 2105 cursum
2838 2051 3098 2121 religiose
3140 2053 3427 2124 persolve-

1788 2142 1895 2195 ret.
1924 2141 2065 2194 Nam
2090 2140 2151 2195 in
2179 2141 2301 2211 ejus
2328 2142 2469 2196 Vitas
2496 2142 2684 2214 capite
2711 2146 2776 2199 63
2805 2144 3154 2200 mentionem
3187 2145 3320 2200 facit
3356 2146 3428 2201 de

1794 2253 1820 2279 α
1851 2236 2079 2287 cantato
2108 2249 2281 2288 cursu
2307 2235 2512 2289 Tertia:
2536 2257 2563 2283 »
2596 2252 2701 2306 per
2714 2236 3083 2307 Germanum,
3106 2237 3165 2292 id
3189 2242 3275 2293 est
3291 2238 3430 2293 reci-

1792 2328 1943 2394 tato;
1972 2331 2028 2380 et
2054 2326 2371 2397 signantius
2397 2328 2580 2399 capite
2609 2332 2676 2383 76
2710 2348 2724 2383 :
2754 2352 2783 2379 ‹‹
2808 2330 2914 2394 Qui
2940 2330 3201 2402 equitans
3226 2331 3286 2385 in
3330 2331 3427 2386 iti-

1790 2434 1948 2488 nere,
1980 2418 2190 2492 inquit,
2223 2436 2448 2492 semper
2474 2422 2542 2476 de
2572 2422 2685 2477 Deo
2712 2422 2947 2495 aliquid,
2976 2428 3074 2479 aut
3098 2425 3268 2480 verbo
3293 2441 3430 2480 con-

1792 2511 1941 2580 tulit,
1970 2517 2068 2567 aut
2092 2514 2357 2583 cantavit,
2400 2531 2631 2570 cursum
2674 2516 2831 2570 nudo
2870 2517 3048 2587 capite
3076 2517 3288 2587 dicens,
3329 2517 3434 2573 etsi

1792 2604 1890 2659 nix
1915 2608 2014 2660 aut
2040 2605 2225 2661 imber
2249 2613 2502 2679 urgeret.
2535 2628 2563 2659 ››
2594 2609 2901 2682 Gregorius
2922 2627 3065 2666 ~vero
3090 2611 3432 2667 Turonensis

1791 2697 1870 2752 ita
1896 2698 2088 2753 cursui
2114 2699 2406 2756 recitando
2433 2701 2605 2756 etiam
2630 2703 2885 2758 addictus
2913 2708 3052 2773 erat,
3080 2709 3141 2759 ut
3170 2726 3197 2754 ‹‹
3226 2721 3429 2775 exper-

1796 2791 2045 2861 gefactus
2075 2793 2221 2847 circa
2246 2794 2501 2849 medium
2520 2796 2718 2863 noctis,
2735 2796 2807 2851 ad
2825 2812 3057 2851 cursum
3079 2798 3433 2853 reddendum

1794 2889 2074 2956 surgeret,
2107 2908 2134 2935 »
2164 2886 2226 2941 in
2242 2887 2497 2942 Historiae
2524 2889 2622 2943 lib.
2652 2906 2772 2957 vni,
2802 2906 2925 2961 cap.
2957 2894 3043 2945 15.
3065 2889 3259 2963 429
3288 2890 3435 2945 Etin

1793 2976 1893 3032 lib.
1918 2994 1972 3047 ν,
2002 2995 2127 3050 cap.
2161 2983 2246 3048 17,
2279 2997 2411 3034 cum
2433 2980 2480 3035 is
2506 2982 2657 3053 apud
2682 2981 2920 3037 Parisios
2937 2988 3258 3038 versaretur
3280 2988 3431 3038 tem-

1796 3087 1931 3141 pore
1958 3071 2177 3125 concilii
2208 3089 2221 3126 :
2254 3095 2282 3123 «
2302 3074 2377 3126 Ea
2394 3090 2522 3128 vero
2542 3078 2729 3144 nocte,
2752 3075 2959 3147 inquit,
2991 3076 3297 3131 decantatis
3326 3093 3432 3130 no-

1796 3164 2147 3219 cturnalibus
2173 3166 2424 3238 hymnis,
2460 3188 2486 3215 n
2515 3168 2572 3223 id
2600 3173 2683 3223 est
2708 3169 2977 3240 privatim
3005 3169 3275 3236 recitatis,
3306 3187 3435 3223 «os-

1795 3256 1940 3311 tium
1978 3259 2289 3313 mansionis
2333 3263 2542 3314 nostrze
2588 3262 2855 3333 gravibus
2882 3262 3050 3317 audio
3108 3262 3436 3317 verberibus

1797 3350 1943 3422 cogi.
1981 3372 2007 3400 ››
2050 3352 2203 3406 Idem
2240 3352 2309 3407 de
2341 3370 2399 3408 se
2437 3354 2556 3425 ipse
2600 3360 2837 3410 testatur
2878 3356 2938 3410 in
2983 3356 3081 3411 lib.
3119 3372 3193 3422 ιχ,
3226 3373 3349 3427 cap.
3379 3359 3431 3411 6.

1796 3446 1987 3516 Neque
2016 3444 2070 3499 id
2098 3446 2372 3517 peculiari
2412 3448 2689 3519 religione
2726 3448 2993 3518 faciebat,
3033 3450 3128 3504 sed
3169 3466 3236 3504 ex
3277 3465 3435 3504 more

1796 3538 2039 3593 aliorum
2069 3541 2445 3596 sacerdotum.
2476 3543 2616 3596 Nam
2642 3542 2701 3596 in
2730 3543 2875 3597 libro
2906 3544 2974 3597 de
3001 3543 3185 3597 Gloria
3223 3543 3438 3598 confes-

1796 3649 1989 3687 sorum
2016 3649 2137 3704 cap.
2166 3636 2256 3702 31,
2283 3634 2404 3705 agit
2429 3634 2499 3689 de
2538 3635 2788 3707 quodam
2831 3635 3179 3707 presbytero,
3233 3635 3330 3706 qui
3375 3635 3433 3689 in

1796 3725 1997 3780 itinere
2039 3726 2530 3796 constitutus,cum
2571 3728 2723 3799 apud
2770 3744 3079 3799 pauperem
3125 3729 3435 3798 quemdam

1796 3818 2110 3890 hospitatus
2133 3825 2300 3886 esset,
2349 3839 2377 3871 «
2414 3821 2582 3892 juxta
2619 3838 2842 3877 morem
2873 3822 3227 3877 sacerdotum
3272 3825 3433 3876 nocte

1795 3911 1864 3965 ab
1892 3916 2071 3966 stratu
2096 3929 2198 3967 suo
2223 3913 2662 3983 consurrexisse,
2696 3918 2754 3969 et
2780 3914 3024 3970 orationi
3070 3914 3350 3969 adstitisse
3404 3936 3432 3963 »

1796 4004 2147 4075 perhibetur.
2190 4006 2346 4062 Unde
2394 4007 2453 4061 in
2494 4007 2592 4062 lib.
2633 4008 2702 4063 de
2744 4007 2882 4063 Vitis
2912 4009 3165 4077 Patrum,
3212 4024 3334 4079 cap.
3376 4012 3430 4077 7,

1797 4098 2097 4169 Gregorius
2118 4099 2488 4171 Lingonensis
2503 4101 2730 4173 prtesul,
2763 4124 2791 4152 ‹‹
2830 4106 2993 4157 nocte
3008 4103 3077 4157 de
3104 4105 3284 4157 stratu
3307 4119 3434 4172 suo,

1798 4192 1956 4247 nullo
1989 4193 2284 4263 sentiente,
2314 4211 2683 4266 consurgens,
2718 4196 2791 4251 ad
2806 4196 3141 4266 orationem,
3166 4198 3280 4251 Deo
3308 4200 3434 4252 tan-

1798 4290 1921 4340 tum
1950 4291 2110 4357 teste,
2136 4288 2443 4359 pergebat;
2478 4289 2619 4345 ostio
2645 4289 2913 4345 divinitus
2928 4296 3194 4357 reserato,
3223 4295 3437 4346 attente

1798 4380 2503 4453 psallebatinbaptisterio.
2527 4406 2554 4432 ››
2584 4384 2695 4438 Hoc
2715 4384 3096 4455 psallentium,
3121 4403 3150 4435 α
3166 4388 3439 4455 tanquam

1800 4473 2111 4529 multarum
2136 4491 2357 4545 vocum,
2373 4492 2477 4547 per
2492 4476 2668 4532 trium
2693 4477 2965 4532 horarum
2985 4481 3042 4531 et
3062 4477 3180 4531 fere
3195 4477 3438 4547 amplius
3464 4500 3473 4507 -

101 4572 412 4643 temporibus
444 4576 736 4647 ignotam,
782 4593 887 4629 nec
940 4576 1053 4628 ulla
1109 4573 1375 4628 Ecclesim
1427 4573 1780 4662 universagD
1803 4566 2050 4638 spatium
2073 4568 2427 4623 audiebatur.
2459 4590 2486 4617 ››
2532 4571 2747 4639 Postea,
2798 4589 2826 4622 α
2864 4570 3097 4641 impleto
3130 4585 3317 4638 cursu,
3356 4585 3440 4624 re-

99 4663 202 4733 lege
224 4667 568 4739 impositam,
600 4670 700 4723 sed
722 4687 755 4723 a
777 4667 1129 4723 scholasticis
1156 4671 1215 4722 et
1235 4685 1268 4722 a
1290 4683 1526 4722 casuum
1556 4666 1703 4721 arbi-

101 4759 184 4811 tris
210 4760 515 4818 inductam.
545 4764 613 4817 Et
634 4762 870 4834 quidem
890 4763 1212 4833 optandum
1239 4764 1389 4815 esset
1408 4763 1471 4814 ut
1491 4760 1703 4815 Christi

104 4850 455 4910 ministrorum
483 4858 747 4913 voluntas
769 4856 847 4911 ita
864 4858 1068 4927 sponte
1098 4872 1199 4909 sua
1227 4855 1484 4908 curreret
1514 4853 1587 4907 ad
1614 4853 1699 4907 of-

105 4942 206 4999 ticia
227 4947 462 5019 pietatis,
490 4954 553 5005 ut
583 4951 737 5005 nullo
770 4951 965 5020 legum
988 4948 1222 5003 stimulo
1245 4946 1556 5018 indigeret.
1590 4946 1703 5001 Sed

104 5038 231 5094 tanta
242 5045 319 5097 est
331 5043 661 5116 depravatio
675 5039 1701 5111 consuetudinum,tantaopinionum

104 5132 303 5201 vanitas,
335 5141 394 5191 ut
420 5140 613 5209 legum
646 5136 998 5192 adminicula
1025 5133 1349 5188 necessaria
1381 5133 1496 5187 sint
1520 5133 1593 5187 ad
1618 5150 1704 5186 re-

104 5228 349 5284 vocandos
373 5231 557 5287 bonos
586 5248 799 5299 mores,
831 5248 901 5284 ne
936 5229 1164 5301 penitus
1187 5228 1516 5291 intereant;
1552 5229 1608 5279 et
1629 5224 1704 5280 ad

108 5318 426 5379 retinendam
448 5326 746 5397 pietatem,
768 5322 960 5397 428
994 5340 1063 5377 ne
1094 5322 1196 5377 Dei
1224 5321 1432 5385 oblivio
1464 5318 1701 5375 tandem

108 5410 293 5468 animos
329 5422 582 5490 occupet.
622 5419 784 5483 Quod
817 5435 955 5472 sane
986 5432 1342 5488 magnopere
1373 5413 1701 5469 timendum

109 5509 223 5559 esset
251 5508 314 5562 de
344 5513 533 5566 multis
565 5529 789 5578 eorum,
820 5510 917 5582 qui
951 5510 1145 5565 divino
1160 5508 1335 5564 cultui
1364 5507 1699 5578 mancipati,

110 5592 170 5648 ita
184 5614 355 5657 rerum
373 5604 729 5659 saacularium
743 5604 892 5658 curis
910 5622 974 5658 ac
999 5602 1302 5658 desideriis
1316 5600 1699 5671 abripiuntur,

112 5690 158 5739 ut
180 5691 268 5746 nisi
298 5695 366 5749 ad
396 5697 573 5753 Deum
596 5697 953 5768 precandum
981 5696 1231 5767 quadam
1262 5697 1390 5765 lege
1419 5693 1702 5748 admone-

112 5786 292 5853 rentur,
313 5789 491 5844 minus
513 5791 582 5846 de
602 5792 720 5846 Deo
743 5789 1047 5861 cogitaturi
1067 5793 1255 5843 essent
1277 5804 1452 5859 quam
1478 5787 1583 5858 ipsi
1607 5803 1703 5841 saa-

112 5874 315 5935 «rularcs.
343 5884 527 5955 Itaque
546 5885 620 5940 ad
650 5882 908 5940 Ecclesiae
935 5881 1273 5955 religionem
1300 5880 1625 5953 pertinebat
1645 5883 1705 5935 ut

1803 4664 2024 4715 vertens
2047 4661 2118 4715 ad
2147 4662 2439 4731 lectulum,
2474 4661 2550 4716 ita
2576 4679 2633 4716 se
2660 4668 2821 4718 caute
2863 4680 3035 4733 super
3076 4667 3317 4718 stratum
3349 4663 3442 4718 de-

1803 4756 2068 4826 ponebat,
2096 4760 2163 4811 ut
2193 4757 2424 4827 prorsus
2449 4774 2618 4812 nemo
2644 4757 2900 4814 sentiret.
2930 4780 2958 4807 »
2992 4758 3242 4831 Denique
3271 4759 3442 4832 (quod

1803 4849 2049 4905 maxime
2075 4851 2147 4906 ad
2176 4866 2300 4905 rem
2331 4850 2482 4923 facit)
2507 4852 2811 4923 Gregorius
2839 4853 3179 4909 Turonensis
3220 4854 3443 4910 Salonio

1803 4947 1859 4997 et
1882 4942 2183 5014 Sagittario
2210 4944 2507 5017 episcopis,
2549 4946 2704 5017 quod
2731 4963 2962 5002 cursum
3002 4964 3225 5002 sacrum
3256 4948 3442 5021 negli-

1804 5036 2025 5105 gerent,
2055 5036 2194 5092 vitio
2213 5038 2380 5093 vertit
2406 5038 2462 5092 in
2484 5038 2583 5094 lib.
2613 5056 2666 5105 v,
2696 5057 2820 5112 cap.
2839 5044 2901 5095 21
2928 5057 2991 5094 ;‹‹
3018 5040 3185 5103 Nulla
3215 5059 3447 5113 prorsus

1803 5128 1871 5182 de
1899 5129 2011 5183 Deo
2035 5136 2155 5185 erat
2180 5132 2418 5198 mentio,
2446 5132 2638 5188 nullus
2661 5135 2895 5189 omnino
2931 5151 3130 5189 cursus
3155 5135 3447 5190 memoriae

1802 5221 2136 5278 habebatur.
2162 5246 2188 5272 ››

1876 5317 1962 5370 66.
1981 5317 2260 5373 Incertum
2273 5335 2385 5391 quo
2398 5323 2657 5391 tempore
2686 5320 3028 5375 celebratum
3052 5321 3125 5375 sit
3144 5319 3447 5373 concilium

1806 5410 2202 5478 Namnetense,
2234 5413 2396 5483 cujus
2418 5430 2699 5469 canonem
2731 5417 2795 5469 l6
2827 5413 3054 5469 adducit
3081 5412 3311 5467 ineunte
3339 5427 3443 5465 sa:-

1804 5508 1935 5560 cuto
1966 5522 1995 5562 x
2025 5506 2242 5577 Regino
2263 5506 2434 5562 abbas
2459 5508 2806 5563 Prumiensis
2830 5508 2887 5561 in
2916 5507 3015 5561 lib.
3049 5523 3086 5575 ι,
3121 5522 3245 5575 cap.
3290 5508 3396 5561 208
3428 5523 3441 5559 :

1802 5600 2105 5669 Presbyter,
2128 5616 2285 5655 mane
2310 5603 2630 5656 matutinali
2645 5603 2821 5670 ofﬁcio
2842 5601 3071 5669 ez-pleto,
3092 5615 3317 5668 pensum
3339 5614 3449 5655 ser-

1802 5696 1993 5748 vitutis
2021 5709 2131 5748 sua:
2154 5695 2392 5749 canendo
2421 5694 2498 5764 (id
2540 5700 2623 5749 est
2667 5691 2971 5761 recitando)
3008 5694 3271 5753 Primam,
3316 5695 3443 5747 Ter-

1806 5790 1958 5851 tiam,
1984 5788 2226 5850 Sextum,
2259 5791 2571 5857 Nonamque
2605 5786 2899 5857 persolvat,
2939 5788 3069 5850 etc.,
3108 5799 3237 5854 qua:
3285 5799 3449 5853 supe-

1804 5881 1921 5937 rius
1943 5880 2263 5937 retulimus.
2284 5879 2642 5935 Particularis
2667 5877 2901 5949 quidem
2915 5877 3039 5932 huic
3055 5874 3311 5946 Synodus
3339 5879 3441 5938 est,
