4014 6230
496 390 584 450 ili

1274 390 1605 449 APPENDIX
1640 388 1730 445 AD
1765 388 1989 446 OPERA
2024 389 2260 447 SANCTI
2297 388 2599 446 GERMANI
2635 385 3065 445 PARISIENSIS.

3774 379 3882 435 4-12

486 522 604 565 non
630 504 962 564 universalis
989 522 1002 563 :
1036 509 1133 565 sed
1159 512 1351 564 tamen
1377 505 1426 577 ej
1435 521 1500 560 us
1527 502 1829 561 auctoritas
1865 503 2014 560 valet
2051 503 2123 560 ad
2145 517 2204 591 Α
2223 468 2560 561 censebatur
2591 501 2923 576 gravissima
2954 498 3050 556 illa
3088 494 3382 571 obligatio,
3418 509 3541 552 non
3582 492 3680 566 pia
3728 488 3886 591 meri

487 601 837 675 probandam
876 601 1134 658 Ecclesiae
1176 607 1312 657 tunc
1349 598 1620 671 temporis
1655 598 2125 654 consuetudinem

488 712 552 751 ac
575 696 787 767 legem.
823 696 1176 768 Suffragatur
1214 693 1661 765 Chrodegangus
1709 693 1993 749 Mettensis
2030 709 2127 747 an-

489 789 648 845 tistes
672 795 798 862 post
820 790 1072 845 medium
1098 788 1367 842 senculum
1397 786 1597 861 430
1626 802 1744 841 vm.
1793 788 1843 841 Is
1872 787 2026 842 enim
2066 786 2127 841 in

490 884 707 955 regulae
732 883 1013 939 canonicis
1038 882 1386 953 praescripta:
1424 898 1549 953 cap.
1593 884 1662 937 27
1707 879 1784 935 ita
1821 880 2079 952 praecipit
2109 896 2124 935 :

497 994 524 1022 ‹‹
555 972 904 1043 Quicumque
938 988 1006 1025 ex
1033 972 1181 1025 clero
1218 971 1278 1024 in
1319 970 1521 1025 itinere
1559 986 1690 1025 cum
1736 970 1995 1041 episcopo
2042 969 2131 1023 vel

492 1084 623 1122 cum
649 1066 759 1121 alio
783 1064 1240 1137 proﬁciscuntur,
1263 1063 1523 1120 ordinem
1545 1079 1735 1135 suum,
1764 1064 1822 1118 in
1851 1067 2131 1135 quantum

492 1160 600 1215 iter
622 1161 709 1215 vel
738 1158 881 1214 ratio
906 1158 1253 1229 permiserit,
1284 1174 1400 1212 non
1424 1157 1754 1228 negligant;
1786 1160 1843 1212 et
1880 1172 1997 1211 non
2036 1172 2132 1211 eos

493 1253 702 1309 debent
737 1252 1028 1324 praeterire
1066 1253 1223 1307 horas
1265 1252 1602 1321 constitutas,
1648 1255 1769 1305 tam
1813 1251 1883 1305 de
1933 1249 2132 1304 ofﬁciis

492 1340 697 1402 divinis
724 1363 895 1418 quam
910 1346 1158 1401 aliunde.
1182 1367 1208 1394 »
1231 1346 1424 1417 Neque
1444 1344 1501 1400 id
1524 1345 1713 1399 solum
1738 1344 1819 1415 pii
1847 1343 2049 1399 moniti
2076 1346 2136 1397 et

494 1440 711 1496 consilii
729 1441 907 1495 instar
925 1443 1064 1506 erat,
1093 1439 1193 1494 sed
1212 1439 1288 1493 ita
1311 1442 1666 1511 praeceptum
1683 1438 2047 1506 censebatur,
2073 1439 2136 1491 ut

495 1535 596 1607 qui
642 1550 802 1590 secus
850 1534 1130 1602 fecissent,
1178 1533 1393 1603 peccati
1452 1549 1511 1587 se
1563 1549 1688 1587 reos
1737 1535 2131 1604 agnoscerent.

497 1628 653 1683 Unde
693 1628 980 1694 Alcuinus,
1008 1627 1070 1682 in
1107 1627 1351 1681 formula
1388 1626 1768 1693 confessionis,
1813 1626 1920 1680 col.
1973 1627 2070 1679 166
2117 1640 2130 1678 :

503 1744 529 1771 ‹‹
556 1721 784 1777 Peccavi
809 1722 959 1793 quod
977 1721 1273 1793 negligens
1288 1721 1373 1775 fui
1392 1721 1462 1775 de
1480 1735 1607 1775 meo
1621 1735 1811 1789 cursu,
1836 1734 2008 1791 quem
2034 1734 2138 1789 per

498 1817 665 1871 horas
693 1816 987 1870 canonicas
1005 1815 1294 1870 exsolvere
1323 1815 1528 1885 debui;
1559 1817 1617 1869 et
1641 1813 1713 1869 de
1742 1829 1872 1869 mea
1897 1812 2137 1884 psalmo-

499 1910 608 1975 dia,
640 1915 696 1965 et
719 1910 788 1964 de
816 1908 959 1964 meis
984 1908 1358 1977 orationibus,
1392 1912 1498 1963 etc.
1534 1928 1561 1960 η

572 2007 661 2058 67.
691 2003 907 2058 Saecula
934 2019 987 2057 ιιι
1012 2003 1246 2057 ineunte
1275 2001 1552 2056 scribebat
1590 2003 1788 2055 auctor
1819 1999 1935 2067 ille,
1977 1998 2139 2069 cujus

500 2097 712 2153 librum
738 2097 805 2151 de
827 2096 1218 2152 Benedictione
1250 2096 1346 2150 Dei
1368 2095 1672 2151 Stevartius
1692 2093 1886 2162 edidit,
1913 2108 2137 2147 nuncu-

501 2194 697 2262 patum
727 2190 1026 2244 Bathurico
1056 2191 1316 2261 episcopo
1345 2188 1754 2260 Ratisponensi.
1785 2189 1882 2243 Hic
1917 2203 2050 2242 vero
2080 2187 2141 2241 in

501 2284 833 2357 prmfatione
859 2300 961 2338 sua
984 2284 1163 2355 carpit
1188 2283 1491 2338 nonnullos
1511 2283 1825 2337 sacerdotes
1852 2286 1908 2336 et
1932 2281 2143 2352 episco-

502 2395 624 2450 pos,
654 2377 775 2449 qui,
809 2382 872 2432 ut
896 2377 1129 2433 liberius
1157 2377 1325 2448 genio
1354 2376 1654 2447 indulgere
1684 2374 1920 2446 possint,
1951 2374 2141 2446 prius-

502 2487 674 2544 quam
699 2471 1013 2526 dormitum
1033 2475 1183 2539 eant,
1217 2491 1245 2519 ‹‹
1274 2475 1576 2525 nocturnas
1596 2468 1824 2539 Vigilias
1867 2468 2143 2523 desidiose

502 2564 900 2637 persolventes,
933 2566 1114 2619 stratu
1142 2580 1278 2618 mox
1319 2563 1619 2618 decubant.
1667 2562 1971 2633 Surgentes
2011 2577 2145 2616 vero

504 2658 643 2713 dum
661 2673 720 2711 se
744 2656 993 2711 vestibus
1033 2657 1298 2725 induunt,
1341 2656 1543 2711 diurna
1585 2658 1872 2727 peragunt
1914 2653 2140 2709 officia:

504 2753 767 2822 putantes
796 2749 903 2804 sibi
933 2749 1189 2805 sufﬁcere
1216 2766 1390 2821 pssse,
1410 2750 1457 2804 si
1484 2750 1683 2804 saltem
1710 2764 1942 2820 quoquo
1976 2747 2146 2802 modo

504 2844 599 2899 illa
623 2844 941 2913 decantent,
975 2864 1002 2894 »
1031 2844 1088 2898 id
1114 2848 1197 2898 est
1216 2843 1475 2898 recitent.
1522 2863 1551 2892 «
1595 2842 1783 2914 Ignari
1821 2841 1955 2914 quia
1990 2842 2146 2895 horae

507 2942 638 2993 sunt
661 2937 723 2991 in
753 2942 942 2992 sancta
967 2936 1210 2992 Ecclesia
1250 2936 1588 3005 constitutae,
1630 2935 1837 3008 quibus
1872 2952 1976 3006 per
1996 2934 2148 2990 diem

507 3036 564 3086 et
586 3035 809 3086 noctem
852 3030 1056 3086 divinae
1087 3030 1371 3085 servitutis
1405 3029 1590 3085 ofﬁcia
1630 3030 2145 3101 persolvantur.....

505 3126 651 3189 Quas
678 3125 723 3179 si
742 3124 1108 3196 negligimus,
1138 3130 1459 3179 sanctorum
1474 3125 1706 3178 Patrum
1723 3121 1994 3177 institutis
2010 3138 2145 3175 con-

506 3218 772 3287 traimus;
815 3219 1022 3289 quibus
1065 3218 1345 3272 contraire
1388 3216 1771 3288 periculosum
1809 3219 1912 3271 est.
1957 3217 2149 3287 Neque

509 3312 661 3366 enim
689 3316 925 3381 possunt
950 3311 1409 3365 communionem
1454 3314 1706 3365 sanctam
1747 3308 2009 3364 Ecclesiae
2050 3309 2151 3363 ha-

508 3405 661 3473 bere,
681 3403 779 3475 qui
792 3404 1198 3474 ejusinstituta,
1215 3405 1321 3459 etsi
1355 3420 1471 3458 non
1493 3403 1697 3472 verbis,
1724 3402 1990 3475 operibus
2017 3418 2150 3456 vero

510 3498 853 3569 impugnare
876 3498 1173 3553 nituntur:
1203 3497 1341 3553 dum
1368 3497 1519 3568 quod
1545 3496 1968 3569 permaximum
1985 3499 2069 3551 est
2086 3495 2150 3550 in

512 3595 700 3646 sancta
733 3590 991 3660 Ecclesia,
1035 3591 1083 3646 si
1110 3608 1240 3645 cum
1283 3591 1554 3647 charitate
1599 3595 1655 3645 et
1686 3590 1909 3662 pietatis
1960 3588 2149 3643 studio

511 3689 836 3757 peragatur,
869 3685 927 3740 id
956 3689 1040 3740 est
1061 3685 1244 3741 laudis
1271 3684 1473 3740 divinae
1496 3684 1814 3756 psalmodia
1838 3683 2149 3751 modulata,

512 3784 568 3835 et
592 3779 892 3834 missarum
912 3779 1203 3847 solemnia,
1227 3795 1329 3834 nec
1349 3779 1705 3851 temporibus
1731 3776 2019 3848 congruis,
2046 3792 2151 3831 nec

511 3872 786 3944 religiosis
829 3873 1115 3927 celebrant
1154 3871 1467 3927 affectibus.
1529 3894 1556 3921 »
1601 3873 1785 3936 Quam
1822 3871 1992 3942 longe
2035 3872 2155 3924 erat

512 3970 707 4021 auctor
732 3966 828 4021 ille
855 3984 888 4021 a
917 3966 1195 4021 sententia
1222 3982 1417 4021 eorum
1447 3964 1546 4038 qui
1588 3964 1911 4019 divinorum
1945 3962 2156 4018 ofﬁcio-

513 4077 644 4114 rum
672 4059 1061 4115 recitationem
1087 4059 1172 4114 vel
1197 4059 1256 4114 in
1283 4058 1466 4133 431
1504 4076 1679 4114 unam
1707 4057 2019 4129 conjiciunt
2056 4057 2156 4110 ho-

513 4170 658 4221 ram,
689 4154 775 4208 vel
810 4153 961 4207 inter
994 4160 1229 4226 ἀδιάφορα
1266 4156 1572 4225 reponunt.
1612 4155 1684 4207 At
1722 4167 1895 4223 quam
1929 4150 2155 4221 religio-

514 4247 628 4300 sior
656 4250 776 4300 erat
800 4246 1113 4319 Liudgerus
1138 4246 1453 4319 episcopus,
1491 4246 1593 4317 qui
1620 4246 1777 4300 nulla
1810 4244 1961 4316 regis
2002 4259 2156 4298 reve-

514 4339 699 4394 rentia
741 4340 924 4419 potuit
974 4341 1248 4413 tantisper
1293 4340 1496 4396 abduci
1537 4357 1569 4393 a
1633 4355 1801 4394 cursu
1865 4336 2152 4392 recitando

516 4434 689 4505 (quod
713 4433 886 4489 etiam
905 4435 974 4489 de
994 4442 1185 4489 sancto
1212 4434 1362 4490 Saba
1388 4432 1641 4505 legitur),
1669 4436 1841 4487 noctu
1867 4447 1997 4486 cum
2038 4429 2151 4485 cle-

516 4527 645 4581 ricis
672 4527 789 4582 suis
813 4527 1001 4582 divine
1025 4527 1206 4583 ofﬁcia
1234 4527 1550 4599 persolvere
1576 4524 1794 4579 solitus.

2224 598 2441 655 consilii
2473 596 2809 654 admonitio.
2839 594 2986 650 Audi
3019 593 3292 649 Iacobum
3333 608 3367 646 a
3405 587 3652 645 Vitriaco
3680 586 3747 643 in
3780 584 3883 641 Bio

2226 692 2413 749 storias
2441 689 2803 748 occidentalis
2829 705 2956 761 cap.
2985 689 3091 743 34:
3126 705 3154 740 «
3180 686 3332 742 Licet
3368 689 3562 739 autem
3612 679 3887 737 sacerdos

2226 787 2473 860 privatas
2516 784 2799 840 orationes
2842 787 2899 838 et
2940 786 3181 837 secretas
3232 777 3667 851 deprecationes
3710 772 3888 829 variis

2228 882 2376 936 circa
2405 896 2568 935 curas
2583 878 2912 934 animarum
2930 873 3398 947 occupationibus
3422 872 3680 927 intentus
3700 867 3889 940 possit

2229 973 2533 1047 aliquando
2571 971 2880 1037 dimittere,
2908 969 3079 1024 horas
3097 972 3289 1023 tamen
3315 965 3610 1021 canonicas
3635 978 3761 1018 non
3791 960 3890 1016 de-

2228 1069 2325 1124 bet
2384 1066 2665 1123 omittere.
2706 1064 2847 1120 Alite
2884 1062 3038 1119 enim
3079 1060 3361 1117 orationes
3390 1063 3523 1114 sunt
3548 1054 3889 1123 voluntatis,

2231 1164 2320 1218 hae
2344 1165 2535 1217 autem
2563 1157 2933 1215 necessitatis.
2960 1177 2988 1206 »
3020 1155 3115 1211 His
3156 1154 3300 1210 adde
3335 1152 3650 1208 sanctiones
3695 1148 3889 1204 conci-

2229 1257 2291 1311 lii
2334 1253 2666 1310 Basileensis
2703 1257 2761 1308 et
2814 1248 3207 1306 Lateranensis
3254 1247 3357 1302 sub
3402 1248 3586 1302 Leone
3634 1246 3703 1313 X,
3755 1257 3889 1314 qua

2231 1347 2591 1405 beneﬁciatos
2619 1345 2955 1416 (Basileense
2981 1342 3139 1398 addit
3162 1342 3335 1397 sacris
3358 1340 3655 1396 ordinibus
3682 1335 3884 1394 initia-

2234 1445 2336 1513 tos)
2366 1442 2438 1497 ad
2469 1440 2859 1497 recitationem
2880 1436 3148 1493 Breviarii
3176 1435 3523 1505 astringunt.

2305 1540 2394 1592 70.
2422 1538 2700 1591 Praetereo
2746 1533 2880 1587 alias
2928 1531 3168 1585 aliarum
3193 1528 3568 1584 Ecclesiarum
3610 1523 3893 1580 constitu-

2234 1630 2434 1699 tiones,
2464 1628 2645 1700 qualis
2670 1630 2756 1682 est
2791 1625 3013 1681 concilii
3049 1623 3299 1679 Toletani
3336 1640 3389 1678 ιν
3427 1622 3486 1677 in
3530 1635 3755 1676 canone
3799 1619 3890 1685 10,

2237 1724 2334 1779 ubi
2357 1721 2740 1778 sacerdotibus
2760 1724 2817 1775 et
2844 1718 3113 1790 subjectis
3139 1716 3353 1773 clericis
3380 1717 3484 1771 sub
3524 1714 3687 1788 gravi
3711 1713 3897 1768 inter-

2235 1817 2547 1872 minatione
2559 1813 2753 1888 432
2771 1812 3033 1886 praecipit
3051 1811 3401 1866 Dominicam
3413 1810 3735 1866 orationem
3753 1826 3898 1884 quo-

2156 1901 2214 1972 B
2237 1911 2373 1967 tidie
2397 1915 2496 1966 aut
2520 1913 2579 1965 in
2599 1910 2837 1980 publica,
2868 1911 2967 1962 aut
2992 1909 3052 1962 in
3071 1908 3293 1977 privato
3320 1906 3499 1974 officio
3517 1907 3772 1960 recitari.
3806 1906 3890 1960 Ex

2238 2020 2351 2077 quo
2379 2003 2719 2075 intelligitur
2759 2001 3039 2073 privatam
3080 1998 3258 2054 divini
3295 1997 3464 2053 ofﬁcii
3493 1998 3897 2054 recitationem

2239 2098 2456 2154 clericis
2493 2097 2645 2169 apud
2671 2096 2943 2167 Hispanos
2968 2093 3139 2149 etiam
3169 2098 3305 2149 tunc
3325 2097 3668 2164 praeceptam
3689 2092 3892 2160 fuisse,
3986 2162 3987 2167 η

2240 2192 2298 2246 id
2324 2196 2409 2247 est
2432 2196 2563 2246 ante
2590 2189 2861 2245 saeculum
2884 2204 2979 2243 vn.
3008 2186 3221 2242 Eodem
3249 2186 3454 2241 saeculo
3480 2186 3634 2258 apud
3659 2186 3893 2241 Graecos

2239 2287 2500 2354 Joannes,
2555 2286 2936 2355 cognomento
2983 2280 3493 2353 Eleemosynarius,
3546 2300 3574 2330 (ι
3628 2279 3898 2335 divinum

2242 2378 2475 2451 quidem
2503 2375 2893 2432 ecclesiastica:
2919 2373 3131 2445 regulae
3155 2372 3405 2427 ofﬁcium
3428 2388 3559 2427 cum
3572 2372 3898 2427 attentione

2245 2470 2471 2539 mentis,
2524 2469 2824 2540 cordisque
2864 2467 3203 2522 contritione
3239 2465 3536 2539 praeﬁnitis
3579 2465 3900 2538 peragebat

2244 2564 2614 2636 temporibus.
2650 2585 2677 2612 »
2707 2562 2811 2619 Ubi
2843 2565 3040 2617 auctor
3074 2562 3297 2616 Graecus
3322 2568 3449 2617 θείαν
3477 2566 3782 2632 λειτουργίαν
3810 2565 3896 2615 τοῦ

2245 2662 2639 2724 ἐκκλησιαστικοῦ
2691 2662 2890 2719 κανόνος
2943 2655 3207 2726 appellat.
3269 2655 3345 2709 De
3410 2652 3595 2708 ofﬁcio
3661 2652 3898 2725 publico

2245 2751 2646 2824 intelligendus
2694 2749 2915 2805 concilii
2947 2747 3403 2820 Carthaginensis
3443 2764 3499 2801 1v
3550 2763 3738 2802 canon
3786 2747 3893 2802 49:

2248 2848 2484 2905 Clericus
2501 2848 2597 2915 qui
2617 2846 2818 2915 absque
2843 2844 3146 2915 corpusculi
3163 2845 3252 2897 sui
3274 2841 3647 2912 inaequalitate
3669 2841 3900 2910 Vigiliis

2248 2941 2411 3003 deest,
2451 2939 2736 3010 stipendiis
2770 2940 3041 3009 privetur.
3089 2935 3298 2991 Eodem
3331 2937 3543 3007 spectat
3594 2950 3783 2989 canon
3833 2935 3897 2989 14

2249 3033 2469 3090 concilii
2494 3031 2821 3088 Venetensis
2855 3048 2868 3086 :
2904 3032 3157 3095 Clericus,
3185 3045 3341 3100 quem
3367 3031 3516 3084 intra
3540 3043 3727 3083 muros
3770 3030 3899 3082 civi-

2250 3131 2378 3184 tatis
2401 3144 2511 3183 suw
2520 3142 2737 3182 manere
2763 3127 3082 3186 constiterit,
3107 3128 3159 3178 et
3181 3141 3216 3178 a
3232 3124 3517 3178 matutinis
3540 3123 3762 3192 hymnis
3783 3123 3901 3177 sine

2245 3223 2521 3295 probabili
2548 3223 2887 3276 excusatione
2915 3218 3257 3288 aegritudinis
3298 3220 3388 3271 inv
3397 3220 3549 3271 entus
3589 3217 3771 3282 fuerit
3814 3216 3904 3271 de-

2247 3319 2435 3387 misse,
2461 3318 2661 3386 septem
2703 3314 2891 3368 diebus
2944 3329 2979 3367 a
3008 3314 3372 3368 communione
3400 3310 3665 3364 habeatur
3700 3314 3895 3364 extra-

2252 3426 2401 3473 neus,
2428 3412 2534 3464 etc.
2712 3414 2721 3419 ‘

2322 3508 2409 3558 71.
2440 3504 2561 3557 Νοιι
2587 3503 2771 3555 solum
2798 3499 3148 3567 itinerantes,
3187 3497 3285 3552 sed
3338 3497 3507 3552 etiam
3547 3496 3896 3569 gravissimis

2252 3596 2461 3652 morbis
2480 3594 2712 3662 detenti,
2737 3593 2988 3648 ofﬁcium
3024 3592 3280 3647 divinum
3298 3594 3396 3646 aut
3420 3590 3526 3662 ipsi
3558 3590 3892 3655 recitabant,

2251 3696 2350 3745 aut
2378 3706 2571 3745 coram
2596 3705 2655 3743 se
2681 3686 2905 3743 recitari
2932 3686 3228 3742 curabant.
3262 3685 3340 3738 De
3360 3684 3634 3756 Eugendo
3660 3700 3763 3738 seu
3789 3686 3898 3738 Au-

2254 3788 2424 3856 gento
2452 3782 2650 3838 abbate
2678 3780 2919 3850 Jurensi,
2948 3780 3047 3851 qui
3073 3779 3177 3834 sub
3200 3795 3419 3832 annum
3441 3781 3545 3832 510
3569 3777 3641 3832 ad
3661 3794 3898 3848 superos

2254 3877 2411 3944 abiit,
2442 3876 2501 3931 id
2525 3875 2795 3931 traditum
2827 3879 2910 3930 est
2934 3874 3003 3928 ab
3024 3888 3309 3944 anonymo
3331 3870 3555 3943 aequali,
3578 3871 3735 3942 quod
3764 3887 3900 3925 cum

2256 3971 2403 4025 ultra
2431 3968 2863 4041 sexagenariam
2883 3961 3106 4021 aetatem
3138 3984 3167 4017 α
3189 3981 3288 4020 sex
3314 3965 3431 4019 fere
3447 3963 3743 4019 mensibus
3763 3963 3903 4018 inm-

2254 4064 2521 4137 qualitate
2541 4078 2810 4135 corporea
2833 4060 3131 4129 laboraret,
3161 4075 3459 4130 nunquam
3496 4062 3690 4112 tamen
3727 4074 3899 4112 cano-

2254 4158 2380 4212 nico
2405 4173 2585 4230 usque
2610 4157 2682 4211 ad
2706 4157 2905 4211 horam
2935 4154 3202 4209 defuisset
3216 4152 3426 4207 cursui.
3457 4172 3484 4200 »
3510 4152 3667 4206 Idem
3694 4151 3896 4206 scribi-

2254 4257 2349 4307 tur
2398 4251 2468 4305 de
2520 4249 2817 4305 Benedicto
2852 4247 3158 4303 Anianensi
3191 4247 3413 4315 abbate,
3465 4245 3533 4299 de
3579 4245 3901 4300 Adalhardo

2254 4344 2596 4413 Corbeiensi,
2637 4347 2693 4398 et
2717 4341 2858 4398 aliis.
2886 4345 2956 4397 At
2983 4339 3336 4409 Benedictus,
3366 4343 3748 4410 cognomento
3775 4339 3897 4393 Bis—

2253 4455 2445 4510 copus,
2478 4437 2626 4491 Beda
2650 4435 2908 4506 testante)
2935 4451 3068 4489 cum
3095 4453 3123 4485 «
3151 4449 3267 4487 non
3285 4431 3444 4487 facile
3461 4432 3531 4487 ad
3550 4432 3898 4503 explendum

2256 4533 2481 4588 solitum
2504 4530 2832 4603 psalmodia;
2848 4545 3080 4584 cursum
3103 4528 3360 4599 linguam
3380 4541 3647 4580 vocemve
3673 4529 3895 4596 poterat

587 4624 675 4677 68.
708 4623 825 4675 Huc
852 4626 1064 4693 Spectat
1092 4620 1288 4676 Leonis
1310 4635 1472 4713 papte
1494 4616 1823 4713 [Vphomilia
1859 4618 2061 4688 quarta
2085 4615 2157 4670 ad
2174 4641 2234 4713 D
2256 4627 2463 4694 levare,
2485 4641 2591 4696 per
2619 4623 2868 4695 singulas
2900 4621 3120 4676 diurnae
3143 4620 3258 4674 sive
3299 4622 3595 4674 nocturnae
3636 4618 3902 4672 orationis

516 4714 871 4786 presbyteros
898 4719 953 4770 et
980 4714 1296 4770 sacerdotes
1319 4732 1332 4768 :
1362 4733 1390 4762 «
1418 4711 1587 4767 Omni
1613 4715 1776 4766 nocte
1820 4711 1891 4765 ad
1932 4714 2160 4765 noctur-

516 4825 618 4863 nas
643 4808 808 4863 horas
834 4809 1048 4881 surgite
1074 4826 1091 4877 ;
1125 4823 1355 4863 cursum
1383 4810 1631 4862 vestrum
1672 4805 1829 4860 horis
1865 4804 2031 4859 certis
2068 4803 2161 4858 de-

518 4907 767 4972 cantate;
814 4903 1115 4958 missarum
1142 4901 1544 4958 celebrationes
1582 4901 1781 4955 devote
1820 4897 2095 4970 peragite,
2129 4917 2157 4944 ››

518 4996 676 5061 Quod
711 4996 948 5052 totidem
991 4996 1176 5051 verbis
1209 4995 1415 5067 repetit
1462 4992 1763 5049 Ratherius
1813 4992 1873 5047 in
1924 4988 2163 5045 humilia

518 5090 783 5163 synodica
806 5090 877 5145 ad
903 5106 1036 5145 suos
1063 5090 1440 5161 presbyteros.

590 5188 677 5239 59.
707 5182 921 5239 Seeculo
951 5199 986 5236 x
1025 5182 1269 5237 occurrit
1303 5182 1363 5236 in
1414 5180 1635 5236 statutis
1677 5177 1920 5250 Eadgari
1959 5177 2164 5248 Anglo-

517 5295 649 5333 rum
677 5275 827 5348 regis
852 5276 1094 5330 formula
1113 5274 1497 5345 confessionis,
1542 5273 1693 5345 apud
1730 5271 2159 5344 Spelmannum,

515 5389 649 5443 pag.
680 5371 786 5426 459
817 5386 831 5425 :
867 5392 895 5421 ‹‹
920 5370 1203 5424 Conﬁteor
1220 5385 1312 5424 me
1338 5369 1507 5424 horas
1532 5383 1688 5422 meas
1722 5364 2014 5420 canonicas
2056 5378 2161 5417 ne-

520 5465 779 5535 glexisse.
822 5487 847 5513 n
894 5466 959 5519 Et
985 5479 1058 5517 ne
1082 5462 1209 5534 quis
1235 5463 1354 5518 leve
1383 5465 1681 5534 peccatum
1724 5475 1842 5515 esse
1875 5460 2057 5530 putet,
2104 5454 2164 5509 id

518 5558 765 5612 maxime
796 5556 1225 5624 advertendum,
1259 5555 1411 5628 quod
1444 5555 1593 5609 inter
1617 5551 2039 5608 accusationum
2066 5565 2162 5603 ca-

519 5651 656 5721 pita,
680 5667 807 5722 quae
834 5650 1034 5707 Joanni
1059 5653 1147 5706 XII
1175 5650 1399 5721 objecta
1427 5651 1578 5715 sunt,
1605 5651 1775 5718 atque
1803 5644 2069 5699 Ottonem
2094 5642 2164 5696 ad

520 5761 652 5799 cum
680 5746 1164 5801 exauctorandum
1205 5744 1585 5809 adduxerunt,
1628 5755 1809 5794 unum
1862 5741 1965 5807 est,
2012 5735 2163 5808 quod

525 5856 551 5887 (ι
599 5838 892 5892 Matutinas
938 5843 995 5892 et
1033 5838 1326 5892 canonicas
1369 5838 1538 5892 horas
1580 5850 1701 5888 non
1743 5831 2099 5897 celebrasset,
2129 5849 2157 5877 »

522 5930 671 5999 apud
700 5929 1131 6001 Liutprandum,
1166 5931 1223 5987 in
1248 5930 1347 5987 lib.
1380 5946 1434 5984 v1
1464 5944 1587 6003 cap.
1614 5931 1670 5982 7.
1696 5927 1821 5980 lam
1857 5939 1994 5996 ergo
2029 5928 2165 5980 tunc

2260 4721 2428 4774 horas
2454 4718 2671 4790 aliquos
2695 4718 2766 4772 ad
2786 4733 2845 4771 se
2865 4715 3112 4770 fratrum
3139 4712 3403 4768 vocabat:
3433 4711 3642 4784 quibus
3654 4711 3904 4766 Psalmos

2261 4815 2552 4869 consuetos
2573 4812 2793 4867 duobus
2818 4810 2878 4864 in
2904 4809 3090 4864 choris
3107 4806 3523 4874 resonantibus,
3546 4809 3603 4860 et
3622 4805 3747 4876 ipse
3771 4821 3897 4859 cum

2262 4909 2359 4976 eis,
2407 4911 2686 4980 quatenus
2725 4906 2967 4976 poterat,
3017 4901 3308 4974 psallebat.
3352 4921 3381 4948 »
3435 4899 3599 4963 Quod
3644 4898 3784 4953 item
3840 4898 3905 4953 de

2261 5002 2500 5057 Gervino
2528 4998 2851 5056 Centulensi
2891 4996 3093 5052 abbate
3134 4993 3430 5049 memoriae
3464 4992 3758 5063 proditum
3803 4996 3902 5046 est.
3983 5008 3988 5018 ·

2337 5092 2534 5167 433
2581 5096 2669 5147 72.
2698 5095 2768 5146 At
2796 5091 2859 5146 hi
2879 5088 3144 5145 monachi
3164 5091 3344 5142 erant.
3376 5086 3568 5141 Certe:
3606 5085 3706 5140 sed
3736 5085 3905 5140 etiam

2263 5187 2450 5244 clerici
2491 5186 2661 5258 paulo
2699 5184 2895 5239 minus
2932 5199 3105 5254 quam
3138 5180 3403 5236 monachi
3446 5180 3559 5234 Deo
3597 5177 3901 5234 consecrati

2263 5284 2431 5351 sunt;
2459 5278 2670 5351 duplici
2691 5278 2857 5334 titulo
2879 5276 3133 5349 plerique
3160 5274 3361 5330 divinis
3380 5272 3577 5328 ofﬁciis
3604 5272 3907 5328 recitandis

2264 5374 2513 5441 obnoxii,
2569 5389 2778 5445 nempe
2826 5370 2993 5426 titulo
3028 5366 3482 5436 consecrationis,
3533 5371 3591 5422 et
3648 5364 3906 5422 beneﬁcii

2264 5468 2646 5536 ecclesiastici,
2676 5466 2828 5538 quod
2853 5462 3147 5519 monachis
3191 5478 3304 5516 non
3346 5460 3641 5532 competit.
3689 5461 3754 5515 Et
3794 5458 3910 5531 qui-

2265 5564 2393 5619 dem
2431 5563 2638 5631 Gallus,
2679 5563 3065 5615 Arvernorum
3113 5556 3407 5627 episcopus
3446 5557 3695 5623 sanctus,
3737 5551 3911 5607 morti

2263 5658 2577 5729 proximus,
2611 5677 2638 5704 ‹‹
2664 5652 3000 5709 adveniente
3029 5650 3120 5705 die
3144 5648 3329 5719 tertia,
3366 5669 3393 5698 »
3426 5663 3555 5720 quze
3583 5650 3705 5703 erat
3729 5646 3911 5701 Domi-

2265 5752 2391 5806 nica
2412 5749 2555 5819 dies,
2600 5748 2918 5803 albescente
2950 5745 3075 5817 jam
3115 5744 3271 5812 coelo,
3324 5741 3640 5813 interrogat
3685 5739 3825 5813 quid
3855 5740 3911 5794 in

2266 5843 2497 5899 ecclesia
2539 5841 2865 5915 psallerent.
2915 5862 2943 5887 ι(
2982 5838 3255 5893 Dixerunt
3290 5835 3744 5891 benedictionem
3785 5849 3907 5888 sese
3984 5840 3987 5915 )

2264 5937 2521 6011 psallere,
2550 5954 2577 5987 »
2607 5935 2663 5991 id
2686 5938 2770 5991 est
2800 5932 3084 6009 canticum
3114 5931 3431 5991 Benedicite.
3469 5951 3497 5981 ‹‹
3530 5932 3601 5986 At
3636 5928 3728 5984 ille
3760 5926 3911 6001 psal-
