4014 6230
141 388 223 442 413
1181 384 1269 440 AD
1306 384 1525 442 CURSL'
1563 385 1937 443 GALLICANO
1974 386 2387 457 DlSQUlSlTlO.

3364 394 3467 453 4H

138 511 215 551 mo
248 491 719 565 quinquagesimo
754 496 815 549 et
850 493 1256 549 benedictione
1301 495 1625 565 decantata,
1672 497 1731 551 et
1749 505 1810 581 Α
1831 500 2104 572 opusculo
2131 502 2219 556 39.
2249 502 2368 556 Imo
2394 502 2453 555 et
2476 500 2933 574 Chrodegangus
2954 500 3243 560 Mettensis
3255 501 3468 576 episco-

139 586 442 644 alleluiatico
458 603 588 643 cum
599 587 864 659 capitello
881 589 1126 659 expleto,
1155 589 1576 645 consummavit
1604 591 1727 645 ofﬂ-

137 684 261 737 cium
284 684 459 737 totum
496 681 771 753 temporis
806 682 1095 750 matutini,
1129 704 1156 732 »
1187 684 1407 737 Laudes
1433 700 1720 739 vocamus.

138 779 240 832 Hec
262 793 322 830 ex
350 775 624 845 Gregorio
652 776 723 829 de
751 775 889 830 Vitis
911 778 1169 844 Patrum,
1193 793 1318 848 cap.
1348 781 1399 831 6.

192 874 266 926 73.
293 868 373 924 Ad
402 869 741 925 itinerantes
776 871 931 942 quod
960 871 1186 938 attinet,
1217 887 1334 927 non
1374 872 1550 926 modo
1587 872 1721 926 reli-

137 965 273 1033 giosi,
300 964 394 1017 sed
419 963 595 1019 etiam
636 962 824 1018 clerici
860 966 1162 1020 saeculares
1196 965 1372 1019 etiam
1408 964 1725 1037 antiquitus

136 1059 298 1113 divina
330 1057 518 1113 ofﬁcia
562 1059 984 1137 persolvebant.
1032 1060 1094 1113 Id
1139 1060 1414 1130 exemplis
1465 1059 1725 1131 superius

134 1152 401 1222 probatum
438 1154 543 1217 est,
582 1152 797 1206 scilicet
830 1169 896 1206 ex
940 1153 1216 1224 Gregorio
1254 1153 1573 1208 Turonensi
1602 1152 1722 1224 epi-

131 1262 273 1317 scopo
292 1249 345 1299 et
376 1261 439 1299 ex
464 1245 667 1316 regula
687 1246 1125 1318 Chrodegangi;
1147 1264 1219 1301 ne
1248 1250 1509 1319 repetam
1533 1263 1723 1301 exem-

132 1341 261 1411 plum
285 1339 459 1393 sancti
504 1339 777 1394 Germani
830 1340 1087 1412 episcopi
1135 1341 1468 1408 Parisensis,
1519 1341 1726 1412 quibus

130 1433 252 1488 adde
275 1434 591 1504 exemplum
618 1432 921 1505 Epiphanii
952 1435 1205 1506 episcopi
1224 1434 1555 1489 Ticinensis.
1587 1434 1725 1489 Inde

129 1532 197 1581 est
221 1526 363 1598 quod
387 1526 575 1581 clerici
602 1543 804 1581 omnes
826 1529 1084 1584 Psalmos
1105 1528 1387 1584 memoria
1407 1532 1607 1583 tenere
1632 1528 1726 1582 de-

128 1621 311 1676 bebant
336 1637 397 1675 ex
424 1636 713 1675 canonum
740 1622 1088 1693 praescripto.
1111 1623 1294 1687 Quam
1322 1623 1396 1678 ob
1422 1639 1546 1678 rem
1577 1622 1723 1678 Gen-

129 1715 306 1769 nadius
332 1716 370 1769 C
399 1716 456 1769 P.
484 1714 812 1786 patriarcha
848 1737 875 1763 ‹‹
921 1716 1215 1770 neminem
1257 1716 1583 1783 ordinabat,
1627 1718 1727 1789 qui

125 1807 431 1863 Psalterium
451 1824 567 1863 non
587 1808 758 1862 sciret
774 1809 1134 1875 memoriter,
1154 1831 1181 1858 »
1213 1826 1281 1863 ex
1299 1810 1602 1865 Theodoro
1628 1812 1727 1865 Le-

1827 611 1933 666 pus
1962 594 2021 649 in
2053 596 2268 666 regulae
2294 611 2417 667 cap.
2449 599 2550 651 26:
2583 617 2612 646 «
2633 598 2747 651 Nec
2773 613 2903 651 cum
2928 597 3163 665 baculis,
3190 601 3290 653 aut
3317 614 3470 654 cam-

1826 688 1996 757 butis,
2026 692 2125 743 aut
2158 688 2400 743 fustibus
2425 688 2486 745 in
2511 689 2708 759 choro,
2738 691 2985 762 exceptis
3012 691 3316 759 debilibus,
3366 692 3467 747 sed

1824 783 2091 852 religiose
2114 782 2224 837 illis
2243 783 2513 837 standum
2532 785 2588 838 et
2614 784 2975 854 psallendum
3004 789 3108 839 est.
3138 785 3284 841 Sunt
3308 786 3465 841 enim

1826 872 2064 947 quidam
2078 876 2417 931 clericorum
2445 876 2542 948 qui
2555 877 2613 931 in
2632 877 2995 932 saecularibus
3011 879 3260 949 negotiis
3282 883 3342 934 et
3361 879 3472 935 dis-

1826 969 2248 1041 ceptationibus
2288 987 2437 1041 pene
2475 974 2659 1025 totum
2701 970 3135 1043 infatigabiliter
3174 972 3469 1028 deducunt

1827 1063 2012 1130 diem;
2038 1067 2095 1117 et
2114 1079 2246 1118 mox
2261 1066 2321 1118 ut
2341 1064 2639 1118 ecclesiam
2663 1064 2737 1119 ad
2766 1064 3023 1120 divinum
3046 1066 3299 1121 ofﬁcium
3331 1083 3465 1139 per-

1827 1157 2121 1228 agendum
2134 1157 2493 1225 intraverint,
2508 1157 2589 1213 ita
2608 1158 2832 1229 fatigati
2845 1159 3131 1227 videntur,
3146 1163 3209 1213 ut
3222 1178 3330 1216 nec
3343 1178 3467 1216 ora-

1827 1251 1969 1306 tioni
1994 1268 2217 1318 vacare,
2251 1268 2356 1306 nec
2390 1253 2463 1306 ad
2504 1252 2865 1323 psallendum
2894 1256 3044 1308 stare
3072 1257 3290 1324 queant
3322 1271 3335 1309 :
3365 1256 3467 1309 sed

1826 1346 2016 1417 potius
2037 1345 2324 1413 sedentes,
2355 1363 2471 1400 non
2499 1346 2726 1412 divinis,
2750 1346 2851 1400 sed
2867 1346 3026 1400 vanis
3043 1349 3231 1402 solent
3250 1348 3465 1403 instare

1825 1440 2090 1511 loquelis,
2123 1461 2151 1489 ››
2201 1443 2308 1494 etc.
2340 1439 2488 1504 Quid
2534 1440 2608 1494 sit
2646 1440 2932 1494 cambutis
2962 1440 3137 1494 inniti
3174 1441 3234 1495 in
3276 1442 3465 1496 ofﬁcio

1827 1533 2039 1599 divino,
2080 1533 2454 1603 intelligimus
2485 1550 2552 1587 ex
2582 1533 2707 1587 Vita
2740 1549 2848 1587 ms.
2878 1533 3059 1588 sancti
3085 1534 3315 1588 Victurii
3344 1534 3467 1605 epi-

1826 1627 1979 1698 scopi
1999 1627 2469 1693 Cenomanensis,
2500 1627 2591 1681 cui
2606 1630 2836 1682 sanctus
2857 1628 3177 1683 «Martinus
3194 1627 3354 1681 dedit
3374 1628 3471 1681 ba-

1825 1722 2016 1775 culum
2038 1719 2178 1790 (seu)
2202 1721 2675 1788 sustentaculum,
2697 1736 2870 1792 super
2890 1720 3048 1792 quod
3069 1721 3259 1775 solent
3279 1736 3467 1775 sacer-

1828 1814 1989 1868 dotes
2016 1813 2246 1885 fusis(id
2264 1816 2351 1868 est
2365 1814 2698 1884 fundendis)
2721 1813 3079 1869 orationibus
3102 1812 3464 1869 sustentari.»

127 1905 257 1956 ctcre
298 1902 445 1973 apud
494 1902 946 1957 eruditissimum
971 1902 1278 1983 valesium,
1304 1921 1436 1975 pag.
1469 1906 1590 1959 554.
1638 1907 1724 1959 An
1745 1879 1803 1950 B
1826 1910 1887 1962 In
1915 1879 2243 1978 pervetusto
2274 1908 2503 1976 Codice,
2533 1908 2631 1979 qui
2653 1879 2843 1963 Vitam
2866 1908 3050 1963 sancti
3073 1907 3470 1964 Amandi’fra—

126 1996 367 2051 lectiones
394 1996 569 2051 etiam
606 1996 919 2051 recitarent
949 1997 1308 2064 itinerantes,
1342 1997 1455 2051 erit
1482 1998 1728 2053 fortasse

128 2091 207 2161 qui
232 2090 490 2160 inquirat.
525 2091 677 2146 Sane
705 2090 977 2146 monachi
1002 2092 1206 2146 saltem
1232 2091 1457 2145 libellos
1482 2109 1582 2146 seu
1618 2093 1724 2147 Co-

128 2184 253 2238 dices
275 2184 437 2255 hujus
456 2185 539 2240 rei
569 2186 755 2257 gratia
783 2185 1106 2257 gestabant.
1127 2187 1270 2240 Nam
1303 2188 1365 2239 ut
1383 2186 1651 2241 omittam
1668 2187 1727 2241 id

128 2278 255 2348 quod
274 2278 340 2331 de
352 2278 580 2349 Equitio
594 2279 799 2333 abbate
815 2283 1013 2333 narrat
1028 2279 1337 2349 Gregorius
1353 2280 1609 2349 Magnus,
1630 2280 1727 2351 qui

128 2372 359 2443 Equitius
381 2393 408 2421 ι(
434 2389 627 2427 sacros
647 2373 882 2427 Codices
910 2374 969 2426 in
997 2372 1235 2443 pelliciis
1261 2373 1501 2428 sacculis
1528 2373 1728 2428 dextro

128 2467 346 2536 laevoque
361 2466 541 2519 latere
568 2470 801 2536 portare
819 2467 1059 2534 solebat,
1084 2488 1111 2515 ››
1136 2466 1291 2537 quod
1307 2467 1481 2521 etiam
1503 2467 1574 2521 de
1597 2468 1731 2522 Fru-

126 2563 287 2614 ctuose
316 2559 585 2631 episcOpo
626 2560 957 2614 Bracarensi
993 2560 1258 2631 legimus,
1293 2560 1486 2633 434
1510 2561 1725 2632 Grego-

126 2655 290 2708 riusIX
317 2654 384 2708 de
412 2653 718 2709 monachis
747 2655 901 2709 foras
926 2654 1268 2726 profecturis
1285 2654 1344 2709 id
1364 2654 1581 2722 statuit,
1610 2675 1638 2703 ‹‹
1667 2658 1730 2709 ut

127 2747 209 2817 ipsi
235 2748 395 2802 horas
433 2748 632 2803 dicant
674 2748 732 2801 in
776 2748 887 2815 via,
940 2750 999 2802 et
1043 2748 1114 2801 de
1159 2748 1318 2802 libris
1358 2747 1730 2819 provideatur

126 2842 312 2895 iisdem.
344 2864 370 2890 n
406 2842 466 2896 Id
494 2841 727 2911 generis
748 2842 891 2896 duos
920 2859 1021 2913 pro
1047 2842 1455 2896 itinerantibus
1490 2841 1729 2897 Codices

126 2934 167 2986 in
188 2934 414 2988 sacrario
441 2935 809 2991 Cisterciensi
831 2934 1145 3005 aliquando
1166 2934 1431 3001 vidimus,
1456 2952 1601 3006 quos
1618 2936 1728 2989 hoc

125 3028 266 3082 modo
292 3028 859 3099 describitJosephus
888 3028 1279 3099 Meglingerus
1299 3028 1357 3081 in
1388 3028 1597 3082 Itinere
1624 3044 1726 3083 suo

124 3121 444 3176 Cisterciensi
475 3139 489 3177 :
524 3144 552 3171 ‹‹
580 3122 779 3177 Libelli
812 3122 991 3176 trium
1023 3121 1338 3193 digitorum
1362 3122 1728 3176 latitudinem

125 3230 218 3269 non
238 3217 530 3284 excedunt,
548 3219 673 3288 plus
694 3221 892 3271 tamen
914 3215 1296 3287 longitudinis
1318 3216 1553 3270 habent.
1578 3216 1724 3270 Dum

123 3309 312 3364 clausos
337 3311 564 3381 aspicis,
592 3311 749 3382 parvi
779 3313 1098 3381 apparent;
1120 3313 1182 3364 at
1200 3309 1383 3381 aperti
1408 3309 1578 3380 triplo
1609 3325 1727 3365 ma-

118 3400 247 3469 jores
273 3404 541 3471 evadunt,
582 3404 752 3470 foliis,
783 3421 911 3475 quae
954 3419 1018 3457 ex
1046 3404 1388 3457 membrana
1426 3403 1558 3457 rudi
1587 3420 1723 3458 con-

124 3498 266 3561 stant,
298 3502 382 3552 ter
416 3498 797 3569 complicatis,
830 3498 1121 3564 deorsum,
1152 3500 1210 3550 et
1225 3497 1508 3552 ambobus
1537 3497 1727 3551 lateri-

122 3583 223 3639 bus.
242 3587 428 3658 Neque
455 3588 516 3641 in
543 3590 785 3658 utraque
810 3590 970 3658 parte
993 3586 1197 3641 litteris
1225 3587 1539 3657 implentur
1562 3585 1726 3657 pagi-

125 3694 211 3745 na},
240 3680 333 3734 sed
361 3680 605 3735 interius
632 3684 858 3734 tantum
881 3698 894 3745 ;
931 3681 1011 3734 ita
1036 3683 1100 3734 ut
1126 3680 1261 3734 licet
1285 3680 1488 3734 folium
1520 3696 1554 3733 a
1589 3679 1725 3734 folio

124 3771 374 3844 sejungas,
408 3774 519 3828 nisi
546 3774 711 3845 plices
742 3773 1122 3845 explicentur,
1156 3774 1327 3828 nulla:
1358 3772 1562 3827 litteras
1592 3790 1725 3843 pro-

126 3867 265 3919 stent.
317 3867 449 3931 Quae
503 3867 743 3938 quidem
804 3866 1207 3921 minutissimas
1257 3866 1452 3937 paucis
1499 3866 1727 3936 syllabis

126 3962 247 4011 totas
288 3962 556 4031 periodos
610 3960 946 4015 brevissimo
1005 3960 1351 4031 compendio
1404 3960 1723 4014 absolvunt.

125 4051 258 4106 Nulla
279 4070 557 4126 compage
584 4071 683 4108 seu
717 4057 1056 4124 tegumento
1098 4052 1453 4119 vinciuntur;
1480 4053 1580 4108 sed
1611 4070 1725 4107 uno

126 4144 170 4197 in
193 4146 354 4202 latere
384 4149 546 4203 ﬁlum
564 4148 794 4219 colligat
820 4148 979 4214 folia,
1011 4164 1082 4200 ne
1107 4146 1395 4213 difﬂuant,
1425 4164 1490 4201 ac
1516 4146 1726 4201 deinde

126 4244 344 4295 sacculus
368 4260 434 4297 ex
458 4243 616 4297 corio
638 4242 862 4295 libellos
890 4241 1110 4312 recipit.
1142 4263 1169 4291 ››
1200 4243 1330 4295 Haec
1360 4241 1474 4295 ille.

181 4335 254 4387 74.
289 4335 512 4400 Quanta
538 4352 709 4406 porro
732 4335 1057 4390 reverentia
1089 4334 1295 4389 divinis
1319 4334 1521 4389 ofﬁciis
1547 4334 1723 4389 inter-

126 4441 224 4479 esse
250 4430 493 4483 solerent
519 4429 770 4499 majores
801 4429 1003 4495 nostri,
1034 4427 1416 4500 intelligimus
1464 4445 1530 4482 ex
1574 4428 1727 4482 facto

124 4521 274 4575 sancti
301 4522 518 4587 Martini
546 4522 801 4594 episcopi
825 4521 1193 4588 Turonensis,
1218 4538 1393 4592 quem
1422 4521 1525 4574 «in
1556 4522 1729 4575 eccle-

1821 2002 2094 2073 jectensis
2110 2001 2362 2073 episcopi
2380 2001 2658 2069 continet,
2683 2002 2836 2073 apud
2860 2003 3143 2068 Elnonem
3158 2005 3467 2067 asservato,

1828 2096 1942 2150 vidi
1964 2095 2249 2167 ejusmodi
2272 2095 2679 2167 episcoporum
2701 2095 3006 2166 imagines,
3026 2095 3124 2166 qui
3152 2113 3267 2149 una
3288 2112 3469 2149 manu

1828 2190 2044 2261 pedum
2059 2190 2345 2260 pastorale
2371 2191 2619 2260 gestant,
2642 2188 2756 2243 alia
2771 2189 3040 2243 baculum
3068 2204 3389 2254 recurvum,
3410 2192 3470 2242 et

1829 2283 2065 2353 quidem
2094 2281 2441 2349 breviorem,
2470 2299 2583 2353 quo
2610 2299 2669 2336 se
2703 2281 2811 2352 ipsi
2850 2282 3003 2336 inter
3028 2282 3316 2337 orandum
3352 2298 3469 2336 sus-

1830 2376 2149 2430 tentabant.
2185 2376 2364 2431 Hodie
2394 2392 2624 2447 quoque
2652 2375 2710 2429 in
2751 2374 2991 2429 ecclesia
3016 2375 3199 2429 sancti
3237 2375 3471 2446 Georgii

1828 2469 1982 2540 apud
1994 2468 2279 2537 Venetias,
2302 2468 2589 2540 ejusmodi
2610 2468 2894 2524 cambutis
2914 2468 3067 2523 inter
3079 2468 3365 2523 orandum
3386 2468 3472 2523 uti

1828 2565 2015 2617 solent
2039 2562 2308 2617 homines
2320 2562 2630 2634 promiscui
2662 2579 2846 2630 sexus,
2881 2565 2946 2617 ut
2970 2579 3065 2617 me
3090 2561 3318 2617 monuit
3346 2579 3472 2616 eru-

1829 2657 1979 2712 ditus
2004 2659 2063 2711 et
2091 2657 2435 2711 venerabilis
2470 2656 2741 2712 Claudius
2772 2658 3133 2713 Castellanus
3161 2655 3472 2712 canonicus

1826 2750 2089 2807 Ecclesiae
2124 2750 2478 2806 Parisiensis.
2502 2751 2589 2805 Ad
2617 2751 2737 2811 hcec
2759 2751 2819 2805 in
2852 2751 3045 2806 libello
3074 2750 3315 2821 supplici
3345 2766 3469 2805 mo-

1828 2846 2146 2900 nachorum
2168 2845 2537 2899 Fuldensium
2563 2845 2638 2899 ad
2655 2846 2923 2901 Carolum
2945 2845 3216 2915 Magnum
3246 2843 3306 2898 hi
3334 2859 3467 2898 con-

1828 2942 2165 3010 queruntur,
2197 2939 2353 3009 quod
2389 2956 2507 3009 pra:
2538 2938 2795 3008 Ratgarii
2827 2937 3050 2992 abbatis
3087 2936 3299 2991 duritia
3326 2937 3462 3008 ipsis

1828 3031 2071 3086 inﬁrmis
2088 3053 2115 3079 ‹‹
2132 3048 2236 3086 nec
2258 3032 2526 3086 baculum
2548 3048 2653 3102 pro
2668 3030 3085 3085 sustentatione
3108 3030 3259 3085 ferre
3285 3029 3475 3096 liceat,

1829 3142 1933 3181 nec
1958 3125 2032 3180 ad
2054 3124 2504 3191 inclinatorium,
2538 3124 2695 3196 quod
2726 3142 2830 3179 nos
2865 3125 3177 3179 formulam
3208 3123 3470 3178 dicimus.

1826 3216 2110 3271 morando
2142 3216 2446 3271 inhmrere.
2463 3237 2490 3265 ››
2519 3216 2691 3272 Multo
2715 3215 2906 3270 minus
2925 3214 3078 3269 sanis
3100 3213 3311 3285 (neque
3337 3228 3475 3268 vero

1830 3312 1872 3365 it
1896 3313 2103 3382 petunt
2133 3310 2463 3380 Fuldenses)
2496 3311 2618 3366 hazc
2645 3308 3008 3380 indulgentia
3030 3306 3475 3374 concedebatur,

1829 3407 1891 3459 ut
1902 3404 2095 3478 436
2110 3408 2370 3476 tempore
2385 3404 2561 3458 divini
2578 3404 2753 3458 ofﬁcii
2771 3403 3037 3458 formulae
3052 3401 3475 3456 incumberent.

1897 3503 1984 3554 75.
2016 3499 2103 3553 Ad
2148 3502 2471 3552 extremum
2512 3497 2765 3551 maxime
2807 3496 2902 3568 pia
2949 3499 3006 3550 et
3053 3498 3251 3551 sancta
3282 3497 3369 3550 est
3397 3494 3482 3565 (ut

1821 3594 1947 3663 jam
1976 3591 2243 3661 diximus)
2275 3591 2371 3645 illa
2401 3591 2916 3645 ecclesiasticarum
2946 3589 3347 3659 precationum
3378 3588 3469 3642 in-

1828 3686 2068 3753 stitutio,
2105 3685 2219 3739 sive
2246 3684 2494 3755 publice,
2521 3684 2636 3738 sive
2667 3684 2935 3754 privatim
2982 3682 3296 3736 recitandae
3341 3680 3474 3735 sint.

1829 3779 1977 3844 Quid
1996 3778 2153 3832 enim
2175 3777 2362 3849 aptius
2384 3777 2457 3832 ad
2478 3779 2594 3832 Deo
2623 3777 2882 3831 debitum
2914 3776 3133 3829 cultum
3168 3776 3479 3830 honorem-

1829 3889 1938 3944 que
1956 3869 2399 3943 persolvendum
2418 3871 2447 3925 ?
2477 3874 2576 3925 aut
2587 3869 2727 3941 quid
2740 3870 2814 3924 ad
2827 3868 3189 3924 excitandam
3216 3866 3475 3922 ﬁdelium

1828 3966 2104 4037 pietatem
2121 3963 2614 4020 accommodatius
2633 3967 2694 4017 ut
2706 3964 2793 4017 vel
2821 3980 2921 4017 suo
2938 3963 3113 4034 ipsius
3134 3961 3469 4017 testimonio

1828 4059 2090 4131 probavit
2114 4059 2485 4130 Augustinus,
2518 4053 2695 4128 quam
2740 4058 3103 4112 Psalmorum
3145 4057 3207 4111 in
3240 4054 3480 4110 ecclesia

1828 4156 2030 4207 cantus
2050 4152 2077 4207 ?
2095 4154 2223 4208 Jam
2240 4169 2373 4206 vero
2389 4151 2532 4206 nihil
2552 4151 2625 4205 ad
2646 4150 3043 4205 refricandam
3064 4149 3161 4204 Dei
3183 4149 3313 4220 Opt.
3336 4149 3477 4205 Max.

1828 4245 2172 4301 memoriam
2190 4246 2477 4301 efﬁcacius
2500 4261 2677 4316 quam
2692 4243 2981 4315 ejusmodi
3000 4260 3197 4314 preces
3216 4240 3481 4313 privatim

1828 4339 2139 4397 recitandae
2188 4357 2199 4393 :
2247 4356 2493 4411 quarum
2543 4337 2822 4408 obligatio
2852 4337 2898 4390 si
2946 4336 3238 4391 nonnullis
3285 4334 3484 4389 durior

1828 4433 2055 4488 videtur
2078 4437 2136 4488 et
2165 4432 2470 4497 morosior,
2516 4430 2843 4485 timendum
2865 4431 2952 4483 est
2972 4446 3044 4483 ne
3072 4429 3132 4482 id
3159 4445 3227 4482 ex
3268 4427 3483 4483 divina-

1831 4544 1959 4581 rum
1977 4526 2357 4581 rerumtaadio
2387 4529 2445 4580 et
2469 4524 2701 4580 fastidio
2724 4524 2963 4579 oriatur.
2992 4524 3137 4577 Cum
3172 4520 3330 4575 enim
3355 4521 3485 4573 Bre-

127 4612 189 4666 sia
216 4632 375 4671 nemo
407 4633 665 4688 unquam
694 4615 895 4670 sedere
922 4615 1235 4687 conspexit,
1269 4636 1296 4664 ››
1343 4618 1406 4668 ut
1431 4614 1643 4686 legitur
1671 4614 1729 4668 in
1751 4621 1810 4693 D
1834 4618 2259 4691 viarium(quod
2272 4618 2614 4689 vocant)tria
2626 4617 3292 4686 contineatmagnopere
3320 4612 3482 4667 utilia

126 4704 202 4760 lib.
230 4725 263 4763 ιι
293 4710 358 4763 de
386 4710 509 4781 ejus
526 4709 672 4763 Vita.
702 4709 867 4773 Quod
892 4709 1071 4763 etiam
1094 4709 1164 4763 de
1188 4711 1384 4764 sancto
1407 4707 1728 4780 Epiphanio

123 4804 367 4862 Ticinensi
408 4808 678 4880 episcopo
718 4807 1015 4865 Ennodius
1052 4807 1228 4862 tradit
1275 4824 1287 4861 :
1340 4829 1365 4853 ››
1426 4808 1474 4860 ls
1509 4806 1729 4877 junctis

124 4899 331 4966 pedibus
358 4919 536 4975 usque
569 4902 644 4956 ad
671 4901 1237 4957 consummationem
1270 4899 1497 4972 mystici
1540 4900 1729 4971 operis

123 4995 245 5046 stare
264 5013 318 5049 se
340 4996 551 5051 debere
572 4995 898 5062 constituit;
924 4994 1001 5049 ita
1022 4997 1081 5049 ut
1096 4995 1341 5049 humore
1354 4992 1729 5063 vestigiorum

122 5083 273 5141 locum
300 5106 464 5144 suum
494 5090 842 5161 depingeret
871 5093 928 5143 et
956 5090 1127 5160 longe
1154 5086 1567 5158 aspicientibus
1585 5086 1733 5140 indi-

125 5184 267 5234 caret.
283 5182 605 5247 nQuosdam
619 5186 817 5238 tamen
834 5182 1093 5237 formulis
1106 5181 1438 5236 accubuisse
1454 5180 1731 5236 discimus

126 5286 175 5321 cx
197 5272 454 5346 Gregorio
484 5276 542 5331 in
566 5277 662 5331 lib.
706 5293 828 5343 vm,
861 5293 984 5347 cap.
1018 5278 1106 5341 3t,
1144 5275 1239 5330 ubi
1274 5275 1345 5329 de
1384 5276 1729 5329 Praetextato

126 5361 535 5441 Rolhomagensi
555 5370 825 5441 pontiﬁce
845 5386 1023 5439 agens
1046 5386 1057 5423 :
1083 5391 1110 5418 «
1131 5368 1727 5440 Adveniente,inquit,

122 5454 387 5517 dominicae
400 5463 836 5519 resurrectionis
854 5462 1009 5529 die,»
1036 5463 1096 5518 id
1112 5465 1198 5517 est
1216 5461 1527 5529 dominica,
1550 5482 1577 5511 «
1596 5477 1730 5516 cum

123 5554 351 5609 sacerdos
378 5556 788 5628 (Praetextatus)
818 5557 890 5612 ad
913 5556 1216 5628 implenda
1238 5554 1623 5610 ecclesiastica
1651 5555 1732 5608 of-

125 5642 229 5698 licia
246 5649 313 5701 ad
332 5651 626 5705 ecclesiam
652 5650 935 5705 maturius
952 5653 1337 5723 properasset,
1380 5647 1731 5718 antiphonas

118 5733 251 5801 juxta
269 5744 737 5800 consuetudinem
784 5744 1037 5817 incipere
1085 5742 1280 5816 435
1335 5759 1437 5813 per
1462 5741 1729 5797 ordinem

122 5833 281 5901 repit.
299 5836 545 5910 Cumque
576 5838 727 5891 inter
749 5838 1115 5909 psallendum
1136 5839 1193 5891 f0
1207 5837 1411 5890 rmulm
1427 5835 1732 5890 decumbe-

128 5924 213 5989 ποί,
242 5949 263 5973 η
287 5933 386 5984 etc.
428 5931 484 5986 ld
526 5936 722 5987 tamen
770 5932 1060 6005 improbat
1097 5933 1301 5986 Petrus
1332 5930 1619 6000 Damiani,
1668 5930 1729 5987 in

1832 4717 1889 4767 et
1919 4712 2303 4767 aediﬁcatione
2322 4713 2514 4782 plena,
2535 4711 2636 4765 Dei
2664 4710 2932 4764 videlicet
2958 4708 3178 4775 laudes,
3209 4707 3484 4761 lectiones

1832 4809 1889 4859 et
1914 4806 2226 4872 orationes,
2276 4804 2419 4858 nihil
2460 4803 2687 4858 homini
2728 4802 3005 4873 religioso
3050 4800 3294 4867 suavius,
3341 4800 3483 4855 nihil

1831 4899 2101 4967 sanctius,
2131 4915 2307 4970 quam
2335 4898 2434 4952 Dei
2465 4898 2663 4952 laudes
2706 4913 2773 4950 ex
2802 4895 3044 4950 Psalmis
3097 4895 3480 4967 depromptae,

1832 5011 1960 5065 quas
1978 4996 2239 5050 mentem
2257 4992 2332 5047 ad
2354 4993 2533 5047 Deum
2554 4990 2789 5063 rapiunt
2808 4993 2866 5045 et
2878 5007 3039 5045 sacro
3063 4989 3238 5044 divini
3264 4989 3485 5044 amoris

1832 5088 2087 5157 igniculo
2115 5086 2455 5141 accendunt.
2482 5084 2631 5150 Quid
2654 5101 2788 5139 vero
2811 5084 3208 5140 ecclesiasticis
3228 5082 3483 5139 homini-

1830 5182 1936 5235 bus
1960 5180 2252 5251 antiquius
2275 5198 2399 5235 esse
2428 5180 2601 5235 debet
2622 5182 2722 5234 aut
2742 5178 3084 5234 familiarius
3101 5195 3275 5250 quam
3296 5177 3486 5231 lectio-

1834 5292 1936 5330 nes
1980 5290 2048 5328 ex
2097 5274 2406 5345 Scripturis
2436 5273 2662 5341 divinis,
2700 5290 2828 5345 quae
2855 5272 3168 5345 plurimum
3210 5271 3269 5323 in
3313 5267 3485 5322 sacris

1833 5368 2035 5423 officiis
2066 5368 2259 5422 locum
2290 5367 2552 5422 habent?
2574 5367 2838 5439 Denique
2869 5366 2968 5437 qui
2997 5362 3250 5436 pressius
3281 5364 3339 5415 et
3359 5358 3488 5414 soli-

1833 5461 1958 5516 dius
1989 5461 2064 5516 ad
2086 5461 2457 5517 devotionem
2475 5478 2651 5524 quam
2675 5459 2972 5517 orationes
2993 5474 3095 5512 seu
3122 5454 3389 5509 Collectaa
3412 5452 3483 5507 ab

1834 5555 2085 5610 Ecclesia
2110 5555 2389 5627 probatae,
2420 5572 2553 5610 cum
2584 5554 2881 5627 frequenti
2916 5549 3254 5606 recitatione
3286 5546 3479 5603 Domi-

1834 5649 1977 5704 nicze
2008 5649 2400 5720 precationis?
2425 5649 2578 5705 Nihil
2606 5648 2800 5719 itaque
2828 5645 2927 5700 Dei
2960 5640 3238 5698 ministris
3268 5657 3474 5696 conve-

1836 5743 2086 5797 nientius
2116 5743 2333 5798 institui
2364 5745 2591 5813 poterat
2617 5757 2791 5812 quam
2824 5739 3053 5792 illarum
3082 5749 3318 5806 precum
3341 5735 3475 5787 Bre-

1831 5836 2096 5901 viarium,
2121 5837 2167 5889 si
2196 5835 2372 5890 modo
2401 5853 2433 5889 a
2463 5834 2644 5889 nimia
2680 5830 3024 5905 prolixitate,
3050 5831 3105 5881 et
3135 5825 3205 5877 ab
3244 5822 3484 5877 incertis

1832 5928 2086 5985 historiis
2098 5928 2167 5984 sit
2179 5931 2582 6000 repurgatum.
2608 5926 2671 5980 id
2694 5941 2799 5997 pro
2822 5938 2919 5977 sua
2938 5913 3301 5991 providentia
3318 5913 3486 5971 iden-
