4014 6230
461 379 565 440 415
1261 381 1594 438 APPENDIX
1631 379 1717 433 AD
1753 374 1977 431 OPERA
2013 367 2246 425 SANCTI
2283 369 2584 425 GERMANI
2621 366 3051 425 PARISIENSIS.
3735 366 3839 420 416

463 492 639 550 tidem
682 496 954 548 curarunt
978 490 1188 547 summi
1213 489 1524 561 pontiﬁces,
1563 483 1922 542 emendando
1957 484 2087 537 Bre-
2115 487 2172 561 Α
2191 475 2264 532 tis
2305 476 2509 546 ofﬁcia,
2543 475 2765 548 aliaque
2797 477 2855 531 id
2903 491 3081 548 genus
3127 472 3394 532 exercitia
3433 472 3679 530 virtutis.
3709 473 3838 528 Hac

462 588 636 642 viario
653 589 923 654 Romano,
939 587 1088 658 quod
1115 584 1355 639 aliorum
1382 581 1708 652 exemplum
1733 594 1852 634 esse
1869 576 2090 632 debeat.
2193 574 2412 641 oportet
2439 570 2646 639 facere,
2681 570 2778 626 sed
2804 570 2923 642 pias
2949 569 3123 625 etiam
3148 569 3502 640 precationes
3530 583 3648 624 non
3674 567 3840 623 omit-

466 679 573 734 Sed
627 678 761 750 quia
803 677 981 732 multa
1019 675 1079 729 in
1115 675 1232 729 dies
1271 691 1305 726 a
1337 671 1472 725 viris
1498 669 1674 725 doctis
1703 668 2089 730 illustrantur,
2193 669 2335 720 tere.

465 789 592 828 eam
616 773 676 828 in
695 789 752 829 se
778 788 974 826 curam
1001 769 1171 824 etiam
1192 768 1561 836 susceperunt
1577 761 1830 834 episcopi
1847 759 2095 815 maxime
2268 763 2355 812 77.
2390 758 2579 828 Neque
2607 759 2812 812 desunt
2851 759 3111 829 diligenti
3147 775 3210 812 ac
3256 757 3486 812 cordato
3522 757 3644 812 viro
3686 761 3836 812 tem-

464 867 748 936 Gallicani,
769 881 1014 936 quorum
1043 863 1147 916 hac
1167 861 1226 914 in
1249 877 1309 914 re
1326 858 1594 914 sedulitas
1611 862 1666 911 et
1678 855 1879 926 religio
1901 852 2087 925 437
2195 851 2348 922 poris
2358 851 2650 907 intervalla
2664 857 2722 906 et
2733 851 2888 906 feriae
2903 852 2973 906 ad
2990 856 3298 924 utrumque
3315 852 3721 924 praestandum,
3739 851 3840 906 ubi

465 961 599 1015 alios
628 961 697 1014 ad
739 960 888 1013 idem
919 973 1061 1028 opus
1085 954 1286 1009 merito
1313 953 1523 1007 incitat.
1554 952 1620 1005 Et
1644 949 1876 1021 quidem
1914 947 1975 1002 in
2001 963 2093 1002 ec-
2196 946 2369 1001 semel
2391 946 2513 1016 ejus
2539 945 2798 1000 animum
2832 945 3031 1016 pietas,
3068 951 3124 1000 et
3165 946 3483 1000 divinarum
3510 961 3726 1012 rerum,
3759 961 3843 999 se-

465 1053 785 1109 clesiasticis
813 1050 1010 1105 officiis
1043 1070 1069 1099 «
1102 1064 1218 1102 non
1244 1046 1468 1101 novella
1495 1044 1680 1099 audiri
1708 1043 1871 1097 decet
1896 1042 1982 1096 vel
2012 1041 2094 1096 le-
2197 1039 2362 1094 clusis
2388 1039 2684 1093 inutilibus
2713 1039 2883 1108 curis,
2911 1039 3222 1094 sollicitudo
3257 1039 3544 1108 imbuerit,
3577 1055 3710 1093 cum
3753 1039 3838 1093 le-

464 1147 572 1214 via,
603 1165 628 1197 »
661 1150 724 1200 ut
759 1144 952 1199 scribit
980 1141 1296 1197 Bernardus
1326 1140 1385 1193 in
1411 1137 1644 1209 epistola
1691 1140 1795 1192 312
1827 1135 1898 1190 ad
1925 1137 2094 1188 Arre-
2200 1149 2400 1204 gamus
2415 1132 2711 1187 saeculares
2737 1132 2884 1186 viros
2914 1133 3036 1202 (nec
3064 1137 3254 1188 nostra
3280 1136 3444 1188 astate
3459 1132 3633 1187 etiam
3655 1148 3840 1187 exem-

464 1255 768 1306 marenses,
806 1261 834 1287 «
862 1237 961 1292 sed
986 1241 1134 1291 certe
1168 1233 1493 1289 authentica
1523 1235 1578 1286 et
1603 1230 1854 1301 antiqua,
1887 1245 2016 1299 quae
2043 1232 2099 1282 et
2198 1227 2295 1299 pla
2318 1227 2562 1296 desunt),
2591 1226 2708 1281 imo
2751 1226 2921 1280 etiam
2955 1242 3141 1296 reges,
3173 1227 3268 1298 qui
3320 1232 3549 1282 strenue
3579 1243 3702 1281 rem
3730 1243 3839 1297 pu-

461 1333 760 1388 Ecclesiam
788 1331 1089 1398 mdiﬁcent,
1111 1334 1166 1384 et
1187 1326 1622 1382 ecclesiasticam
1646 1323 1938 1378 redoleant
1975 1338 2099 1392 gra—
2198 1321 2404 1376 blicam
2428 1336 2531 1391 per
2573 1335 2632 1373 se
2676 1320 2782 1390 ipsi
2819 1319 3307 1389 administrabant,
3351 1320 3500 1375 inter
3538 1323 3623 1374 tot
3659 1335 3837 1392 nego-

460 1428 711 1482 vitatem.
743 1425 902 1490 Quod
928 1424 974 1477 si
1024 1439 1171 1477 nova
1200 1421 1398 1475 audire
1423 1419 1580 1487 libet,
1609 1422 1666 1472 et
1694 1433 1862 1471 causa
1906 1415 2097 1485 requi-
2199 1413 2408 1467 tiorum
2449 1413 2642 1468 turbas
2692 1412 2905 1467 eisdem
2954 1414 3370 1485 precationibus
3422 1430 3537 1468 non
3575 1413 3837 1469 defuisse.

464 1521 557 1586 rit,
587 1537 673 1586 ea,
703 1523 766 1573 ut
791 1518 925 1586 dixi,
945 1516 1269 1587 recipienda
1312 1512 1651 1580 censuerim,
1682 1526 1809 1582 quae
1836 1509 2101 1564 cordibus
2201 1507 2377 1576 Hujus
2403 1506 2485 1561 rei
2510 1511 2676 1561 testes
2704 1506 2846 1561 duos
2874 1508 3120 1578 appello,
3155 1507 3444 1562 Alfredum
3471 1507 3687 1562 scilicet
3724 1510 3841 1561 An-

464 1609 836 1676 audientium,
870 1623 982 1677 quo
1014 1605 1278 1676 gratiora,
1309 1619 1376 1658 eo
1415 1601 1637 1656 utiliora
1681 1599 1878 1654 reddat
1902 1603 1959 1652 et
1982 1597 2099 1652 elo-
2203 1601 2428 1671 glorum
2481 1615 2699 1670 regem,
2756 1604 2812 1655 et
2854 1604 3113 1656 sanctum
3164 1601 3528 1656 Ludovicum.
3582 1600 3845 1655 Alfredus

463 1703 584 1774 quii
608 1701 854 1772 dignitas
882 1704 939 1754 et
963 1698 1226 1753 auctoris.
1255 1699 1428 1750 Porro
1449 1711 1611 1749 sensa
1635 1693 1952 1748 indubitata
1981 1706 2098 1744 res-
2201 1693 2433 1765 quippe,
2454 1693 2734 1748 referente
2754 1693 2888 1749 Vitae
2913 1695 3037 1765 ejus
3053 1695 3324 1765 scriptore
3343 1699 3601 1749 accurato
3616 1697 3842 1760 Assero,

464 1796 770 1868 plendeant
823 1794 1072 1860 veritate,
1125 1795 1326 1845 sonent
1367 1787 1666 1859 justitiam,
1723 1785 2176 1868 humilitatem“
2208 1787 2411 1841 «inter
2452 1786 2600 1840 bella
2642 1791 2698 1840 et
2735 1788 3032 1857 praesentis
3079 1788 3207 1842 vitae
3251 1788 3572 1859 frequentia
3609 1786 3848 1858 impedi-

465 1853 753 1955 suadeant,
786 1889 1025 1942 doceant
1049 1853 1388 1956 iequitatemv
1409 1899 1420 1936 :
1445 1897 1574 1952 quae
1594 1853 1768 1935 etiam
1792 1879 1987 1933 lumen
2017 1894 2105 1933 ve-
2123 1853 2180 1925 B
2205 1885 2419 1947 menta,
2452 1895 2675 1934 necnon
2699 1853 3056 1951 paganorum
3084 1853 3467 1937 infestatio-nes
3495 1885 3552 1936 et
3572 1853 3851 1952 quotidia-

465 1987 648 2042 ritatis
677 1985 963 2040 mentibus
1007 1983 1252 2054 pariant,
1284 1981 1527 2034 formam
1553 1978 1827 2046 moribus,
1877 1993 2104 2031 crucem
2205 1991 2306 2029 nas
2334 1973 2585 2044 corporis
2625 1973 3007 2040 infirmitates,
3057 1975 3208 2029 inter
3235 1974 3398 2046 regni
3435 1973 3849 2046 gubernacula,

464 2081 632 2147 vitiis,
662 2078 951 2132 affectibus
981 2076 1358 2142 devotionem,
1383 2072 1638 2127 sensibus
1669 2070 2043 2140 disciplinam.
2074 2090 2101 2120 »
2206 2067 2578 2123 nihilominus
2607 2066 2839 2122 missam
2869 2068 3122 2140 quotidie
3151 2069 3365 2136 audire,
3397 2069 3645 2140 psalmos
3676 2084 3849 2139 quos-

463 2175 565 2228 Tot
591 2173 783 2238 verba,
804 2175 889 2225 tot
913 2171 1159 2238 oracula,
1185 2167 1538 2222 sanctissimo
1567 2164 1827 2220 Ecclesiae
1853 2167 2014 2218 Patre
2041 2181 2105 2218 ac
2206 2164 2338 2218 dam
2367 2166 2423 2217 et
2449 2160 2752 2230 orationes,
2783 2166 2840 2216 et
2865 2162 3033 2216 horas
3059 2163 3290 2218 diurnas
3317 2167 3374 2217 et
3415 2167 3726 2217 nocturnas
3755 2177 3846 2216 ce-

467 2268 696 2322 doctore
727 2265 920 2335 digna.
2205 2257 2444 2324 lebrare,
2500 2260 2556 2309 et
2605 2255 2864 2310 ecclesias
2926 2261 3207 2312 nocturno
3247 2261 3522 2328 tempore,
3582 2254 3853 2310 orationis

537 2364 624 2415 76.
648 2361 952 2425 Caeterum,
982 2361 1043 2410 ut
1064 2357 1136 2411 ad
1179 2371 1412 2426 scopum
1439 2354 1690 2421 redeam,
1719 2367 1925 2422 parum
1956 2351 2104 2406 inte-
2207 2372 2393 2425 causa,
2421 2357 2566 2412 clam
2607 2366 2640 2402 a
2675 2352 2790 2405 suis
2821 2353 2974 2407 adire
3021 2351 3251 2405 solebat.
3284 2369 3312 2401 ι)
3355 2350 3443 2405 Sic
3485 2365 3617 2404 vero
3661 2352 3847 2404 totum

467 2458 581 2509 rest
607 2470 721 2524 quo
742 2453 874 2521 jure
900 2450 1154 2520 primum
1182 2449 1413 2503 inducta
1433 2447 1504 2502 sit
1527 2447 1649 2501 haec
1669 2445 1937 2500 Breviarii
1963 2445 2104 2499 reci-
2206 2450 2506 2522 cujuslibet
2538 2449 2648 2505 diei
2681 2462 2912 2503 cursum
2942 2444 3314 2516 expendebat,
3358 2465 3385 2493 ‹‹
3423 2447 3486 2498 ut
3511 2447 3637 2498 octo
3685 2443 3852 2498 horas

469 2546 623 2601 tandi
651 2545 938 2616 obligatio,
966 2544 1092 2614 lege
1119 2559 1192 2596 an
1223 2540 1652 2608 consuetudine,
1684 2556 1815 2594 cum
1848 2537 2106 2611 legitimo
2208 2544 2268 2598 in
2295 2544 2610 2609 scribendo,
2644 2541 2886 2613 legendo
2913 2543 2970 2594 et
3009 2537 3251 2606 orando;
3297 2541 3421 2592 octo
3450 2538 3511 2591 in
3548 2553 3690 2592 cura
3725 2554 3851 2592 cor-

467 2640 840 2694 fundamento
862 2637 1159 2704 innitatur,
1184 2635 1391 2691 scilicet
1416 2637 1702 2706 praecepto
1722 2633 1974 2704 generali
1993 2649 2106 2704 quo
2207 2639 2388 2708 poris;
2417 2642 2540 2692 octo
2560 2637 2618 2691 in
2633 2634 2986 2707 expediendo
3006 2632 3170 2703 regni
3193 2631 3422 2703 negotio
3437 2631 3809 2702 transigeret,
3825 2653 3850 2681 ››

468 2732 772 2788 Christiani
801 2746 996 2785 omnes
1016 2730 1084 2784 ad
1099 2730 1303 2800 jugem
1323 2727 1711 2800 precationem
1735 2732 2022 2796 tenentur,
2052 2731 2109 2782 et
2208 2731 2362 2803 quod
2391 2732 2461 2786 de
2495 2747 2561 2785 eo
2593 2729 2787 2784 scribit
2814 2726 3129 2781 Willelmus
3172 2726 3485 2780 monachus
3511 2725 3850 2779 Malmesbu-

469 2826 697 2898 speciali
728 2825 823 2880 Dei
871 2824 1270 2878 ministrorum
1307 2821 1650 2886 conditione,
1683 2821 1782 2892 qui
1827 2825 1947 2875 toto
1988 2835 2107 2874 sese
2209 2825 2427 2880 riensis.
2458 2825 2684 2879 Utinam
2708 2821 2910 2876 similis
2941 2819 3206 2874 sedulitas
3231 2819 3450 2873 animos
3493 2825 3720 2874 nostros
3758 2836 3852 2874 oc-

471 2919 657 2974 divino
685 2917 862 2972 cultui
890 2916 1306 2987 manciparunt.
1334 2916 1382 2969 Is
1401 2914 1556 2968 enim
1581 2914 1838 2968 divinum
1859 2919 1918 2966 et
1952 2929 2108 2984 apos—
2209 2922 2460 2989 cuparet.
2491 2918 2568 2970 Do
2611 2920 2800 2970 sancto
2847 2913 3125 2968 Ludovico
3165 2912 3226 2966 id
3270 2913 3560 2968 memoriae
3605 2913 3856 2983 prodidit

471 3013 706 3068 tolicum
730 3012 799 3066 de
826 3011 1179 3065 indesinente
1202 3009 1458 3063 oratione
1488 3013 1840 3079 praeceptum
1867 3007 2108 3078 implere
2210 3017 2406 3066 auctor
2433 3012 2556 3082 ejus
2585 3009 2817 3080 aequalis
2843 3008 2903 3061 in
2930 3023 3191 3061 sermone
3221 3005 3455 3075 inedito,
3487 3022 3660 3078 quem
3699 3022 3852 3060 nun-

470 3111 750 3174 censetur,
783 3126 810 3153 ‹‹
843 3104 942 3175 qui
966 3103 1246 3157 canonicis
1271 3102 1428 3156 horis
1451 3102 1727 3172 quotidie,
1749 3102 1914 3172 juxta
1934 3100 2109 3155 ritum
2209 3122 2382 3176 quam
2405 3105 2540 3158 satis
2565 3103 2824 3158 laudatus
2844 3101 3120 3155 Antonius
3136 3099 3480 3154 Herovallius
3505 3099 3672 3154 nobis
3702 3116 3856 3154 com-

470 3198 854 3254 ecclesiasticaa
873 3197 1210 3264 traditionis,
1241 3195 1944 3266 psalmodiisprecibusque
1971 3211 2106 3248 con-
2129 3221 2184 3294 Ο
2209 3199 2518 3254 municavit
2547 3215 2560 3251 :
2596 3217 2621 3248 ς(
2652 3197 2865 3250 Omnes
2896 3195 3062 3248 horas
3091 3193 3402 3259 canonicas,
3431 3198 3487 3248 et
3513 3193 3582 3248 de
3612 3193 3859 3264 gloriosa

470 3293 641 3346 suetis
670 3293 848 3344 Deum
875 3290 1106 3343 laudare
1136 3293 1193 3343 et
1227 3305 1430 3362 rogare
1467 3305 1584 3342 non
1620 3288 1852 3357 desistit,
1888 3307 1914 3339 »
1941 3294 2003 3342 ut
2029 3288 2109 3342 ait
2141 3286 2184 3294 “”
2211 3293 2439 3364 Virgine
2468 3307 2694 3362 semper
2713 3306 2846 3344 cum
2871 3294 3001 3342 nota
3025 3286 3326 3353 audiebat;
3357 3287 3630 3341 submisse
3661 3292 3856 3342 tamen

473 3386 617 3439 Beda
644 3384 702 3437 in
728 3384 891 3436 Lucae
921 3398 1044 3452 cap.
1081 3385 1166 3435 18.
1196 3381 1339 3436 Sunt
1364 3382 1592 3452 quidem
1620 3386 1676 3436 et
1701 3381 1811 3435 alia
1852 3398 1967 3436 non
1997 3381 2106 3435 mi-
2209 3387 2436 3442 easdem
2466 3386 2615 3439 inter
2648 3401 2706 3438 se
2737 3388 2792 3437 et
2821 3382 3177 3453 capellanum
3208 3397 3376 3435 suum
3403 3385 3458 3435 et
3501 3397 3605 3450 pro
3658 3381 3856 3435 defun-

471 3478 626 3532 noris
641 3475 917 3531 momenti
934 3491 1222 3529 sacrorum
1236 3475 1826 3529 ministrorumofﬁcia
1839 3480 2104 3542 etonera;
2211 3481 2315 3535 etis
2345 3495 2553 3534 novem
2580 3477 2850 3532 lectiones
2885 3475 3137 3546 quotidie
3173 3474 3411 3529 dicebat.
3440 3475 3621 3528 Media
3661 3473 3855 3547 439

475 3586 659 3640 neque
684 3570 754 3624 ad
799 3569 903 3623 hoc
945 3584 1125 3622 unum
1174 3568 1254 3621 eis
1289 3568 1559 3639 assignati
1603 3573 1736 3622 sunt
1759 3573 1876 3622 tam
1903 3568 2113 3639 copiosi
2212 3578 2377 3629 nocte
2419 3571 2688 3642 surgebat
2716 3570 2786 3624 ad
2830 3568 3217 3624 conﬁtendum
3268 3568 3526 3636 Domino,
3561 3573 3619 3622 et
3657 3569 3856 3640 regina

477 3663 732 3718 Ecclesiae
781 3665 1111 3732 proventus,
1141 3661 1301 3732 quasi
1331 3661 1568 3715 recitato
1595 3662 1774 3715 semel
1802 3663 2108 3730 Breviario,
2210 3669 2376 3722 bonae
2415 3665 2708 3720 memoriae
2752 3663 3058 3735 aliquando
3105 3679 3236 3716 eum
3285 3665 3517 3732 prOpter
3566 3661 3754 3732 frigus
3791 3663 3856 3717 de

476 3756 727 3811 muneris
772 3755 859 3810 δαί
903 3771 1192 3809 summam
1263 3754 1451 3808 statim
1522 3755 1890 3825 expleverint.
1942 3757 2112 3820 Quae-
2214 3761 2551 3816 vestimento
2593 3759 2781 3829 aliquo
2832 3757 3140 3829 operiebat.
3190 3776 3217 3806 »
3260 3755 3348 3809 Sic
3386 3754 3528 3809 nulli
3573 3771 3858 3826 unquam,

474 3851 603 3904 dam
633 3850 844 3921 quippe
869 3848 975 3902 alia
1001 3848 1071 3902 ab
1111 3847 1501 3902 ecclesiasticis
1528 3848 1658 3902 viris
1685 3849 2012 3919 exiguntur,
2041 3850 2115 3904 le-
2217 3855 2387 3909 etiam
2431 3851 2880 3923 occupatissimo,
2935 3849 3116 3904 deerit
3151 3853 3377 3919 tempus
3432 3853 3487 3902 et
3543 3848 3730 3902 otium
3791 3849 3862 3903 ad

474 3944 582 3998 ctio
635 3948 691 3996 et
736 3942 989 3996 studium
1028 3946 1349 3996 sanctarum
1388 3941 1806 4012 Scripturarum
1855 3947 1912 3997 et
1948 3959 2117 3997 sacrae
2219 3949 2330 4002 Deo
2375 3946 2711 4013 vacandum,
2741 3943 2788 3998 si
2848 3942 3074 4014 pietatis
3119 3942 3369 3998 studium
3421 3958 3536 3997 non
3589 3942 3861 3998 defuerit.

471 4035 810 4105 traditionis,
838 4033 1010 4088 divini
1055 4033 1248 4107 438
1286 4036 1440 4090 verbi
1495 4036 1835 4106 praedicatio,
1873 4038 2115 4094 Charita-

1560 4415 1752 4489 440
1825 4381 2780 4512 ΑΡΡΕΝΒΙΧ

631 4568 1188 4671 Continens
1251 4568 1916 4700 probationes
2003 4576 2505 4704 quasdam
2584 4575 3067 4706 Liturgiaa
3160 4570 3718 4673 Gallicanae

1586 4727 1679 4812 et
1761 4745 2129 4818 cursus
2217 4715 2762 4820 Gallicani.

1962 4909 2382 4922 —-————_—

510 5013 548 5066 l.
595 5026 856 5066 DOMINICA
897 5027 1057 5065 rem
1100 5029 1399 5076 ADVENTUS,
1437 5029 1506 5068 AD
1548 5030 1741 5070 MISSAH
1797 5030 2075 5071 OFFICIUM.
2134 5029 2194 5102 D
2288 5021 2445 5074 Dicat
2474 5020 2754 5090 presbyter
2794 5037 2810 5071 :
2849 5019 2953 5072 Per
3009 5015 3199 5070 omnia
3233 5013 3435 5069 saecula
3503 5014 3868 5068 saeculorum.

919 5107 1004 5159 Ea:
1029 5107 1243 5160 Missali
1269 5107 1678 5161 Moza-rabu-m'.
2219 5113 2282 5177 Β).
2315 5116 2515 5167 Amen.

544 5200 680 5252 Ecce
732 5213 902 5268 super
939 5203 1162 5253 montes
1207 5199 1379 5269 pedes
1417 5199 1850 5271 evangelizantis
1892 5217 2111 5272 pacem,
2290 5209 2350 5260 1η
2377 5205 2611 5260 adventu
2639 5206 2852 5260 Domini
2877 5219 2981 5257 non
3012 5203 3261 5264 dicimus,
3301 5199 3490 5254 Gloria
3519 5199 3577 5253 in
3612 5199 3869 5262 excelsis,

471 5291 715 5358 alleluia,
749 5296 804 5346 et
823 5292 1209 5347 annuntiantis
1235 5293 1402 5359 bona,
1432 5293 1654 5348 alleluia
1685 5310 1697 5347 :
1730 5295 1949 5348 celebra
1975 5295 2119 5348 Juda
2223 5300 2509 5354 Dominicis
2538 5299 2722 5353 diebus
2757 5302 2806 5353 et
2831 5299 3008 5365 feriis,
3038 5297 3129 5351 sed
3159 5299 3370 5350 tantum
3409 5293 3594 5348 diebus
3633 5295 3867 5359 festiuis.

472 5385 798 5442 festivitates
827 5389 952 5440 tuas
987 5385 1230 5450 alleluia,
1268 5389 1324 5438 et
1362 5386 1533 5440 redde
1580 5387 1816 5441 Domino
1856 5391 1984 5441 vota
2022 5391 2120 5440 tua
2939 5397 3133 5447 Oratio.

474 5479 714 5533 alleluia.
746 5479 785 5540 Ῠ
819 5521 830 5532 .
859 5479 1128 5534 Dominus
1156 5478 1309 5533 dabit
1333 5479 1568 5533 verbum
1598 5481 2120 5552 evangelizantibus
2295 5487 2439 5541 Deus
2466 5487 2564 5558 qui
2593 5502 2694 5557 per
2720 5484 3006 5556 angelicos
3045 5484 3245 5537 choros
3278 5480 3584 5535 adventum
3612 5479 3735 5533 Filii
3791 5478 3872 5533 tui

479 5572 534 5624 in
565 5572 772 5625 virtute
820 5573 1019 5627 multa.
1048 5575 1136 5627 Ps.
1169 5573 1236 5626 Et
1263 5572 1456 5626 redde.
1489 5576 1527 5636 ψ
1563 5615 1575 5627 .
1605 5574 1788 5628 Gloria
1839 5581 1895 5630 et
1939 5576 2121 5628 honor
2225 5580 2450 5634 Domini
2487 5578 2664 5634 nostri
2703 5579 2833 5633 Jesu
2859 5576 3066 5631 Christi
3096 5575 3435 5630 annuntiare
3475 5573 3723 5641 voluisti,
3771 5572 3874 5642 qui

481 5665 626 5718 Patri
653 5669 711 5719 et
738 5664 874 5719 Filio
904 5672 959 5721 et
979 5666 1214 5737 Spiritui
1241 5670 1432 5720 sancto
1461 5666 1518 5720 in
1559 5667 1761 5722 saecula
1783 5671 2123 5724 saeculorum
2227 5691 2328 5745 per
2356 5674 2692 5743 angelorum
2719 5671 3020 5743 praeconia,
3055 5669 3241 5724 Gloria
3293 5669 3351 5722 in
3397 5666 3630 5722 excelsis
3655 5666 3788 5730 Deo,
3818 5670 3876 5718 et

481 5774 666 5812 ῐι-ῐηθηο
702 5759 766 5812 Et
796 5759 988 5812 redde-
2228 5770 2286 5822 in
2316 5772 2466 5823 terra
2494 5783 2603 5838 pax
2643 5765 2969 5821 hominibus
3001 5763 3165 5818 bonae
3196 5761 3514 5827 voluntatis,
3542 5761 3875 5815 adclaman-

554 5883 574 5909 '
608 5883 743 5938 Vide
764 5899 894 5952 pag.
923 5885 991 5937 25
1023 5888 1076 5939 et
1100 5900 1256 5956 seqq.
