4014 6230
144 325 231 378 in

769 323 855 380 AD
893 325 1383 383 PMCEDENTIA
1423 327 1756 386 LlTURGlJ‘Z
1796 327 2216 389 MONUMENTA
2257 327 2590 390 APPENDIX
2632 328 2857 390 PRIMA.

3401 338 3503 392 418

141 432 270 486 tibus
297 430 718 503 demonstrasti,
749 434 994 490 concede
1021 440 1085 490 ut
1129 437 1189 490 in
1244 437 1416 507 hujus
1461 438 1758 493 dominicas
1786 455 1843 526 Α
1864 443 2056 497 llabeo
2085 442 2265 513 igitur
2295 443 2537 512 gloriam
2566 443 2624 498 in
2647 443 2870 499 Christo
2896 443 3027 498 Jesu
3063 443 3131 498 ad
3163 443 3364 502 Deum.
3389 445 3508 498 Non

139 525 542 581 resurrectionis
583 526 901 599 festivitate,
940 547 1054 601 pax
1094 531 1259 586 terris
1298 531 1515 586 reddita
1560 549 1764 588 conva-

137 621 303 686 lescat,
334 624 388 672 et
412 619 688 675 fraterna:
713 622 1027 678 dilectionis
1064 624 1290 680 caritate
1333 625 1601 682 innovata
1641 643 1763 698 per-

139 716 365 769 maneat.
397 711 461 775 Β),
490 717 698 770 Amen.

198 809 340 863 Dicat
363 808 639 863 sacerdos.

197 903 292 954 Per
314 899 770 956 misericordiam
799 907 975 973 tuam,
1008 905 1154 959 Deus
1183 910 1394 972 noster,
1431 907 1532 976 qui
1573 922 1631 960 es
1670 907 1762 961 be-

137 994 386 1061 nedictus,
417 999 475 1046 et
501 995 663 1062 vivis,
697 1000 753 1050 et
787 997 977 1050 omnia
1005 999 1155 1068 regis
1176 1000 1237 1053 in
1285 1000 1490 1054 saecula
1534 1000 1761 1054 saeculo-

137 1105 264 1141 rum.
312 1083 370 1148 Py’.
416 1089 626 1142 Amen.
671 1086 730 1147 Ῡ.
781 1089 1049 1144 Dominus
1086 1091 1157 1146 sit
1183 1108 1408 1163 semper
1447 1091 1755 1148 vobiscum.

136 1191 188 1254 κ).
214 1186 272 1237 Et
292 1185 421 1237 cum
451 1184 663 1256 spiritu
695 1190 811 1240 tuo.

300 1326 483 1382 Lectio
512 1327 648 1383 libri
675 1328 851 1383 Esaiae
878 1330 1197 1401 prophetae.
1231 1333 1483 1402 Capitula
1513 1349 1564 1385 x.

195 1465 251 1528 ﬂ}.
282 1467 392 1521 Deo
424 1468 665 1538 gratias.

190 1561 320 1613 Ecce
363 1560 693 1615 dominator
719 1562 989 1616 Dominus
1038 1563 1396 1617 exercituum
1438 1563 1758 1634 confringet

129 1652 472 1724 lagunculam
497 1653 684 1727 441
721 1655 782 1709 in
809 1660 1052 1723 terrore,
1084 1661 1140 1710 et
1168 1657 1370 1710 excelsi
1397 1659 1611 1710 statura
1629 1673 1752 1710 suc-

129 1747 386 1814 cidentur,
418 1752 474 1802 et
485 1748 762 1802 sublimes
781 1748 1254 1816 humiliabuntur,
1285 1755 1341 1805 et
1360 1750 1758 1805 subvertentur

1866 536 2018 589 enim
2049 537 2230 591 audeo
2259 537 2470 608 aliquid
2517 538 2673 608 loqui
2711 554 2908 592 eorum
2956 554 3083 608 quae
3122 555 3226 608 per
3259 554 3351 592 me
3389 554 3504 591 non

1865 629 2036 684 efﬁcit
2069 630 2342 697 Christus,
2387 632 2445 685 in
2487 631 2866 686 obedientiam
2903 631 3179 702 gentium,
3235 632 3294 685 in
3334 631 3507 686 verbo

1864 726 1921 776 et
1955 723 2133 789 factis,
2165 724 2223 777 in
2249 723 2456 779 virtute
2485 725 2778 798 signorum
2799 730 2854 779 et
2878 725 3291 796 prodigiorum,
3315 725 3373 778 in
3400 725 3508 779 vir-

1861 820 1980 870 tute
2011 815 2250 886 Spiritus
2279 818 2488 887 sancti;
2521 818 2599 872 ita
2625 823 2689 872 ut
2724 818 2793 872 ab
2822 817 3013 890 442
3051 819 3361 873 Jerusalem
3404 834 3508 888 per

1861 910 2162 964 circuitum
2198 927 2376 982 usque
2426 912 2493 966 ad
2544 913 2822 982 Illyricum
2865 912 3203 982 repleverim
3245 913 3503 982 Evange-

1859 1002 2002 1057 lium
2027 1003 2255 1058 Christi.
2287 1005 2375 1059 Sic
2402 1009 2593 1059 autem
2621 1005 2918 1076 praadicavi
2966 1005 3072 1060 hoc
3113 1005 3502 1076 Evangelium,

1859 1112 1976 1151 non
2001 1096 2100 1150 ubi
2124 1097 2450 1152 nominatus
2496 1103 2579 1152 est
2621 1099 2892 1167 Christus,
2935 1115 3007 1153 ne
3047 1115 3218 1170 super
3256 1099 3504 1153 alienum

1858 1190 2294 1245 fundamentum
2323 1190 2686 1259 aediﬁcarent,
2713 1191 2857 1246 sicut
2892 1191 3168 1263 scriptum
3209 1196 3328 1246 est:
3375 1191 3504 1255 Qui-

1857 1283 1962 1338 bus
1985 1300 2100 1338 non
2129 1288 2214 1339 est
2239 1283 2638 1339 annuutiatum
2665 1285 2734 1339 de
2755 1301 2822 1338 eo
2850 1285 3148 1354 videbunt,
3181 1289 3237 1339 et
3264 1285 3363 1355 qui
3386 1301 3501 1339 non

1856 1377 2161 1432 audierunt
2198 1377 2538 1449 intelligent.
2583 1379 2818 1449 Propter
2861 1378 3016 1448 quod
3045 1383 3101 1432 et
3150 1378 3503 1448 impediebar

1856 1471 2170 1541 plurimum
2201 1470 2392 1525 venire
2429 1472 2499 1526 ad
2535 1488 2649 1540 vos,
2691 1475 2748 1526 et
2787 1471 3108 1540 prohibitus
3151 1487 3276 1524 sum
3322 1487 3503 1541 usque

1856 1563 2062 1618 adhuc.
2101 1566 2257 1618 Nunc
2280 1581 2411 1618 vero
2435 1564 2674 1619 ulterius
2694 1564 2884 1617 locum
2912 1580 3026 1618 non
3063 1563 3277 1618 habens
3321 1564 3380 1617 in
3417 1563 3504 1617 his

1856 1657 2202 1728 regionibus,
2247 1657 2617 1728 cupiditatem
2657 1661 2848 1712 autem
2875 1657 3092 1712 habens
3135 1656 3400 1710 veniendi
3435 1657 3504 1710 ad

1856 1767 1952 1805 vos
1986 1767 2053 1804 ex
2099 1750 2292 1805 multis
2333 1751 2459 1821 jam
2510 1750 2961 1822 przecedentibus
3010 1750 3204 1818 annis;
3262 1765 3391 1803 cum
3445 1749 3506 1802 in

130 1840 389 1895 condensa
414 1842 593 1896 saltus
621 1843 744 1912 ejus
771 1843 942 1910 ferro,
977 1846 1034 1897 et
1073 1843 1316 1897 Libanus
1354 1861 1484 1897 cum
1525 1842 1756 1898 excelsis
1777 1827 1832 1898 B
1856 1844 2178 1915 Hispaniam
2218 1843 2499 1916 proﬁcisci
2533 1861 2773 1916 coepero,
2803 1861 2966 1915 spero
2995 1845 3144 1915 quod
3172 1843 3506 1914 prteteriens

131 1935 291 1988 cadet.
326 1933 480 2006 [Cap.
511 1935 610 2007 111.]
647 1937 714 1990 Et
740 1937 1066 2007 egredietur
1091 1937 1247 2008 virga
1278 1937 1346 1991 de
1389 1937 1577 1991 radice
1604 1938 1754 1992 Jesse
1855 1937 2078 1992 videam
2118 1955 2232 2005 vos,
2275 1941 2331 1991 et
2373 1956 2405 1992 a
2445 1939 2599 1992 vobis
2641 1938 2886 1992 deducar
2929 1937 3084 2002 illuc,
3136 1937 3181 1991 si
3227 1937 3383 1991 vobis
3437 1954 3506 1991 ex

131 2033 177 2081 et
199 2027 292 2081 ﬂos
319 2029 386 2082 de
423 2029 617 2083 radice
647 2030 769 2100 ejus
808 2030 1090 2099 ascendet,
1139 2035 1194 2084 et
1232 2030 1544 2101 requiescet
1585 2046 1757 2102 super
1855 2035 2017 2102 parte
2037 2032 2289 2102 primum
2314 2032 2520 2085 fruitus
2548 2032 2729 2085 fuero.
2760 2033 2918 2085 Nunc
2963 2031 3140 2101 igitur
3181 2030 3508 2100 proﬁciscar

133 2137 245 2174 eum
262 2122 499 2192 Spiritus
543 2123 790 2192 Domini,
839 2123 1068 2194 spiritus
1113 2124 1399 2194 sapientiae.
1445 2129 1499 2179 et
1544 2124 1756 2178 intelle-

133 2220 252 2283 ctus,
280 2215 506 2286 spiritus
538 2216 758 2270 consilii
792 2221 848 2271 et
884 2217 1256 2283 fortitudinis,
1297 2217 1526 2288 spiritus
1569 2217 1750 2272 scien-

131 2308 209 2361 tiae
237 2314 288 2362 et
314 2309 539 2379 pietatis
567 2327 580 2364 :
622 2316 676 2365 et
702 2310 942 2381 replebit
969 2328 1100 2365 eum
1131 2310 1364 2382 spiritus
1391 2311 1610 2365 timoris
1645 2313 1750 2366 Do-

131 2401 272 2456 mini.
303 2404 424 2456 Non
454 2404 776 2458 secundum
824 2405 1099 2459 visionem
1133 2405 1427 2459 oculorum
1452 2404 1752 2475 judicabit,

132 2512 292 2566 neque
306 2498 627 2551 secundum
647 2499 908 2552 auditum
927 2499 1152 2552 aurium
1175 2503 1409 2570 arguet;
1431 2499 1527 2553 sed
1540 2499 1755 2569 judica-

133 2587 201 2643 bit
233 2589 286 2644 in
315 2590 540 2660 justitia
581 2608 877 2663 pauperes,
931 2597 988 2646 et
1034 2598 1237 2662 arguet
1273 2592 1332 2645 in
1358 2593 1626 2663 mquitate
1652 2609 1755 2663 pro

133 2685 417 2738 mansuetis
461 2689 658 2740 terrae.
688 2687 756 2739 Et
783 2685 1063 2757 percutiet
1088 2691 1298 2740 terram
1324 2686 1484 2757 virga
1514 2686 1627 2740 oris
1648 2686 1754 2753 sui,

135 2781 179 2830 et
200 2776 390 2846 spiritu
415 2777 708 2832 labiorum
725 2779 1277 2833 suoruminterﬁciet
1289 2779 1553 2850 impium.
1569 2780 1637 2832 Et
1652 2779 1759 2833 erit

128 2869 323 2938 justitia
342 2871 646 2942 cingulum
674 2873 1004 2927 lumborum
1025 2873 1167 2942 ejus,
1187 2877 1242 2926 et
1270 2872 1408 2926 ﬁdes
1423 2871 1757 2926 cinctorium

133 2977 312 3016 renum
361 2964 504 3034 ejus.
566 2965 847 3020 Habitabit
876 2966 1044 3036 lupus
1078 2981 1208 3020 cum
1239 2969 1420 3037 jagno,
1453 2970 1508 3020 et
1549 2965 1759 3036 pardus

133 3071 245 3109 cum
275 3057 436 3111 haedo
478 3059 778 3114 accubabit
811 3076 824 3112 :
870 3059 1078 3113 vitulus
1120 3064 1176 3113 et
1205 3059 1295 3113 leo
1333 3063 1390 3114 et
1427 3057 1544 3112 ovis
1591 3058 1759 3112 simul

1854 2123 1913 2178 in
1955 2125 2265 2180 Jerusalem
2297 2125 2619 2180 ministrare
2658 2125 2882 2178 sanctis.
2927 2124 3314 2178 Probaverunt
3352 2123 3506 2178 enim

1855 2218 2172 2272 Macedonia
2205 2222 2261 2272 et
2309 2218 2519 2272 Achaia
2558 2218 2914 2272 collationem
2951 2217 3201 2289 aliquam
3228 2218 3412 2272 facere
3447 2217 3507 2271 in

1857 2327 2136 2382 pauperes
2180 2316 2504 2366 sanctorum
2527 2312 2625 2383 qui
2653 2319 2785 2366 sunt
2814 2312 2872 2365 in
2909 2312 3237 2366 Jerusalem.
3294 2311 3510 2366 Placuit

1857 2404 2011 2459 enim
2041 2405 2140 2472 eis,
2171 2410 2226 2458 et
2256 2411 2389 2459 sunt
2414 2405 2694 2460 debitores
2721 2421 2941 2459 eorum.
2977 2406 3113 2458 Nam
3157 2404 3202 2458 si
3237 2404 3502 2474 spiritua-

1855 2498 1996 2552 lium
2024 2515 2219 2552 eorum
2246 2499 2549 2570 participes
2577 2498 2709 2553 facti
2739 2503 2871 2556 sunt
2898 2497 3157 2568 gentiles,
3203 2497 3411 2552 debent
3452 2503 3508 2552 et

1856 2593 1917 2646 in
1943 2591 2268 2646 carnalibus
2302 2592 2624 2646 ministrare
2670 2592 2769 2646 eis.
2814 2593 2927 2645 Hoc
2971 2591 3149 2662 igitur
3189 2607 3320 2645 cum
3370 2607 3504 2646 con-

1858 2702 2234 2753 summavero,
2263 2689 2319 2740 et
2343 2685 2700 2756 assignavero
2737 2686 2818 2742 eis
2844 2686 3098 2740 fructum
3126 2686 3298 2752 hunc,
3337 2683 3508 2756 profi-

1857 2779 2031 2834 ciscar
2055 2795 2158 2851 per
2182 2795 2280 2833 vos
2318 2779 2380 2832 in
2425 2779 2768 2849 Hispaniam.
2818 2778 2942 2833 Scio
2992 2783 3183 2832 autem
3233 2779 3504 2849 quoniam

1858 2873 2088 2927 veniens
2117 2873 2187 2926 ad
2214 2888 2331 2938 vos,
2363 2872 2420 2926 in
2449 2871 2794 2926 abundantia
2844 2871 3250 2927 benedictionis
3289 2871 3509 2927 Christo

1859 2965 2105 3020 veniam.
2136 2964 2199 3028 Β).
2226 2969 2428 3020 Amen.

1931 3061 2086 3114 Dicat
2106 3059 2354 3114 sacerdos
2385 3079 2400 3113 :
2448 3057 2720 3112 Dominus
2746 3058 2818 3112 sit
2842 3073 3068 3129 semper
3094 3057 3406 3113 vobiscum.
3435 3057 3507 3121 ﬂ).

133 3149 506 3220 morabuntur,
552 3157 607 3206 et
629 3169 774 3222 puer
799 3153 1070 3223 parvulus
1097 3151 1340 3206 minabit
1377 3168 1491 3207 eos.
1541 3152 1758 3206 Vitulus
1782 3197 1830 3223 ρ,
1860 3153 1928 3206 Et
1956 3169 2109 3206 cum.

134 3247 179 3297 et
201 3259 357 3298 ursus
390 3251 717 3316 pascentur,
747 3245 916 3299 simul
942 3246 1298 3316 requiescent
1323 3245 1492 3300 catuli
1535 3261 1755 3312 eorum,

134 3340 181 3390 et
204 3336 282 3390 leo
302 3339 461 3407 quasi
490 3339 597 3393 bos
625 3339 881 3394 comedet
907 3340 1118 3410 paleas.
1153 3340 1216 3392 Et
1253 3339 1627 3393 delectabitur
1666 3340 1756 3393 in-

134 3428 240 3482 fans
262 3430 330 3484 ab
354 3431 535 3486 ubere
563 3449 733 3503 super
755 3432 1036 3486 foramina
1063 3431 1295 3503 aspidis,
1321 3437 1376 3487 et
1424 3432 1484 3487 in
1518 3449 1758 3487 caverna

135 3524 316 3594 reguli,
347 3525 446 3596 qui
486 3525 803 3580 ablactatus
830 3525 1020 3593 fuerit,
1058 3542 1291 3580 manum
1344 3543 1507 3580 suam
1549 3527 1754 3581 mittet.

136 3616 238 3670 Non
264 3620 552 3674 nocebunt
577 3625 634 3674 et
671 3636 785 3673 non
838 3618 1096 3674 occident
1142 3619 1202 3673 in
1251 3619 1516 3674 universo
1567 3625 1758 3675 monte

137 3717 308 3766 sancto
333 3730 482 3784 meo,
517 3713 649 3784 quia
671 3713 885 3784 repleta
921 3717 1005 3766 est
1041 3715 1194 3767 terra
1244 3713 1474 3768 scientia
1511 3715 1754 3783 Domini,

139 3804 262 3859 sicut
283 3823 440 3878 aqua:
462 3807 640 3861 maris
669 3806 993 3878 operientis.
1025 3807 1087 3860 ln
1118 3807 1208 3862 die
1250 3807 1344 3861 illa
1388 3808 1570 3862 Radix
1610 3809 1758 3862 Jesse

140 3899 223 3968 qui
248 3905 349 3954 stat
375 3901 435 3954 in
456 3901 690 3971 signum
718 3901 1083 3972 populorum,
1108 3900 1294 3971 ipsum
1324 3906 1520 3972 gentes
1554 3902 1755 3972 depre-

142 3991 415 4061 cabuntur,
468 3997 529 4048 et
570 3993 677 4047 erit
733 3992 1061 4064 sepulcrum
1121 3994 1243 4064 ejus
1298 3994 1625 4064 gloriosum.
1690 4000 1756 4065 η).

142 4087 318 4141 Amen.

1781 3197 1834 3270 C

1897 3245 2084 3301 Lectio
2114 3244 2289 3300 sancti
2323 3243 2611 3315 Evangelii
2650 3245 2963 3300 secundum
2989 3245 3222 3300 Lucam.
3265 3246 3398 3316 Cap.
3429 3261 3507 3300 ιιι.

1931 3336 1995 3398 Β).
2031 3340 2232 3396 Chorus
2261 3357 2276 3392 :
2310 3337 2494 3392 Gloria
2523 3337 2645 3405 tibi,
2666 3338 2922 3394 Domine.

1929 3435 2090 3486 Anno
2117 3431 2317 3502 quinto
2337 3431 2555 3486 decimo
2575 3431 2800 3503 imperii
2829 3432 3038 3486 Tiberii
3077 3433 3330 3502 Cassaris,
3377 3448 3503 3504 pro-

1860 3531 2090 3580 curante
2121 3525 2320 3580 Pontio
2345 3525 2522 3579 Pilato
2552 3525 2831 3594 Judaeam,
2863 3525 3144 3581 tetrarcha
3182 3533 3373 3581 autem
3413 3527 3516 3582 Ga-

1859 3619 1997 3674 lilea:
2039 3620 2276 3685 Herode,
2321 3619 2582 3689 Philippo
2625 3623 2818 3672 autem
2860 3619 3036 3673 fratre
3074 3619 3194 3689 ejus
3229 3620 3511 3675 tetrarcha

1863 3714 2062 3766 lturete
2101 3717 2156 3766 et
2191 3711 2564 3766 Traconitidis
2599 3711 2868 3781 regionis,
2906 3715 2963 3765 et
2998 3711 3216 3765 Lisania
3275 3712 3513 3768 Abilinm

1859 3805 2170 3874 tetrarcha;
2227 3805 2331 3858 sub
2390 3803 2739 3875 principibus
2798 3804 3151 3859 sacerdotum
3217 3808 3384 3858 Anna
3451 3810 3512 3860 et

1859 3897 2106 3969 Caipha;
2134 3897 2346 3951 factum
2375 3903 2458 3952 est
2482 3897 2719 3951 verbum
2747 3897 2971 3951 Domini
3001 3914 3172 3968 super
3191 3897 3510 3953 Johannem

1859 3991 2137 4046 Zachariae
2180 3991 2364 4045 ﬁlium
2415 3990 2472 4044 in
2518 3990 2774 4061 deserto;
2805 3995 2861 4046 et
2884 3990 3039 4045 venit
3062 3991 3122 4045 in
3151 4007 3382 4046 omnem
3409 4009 3499 4046 re-

1863 4086 2092 4157 gionem
2113 4084 2389 4153 Jordanis,
2423 4085 2737 4155 prmdicans
2781 4085 3129 4156 baptismum
3166 4085 3514 4157 paenitentia:

203 4183 346 4234 Dicat
364 4182 726 4251 presbyterii:
746 4196 909 4235 cornu
923 4182 1204 4235 sinistrum
1224 4181 1451 4236 altaris:
1480 4182 1759 4236 Dominus
1859 4179 1918 4234 in
1963 4179 2355 4234 remissionem
2394 4182 2774 4249 peccatorum,
2826 4179 2971 4233 sicut
3013 4179 3286 4250 scriptum
3331 4184 3413 4234 est
3454 4179 3514 4234 in

144 4271 203 4325 sit
241 4290 460 4346 semper
502 4274 814 4329 vobiscum.
875 4271 938 4336 η).
985 4276 1051 4328 Et
1093 4291 1245 4329 cum.
1291 4275 1597 4330 Psallendo.
1652 4275 1758 4339 Qui
1860 4273 2006 4328 libro
2049 4289 2381 4328 sermonum
2424 4273 2617 4343 Esayaa
2669 4272 3008 4343 prophetae:
3062 4274 3179 4327 Vox
3222 4274 3516 4328 clamantis

144 4363 225 4419 dat
249 4367 427 4422 nivem
457 4369 605 4423 sicut
631 4369 844 4437 lanam,
868 4368 1136 4422 nebulam
1161 4369 1315 4423 velut
1335 4369 1588 4424 cinerem
1605 4385 1759 4440 spar-
1857 4367 1918 4421 in
1945 4367 2165 4422 deserto
2194 4386 2209 4421 :
2237 4368 2434 4420 Parate
2458 4365 2606 4418 viam
2643 4365 2892 4432 Domini,
2940 4369 3116 4420 rectas
3150 4365 3317 4421 facite
3353 4367 3517 4422 semi-

147 4458 240 4527 git;
265 4462 358 4532 qui
382 4463 592 4518 emittit
609 4462 980 4534 chrystallum
1007 4479 1170 4517 suam
1195 4462 1340 4517 sicut
1365 4463 1544 4518 frusta
1569 4463 1754 4534 panis.
1859 4465 1945 4514 tas
1971 4461 2113 4530 ejus.
2144 4459 2340 4515 Omnis
2373 4458 2536 4513 vallis
2559 4458 2921 4529 implebitur;
2953 4463 3010 4512 et
3038 4459 3222 4512 omnis
3261 4475 3426 4513 mons
3459 4465 3516 4514 et

147 4554 268 4607 Ante
300 4555 497 4610 faciem
520 4556 751 4628 frigoris
798 4557 919 4627 ejus
962 4555 1090 4628 quis
1129 4555 1446 4611 subsistet?
1484 4555 1545 4616 Ῡ.
1598 4556 1840 4639 MittitD
1863 4553 2017 4608 collis
2064 4552 2492 4622 humiliabitur;
2537 4557 2594 4606 et
2645 4556 2812 4606 erunt
2855 4567 3025 4620 prava
3078 4551 3138 4604 in
3178 4551 3410 4621 directa,
3459 4557 3517 4606 et

145 4647 358 4704 verbum
389 4667 559 4706 suum
586 4655 642 4705 et
664 4649 984 4721 liquefaciet
1004 4666 1091 4720 ea,
1142 4650 1240 4704 ﬁat
1274 4649 1506 4721 spiritus
1542 4649 1663 4720 ejus
1707 4654 1763 4704 et

147 4737 305 4796 ﬂuent
327 4761 509 4815 aquae.
541 4748 605 4800 P.
638 4747 804 4798 Ante.

208 4837 350 4891 Dicat
375 4838 619 4893 sacerdos
647 4857 662 4892 :
691 4837 990 4893 Silentium
1018 4837 1208 4892 facite.

209 4928 496 5000 Sequentia
535 4931 797 5002 Epistolas
838 4930 993 4985 Pauli
1047 4929 1283 5003 apostoli
1331 4929 1400 4983 ad
1454 4931 1759 4984 Romanos.

151 5017 264 5090 Cap.
291 5039 376 5078 xv.

210 5117 528 5186 Respondeat
555 5119 744 5173 chorus
771 5137 787 5172 :
821 5119 931 5173 Deo
960 5117 1189 5188 gratias.

211 5206 438 5266 Fratres.
477 5211 672 5266 Certus
709 5228 836 5266 sum
874 5227 981 5283 ego
1023 5211 1141 5282 ipse
1178 5211 1250 5272 de
1284 5210 1460 5280 vobis,
1495 5210 1764 5281 quoniam

155 5303 200 5354 et
222 5301 318 5372 ipsi
340 5295 492 5375 pleni
535 5306 665 5360 estis
715 5305 1036 5374 dilectione,
1079 5305 1282 5376 repleti
1327 5304 1484 5359 omni
1511 5304 1762 5374 scientia,

155 5391 217 5446 ita
263 5402 321 5451 ut
354 5399 577 5468 possitis
621 5399 764 5455 alter
810 5399 1145 5454 alterutrum
1183 5415 1439 5453 monere.
1485 5398 1766 5453 Audacius

157 5490 326 5544 autem
349 5492 541 5564 scripsi
577 5492 753 5562 vobis,
795 5492 1015 5560 fratres,
1049 5509 1117 5547 ex
1158 5497 1338 5563 parte,
1379 5496 1671 5564 tamquam
1707 5491 1767 5546 in

156 5584 461 5640 memoriam
489 5603 585 5640 vos
613 5586 908 5653 reducens,
938 5592 1174 5658 propter
1211 5585 1456 5658 gratiam
1484 5602 1613 5658 quae
1641 5585 1770 5640 data

157 5678 228 5728 est
247 5677 386 5733 mihi
422 5697 453 5734 a
480 5681 614 5749 Deo,
649 5683 709 5734 ut
733 5679 841 5734 sim
859 5679 1118 5734 minister
1148 5678 1354 5734 Christi
1377 5681 1510 5734 Jesu
1536 5679 1596 5734 in
1624 5694 1764 5750 gen-

158 5763 306 5841 tibus,
338 5773 684 5830 sanctiﬁcans
728 5773 1104 5846 Evangelium
1154 5773 1271 5842 Dei,
1316 5777 1380 5828 ut
1429 5772 1527 5827 fiat
1561 5771 1768 5827 oblatio

162 5864 390 5936 gentium
429 5872 658 5940 accepta
698 5873 755 5926 et
805 5867 1147 5925 sanctificata
1176 5867 1237 5922 in
1288 5865 1500 5938 Spiritu
1555 5870 1765 5925 sancto.

1864 4663 2060 4718 aspera
2088 4647 2148 4700 in
2174 4646 2288 4700 vias
2313 4647 2514 4716 planas
2538 4662 2551 4699 :
2585 4649 2642 4699 et
2662 4644 2873 4700 videbit
2901 4644 3083 4698 omnis
3114 4660 3243 4698 caro
3270 4644 3512 4699 salutare

1864 4740 1983 4794 Dei.
2014 4740 2238 4794 Dicebat
2263 4755 2399 4809 ergo
2428 4739 2500 4792 ad
2527 4739 2719 4792 turbas
2745 4738 2844 4808 qui
2873 4738 3130 4792 exierant
3168 4742 3234 4793 ut
3266 4737 3510 4809 baptiza-

1864 4837 2063 4888 rentur
2091 4833 2160 4886 ab
2189 4833 2309 4903 ipso
2337 4851 2353 4886 :
2393 4831 2693 4886 Genimina
2732 4831 3075 4902 viperarum,
3105 4833 3232 4903 quis
3269 4833 3514 4888 ostendit

1865 4927 2020 4981 vobis
2047 4927 2246 5004 fugere
2272 4943 2304 4980 a
2345 4928 2582 4980 ventura
2618 4925 2738 4979 ira?
2781 4925 2948 4979 facite
2989 4941 3126 4998 ergo
3167 4927 3384 4982 fructus
3427 4927 3512 4982 di-

1867 5037 2010 5092 gnos
2058 5020 2427 5092 paenitentiae.
2466 5020 2534 5074 Et
2581 5035 2652 5074 ne
2691 5018 2972 5090 coeperitis
3014 5020 3247 5076 dicere:
3289 5023 3516 5077 Patrem

1867 5113 2142 5168 habemus
2166 5114 2472 5168 Abraham.
2506 5113 2641 5167 Dico
2656 5113 2812 5167 enim
2835 5113 3016 5182 vobis,
3037 5114 3171 5185 quia
3204 5120 3404 5186 potens
3436 5120 3524 5170 est

1867 5209 2012 5261 Deus
2038 5207 2106 5262 de
2129 5207 2412 5278 lapidibus
2437 5206 2558 5261 istis
2602 5207 2869 5262 suscitare
2911 5207 3054 5262 ﬁlios
3096 5208 3354 5263 Abrahae.
3397 5209 3519 5262 Jam

1867 5301 2018 5356 enim
2065 5301 2275 5356 securis
2311 5301 2382 5354 ad
2421 5301 2669 5356 radicem
2705 5301 2919 5356 arboris
2959 5301 3140 5372 posita
3191 5306 3293 5355 est.
3324 5301 3518 5354 Omnis

1868 5411 2004 5466 ergo
2025 5395 2193 5449 arbor
2215 5392 2408 5466 443
2421 5411 2537 5448 non
2562 5394 2770 5449 faciens
2788 5395 3036 5450 fructum
3066 5394 3279 5447 bonum
3300 5393 3518 5447 excide-

1869 5491 1983 5558 tur,
2013 5493 2070 5543 et
2094 5488 2154 5542 in
2178 5487 2373 5559 ignem
2393 5487 2670 5542 mittetur.
2702 5489 2768 5543 Et
2791 5486 3222 5558 interrogabant
3243 5501 3375 5540 eum
3403 5489 3518 5541 tur-

1867 5582 1975 5652 bas,
2015 5581 2264 5636 dicentes
2294 5597 2307 5635 :
2336 5581 2484 5646 Quid
2519 5598 2655 5653 ergo
2683 5580 2994 5635 faciemus?
3023 5579 3390 5652 Respondens
3413 5597 3515 5636 au-

1867 5679 1985 5730 tem
2023 5674 2243 5730 dicebat
2275 5674 2388 5729 illis
2433 5691 2450 5743 ;
2496 5674 2601 5738 Qui
2640 5673 2813 5728 habet
2851 5672 2990 5727 duas
3029 5674 3246 5728 tunicas
3284 5672 3378 5727 det
3403 5688 3520 5728 non

1868 5768 2124 5840 habenti,
2152 5773 2209 5824 et
2234 5768 2334 5840 qui
2353 5767 2525 5823 habet
2549 5783 2700 5823 escas
2731 5763 2993 5820 similiter
3023 5766 3208 5822 faciat.
3237 5765 3522 5822 Venerunt

1867 5868 2057 5921 autem
2083 5866 2140 5918 et
2183 5860 2472 5933 publicani
2499 5864 2564 5918 ut
2591 5858 3032 5930 baptizarentur,
3073 5864 3129 5916 et
3155 5857 3423 5916 dixerunt
3450 5856 3519 5920 ad
