4014 6230
468 294 572 349 419

1254 294 1586 349 APPENDIX
1628 293 1712 348 AD
1749 292 1969 348 OPERA
2009 289 2242 347 SANCTI
2278 290 2578 347 GERMANI
2617 289 3044 347 PARISIENSIS.

3760 291 3872 343 420

469 403 632 457 illum
661 416 675 455 :
703 399 984 472 Magister,
1007 401 1145 474 quid
1170 402 1441 457 faciemus
1459 403 1485 455 ?
1506 405 1576 455 At
1599 401 1691 455 ille
1711 401 1856 455 dixit
1882 401 1954 456 ad
1978 418 2073 456 eos
2101 417 2114 453 :
2139 413 2199 484 Α
2219 403 2277 454 et
2301 399 2361 453 in
2393 403 2702 471 conspectu
2728 400 3024 455 seniorum
3057 398 3306 455 alleluia.
3339 407 3400 470 γ.
3419 398 3556 453 Haec
3578 397 3742 453 dicet
3766 401 3875 453 Do-

469 496 623 550 Nihil
646 496 891 566 amplius
926 512 1103 567 quam
1130 495 1281 567 quod
1308 495 1681 549 constitutum
1711 499 1795 549 est
1822 495 2001 565 vobis,
2032 496 2115 549 fa-

471 589 648 644 ciatis.
673 589 1100 660 lnterrogabant
1119 594 1312 643 autem
1331 604 1467 642 eum
1494 592 1550 643 et
1574 588 1800 657 milites,
1825 589 2070 644 dicentes
2101 607 2114 643 :

470 681 617 746 Quid
631 681 903 736 faciemus
922 686 978 736 et
989 699 1089 735 nos
1108 682 1136 735 ?
1158 682 1225 762 Et
1241 681 1320 735 ait
1333 680 1445 735 illis
1471 698 1484 735 :
1505 682 1810 737 Neminem
1832 683 2117 738 concutia-

473 776 566 845 tis,
589 792 775 847 neque
807 774 1147 830 calumniam
1174 773 1412 843 faciatis,
1437 779 1494 830 et
1528 774 1778 830 contenti
1810 781 1983 831 estote
2016 777 2118 832 sti-

473 869 700 940 pendiis
730 869 944 923 vestris.
982 868 1351 923 Existimante
1386 872 1579 923 autem
1607 870 1842 941 populo,
1876 875 1933 925 et
1961 871 2117 941 cogi-

473 962 721 1017 tantibus
764 962 1027 1016 omnibus
1065 962 1125 1016 in
1170 962 1432 1017 cordibus
1478 963 1594 1017 suis
1636 963 1705 1017 de
1743 963 2014 1033 Johanne,
2047 981 2120 1019 ne

474 1056 617 1110 forte
644 1055 762 1126 ipse
790 1059 933 1109 esset
968 1055 1258 1126 Christus;
1292 1056 1587 1128 respondit
1609 1057 1893 1111 Iohannes
1928 1058 2120 1113 dicens

477 1148 741 1202 omnibus
770 1165 783 1202 ε
817 1150 934 1220 Ego
964 1148 1195 1221 quidem
1225 1167 1373 1222 aqua
1399 1150 1623 1222 baptizo
1654 1168 1772 1221 vos,
1800 1152 1990 1207 veniet
2015 1168 2118 1207 au-

475 1246 594 1296 tem
620 1242 820 1297 fortior
848 1259 941 1297 me
966 1248 1096 1315 post
1130 1261 1243 1315 me,
1273 1244 1434 1315 cujus
1461 1262 1578 1300 non
1612 1261 1740 1300 sum
1776 1245 1982 1317 dignus
2007 1245 2118 1301 sol-

477 1350 608 1390 vere
636 1335 939 1406 corrigiam
965 1338 1469 1393 calciamentorum
1488 1339 1633 1410 ejus.
1664 1341 1783 1410 Ipse
1811 1356 1911 1393 vos
1934 1339 2120 1411 bapti-

480 1429 631 1483 zabit
659 1429 718 1483 in
746 1430 958 1500 Spiritu
988 1435 1180 1485 sancto
1212 1434 1268 1486 et
1298 1431 1439 1502 igni,
1466 1432 1627 1503 cujus
1655 1432 2037 1488 ventilabrum
2061 1433 2123 1487 in

479 1539 655 1578 manu
687 1523 829 1593 ejus,
863 1529 919 1578 et
942 1525 1211 1596 purgabit
1246 1541 1438 1580 aream
1463 1543 1645 1595 suam,
1677 1530 1733 1581 et
1758 1527 2125 1598 congregabit

478 1617 733 1672 triticum
760 1617 819 1671 in
846 1617 1121 1673 horreum
1161 1636 1348 1690 suum,
1377 1620 1568 1691 paleas
1595 1624 1789 1675 autem
1828 1621 2126 1675 comburet

477 1710 601 1782 igni
640 1710 1081 1783 inextinguibili.
1114 1714 1286 1769 Multa
1313 1714 1546 1785 quidem
1575 1719 1631 1769 et
1659 1716 1767 1769 alia
1795 1716 2119 1785 exhortans,

481 1805 903 1876 evangelizabat
928 1808 1157 1878 populo.
1186 1804 1251 1869 Β).
1281 1812 1481 1864 Amen.

550 1902 709 1955 Dicat
740 1901 1022 1971 presbyter
1068 1921 1085 1955 :
1124 1901 1397 1956 Dominus
1430 1903 1503 1957 sit
1547 1920 1773 1975 semper
1807 1903 2119 1959 vobiscum.

482 1996 548 2062 ll}.
577 1994 645 2048 Et
673 2010 824 2049 cum.

552 2090 710 2143 Dicat
761 2090 991 2143 chorus:
1021 2089 1235 2143 Lauda.
1287 2090 1550 2145 Alleluia.
1599 2099 1659 2161 ψ.
1713 2091 1867 2147 Mitte
1936 2091 2120 2159 nobis,

480 2181 746 2248 Domine,
770 2182 1043 2236 auxilium
1077 2181 1147 2237 de
1171 2185 1390 2250 sancto,
1417 2185 1566 2240 etde
1596 2185 1735 2241 Sion
1766 2189 1829 2240 tu
1852 2202 1989 2241 erue
2019 2202 2124 2241 nos

483 2275 731 2329 alleluia.
763 2278 984 2332 Interim
1024 2278 1242 2347 quando
1281 2280 1471 2334 chorus
1507 2281 1643 2335 dicit
1684 2281 1944 2348 Alleluia,
1973 2281 2127 2350 offert

482 2370 729 2424 sacerdos
763 2371 993 2425 hostiam
1034 2387 1153 2425 cum
1180 2373 1365 2436 calice,
1404 2377 1457 2427 et
1490 2388 1610 2429 cum
1649 2375 1983 2430 orationibus
2008 2390 2127 2445 quae

485 2467 801 2532 sequuntur.

555 2555 935 2626 Acceptabilis
959 2556 1030 2610 sit
1055 2557 1335 2629 Majestati
1352 2561 1486 2628 tute,
1512 2560 1882 2633 omnipotens
1909 2564 2124 2617 aeterne

487 2651 652 2715 Deus,
688 2649 810 2703 haec
835 2650 1070 2719 oblatio,
1099 2668 1275 2723 quam
1299 2653 1401 2707 tibi
1426 2654 1721 2709 offerimus
1747 2672 1852 2727 pro
1873 2656 2126 2709 reatibus

490 2747 548 2797 et
572 2742 921 2797 facinoribus
952 2745 1162 2799 nostris
1194 2749 1249 2799 et
1280 2763 1384 2817 pro
1417 2747 1728 2803 stabilitate
1771 2754 1983 2806 sanctae
2032 2767 2124 2805 ca-

488 2836 713 2891 tholicas
748 2840 806 2890 et
829 2839 1269 2908 apostolicae...”
1302 2840 1438 2895 ﬁdei
1468 2842 1799 2898 cultoribus.
1828 2846 1938 2899 Per
1966 2845 2123 2899 Chri-

491 2933 642 2984 stum
668 2931 978 2985 Dominum
1001 2937 1280 2987 nostrum.
1304 2936 1367 2987 In
1398 2936 1637 2990 nomine
1652 2937 1833 2991 Patris
1850 2946 1889 3008 +
1909 2942 1968 2992 et
2007 2938 2126 2992 Filii

490 3027 550 3078 et
578 3023 821 3095 Spiritus
853 3026 1051 3080 sancti.
1086 3028 1292 3082 Amen.
1322 3031 1651 3085 Dimittendo
1674 3036 1935 3101 patenam
1970 3048 2130 3102 super

490 3120 813 3189 corporales.
864 3121 1066 3176 Deinde
1100 3124 1336 3192 accipiat
1366 3124 1585 3178 calicem
1622 3127 2007 3196 sanctiﬁcando
2031 3129 2125 3181 sic.

492 3213 556 3266 In
586 3212 824 3267 nomine
851 3214 1037 3269 Patris
1055 3220 1094 3282 +
1116 3218 1175 3269 et
1195 3216 1318 3270 Filii
1346 3220 1405 3270 et
1431 3217 1673 3288 Spiritus
1696 3220 1899 3289 sancti,
1934 3238 2126 3277 amen.

1217 3316 1408 3368 Oratio.

566 3398 872 3454 Oﬁ‘erimus
893 3400 1014 3469 tibi,
1039 3401 1302 3469 Domine,
1326 3403 1565 3459 calicem
1585 3406 1658 3460 ad
1670 3407 2131 3463 benedicendum

498 3493 846 3564 sanguinem
868 3495 1075 3550 Christi
1100 3496 1203 3551 filii
1230 3496 1335 3565 tui,
1365 3498 1863 3572 deprecamurque
1885 3502 2133 3557 clemen-

492 3586 635 3642 tiam
670 3591 855 3656 tuam,
897 3593 960 3643 ut
1007 3593 1143 3645 ante
1176 3595 1546 3663 conspectum
1578 3594 1785 3650 divinae
1824 3595 2132 3666 Majestatis

494 3685 627 3749 tuae,
665 3699 798 3738 cum
832 3683 1012 3739 odore
1048 3685 1341 3740 suavitatis
1386 3688 1677 3757 ascendat,
1718 3706 1824 3760 per
1858 3690 2129 3745 eumdem

494 3775 783 3831 Christum
810 3778 1122 3833 Dominum
1152 3783 1432 3835 nostrum.
1454 3782 1661 3837 Amen.
1706 3785 1880 3839 Ponat
1914 3786 2133 3840 calicem

490 3884 651 3942 super
678 3888 855 3936 aram,
875 3878 927 3928 et
953 3876 1189 3945 accipiat
1214 3876 1442 3944 ﬁliolam
1465 3879 1580 3932 sine
1602 3880 2045 3947 sanctiﬁcatione,
2082 3884 2133 3935 et

485 3968 660 4035 ponat
679 3979 841 4037 super
864 3967 1086 4023 calicem
1113 3968 1339 4025 dicendo
1363 3972 1440 4025 sic
1469 3989 1485 4024 :
1837 3967 1841 3971 ’

1211 4071 1400 4123 Oratio.

570 4150 769 4225 444
818 4153 975 4209 Hanc
1031 4155 1408 4226 oblationem,
1462 4173 1810 4229 quaesumus,
1862 4160 2129 4228 Domine,

494 4248 751 4318 placatus
795 4248 1055 4317 admitte,
1095 4252 1154 4304 et
1193 4250 1455 4304 omnium
1518 4250 1886 4307 offerentium
1932 4270 2131 4309 eorum

492 4356 598 4412 pro
630 4341 837 4412 quibus
876 4342 977 4397 tibi
1017 4342 1257 4397 oﬂ‘ertur
1280 4346 1519 4414 peccata
1548 4344 1808 4417 indulge,
1844 4363 1948 4418 per
1972 4348 2130 4404 Chri-

494 4437 646 4490 stum
671 4436 980 4492 Dominum
1007 4439 1290 4505 nostrum,
1321 4453 1512 4493 amen.

564 4533 636 4586 Et
658 4531 808 4587 dicat
822 4531 1030 4610 junctis
1045 4532 1294 4587 manibus
1314 4533 1628 4590 inclinanda
1647 4548 1720 4590 se.

1206 4634 1402 4686 Oratio.

568 4722 628 4774 In
667 4716 869 4791 spiritu
898 4714 1237 4775 humilitatis
1272 4724 1331 4777 et
1354 4722 1413 4777 in
1454 4722 1649 4779 animo
1686 4724 1933 4780 contrito
1970 4725 2139 4780 susci-

494 4813 742 4885 piamur,
762 4814 1029 4883 Domine,
1050 4817 1174 4883 ate,
1198 4819 1257 4870 et
1273 4816 1351 4871 sic
1370 4817 1474 4872 ﬁat
1493 4818 1835 4873 sacrificium
1852 4822 2135 4889 nostrum,

496 4910 558 4962 ut
584 4923 618 4962 a
646 4911 704 4961 te
738 4908 1117 4979 suscipiamur
1146 4909 1340 4979 hodie,
1374 4915 1437 4966 ut
1474 4913 1701 4983 placeat
1726 4912 1850 4981 tibi,
1892 4914 2136 4969 Domine

493 5006 662 5064 Deus.
697 4999 858 5068 Veni,
890 5006 1085 5058 sancte
1121 5004 1364 5075 Spiritus
1394 5006 1801 5076 sanctiﬁcator,
1847 5007 2137 5073 sanctifica

494 5106 605 5159 hoc
631 5096 975 5156 sacrificium
1016 5095 1085 5153 de
1116 5098 1384 5154 manibus
1413 5100 1558 5155 meis
1589 5100 1690 5156 tibi
1721 5105 2133 5173 praeparatum.

496 5199 599 5253 Hic
618 5200 793 5269 ponat
834 5197 1105 5251 incensum
1142 5195 1201 5249 in
1238 5194 1533 5259 thuribulo,
1574 5198 1625 5251 et
1656 5196 1886 5252 incenset
1928 5198 2136 5266 sacriﬁ-

495 5295 640 5349 cium
675 5294 727 5347 si
752 5292 1044 5363 placuerit.
1082 5291 1275 5345 Postea
1308 5290 1528 5345 inclinet
1557 5305 1612 5345 se
1648 5291 1895 5346 sacerdos
1931 5293 1990 5345 in
2024 5306 2136 5347 me-

496 5388 650 5443 dium
674 5386 871 5442 altaris
898 5384 1104 5454 junctis
1126 5384 1399 5448 manibus,
1432 5388 1483 5439 et
1507 5384 1656 5439 dicat
1680 5385 1799 5440 alta
1826 5400 1951 5441 voce
1978 5404 1994 5440 :
2020 5385 2137 5439 Ad-

491 5482 689 5551 juvate
713 5496 830 5550 me,
871 5478 1101 5547 fratres,
1135 5477 1195 5533 in
1237 5476 1592 5533 orationibus
1632 5479 1851 5547 vestris,
1881 5481 1939 5533 et
1978 5480 2138 5534 orate

500 5590 607 5646 pro
632 5589 727 5629 me
776 5574 851 5629 ad
890 5575 1093 5631 Deum.
1134 5574 1335 5633 Chorus
1371 5572 1695 5644 respondeat
1740 5589 1756 5625 :
1796 5572 2044 5643 Adjuvet
2082 5575 2138 5626 te

502 5670 673 5724 Pater
702 5672 762 5725 et
788 5668 959 5724 Filius
989 5672 1048 5725 et
1076 5666 1319 5742 Spiritus
1336 5669 1583 5724 sanctus.
1612 5667 1683 5724 Et
1696 5667 1945 5724 sacerdos
1963 5670 2142 5722 vertat

501 5778 556 5819 se
572 5764 650 5819 ad
667 5763 933 5835 populum
957 5767 1009 5819 et
1024 5765 1200 5833 faciat
1225 5758 1554 5835 offertorium
1570 5764 1621 5819 si
1639 5762 1889 5827 voluerit,
1917 5765 1967 5817 et
1991 5760 2141 5817 dicat

503 5856 692 5910 chorus
714 5856 1054 5926 sacriﬁcium.
1087 5856 1377 5927 Regnabit
1410 5855 1687 5914 Dominus
1713 5856 1771 5911 in
1799 5855 2138 5925 Jerusalem,

2150 3165 2205 3239 C

2219 494 2429 560 minus,
2454 495 2564 548 erit
2593 494 2756 565 quasi
2782 497 2949 564 pater
2978 492 3370 548 habitantibus
3412 494 3764 560 Jerusalem,
3818 496 3877 544 et

2221 587 2319 657 qui
2357 587 2689 642 inhabitant
2714 588 2772 641 in
2801 588 2961 655 Sion,
2990 589 3048 642 et
3072 586 3221 641 dabo
3262 587 3485 642 clavem
3515 587 3730 641 domus
3764 586 3878 639 Da-

2219 684 2312 738 vid
2338 702 2510 756 super
2536 685 2808 739 humeros
2837 686 2979 756 ejus,
3013 688 3071 739 et
3101 686 3325 757 aperies
3358 703 3371 753 ;
3406 690 3465 741 et
3500 702 3619 740 non
3653 688 3745 739 est
3774 684 3874 756 qui

2221 782 2451 837 claudat
2473 784 2810 851 Jerusalem,
2834 783 3080 838 alleluia.

2291 883 2390 936 Hic
2416 883 2652 951 accipiat
2676 882 2920 937 sacerdos
2950 899 3154 952 aquam
3197 885 3256 938 in
3301 883 3578 945 manibus,
3625 886 3680 936 et
3720 882 3876 935 dicat

2221 974 2434 1029 silentio
2475 990 2638 1044 super
2674 976 2996 1030 oblationem
3036 992 3155 1030 cum
3193 977 3364 1031 tribus
3391 976 3580 1046 digitis
3602 993 3620 1027 :
3649 977 3713 1029 1n
3765 991 3875 1028 no-

2223 1067 2377 1121 mine
2405 1068 2585 1122 Patris
2604 1068 2643 1131 -ὶ-
2663 1071 2722 1121 et
2751 1068 2873 1122 Filii
2900 1072 2958 1122 et
2984 1068 3225 1140 Spiritus
3254 1070 3434 1124 sancti
3468 1086 3684 1142 regnas
3716 1069 3877 1123 Deus

2223 1155 2281 1209 in
2309 1159 2515 1210 saecula
2546 1158 2908 1227 saeculorum,
2942 1175 3136 1213 amen.

2290 1262 2514 1315 Inclinet
2541 1277 2595 1316 se
2619 1267 2744 1316 ante
2765 1262 2962 1325 altare,
2982 1267 3032 1317 et
3056 1263 3203 1317 dicat
3227 1265 3286 1317 in
3309 1263 3523 1317 silentio
3552 1263 3719 1317 istam
3748 1276 3874 1314 ora—

2226 1357 2418 1408 tionem
2445 1374 2461 1408 :

2295 1442 2578 1497 Accedam
2608 1443 2679 1497 ad
2712 1447 2767 1498 te
2792 1443 2852 1498 in
2877 1444 3200 1498 humilitate
3237 1444 3467 1516 spiritus
3491 1444 3630 1515 mei,
3658 1443 3876 1515 loquar

2226 1534 2299 1589 ad
2326 1539 2403 1603 te,
2437 1536 2571 1606 quia
2609 1537 2853 1591 multam
2887 1553 3069 1608 spem,
3110 1540 3169 1591 et
3212 1538 3617 1593 fortitudinem
3657 1536 3878 1593 dedisti

2225 1628 2388 1683 mihi.
2416 1631 2497 1684 Tu
2521 1646 2681 1701 ergo,
2704 1631 2784 1684 ﬁli
2815 1631 3014 1698 David,
3046 1631 3143 1703 qui
3162 1633 3444 1687 revelatus
3463 1631 3770 1703 mysterio,
3803 1629 3879 1684 ad

2227 1739 2331 1778 nos
2356 1723 2415 1777 in
2441 1739 2677 1778 carnem
2704 1724 2930 1793 venisti,
2960 1726 3114 1779 clave
3147 1726 3327 1781 crucis
3351 1731 3464 1781 tuas
3492 1729 3719 1780 secreta
3743 1740 3879 1779 cor-

2144 1791 2199 1862 B
2225 1818 2311 1872 dis
2340 1818 2457 1872 mei
2504 1817 2763 1889 adaperi,
2806 1791 3041 1873 mittens
3080 1836 3261 1877 unum
3304 1819 3374 1874 de
3417 1820 3728 1891 Seraphin,
3778 1818 3879 1889 qui

2223 1911 2495 1967 candenti
2518 1912 2768 1967 carbone
2800 1912 2919 1979 illo,
2944 1912 3040 1983 qui
3058 1912 3130 1967 de
3158 1914 3323 1968 altari
3354 1917 3451 1968 tuo
3475 1914 3739 1968 sublatus
3768 1915 3880 1978 est,

2225 2005 2521 2061 sordentia
2564 2006 2716 2060 labia
2753 2023 2886 2060 mea
2925 2006 3221 2074 emundet,
3278 2011 3539 2061 mentem
3588 2006 3880 2071 enubilet,

2226 2099 2473 2155 docendi
2522 2098 2827 2153 materiam
2881 2099 3294 2168 subministret,
3350 2104 3413 2153 ut
3465 2100 3669 2171 lingua
3742 2115 3876 2171 quae

2226 2193 2620 2265 proximorum
2651 2193 2882 2247 utilitati
2918 2210 3022 2264 per
3053 2193 3353 2249 caritatem
3379 2194 3572 2262 servit,
3604 2210 3679 2247 ne
3709 2210 3877 2248 erro-

2226 2292 2304 2345 ris
2332 2292 2562 2346 insonet
2602 2308 2818 2359 casum,
2864 2292 2965 2345 sed
3012 2292 3266 2346 veritatis
3312 2293 3550 2347 resultet
3597 2291 3723 2346 sine
3759 2292 3878 2345 fine

2226 2386 2599 2456 praeconium,
2631 2402 2738 2457 per
2760 2389 2817 2440 te
2844 2387 2994 2440 Deus
3024 2402 3188 2440 meus
3218 2385 3313 2458 qui
3330 2386 3467 2441 vivis
3488 2390 3546 2441 et
3571 2402 3792 2456 regnas
3820 2386 3878 2439 in

2228 2481 2434 2534 saecula
2461 2480 2822 2548 saeculorum,
2852 2497 3043 2534 amen.

2803 2648 3029 2693 INCIPIT
3071 2648 3258 2693 MISSA
3269 2676 3280 2689 .

2298 2735 2454 2787 Dicat
2483 2733 2762 2802 presbyter
2795 2748 2812 2784 :
2840 2733 3118 2788 Dominus
3158 2733 3230 2788 sit
3273 2749 3503 2804 semper
3550 2731 3875 2789 vobiscum.

2229 2827 2292 2891 li).
2322 2831 2391 2884 Et
2417 2846 2547 2884 cum
2569 2830 2792 2901 spiritu.

2930 2918 3123 2969 Oratio.

2301 3012 2492 3085 445
2524 3013 2848 3068 Adventum
2874 3012 3104 3067 Domini
3133 3013 3316 3068 nostri
3337 3014 3469 3068 Jesu
3497 3013 3728 3082 Christi,
3761 3015 3880 3070 fra-

2231 3111 2347 3162 tres
2383 3107 2757 3175 dilectissimi,
2800 3107 3253 3162 votisromnibus
3294 3109 3719 3179 prmstolantes,
3777 3109 3879 3163 Dei

2229 3200 2413 3256 Patris
2449 3200 2933 3272 omnipotentiam
2956 3201 3355 3272 imploremus,
3384 3205 3448 3257 ut
3472 3202 3652 3257 corda
3680 3205 3878 3258 nostra

2231 3295 2513 3367 puriﬁcet,
2542 3298 2601 3349 et
2630 3311 2873 3366 corpora
2898 3295 3271 3350 immaculata
3301 3301 3620 3351 conservet.
3650 3298 3762 3351 Det
3781 3297 3877 3351 ha-

2230 3389 2515 3444 bilitatem
2535 3388 2797 3443 ﬁdelium
2815 3389 3109 3444 mentibus
3132 3389 3381 3444 ﬁdeliter
3411 3406 3696 3461 quaerere,
3719 3390 3876 3462 quod

2231 3483 2400 3538 saluti
2435 3486 2630 3553 posset
2660 3482 2955 3554 prodesse.
2983 3485 3388 3555 Exspectemus
3414 3484 3772 3541 conscientia
3803 3501 3879 3538 se-

2232 3594 2369 3632 cura
2388 3580 2717 3645 venturum,
2742 3594 2917 3647 quem
2944 3594 3118 3649 super
3143 3594 3379 3632 omnem
3410 3578 3804 3651 principatum
3826 3582 3878 3633 et

2232 3674 2577 3742 potestatem
2593 3670 2882 3726 credimus
2899 3673 3232 3727 exaltatum.
3253 3672 3445 3727 Simus
3458 3674 3634 3727 etiam
3653 3690 3762 3745 per
3771 3673 3878 3727 sin—

2233 3766 2369 3836 gula
2398 3769 2696 3820 momenta
2723 3765 2966 3833 solliciti,
3001 3769 3064 3820 ut
3093 3758 3427 3821 mereamur
3460 3767 3685 3821 habere
3716 3768 3872 3838 prin—

2233 3859 2466 3930 cipium,
2483 3876 2656 3930 quem
2670 3859 2961 3915 credimus
2980 3862 3038 3914 et
3053 3860 3307 3914 fatemur
3320 3860 3753 3931 adjudicandos
3776 3878 3875 3916 nos

2234 3953 2387 4008 vivos
2415 3956 2474 4007 et
2492 3958 2753 4009 mortuos
2774 3953 2833 4007 in
2862 3953 3048 4024 gloria
3069 3969 3192 4007 esse
3218 3958 3545 4009 venturum.
3578 3951 3640 4016 HJ.
3664 3957 3871 4009 Amen.

2233 4049 2390 4103 Dicat
2407 4049 2692 4119 presbyter
2713 4063 2731 4097 :
2761 4050 2870 4102 Per
2900 4047 3357 4103 misericordiam
3389 4052 3568 4117 tuam,
3592 4049 3746 4103 Deus
3774 4062 3871 4104 no-

2235 4144 2369 4209 ster,
2413 4142 2510 4213 qui
2547 4158 2607 4196 es
2649 4142 3008 4210 benedictus,
3049 4146 3107 4197 et
3144 4142 3283 4197 vivis
3314 4146 3373 4196 et
3407 4143 3604 4198 omnia
3626 4143 3785 4214 regis
3818 4144 3870 4197 in

2235 4236 2811 4291 saaculasaeculorum.
2834 4234 2894 4298 1st.
2919 4238 3124 4291 Amen.
3143 4240 3301 4293 Dicat
3315 4238 3595 4308 presbyter
3619 4238 3874 4293 elevando

2233 4345 2446 4386 manus.
2495 4329 2755 4385 Oremus.
2800 4328 2864 4393 ἢ).
2929 4333 3149 4396 Chorus,
3189 4331 3385 4402 Agios,
3428 4331 3627 4403 Agios,
3656 4332 3871 4404 ~Agios,

2232 4423 2478 4480 Domine
2509 4425 2680 4493 Deus,
2709 4441 2809 4479 rex
2829 4428 3067 4494 aeterne,
3100 4425 3203 4481 tibi
3230 4425 3429 4481 laudes
3458 4429 3519 4481 et
3542 4426 3785 4497 gratias.

2158 4546 2217 4620 D
2310 4530 2498 4583 Postea
2524 4527 2673 4582 dicat
2689 4528 2972 4599 presbyter
2998 4544 3015 4579 :

2310 4621 2622 4676 Ecclesiam
2661 4626 2923 4677 sanctam
2949 4623 3299 4679 catholicam
3326 4623 3385 4678 in
3421 4623 3783 4678 orationibus
3818 4623 3869 4678 in

2238 4719 2434 4770 mente
2467 4716 2804 4785 habeamus,
2838 4719 2899 4771 ut
2941 4733 3073 4772 eam
3111 4718 3387 4772 Dominus
3413 4717 3548 4785 fide,
3584 4721 3644 4772 et
3671 4735 3792 4789 spe,
3822 4721 3873 4771 et

2238 4810 2475 4864 caritate
2504 4810 2785 4881 pr0pitius
2809 4810 3088 4881 ampliare
3116 4811 3405 4883 dignetur.
3424 4811 3642 4867 Omnes
3667 4813 3869 4883 lapsos,

2238 4904 2509 4976 captivos,
2530 4904 2808 4973 infirmos,
2828 4909 2999 4976 atque
3021 4905 3361 4977 peregrinos
3378 4906 3437 4961 in
3458 4909 3659 4962 mente
3673 4906 3872 4961 habea«

2238 5015 2386 5065 mus,
2418 5000 2480 5052 ut
2503 5014 2601 5052 eos
2625 4998 2901 5053 Dominus
2930 4999 3212 5070 propitius
3256 5000 3567 5069 redimere,
3593 5017 3802 5055 sanare
3822 5004 3872 5053 et

2239 5093 2568 5149 confortare
2605 5092 2894 5163 dignetur.
2936 5090 2998 5155 ἢ).
3053 5096 3255 5153 Chorus
3298 5109 3317 5143 -·
3364 5097 3601 5163 Praesta,
3643 5098 3869 5158 aeterne,

2240 5185 2610 5257 omnipotens
2634 5187 2803 5241 Deus.

2309 5291 2464 5344 Dicat
2482 5290 2765 5360 presbyter
2790 5291 2959 5346 aliam
2989 5294 3306 5349 orationem.

2309 5383 2571 5452 Puriﬁca,
2600 5384 2842 5439 Domine
2866 5386 3034 5455 Deus,
3061 5387 3233 5441 Pater
3257 5387 3651 5459 omnipotens,
3684 5400 3872 5459 pecca-

2239 5480 2433 5532 torum
2452 5494 2665 5534 arcana
2692 5483 3043 5549 nostrorum,
3073 5483 3422 5553 cunctasque
3454 5482 3739 5553 propitius
3763 5497 3874 5536 ma-

2240 5573 2396 5627 culas
2407 5572 2574 5628 ablue
2587 5578 2976 5645 peccatorum,
2992 5591 3058 5629 ac
3074 5579 3306 5646 prmsta,
3329 5576 3596 5644 Domine,
3623 5580 3686 5631 ut
3698 5577 3868 5631 bene-

2239 5665 2369 5721 flcio
2399 5666 2629 5739 pietatis
2653 5672 2784 5737 tute,
2808 5668 3018 5724 nostris
3044 5668 3383 5725 criminibus
3409 5669 3730 5738 emundati,
3753 5687 3874 5725 me-
3972 5734 3973 5739 η

2240 5760 2524 5818 tuendum
2535 5763 2969 5836 terribilemque
2983 5763 3299 5821 adventum
3311 5760 3544 5821 Domini
3556 5764 3738 5822 nostri
3748 5766 3775 5821 J
3782 5780 3876 5819 esu

2243 5855 2450 5912 Christi
2482 5857 2581 5913 filii
2608 5857 2689 5912 tui
2718 5862 3116 5930 exspectemus
3136 5860 3384 5919 interriti
3415 5862 3667 5935 :sicque,
3691 5863 3748 5915 te
3780 5858 3877 5914 mi-
