4014 6230
122 304 194 356 521

724 292 812 351 AD
851 292 1341 352 PRECEDENTIA
1380 295 1713 355 LITUBGUE
1750 296 2164 353 MONLMENTA
2202 295 2537 353 APPENDIX
2579 298 2804 356 PRIMA.

3348 302 3448 358 te?

118 410 321 474 serente,
360 403 447 459 hic
489 403 781 475 percipere
827 420 1155 460 mereamur
1191 403 1447 459 omnium
1488 404 1712 459 veniam
1734 417 1793 491 Α
1814 405 1997 459 socies
2024 405 2438 473 numerandos,
2469 422 2612 478 quos
2644 408 2704 460 in
2742 406 2879 461 ﬁdei
2920 407 3257 479 primordio,
3290 426 3323 462 a
3352 412 3444 464 Jo-

120 501 426 565 delictorum,
454 501 518 552 ut
552 502 718 553 tuum
753 498 814 552 in
838 498 1032 554 futuro
1051 498 1335 568 judicium
1379 497 1540 552 nobis
1580 515 1709 552 sen-

121 596 289 649 tiamus
313 591 537 646 omnino
567 591 955 661 mitissimum,
986 594 1043 645 et
1067 591 1315 646 dexteras
1342 596 1454 645 tua:
1482 591 1710 662 partici-

119 707 198 760 pes
231 687 365 755 facti,
401 702 434 739 a
478 689 534 740 te
570 701 895 739 mereamur
930 689 1221 756 perpetuae
1258 684 1386 738 vitae
1424 684 1715 755 percipere

120 780 399 853 praemium,
426 782 707 849 tuumque
747 794 1166 849 consequemur
1195 777 1491 847 invictum,
1521 776 1712 831 inlini-

119 882 220 930 tum
241 876 291 928 et
314 870 685 927 fortissimum
710 888 978 943 regnum.
1013 869 1077 934 R}.
1108 873 1308 925 Amen.

175 970 305 1023 Dicat
341 964 663 1035 presbyter:
696 965 802 1019 Per
840 964 1287 1019 misericordiam
1329 968 1510 1031 tuam,
1553 965 1701 1018 Deus

119 1065 294 1126 noster,
321 1059 378 1113 in
414 1058 576 1129 cujus
612 1062 938 1129 conspectu,
977 1062 1306 1112 sanctorum
1331 1057 1720 1128 apostolorum

120 1162 162 1211 et
193 1157 509 1224 martyrum,
554 1152 939 1206 confessorum
973 1156 1144 1223 atque
1172 1151 1465 1223 virginum
1488 1151 1719 1205 nomina

118 1248 407 1304 recitantur.
435 1244 499 1305 It}.
534 1247 755 1303 Chorus.
798 1248 999 1300 Amen.
1039 1247 1195 1300 Dicat
1220 1246 1501 1315 presbyter
1531 1264 1546 1299 :
1577 1244 1719 1299 Otia.

116 1347 227 1397 runt
246 1342 349 1395 Deo
374 1339 611 1394 Domino
638 1338 984 1394 oblationem
1011 1338 1329 1394 sacerdotes
1348 1339 1549 1409 nostri,
1572 1354 1719 1410 papa

115 1434 390 1504 Romensis,
405 1438 460 1488 et
478 1433 688 1504 reliqui
715 1449 820 1505 pro
851 1449 911 1488 se
946 1437 1005 1489 et
1032 1449 1136 1504 pro
1166 1432 1325 1487 omni
1345 1433 1496 1487 clero
1521 1449 1586 1486 ac
1604 1432 1718 1503 ple-

114 1529 250 1584 bibus
276 1527 519 1582 Ecclesize
552 1526 782 1582 sibimet
808 1526 1172 1598 consignatis,
1210 1526 1299 1580 vel
1324 1542 1429 1597 pro
1456 1525 1719 1581 universa

111 1621 422 1677 fraternitate
431 1663 443 1675 .
463 1622 602 1675 ltem
614 1620 861 1675 offerunt
868 1620 1114 1675 universi
1126 1619 1462 1691 presbyteri,
1477 1618 1715 1688 diaconi,

113 1714 289 1784 clerici,
327 1731 389 1769 ac
427 1714 627 1786 populi
655 1714 1083 1769 circumstantes
1117 1711 1315 1785 446
1344 1713 1404 1767 in
1439 1713 1718 1767 honorem

1814 499 2009 553 hanne
2043 499 2101 552 in
2130 499 2382 553 Iordane
2416 501 2767 571 paenitentiae
2789 500 2957 555 undis
2986 518 3265 572 aquarum
3297 502 3453 557 ablu-

1815 595 1923 659 tos,
1960 609 1993 645 a
2023 595 2079 645 te
2127 596 2420 662 postremo
2464 610 2570 663 per
2603 594 2804 648 Filium
2832 594 2891 648 in
2919 595 3132 666 Spiritu
3165 601 3363 651 sancto
3395 600 3453 651 et

1815 685 1935 755 igni
1985 686 2391 756 cognoscimus
2443 686 2780 758 baptizatos.
2832 690 3167 760 Respondeat
3214 692 3450 745 chorus:

1814 781 2019 832 Amen.
2052 781 2209 834 Dicat
2243 781 2525 850 presbyter
2556 797 2572 832 :
2602 780 2748 845 Quia
2778 784 2837 835 tu
2873 799 2934 836 es
2962 799 3097 836 vera
3124 782 3312 854 447
3343 800 3451 854 pax

1818 875 2014 926 nostra
2041 876 2099 926 et
2127 873 2374 927 charitas
2408 873 2746 946 indisrupta,
2777 875 2912 929 vivis
2932 880 3123 931 tecum
3155 881 3211 930 et
3240 893 3452 948 regnas

1817 982 1949 1019 cum
1982 965 2196 1036 Spiritu
2221 971 2419 1022 sancto
2444 985 2589 1022 unus
2609 968 2829 1024 Deusin
2855 971 3063 1024 saecula
3087 972 3447 1025 saeculorum.

1819 1057 1862 1122 Β)
1888 1101 1900 1113 .
1935 1061 2138 1117 Chorus
2162 1079 2177 1114 :
2207 1062 2413 1114 Amen.
2442 1065 2599 1117 Dicat
2629 1065 2910 1133 presbyter
2940 1065 3161 1119 elevatis
3204 1066 3455 1121 manibus

1816 1154 1875 1207 in
1901 1153 2087 1207 caelum
2117 1172 2134 1207 :
2163 1153 2357 1208 Gratia
2395 1154 2496 1208 Dei
2542 1156 2725 1209 Patris
2770 1157 3203 1227 omnipotentis,
3246 1176 3355 1229 pax
3386 1175 3449 1213 ac

1820 1246 2047 1301 dilectio
2074 1246 2301 1302 Domini
2324 1247 2504 1302 nostri
2532 1249 2663 1302 Jesu
2694 1249 2901 1303 Christi
2923 1253 2981 1304 et
3004 1251 3450 1307 communicatio

1820 1340 2063 1410 Spiritus
2101 1341 2280 1396 sancti
2321 1341 2394 1395 sit
2424 1358 2655 1412 semper
2695 1359 2827 1396 cum
2859 1344 3126 1398 omnibus
3152 1345 3336 1400 nobis.
3372 1342 3447 1407 Ri.

1820 1436 2065 1492 Chorus:
2109 1436 2178 1488 Et
2216 1451 2345 1489 cum
2391 1435 2657 1489 omnibus
2701 1436 2869 1490 bonae
2925 1438 3251 1493 voluntatis.
3301 1442 3455 1494 Dicat

1810 1528 2131 1597 presbyter:
2171 1528 2474 1591 Quomodo
2506 1528 2722 1596 astatis,
2771 1545 2973 1599 pacem
3005 1531 3195 1585 facite.
3229 1534 3291 1599 nl.
3327 1534 3455 1589 Chao

1816 1636 1929 1675 rus.
1958 1622 2163 1675 Pacem
2189 1638 2380 1675 meam
2414 1620 2486 1676 do
2503 1622 2682 1688 vobis,
2706 1638 2912 1693 pacem
2936 1640 3131 1678 meam
3163 1639 3455 1678 commen-

1820 1714 1893 1767 do
1923 1714 2111 1779 vobis;
2146 1731 2262 1769 non
2302 1715 2445 1769 sicut
2476 1715 2726 1770 mundus
2765 1715 2883 1781 dat,
2918 1704 3121 1787 pacem
3161 1717 3233 1772 do
3274 1718 3451 1772 vobis.

114 1813 404 1863 sanctorum
428 1824 532 1878 pro
560 1823 618 1861 se
647 1811 703 1862 et
731 1807 867 1861 suis.
901 1803 965 1869 Β).
998 1808 1234 1865 Chorus:
1262 1806 1517 1862 Offerunt
1540 1822 1643 1877 pro
1660 1790 1796 1862 seB
1820 1811 1878 1873 ψ.
1916 1809 2136 1862 Novum
2184 1808 2525 1863 mandatum
2565 1809 2637 1864 do
2682 1809 2861 1875 vobis,
2914 1813 2976 1863 ut
3015 1809 3265 1882 diligatis
3312 1810 3453 1866 invi-

116 1908 160 1956 et
175 1919 264 1973 pro
281 1902 543 1956 universa
562 1900 939 1956 fraternitate.
958 1902 1114 1955 Dicat
1133 1901 1378 1956 sacerdos
1397 1919 1413 1954 :
1434 1899 1720 1954 Facientes

115 1994 683 2050 commemorationem
729 1992 1192 2048 beatissimorum
1240 1993 1623 2064 apostolorum
1665 1997 1722 2046 et

116 2094 417 2159 martyrum,
464 2086 727 2159 gloriosae
767 2090 975 2142 sanctas
1011 2086 1197 2141 Mariae
1234 2086 1493 2157 virginis,
1520 2086 1722 2140 Zacha-

116 2182 209 2249 τίω,
261 2181 543 2250 Johannis,
608 2180 914 2249 Infantum,
965 2179 1133 2249 Petri,
1190 2179 1370 2247 Pauli,
1426 2179 1717 2245 Johannis,

115 2274 290 2344 Jacobi,
349 2275 615 2341 Andreas,
670 2273 935 2345 Philippi,
991 2274 1244 2343 Thomas,
1300 2271 1717 2341 Bartholomazi,

116 2368 343 2437 Matthazi,
369 2368 580 2437 Jacobi,
613 2367 861 2423 Simonis
889 2370 945 2421 et
970 2367 1150 2437 Iudae,
1183 2366 1448 2437 Matthiae,
1475 2366 1641 2423 Marci
1666 2370 1723 2420 et

115 2463 267 2517 Lucas.
295 2460 356 2525 ιι).
389 2464 595 2520 Chorus
620 2474 638 2506 -'
664 2462 733 2516 Et
772 2461 1033 2516 omnium
1070 2464 1408 2532 martyrum.
1450 2462 1605 2515 Dicat
1637 2475 1722 2514 sa-

115 2556 294 2611 cerdos:
316 2556 451 2610 Item
478 2572 586 2627 pro
614 2554 908 2627 spiritibus
932 2554 1290 2626 pausantium
1313 2553 1525 2624 Hilarii,
1546 2553 1718 2607 Atha-

115 2649 246 2716 nasii,
273 2649 512 2718 Martini,
543 2648 848 2718 Ambrosii,
876 2648 1199 2720 Augustini,
1228 2645 1527 2719 Fulgentii,
1551 2647 1723 2700 Lean-

115 2743 199 2812 dri,
230 2743 455 2813 Ysidori,
488 2744 683 2814 David,
716 2742 946 2811 Juliani,
979 2742 1117 2797 item
1136 2741 1364 2808 Iuliani,
1388 2740 1556 2808 Petri,
1582 2739 1722 2794 item

114 2838 253 2906 Petri,
287 2837 579 2905 Johannis,
610 2837 766 2893 Servi
804 2836 921 2905 Dei,
963 2835 1217 2904 Visitani,
1257 2834 1494 2902 Viventi,
1527 2833 1718 2902 Felici,

114 2929 364 3014 Cypriani,
415 2930 720 3000 Vincentii,
770 2929 1040 2999 Gerontii,
1086 2927 1387 2998 Zachariae,
1435 2927 1719 2999 Cenapoli,

114 3023 374 3094 Dominici,
425 3023 594 3094 Iusti,
647 3022 960 3091 Saturnini,
1020 3021 1246 3091 Salvati,
1308 3021 1446 3076 item
1496 3019 1719 3090 Salvati,

114 3116 369 3188 Bernardi,
387 3117 716 3187 Reimundi,
733 3117 1023 3187 Johannis,
1042 3115 1363 3183 Celebruni,
1379 3113 1720 3182 Gundisalvi,

1820 1917 1965 1954 cem.
1985 1904 2282 1958 Reiteretur
2304 1921 2320 1956 :
2344 1903 2551 1955 Pacem
2575 1920 2769 1957 meam
2791 1903 2865 1957 do
2886 1903 3064 1958 vobis.
3097 1911 3156 1973 γ.
3187 1904 3378 1959 Gloria
3400 1908 3455 1960 et

1820 1994 2009 2049 honor
2029 1995 2182 2049 Patri
2214 1998 2272 2049 et
2298 1994 2436 2049 Filio
2468 1998 2526 2049 et
2546 1995 2779 2066 Spiritui
2803 1999 2999 2050 sancto
3032 1996 3090 2050 in
3123 1999 3331 2053 saecula
3358 2016 3455 2053 sae-

1822 2089 2082 2142 culorum
2115 2104 2308 2143 amen.
2332 2091 2633 2144 Reiteretur
2660 2108 2676 2143 :
2709 2090 2916 2143 Pacem
2940 2106 3151 2144 meam.

1890 2184 2111 2237 Interim
2146 2183 2364 2253 quando
2391 2184 2593 2240 Chorus
2632 2183 2765 2237 dicit
2798 2184 3047 2237 :Pacem
3077 2199 3290 2249 meam,
3323 2186 3459 2240 acci-

1814 2278 1939 2346 piat
1972 2276 2215 2330 sacerdos
2254 2291 2442 2345 pacem
2479 2277 2545 2331 de
2578 2281 2783 2346 patena
2825 2277 3046 2331 dicendo
3085 2280 3204 2332 sic:
3238 2278 3453 2333 Habete

1821 2370 2077 2423 osculum
2110 2368 2432 2423 dilectionis
2458 2372 2515 2423 et
2541 2369 2795 2440 pacis,ut
2811 2370 2929 2441 apti
2947 2370 3066 2425 sitis
3079 2373 3455 2426 sacrosanctis

1821 2462 2106 2533 mysteriis
2143 2462 2357 2516 Dei.....
2404 2466 2475 2517 Et
2510 2466 2698 2517 statim
2738 2464 2829 2517 det
2865 2479 3053 2534 pacem
3102 2464 3323 2519 diacono
3374 2467 3460 2520 vel

1814 2572 2009 2627 puero,
2033 2560 2084 2610 et
2104 2572 2241 2626 puer
2263 2558 2482 2627 populo.
2512 2559 2702 2611 Postea
2727 2558 2950 2612 inclinet
2973 2573 3028 2612 se
3049 2558 3294 2613 sacerdos
3322 2559 3455 2627 jun-

1820 2653 1917 2704 ctis
1940 2650 2190 2704 manibus
2213 2654 2264 2704 et
2288 2650 2468 2704 dicat:
2490 2650 2745 2705 Introibo
2776 2650 2849 2704 ad
2881 2651 3060 2704 altare
3091 2651 3207 2706 Dei.
3232 2653 3292 2719 at.
3326 2653 3456 2710 Cho-

1820 2758 1913 2798 rus
1941 2760 1957 2795 :
1988 2742 2074 2796 Ad
2093 2745 2274 2797 Deum
2302 2743 3039 2814 quileetiﬁcatjuventutem
3062 2761 3274 2799 meam.
3313 2747 3461 2801 Pres-

1824 2837 1974 2905 byter
1994 2841 2165 2907 ponat
2190 2852 2412 2891 manum
2439 2852 2602 2907 super
2624 2839 2843 2892 calicem
2872 2842 2924 2892 et
2947 2838 3097 2893 dicat
3124 2851 3141 2887 -·
3175 2840 3356 2892 Aures
3386 2839 3461 2893 ad

1821 2929 2147 2985 Dominum.
2182 2929 2243 2992 Β).
2274 2931 2475 2988 Chorus
2502 2946 2518 2981 :
2551 2930 2840 2984 Habemus
2859 2930 2931 2984 ad
2948 2931 3280 2986 Dominum.
3309 2934 3463 2987 Dicat

1816 3024 2099 3095 presbyter
2130 3043 2146 3078 :
2182 3024 2419 3079 Sursum
2459 3024 2653 3078 corda.
2690 3022 2753 3087 Β).
2791 3026 2992 3082 Chorus
3028 3046 3045 3081 :
3078 3025 3358 3080 Levemus
3388 3026 3462 3080 ad

1824 3115 2156 3171 Dominum.
2180 3120 2337 3172 Dicat
2354 3117 2636 3188 presbyter
2664 3119 2978 3173 inclinanda
3002 3134 3056 3173 se
3068 3119 3274 3188 junctis
3292 3122 3465 3175 mani-

114 3164 369 3188 ---_....,
387 3164 716 3187 ----.........-,
734 3164 1023 3187 -ν..-....--,
1049 3164 1363 3183 ----____-,
1386 3164 1720 3182 την-πη
1824 3164 2156 3171 _--..---_---.
2180 3164 2331 3172 νην--
2354 3164 2410 3188 ι..
2430 3164 2619 3186 ---υ-η
2666 3164 2975 3173 -.--.-.....-..-
3002 3164 3271 3188 νυν-..νην

110 3208 321 3282 Martini,
377 3212 661 3281 Roderici,
710 3211 1002 3282 Johannis,
1047 3208 1284 3278 Guterii,
1334 3207 1536 3278 Sancii,
1587 3164 1799 3262 itemC
1829 3212 1924 3266 bus
1953 3230 1969 3265 :
1998 3211 2115 3266 Deo
2143 3227 2208 3265 ac
2241 3210 2487 3265 Domino
2526 3214 2721 3265 nostro
2762 3213 2894 3265 Iesu
2933 3211 3155 3266 Christo
3190 3212 3327 3267 Filio
3360 3211 3461 3266 Dei

111 3302 287 3371 Sancii,
314 3305 613 3375 Dominici,
641 3304 869 3374 Juliani,
897 3304 1167 3376 Philippi,
1195 3301 1485 3374 Stephani,
1525 3300 1727 3355 Iohan-

109 3395 199 3465 nis,
227 3397 360 3453 item
396 3398 696 3469 Johannis,
736 3398 958 3453 Felicis.
988 3398 1051 3463 ltl.
1081 3396 1282 3452 Chorus
1315 3414 1331 3450 :
1362 3397 1429 3451 Et
1467 3393 1726 3450 omnium

111 3474 469 3561 pausantium.

167 3605 308 3659 Dicat
324 3604 616 3675 presbyter
634 3607 759 3674 post
787 3604 1011 3658 nomina
1042 3621 1058 3657 :

165 3701 229 3756 Te
272 3717 625 3773 quaesumus,
674 3700 914 3756 Domine
956 3702 1087 3757 Iesu
1127 3699 1368 3767 Christe,
1414 3703 1479 3755 ut
1503 3696 1727 3754 dilectio

111 3794 355 3851 adventus
381 3794 470 3850 tui
496 3795 577 3850 ita
601 3793 661 3849 in
693 3794 860 3849 nobis
887 3797 1237 3867 permaneat,
1267 3810 1341 3848 ne
1364 3793 1436 3848 ad
1470 3799 1526 3849 te
1561 3794 1731 3849 corda

112 3892 279 3943 nostra
296 3905 578 3961 umquam
592 3889 890 3958 recedant;
916 3889 1107 3960 sicque
1129 3905 1235 3944 nos
1242 3888 1365 3959 jam
1379 3887 1439 3942 in
1456 3892 1732 3943 mternam

112 3981 513 4039 advocationem
548 3982 810 4050 asscribe,
841 3986 907 4037 ut
935 3983 1006 4037 ad
1039 3981 1301 4038 futurum
1333 3999 1450 4036 non
1489 3982 1729 4036 confun-

115 4074 313 4147 damur,
326 4094 461 4133 cum
473 4076 548 4132 ad
562 4076 941 4147 judicandum
956 4076 1178 4132 veneris
1189 4076 1406 4131 orbem.
1423 4071 1489 4138 Β).
1509 4077 1729 4142 Chorus,

114 4171 288 4226 Amen.
330 4175 491 4228 Dicat
524 4171 806 4241 presbyter
844 4188 860 4225 :
899 4169 1043 4234 Quia
1088 4171 1150 4225 tu
1194 4186 1251 4224 es
1296 4169 1411 4225 vita
1450 4168 1729 4238 vivorum,

112 4263 292 4320 sanitas
311 4265 698 4331 inﬁrmorum,
732 4280 796 4319 ac
831 4264 1056 4336 requies
1084 4264 1343 4319 omnium
1368 4262 1628 4319 ﬁdelium
1641 4262 1735 4317 de-

108 4354 407 4416 functorum
436 4360 502 4415 in
533 4365 746 4416 aeterna
771 4359 978 4414 saecula
996 4358 1357 4413 saeculorum.
1388 4362 1453 4428 κ).
1487 4359 1689 4417 Chorus
1715 4374 1731 4411 :

113 4452 296 4508 Amen.

672 4530 846 4582 Oratio
870 4530 936 4582 ad
964 4543 1167 4596 pacem.

172 4616 321 4671 Dicat
342 4614 625 4688 presbyter
654 4635 670 4671 :

175 4708 406 4766 Domine
427 4709 573 4767 Deus
599 4711 979 4783 omnipotens,
1004 4710 1105 4782 qui
1130 4726 1233 4782 pro
1262 4707 1498 4765 humani
1522 4708 1745 4781 generis

115 4803 485 4877 redemptione
522 4811 869 4862 comternum
906 4805 1011 4861 tibi
1049 4805 1509 4877 coaequalemque
1539 4801 1745 4858 Filium

116 4903 352 4975 angelica
388 4904 846 4974 annuntiatione,
884 4920 989 4975 per
1024 4903 1215 4959 Mariae
1251 4902 1490 4974 virginis
1516 4905 1745 4957 uterum

115 5010 277 5068 usque
301 4999 375 5055 ad
402 5016 508 5055 nos
532 4998 756 5055 voluisti
782 4997 1189 5068 transmittere,
1217 5001 1387 5069 atque
1415 5000 1548 5052 ante
1572 4993 1746 5067 ipsius

118 5087 225 5145 Filii
253 5093 337 5147 tui
372 5095 683 5150 adventum
719 5092 1035 5148 Iohannem
1071 5093 1340 5165 dignatus
1371 5106 1431 5147 es
1463 5089 1746 5146 destinare

117 5198 444 5257 praeconem,
474 5192 540 5244 ut
572 5204 677 5260 per
714 5188 842 5260 ejus
877 5186 1183 5243 veridicam
1220 5187 1282 5242 in
1311 5186 1532 5242 deserto
1570 5180 1746 5238 eremi

119 5281 567 5349 medicationem
586 5283 834 5356 populus
847 5281 1126 5355 pmnitens
1145 5286 1516 5338 veternorum
1531 5278 1745 5333 facino-

123 5390 237 5430 rum
263 5378 543 5451 acciperet
578 5378 822 5445 veniam,
848 5393 955 5449 per
979 5359 1113 5431 novi
1143 5380 1336 5431 autem
1360 5371 1612 5429 hominis
1648 5370 1748 5425 Dei

123 5481 350 5539 regnum
412 5472 846 5545 evangelizantis
913 5470 1116 5526 divinae
1178 5468 1467 5524 Trinitatis
1521 5467 1750 5539 plenam

124 5563 355 5619 mundus
409 5566 678 5639 consequi
725 5570 1019 5622 mereatur
1071 5562 1421 5620 ineffabilem
1468 5558 1744 5633 gratiam;

127 5652 258 5709 dona
289 5657 458 5713 nobis
485 5658 546 5714 in
571 5660 678 5715 hoc
723 5666 982 5733 tempore
1017 5657 1309 5715 Adventus
1348 5653 1638 5726 Unigeniti
1666 5652 1752 5708 tui

127 5750 375 5809 eamdem
413 5754 563 5826 pacis
607 5755 849 5828 gratiam
896 5771 1070 5829 quam
1103 5754 1165 5809 in
1198 5749 1496 5827 praeterita
1541 5747 1751 5820 largire

124 5841 378 5915 dignatus
422 5863 477 5905 es
524 5850 755 5919 saecula;
810 5853 866 5904 et
902 5848 1013 5905 illis
1064 5864 1167 5904 nos
1227 5846 1288 5902 in
1343 5856 1576 5901 occursu
1616 5839 1751 5899 ﬁdei

1830 3304 1927 3375 qui
1960 3308 2045 3358 est
2074 3304 2132 3358 in
2166 3304 2341 3371 caelis,
2394 3303 2600 3375 dignas
2640 3303 2841 3358 laudes
2886 3303 3208 3375 dignasque
3249 3306 3464 3376 gratias

1829 3398 2165 3452 referamus.
2206 3400 2277 3453 Et
2318 3398 2542 3452 dicendo
2580 3414 2596 3449 :
2634 3397 2856 3452 Gratias
2912 3398 3255 3466 referamus,
3304 3400 3467 3455 elevet

1828 3492 2073 3547 sacerdos
2101 3506 2291 3546 manus
2314 3493 2373 3545 in
2415 3492 2609 3545 altum.
2643 3488 2707 3553 ιι).
2738 3492 2938 3549 Chorus
2966 3503 2983 3538 ι
3005 3491 3253 3563 Dignum
3290 3496 3347 3547 et
3369 3493 3463 3564 ju-

1834 3587 1985 3639 stum
2008 3587 2112 3640 est.
2143 3587 2333 3639 Postea
2358 3585 2509 3639 dicat
2519 3584 2809 3655 presbyter
2832 3603 2849 3639 .-

2549 3684 2750 3735 lnlatio.

1906 3770 2156 3842 Dignum
2177 3772 2235 3825 et
2246 3771 2467 3842 justum
2502 3772 2588 3823 est
2612 3786 2718 3823 nos
2750 3769 2851 3823 tibi
2886 3766 3101 3840 gratias
3128 3788 3323 3844 agere,
3356 3772 3467 3831 Do-

1837 3864 1992 3919 mine
2033 3867 2249 3929 sancte,
2280 3866 2449 3919 Pater
2491 3866 2726 3929 aeterne,
2761 3864 3132 3934 omnipotens
3161 3866 3330 3935 Deus,
3365 3884 3471 3939 per

1833 3960 2027 4014 Iesum
2061 3957 2345 4012 Christum
2384 3956 2587 4011 Filium
2634 3960 2796 4011 tuum
2836 3956 3145 4014 Dominum
3186 3964 3469 4031 nostrum,

1834 4068 2009 4124 quem
2034 4051 2329 4106 Iohannes
2354 4050 2541 4104 fidelis
2579 4050 2797 4105 amicus
2828 4052 3123 4123 prmcessit
3148 4056 3469 4124 nascendo;

1834 4149 2125 4221 prmcessit
2160 4148 2219 4203 in
2252 4148 2492 4204 desertis
2533 4148 2715 4204 eremi
2759 4150 3152 4221 praedicando,
3186 4153 3475 4224 praecessit

1832 4242 2179 4314 baptizando
2202 4260 2215 4310 ;
2249 4243 2403 4298 viam
2430 4259 2661 4314 quoque
2692 4260 3027 4315 praeparans
3051 4244 3251 4316 judicii
3290 4263 3355 4301 ac
3381 4262 3470 4300 re-

1835 4337 2175 4409 demptoris,
2206 4336 2540 4393 convocavit
2566 4340 2900 4409 peccatores
2932 4338 3005 4392 ad
3035 4339 3432 4409 paenitentiam
3458 4354 3471 4407 ;

1837 4435 1895 4487 et
1926 4433 2205 4503 populum
2236 4430 2518 4487 Salvatori
2558 4431 2890 4503 adquirens,
2916 4431 3225 4502 baptizavit
3253 4430 3312 4486 in
3347 4435 3473 4489 Ior-

1758 4535 1818 4609 D
1842 4522 1991 4580 dane
2012 4528 2249 4597 peccata
2276 4524 2510 4596 propria
2540 4526 2914 4593 conﬁtentes;
2945 4540 3062 4579 non
3091 4524 3357 4581 homines
3386 4525 3473 4580 in-

1843 4618 2110 4673 novando
2171 4619 2407 4689 plenam
2448 4619 2751 4674 conferens
2789 4619 3055 4690 gratiam,
3103 4618 3203 4673 sed
3235 4617 3477 4691 piissimi

1844 4710 2153 4768 Salvatoris
2180 4727 2527 4766 ammonens
2563 4713 2889 4784 exspectare
2919 4694 3291 4783 praesentiam
3309 4731 3323 4781 ;
3357 4730 3475 4769 non

1844 4804 2144 4861 remittens
2163 4804 2286 4877 ipse
2316 4808 2553 4876 peccata
2581 4804 2655 4859 ad
2676 4821 2735 4858 se
2761 4803 3140 4874 venientibus,
3164 4805 3265 4861 sed
3282 4805 3479 4862 remis-

1845 4900 2067 4955 sionem
2103 4902 2473 4972 peccatorum
2504 4897 2579 4952 ad
2605 4898 2863 4952 futurum
2892 4899 3170 4969 pollicens
3197 4917 3321 4956 esse
3348 4919 3473 4959 cre-

1846 4992 2151 5061 dentibus;
2196 4996 2258 5048 ut
2292 4991 2773 5047 descendentibus
2820 4991 2877 5045 in
2913 5009 3065 5064 aqua
3103 4994 3476 5066 paenitentiae,

1848 5087 1919 5141 ab
1945 5086 2042 5141 illo
2074 5088 2378 5158 sperarent
2392 5084 2717 5140 remedium
2737 5085 3136 5157 indulgentiae,
3156 5106 3330 5161 quem
3350 5107 3480 5146 ven-

1845 5183 2039 5234 turum
2076 5180 2391 5234 audiebant
2423 5179 2661 5250 plenum
2703 5178 2855 5234 dono
2887 5178 3142 5236 veritatis
3171 5185 3229 5236 et
3258 5182 3487 5255 gratiae-.-

1848 5272 2175 5345 Baptizatur
2200 5273 2376 5344 igitur
2407 5272 2479 5326 ab
2506 5289 2574 5327 eo
2606 5258 2951 5328 Christusex
2971 5274 3261 5343 clementr;
3284 5272 3486 5346 visibili

1848 5370 1907 5422 et
1929 5366 2131 5439 spiritu
2153 5364 2447 5421 invisibili:
2480 5364 2839 5421 ducebantur
2868 5382 2976 5440 por
3002 5367 3378 5436 cbedentiam
3411 5384 3484 5438 ad

1848 5459 2338 5527 misericordiam;
2366 5475 2473 5530 per
2500 5457 2686 5517 ﬁlium
2732 5458 2943 5523 sterilis
2988 5470 3063 5525 ad
3092 5472 3274 5528 filium
3300 5475 3482 5549 Virgi-

1850 5554 1971 5623 nis;
2002 5570 2107 5627 per
2140 5549 2689 5626 448-Iohannem
2734 5560 3035 5619 hominem
3079 5582 3381 5639 magnum,
3411 5570 3485 5626 ad

1848 5648 2136 5706 Christum
2167 5645 2471 5703 hominem
2509 5650 2714 5707 Deum.
2761 5654 2870 5719 Qui
2901 5672 3033 5712 cum
3058 5661 3227 5716 Patre
3270 5665 3327 5716 et
3357 5662 3484 5735 Spi-

1850 5743 1964 5800 ritu
1984 5746 2183 5800 sancto
2212 5742 2461 5799 adorant
2478 5745 2670 5816 angeli
2699 5750 2872 5819 atque
2890 5749 3244 5824 archangeli,
3267 5753 3482 5813 throni.

1853 5837 2279 5894 dominationes
2305 5839 2363 5891 et
2385 5838 2721 5909 potestates,
2752 5838 2833 5895 ita
2864 5840 3124 5903 dicentes
3156 5860 3169 5904 :
