4014 6230
517 314 620 373 423

593 419 655 490 Β).
682 426 880 482 Chorus
906 442 922 478 :

592 519 856 586 Sanctus,
902 518 1163 585 Sanctus,
1208 519 1467 583 Sanctus,
1525 518 1803 572 Dominus
1843 519 1993 572 Deus
2048 518 2147 572 Sa-

520 612 718 667 baoth.
770 611 932 667 Pleni
967 614 1098 664 sunt
1135 610 1257 666 caeli
1305 613 1361 663 et
1403 613 1557 664 terra
1605 611 1790 681 gloria
1835 611 2153 680 majestatis

516 710 660 772 tum;
697 722 918 761 osanna
934 705 1051 758 ﬁlio
1078 704 1277 773 David,
1302 719 1523 757 osanna
1542 704 1601 757 in
1625 705 1876 758 excelsis.
1909 704 2151 757 Benedi-

519 801 641 853 ctus
667 799 764 869 qui
796 798 951 853 venit
969 798 1026 850 in
1056 796 1289 851 nomine
1310 796 1558 863 Domini,
1578 814 1799 852 osanna
1816 797 1875 851 in
1897 797 2148 851 excelsis.

588 921 746 974 Dicat
766 918 1050 988 presbyter
1065 921 1189 987 post
1215 916 1459 971 Sanctus
1494 933 1506 969 :

586 1022 729 1075 Vere
766 1024 995 1073 sanctus
1035 1022 1093 1072 et
1126 1019 1411 1090 gloriosus
1444 1018 1719 1074 Dominus
1769 1021 1964 1072 noster
1994 1019 2153 1072 lesus

518 1112 771 1169 Christus
803 1113 971 1167 Filius
998 1116 1146 1180 tuus,
1179 1129 1351 1184 quem
1380 1112 1516 1166 olim
1556 1112 1844 1166 credimus
1882 1111 2149 1166 incarna-

514 1211 640 1261 tum
661 1207 834 1261 fuisse
862 1224 966 1277 pro
994 1207 1174 1261 salute
1207 1206 1446 1260 humani
1477 1206 1738 1277 generis;
1764 1208 1822 1259 et
1864 1222 2017 1259 nunc
2058 1222 2151 1258 ex-

516 1303 841 1371 spectamus
864 1301 937 1354 ad
954 1300 1239 1370 judicium
1258 1303 1563 1354 venturum
1592 1300 1651 1353 in
1670 1299 1854 1370 gloria
1880 1298 2154 1352 claritatis

517 1412 647 1449 cum
706 1395 972 1450 omnibus
1006 1394 1235 1461 sanctis,
1269 1394 1389 1465 ipse
1448 1393 1726 1448 Dominus
1762 1409 1826 1447 ac
1859 1393 2155 1447 redemtor

502 1491 787 1543 aeternus.

588 1608 786 1663 Deinde
826 1610 975 1663 dicat
1002 1609 1283 1679 presbyter
1322 1610 1379 1661 in
1416 1608 1628 1662 silentio
1658 1607 1863 1676 junctis
1908 1608 2156 1661 manibus

516 1702 827 1756 inclinando
853 1718 906 1757 se
935 1707 1060 1756 ante
1085 1703 1261 1755 altare
1285 1702 1425 1755 hanc
1448 1704 1743 1755 orationem
1772 1723 1790 1755 .-

590 1803 818 1869 Adesto,
876 1804 1095 1871 adesto,
1137 1806 1268 1857 Jesu
1320 1804 1473 1858 bone
1530 1803 1810 1874 pontifex,
1857 1802 1915 1854 in
1958 1801 2231 1876 medioB

520 1897 722 1964 nostri,
754 1897 898 1951 sicut
926 1897 1080 1951 fuisti
1106 1897 1167 1950 in
1199 1897 1394 1951 medio
1423 1897 1832 1967 discipulorum
1890 1898 2151 1960 tuorum;

520 1990 700 2043 sancti
721 1991 876 2054 Hica
891 1991 1041 2045 hanc
1073 1990 1446 2058 oblationem,
1468 1990 1506 2052 -Ῑο
1532 1993 1595 2044 ut
1615 1988 1971 2044 sanctiﬁcata
2000 1996 2038 2057 -ξο
2060 2006 2152 2041 su-

518 2100 745 2138 mamus
774 2100 880 2154 per
907 2100 1113 2137 manus
1130 2084 1311 2137 sancti
1339 2083 1533 2154 angeli
1560 2083 1662 2150 tui,
1686 2084 1882 2136 sancte
1914 2081 2152 2136 Domine

519 2193 584 2230 ac
614 2177 908 2231 redemtor
939 2180 1175 2231 aeterne.
1202 2177 1480 2231 Dominus
1506 2178 1877 2230 nosterJesus
1900 2174 2155 2230 Christus

518 2269 579 2323 in
612 2286 725 2341 qua
753 2274 923 2324 nocte
949 2270 1287 2324 tradebatur
1317 2271 1537 2341 accepit
1570 2286 1804 2341 panem,
1852 2273 1909 2322 et
1940 2267 2153 2337 gratias

520 2380 700 2434 agens
729 2364 877 2416 bene
919 2369 957 2432 ἰ-
998 2363 1138 2417 dixit
1176 2380 1241 2417 ac
1281 2364 1455 2433 fregit
1501 2380 1513 2416 :
1556 2362 1828 2432 deditque
1865 2360 2156 2431 discipulis

519 2456 635 2510 suis
660 2457 876 2523 dicens,
900 2456 1140 2526 accipite
1170 2461 1228 2510 et
1258 2456 1605 2509 manducate
1637 2472 1649 2509 :
1690 2457 1803 2509 Hoc
1834 2458 1920 2508 est
1949 2470 2156 2524 corpus

521 2566 717 2603 meum
742 2549 897 2621 quod
928 2566 1033 2620 pro
1065 2550 1224 2603 vobis
1250 2549 1512 2603 tradetur
1534 2548 1629 2620 (a).
1664 2551 1766 2603 Hic
1792 2549 2023 2603 elevetur
2046 2563 2156 2601 cor-

518 2663 641 2719 pus.
670 2648 1156 2718 Quotiescumque
1183 2646 1687 2715 manducaveritis,
1723 2647 1830 2700 hoc
1872 2646 2045 2699 facite
2096 2645 2153 2698 in

522 2758 718 2795 meam
746 2747 785 2809 ἧι
816 2740 1451 2795 commemorationem.
1493 2740 1766 2796 Similiter
1802 2744 1859 2793 et
1896 2740 2152 2804 calicem,

518 2839 828 2907 postquam
853 2835 1113 2901 caenavit,
1137 2834 1333 2888 dicens
1364 2852 1377 2889 :
1408 2834 1506 2887 Hic
1533 2831 1570 2894 -ξ-
1601 2836 1688 2887 est
1717 2832 1857 2887 calix
1886 2832 2017 2887 novi
2051 2833 2151 2886 Te-

521 2928 793 2983 stamenti
848 2928 905 2982 in
959 2944 1093 2982 meo
1140 2928 1419 2999 sanguine
1465 2926 1564 2998 qui
1602 2943 1707 2997 pro
1748 2925 1906 2981 vobis
1949 2929 2007 2980 et
2051 2942 2154 2997 pro

520 3022 715 3078 multis
745 3021 1073 3076 effundetur
1096 3021 1155 3075 in
1198 3021 1601 3076 remissionem
1630 3023 2020 3091 peccatorum.
2056 3021 2158 3074 Hic

518 3118 750 3172 elevatur
792 3117 938 3171 calia:
974 3119 1245 3186 coopertus
1280 3131 1399 3169 cum
1449 3115 1643 3182 filiola.
1686 3113 2154 3183 Quotiescunque

1303 317 1633 372 APPENDIX
1674 317 1760 371 AD
1798 316 2020 391 OPERA
2058 315 2291 371 SANCTI
2329 316 2627 372 GERMANI
2667 313 3096 373 PARISIENSIS.
3804 309 3895 369 424

2174 439 2232 507 Α

2930 689 3251 755 Corporatio

2306 977 2319 1295 ι
2516 1203 2663 1255 Mors
2824 985 2835 1295 Ι
2952 1172 3223 1254 Nativitas
3339 983 3355 1295 Ι
3430 1202 3796 1253 Resurrectio
3865 972 3873 1295 |

2821 1489 2831 1798 Ι
2906 1720 3269 1772 Circumcisio
3337 1489 3349 1798 Ι
3545 1718 3739 1770 Gloria

2952 1172 3223 1254 Nativitas
3340 1172 3351 1254 Ι
3430 1202 3796 1253 Resurrectio

2821 1694 2834 2053 ι
2906 1720 3269 1772 Circumcisio
3545 1718 3739 1770 Gloria

2821 2056 2832 2391 Ι
2938 2316 3222 2379 Apparitio
3503 2313 3771 2378 Regnum

3000 2847 3190 2896 Passio

2906 1720 3269 1772 Circumcisio

2938 2316 3222 2379 Apparitio
3337 2313 3349 2379 |
3503 2313 3771 2378 Regnum

519 3209 797 3275 biberitis,
826 3209 934 3263 hoc
959 3208 1128 3262 facite
1150 3208 1211 3261 in
1238 3224 1434 3262 meam
1452 3207 1489 3269 ἦ·
1516 3206 2153 3261 commemorationem.
2179 3171 2233 3245 Ο
2333 3207 2525 3282 450
2556 3210 2837 3266 Dominus
2864 3209 2936 3264 sit
2955 3228 3187 3282 semper
3214 3211 3527 3266 vobiscum.
3561 3209 3625 3273 nl.
3655 3212 3727 3266 Et
3752 3226 3901 3266 cum.

521 3306 590 3358 Et
615 3319 734 3356 cum
752 3309 1068 3372 perventum
1094 3304 1263 3368 fuerit
1282 3302 1378 3355 ubi
1394 3301 1527 3355 dicit
1555 3320 1571 3354 :
1605 3303 1667 3353 In
1691 3316 1883 3354 meam
1911 3316 2158 3354 comme-

523 3395 932 3461 morationem,
960 3398 1115 3450 Dicat
1133 3396 1414 3466 presbyter
1429 3395 1547 3449 alta
1572 3410 1694 3449 voce
1709 3396 1951 3449 omnibus
1974 3394 2158 3448 diebus

519 3494 720 3561 praeter
754 3491 983 3557 festiuis.
1031 3491 1164 3543 Pari
1199 3489 1354 3543 modo
1390 3489 1482 3543 ubi
1519 3488 1697 3542 dicit:
1736 3490 1797 3540 ln
1837 3487 2156 3541 claritatem

524 3584 597 3638 de
622 3582 792 3637 caelis.
813 3585 883 3639 Et
908 3583 1147 3653 qualibet
1180 3586 1294 3638 vice
1321 3582 1642 3653 respondeat
1669 3583 1870 3639 Chorus
1901 3597 1917 3632 :
1948 3582 2153 3634 Amen.

596 3676 1058 3747 Quotiescunque
1111 3675 1597 3731 manducaveritis
1650 3691 1865 3745 panem
1908 3675 2059 3728 hunc
2100 3677 2159 3728 et

521 3771 761 3827 calicem
793 3770 966 3824 istum
994 3770 1273 3837 biberitis,
1310 3773 1562 3824 mortem
1589 3768 1820 3823 Domini
1845 3767 2153 3823 annuntia-

520 3865 654 3921 bitis
685 3865 870 3919 donec
894 3863 1102 3918 veniet.
1133 3866 1196 3918 1n
1222 3862 1543 3918 claritatem
1568 3861 1607 3923 ἦ·
1636 3862 1708 3916 de
1736 3862 1904 3917 cailis.
1935 3864 1997 3929 ιι).
2030 3862 2157 3919 Cho-

522 3975 616 4016 rus
641 3978 657 4013 :
678 3960 881 4012 Amen.
1272 3972 1285 3977 -

593 4053 751 4108 Dicat
769 4051 1050 4122 presbyter
1074 4053 1197 4120 post
1223 4046 1413 4103 Pridie
1444 4066 1455 4103 ς

1240 4168 1432 4219 Oratio.

596 4266 837 4323 Domine
868 4268 999 4322 Jesu
1040 4264 1279 4332 Christe,
1316 4265 1466 4319 hanc
1500 4265 1747 4320 hostiam
1792 4264 1977 4319 vivam
2026 4263 2150 4319 illu-

523 4366 799 4423 stratione
830 4364 1107 4419 adventus
1134 4363 1216 4417 tui
1243 4363 1569 4428 sanctiﬁca;
1602 4366 1664 4415 ut
1688 4379 1755 4415 ex
1791 4378 1859 4416 ea
1886 4361 2151 4429 libantes,

522 4460 873 4518 mundemur
900 4476 934 4512 a
968 4457 1231 4524 crimine,
1277 4460 1334 4511 et
1364 4461 1523 4511 tuam
1546 4456 1795 4525 gratiam
1823 4472 2155 4510 mereamur

522 4555 820 4629 percipere
847 4553 968 4607 sine
1001 4554 1136 4606 ﬁne.
1172 4558 1234 4622 Β).
1262 4552 1468 4604 Amen.

591 4679 783 4731 Postea
806 4675 955 4728 dicat
975 4674 1258 4744 presbyter
1279 4689 1296 4724 :

591 4766 784 4841 449
809 4769 883 4822 Te
912 4768 1240 4838 przestante,
1282 4767 1475 4818 sancte
1507 4762 1770 4831 Domine,
1802 4763 1899 4834 qui
1932 4768 1992 4817 tu
2033 4764 2154 4817 haec

520 4862 720 4921 omnia
759 4861 922 4917 nobis
951 4859 1207 4931 indignis
1233 4857 1409 4912 servis
1448 4856 1561 4911 tuis
1590 4856 1757 4912 valde
1785 4857 1941 4912 bona
1971 4874 2150 4925 creas,

521 4952 760 5018 sancti-l-
788 4951 943 5017 ﬁcas,
975 4949 1224 5003 viviﬁcas
1247 4949 1303 5017 +,
1339 4949 1494 5003 bene
1560 4947 1727 5001 dicis
1750 4956 1789 5018 -ι-
1828 4964 1891 5002 ac
1918 4952 2153 5018 praestas

521 5047 705 5115 nobis,
742 5050 807 5100 ut
848 5046 920 5099 sit
956 5043 1262 5097 benedicta
1308 5059 1341 5096 a
1377 5046 1431 5096 te
1473 5042 1591 5096 Deo
1628 5044 1826 5097 nostro
1854 5041 1913 5096 in
1946 5043 2153 5097 saecula

520 5142 881 5199 saeculorum.
913 5137 977 5203 η).
1010 5139 1212 5194 Chorus
1236 5153 1251 5188 :
1276 5138 1482 5190 Amen.

587 5269 658 5324 Et
675 5270 798 5321 tunc
818 5260 1109 5333 presbyter.
1122 5260 1355 5329 accipiat
1374 5272 1565 5329 corpus
1591 5259 1806 5312 Domini
1829 5257 1897 5312 de
1926 5263 2151 5328 patena,

516 5370 567 5420 et
592 5364 759 5434 ponat
784 5372 946 5429 super
960 5353 1177 5410 calicem
1203 5352 1615 5422 discoopertum,
1637 5355 1688 5405 et
1714 5351 1867 5406 dicat
1888 5352 2004 5406 alta
2031 5367 2152 5406 voce

516 5455 759 5514 omnibus
790 5452 996 5515 diebus,
1020 5447 1271 5504 videlicet
1295 5446 1505 5513 festiuis
1541 5449 1592 5500 et
1619 5446 1928 5507 Dominicis,
1952 5449 2153 5514 praeter

515 5554 576 5607 in
605 5550 750 5612 locis,
771 5549 829 5601 in
851 5545 1044 5617 quibus
1064 5543 1168 5598 erit
1192 5538 1492 5611 antiphona
1514 5540 1746 5609 propria
1781 5537 1857 5593 ad
1901 5539 2149 5607 confrac-

520 5647 715 5701 tionem
734 5642 897 5713 panis
922 5660 939 5695 .·

2330 3306 2487 3359 Dicat
2507 3305 2792 3375 presbyter
2812 3323 2829 3358 :

2331 3397 2526 3452 Fidem
2560 3414 2736 3468 quam
2763 3398 2935 3454 corde
2966 3399 3254 3454 credimus
3281 3417 3380 3455 ore
3401 3405 3600 3455 autem
3619 3399 3899 3455 dicamus.

2258 3494 2329 3546 Et
2351 3491 2517 3545 elevet
2539 3492 2786 3547 sacerdos
2812 3508 3002 3563 corpus
3030 3495 3231 3550 Christi
3256 3500 3316 3549 ut
3340 3495 3596 3549 videatur
3619 3510 3657 3548 a
3676 3494 3897 3565 populo.

2258 3587 2326 3639 Et
2355 3584 2502 3640 dicat
2528 3586 2716 3640 chorus
2739 3587 3051 3655 Symbolum
3081 3587 3197 3641 bini
3218 3603 3281 3642 ac
3312 3588 3443 3649 bini,
3474 3588 3760 3642 videlicet:

2331 3677 2634 3732 Credimus
2663 3679 2721 3732 in
2744 3696 2924 3733 unum
2952 3680 3134 3734 Deum
3160 3681 3389 3735 Patrem
3412 3680 3899 3751 omnipotentem,

2257 3770 2538 3825 factorem
2570 3773 2692 3826 caeli
2724 3775 2779 3826 et
2800 3776 2966 3827 terra:
2992 3791 3005 3840 ;
3039 3773 3350 3828 visibilium
3379 3774 3645 3829 omnium
3677 3778 3735 3828 et
3758 3774 3901 3827 invi-

2259 3863 2509 3919 sibilium
2528 3865 2908 3921 conditorem.
2931 3866 2998 3921 Et
3020 3867 3077 3921 in
3098 3885 3277 3922 unum
3304 3868 3615 3922 Dominum
3640 3872 3904 3923 nostrum

2254 3958 2447 4014 Jesum
2476 3955 2763 4014 Christum
2783 3959 2984 4014 Filium
3013 3960 3113 4014 Dei
3147 3960 3532 4031 unigenitum,
3564 3964 3619 4015 et
3646 3978 3713 4015 ex
3732 3962 3901 4015 Patre

2257 4054 2458 4106 natum
2487 4055 2621 4107 ante
2655 4053 2851 4107 omnia
2879 4056 3106 4121 saecula,
3132 4056 3315 4109 Deum
3340 4072 3405 4108 ex
3434 4056 3571 4121 Deo,
3596 4055 3822 4109 Lumen
3840 4070 3903 4108 ex

2256 4144 2516 4213 Lumine,
2554 4146 2729 4201 Deum
2760 4164 2959 4201 verum
2981 4165 3048 4201 ex
3079 4149 3196 4203 Deo
3224 4165 3380 4215 vero,
3416 4152 3616 4202 natum
3660 4164 3782 4202 non
3818 4149 3899 4202 fa-

2255 4240 2431 4305 ctum,
2463 4240 2765 4295 omousion
2798 4240 2969 4307 Patri,
3002 4242 3109 4296 hoc
3150 4247 3237 4296 est
3280 4241 3537 4312 ejusdem
3568 4258 3699 4295 cum
3732 4243 3903 4295 Patre

2256 4327 2617 4395 substantiae;
2660 4346 2765 4399 per
2806 4346 2981 4400 quem
3029 4330 3229 4385 omnia
3266 4332 3419 4385 facta
3468 4335 3620 4398 sunt,
3669 4347 3801 4401 quas
3843 4330 3899 4383 in

2255 4417 2414 4485 cmlo,
2439 4422 2496 4471 et
2524 4432 2649 4487 quae
2679 4417 2739 4471 in
2768 4421 2924 4473 terra
2957 4437 2970 4473 :
2997 4420 3093 4490 qui
3125 4423 3363 4491 propter
3401 4438 3505 4476 nos
3520 4418 3813 4485 homines,
3847 4423 3903 4472 et

2171 4541 2231 4613 D
2253 4514 2490 4581 propter
2520 4515 2775 4565 nostram
2809 4513 3053 4567 salutem
3084 4513 3383 4569 descendit
3410 4514 3480 4568 de
3511 4514 3663 4568 caelis
3689 4531 3702 4579 ;
3729 4516 3787 4567 et
3816 4512 3899 4567 in-

2254 4607 2522 4658 carnatus
2553 4608 2639 4659 est
2666 4605 2737 4659 de
2761 4606 2975 4676 Spiritu
3002 4612 3199 4662 sancto
3242 4625 3309 4661 ex
3341 4608 3518 4662 Maria
3558 4607 3804 4678 virgine,
3846 4611 3899 4660 et

2256 4698 2430 4752 homo
2452 4699 2635 4753 factus
2659 4702 2762 4752 est.
2790 4700 2995 4754 Passus
3020 4701 3124 4755 sub
3146 4701 3350 4756 Pontio
3381 4700 3585 4768 Pilato,
3619 4702 3894 4772 sepultus,

2254 4793 2423 4847 tertia
2466 4791 2558 4846 die
2596 4794 2937 4861 resurrexit;
2986 4793 3247 4849 ascendit
3280 4795 3354 4849 ad
3390 4796 3579 4861 caelos,
3617 4795 3782 4849 sedet
3825 4793 3897 4848 ad

2255 4886 2551 4941 dexteram
2600 4886 2699 4940 Dei
2743 4888 2926 4941 Patris
2972 4888 3421 4959 omnipotentis;
3451 4887 3586 4942 inde
3623 4892 3898 4942 venturus

2254 4983 2340 5034 est
2366 4980 2628 5050 judicare
2662 4980 2815 5035 vivos
2846 4984 2904 5034 et
2928 4983 3209 5049 mortuos,
3242 4982 3402 5052 cujus
3436 4982 3604 5053 regni
3634 4998 3754 5036 non
3791 4982 3900 5035 erit

2252 5074 2402 5139 finis,
2433 5076 2490 5127 et
2520 5074 2577 5128 in
2605 5073 2881 5144 Spiritum
2913 5079 3176 5130 sanctum
3210 5076 3543 5143 Dominum,
3583 5075 3893 5129 viviﬁcato-

2252 5183 2397 5232 rem,
2422 5169 2480 5220 et
2510 5183 2577 5221 ex
2602 5169 2768 5222 Patre
2800 5172 2857 5222 et
2877 5168 3015 5223 Filio
3036 5170 3468 5240 procedentem,
3488 5186 3621 5223 cum
3636 5171 3804 5223 Patre
3841 5173 3897 5221 et

2252 5258 2392 5313 Filio
2425 5259 2790 5314 adorandum
2819 5264 2877 5314 et
2915 5262 3469 5331 congloriﬁcandum
3495 5278 3508 5328 ;
3534 5261 3634 5333 qui
3674 5262 3894 5316 locutus

2253 5356 2339 5406 est
2368 5370 2471 5424 per
2506 5354 2836 5425 prophetas.
2868 5355 2935 5408 Et
2962 5371 3137 5410 unam
3165 5359 3426 5410 sanctam
3458 5356 3805 5411 catholicam
3840 5358 3896 5409 et

2253 5446 2625 5518 apostolicam
2647 5448 2979 5503 Ecclesiam.
3004 5448 3298 5524 Conﬁteor
3317 5466 3501 5504 unum
3523 5450 3813 5520 baptisma
3836 5448 3892 5502 in

2250 5540 2653 5597 remissionem
2682 5546 3071 5613 peccatorum.
3099 5544 3507 5615 Exspectamus
3526 5542 3897 5599 resurrectio-

2252 5651 2389 5690 nem
2413 5639 2797 5705 mortuorum,
2831 5639 2889 5691 et
2907 5635 3082 5692 vitam
3112 5638 3339 5693 venturi
3369 5638 3580 5694 saeculi.
3612 5640 3822 5693 Amen.

593 5856 666 5931 (α)
692 5855 895 5910 Forma
918 5853 1024 5909 ista
1049 5849 1487 5909 consecrationis
1515 5848 1769 5922 ponitur,
1802 5866 1874 5908 ne
1899 5849 2207 5924 antiquitas
2228 5851 2582 5925 ignoremur,
2612 5853 2711 5911 sed
2737 5850 2903 5912 hodie
2932 5858 3187 5912 servetur
3211 5855 3475 5914 Ecclesiae
3502 5854 3758 5926 traditio,
3787 5858 3896 5911 etc.
