4014 6230
136 322 219 373 423

732 309 820 363 AD
859 308 1351 365 PRECEDENTIA
1392 308 1724 366 LITURGLE
1762 308 2181 366 MOMUMENTA
2217 309 2552 369 APPENDIX
2590 312 2817 368 PRIMA.

3363 314 3467 369 426

190 418 623 486 Etdeindefaciat
629 417 912 488 presbyter
927 420 1295 489 sic:F-rangat
1315 419 1715 476 Eucharistiam
1736 432 1795 505 Α
1816 418 2002 475 suavis
2038 421 2125 474 est
2161 420 2461 476 Dominus.
2508 420 2765 489 Alleluia,
2813 418 3061 490 alleluia,
3097 419 3343 476 alleluia.
3403 427 3465 488 ψ.

132 535 215 591 per
234 515 466 576 medium,
487 516 536 567 et
554 515 728 583 ponat
740 512 977 568 mediam
992 516 1209 584 partem
1242 514 1303 567 in
1320 516 1547 583 patena,
1575 519 1627 570 et
1656 516 1726 573 de

136 614 227 669 alia
238 612 379 681 parte
396 608 565 675 faciat
581 609 816 677 quinque
824 608 1154 678 particulas,
1176 610 1228 662 et
1238 610 1412 678 ponat
1426 610 1484 662 in
1488 612 1718 678 patena;

137 712 176 763 et
197 704 402 773 accipiat
421 701 587 755 aliam
600 704 837 771 partem,
853 705 905 757 et
928 703 1108 769 faciat
1132 705 1371 771 quatuor
1390 703 1723 771 particulas,

136 804 176 855 et
195 800 343 868 ponat
363 796 418 848 in
438 798 638 865 patena
662 795 913 850 similiter
928 810 1032 864 per
1052 794 1294 850 ordinem
1321 796 1503 862 factas
1520 811 1622 867 per
1644 797 1724 851 lo-

135 892 252 947 culos
269 891 385 944 istos
408 890 502 958 qui
525 902 694 957 supra
720 892 865 943 sunt.
894 890 966 943 Et
987 890 1176 944 statim
1197 893 1396 959 purget
1425 890 1551 943 bene
1579 890 1725 960 digi-

136 990 224 1048 tos;
252 987 295 1037 et
317 985 544 1051 cooperto
568 981 733 1036 calice
754 982 933 1048 faciat
958 982 1236 1053 Memento
1256 997 1359 1052 pro
1384 984 1544 1038 vivis.

187 1080 351 1133 Postea
400 1075 547 1130 dicat
589 1074 873 1145 presbyter
922 1076 997 1131 ad
1042 1077 1337 1132 orationem
1396 1078 1727 1133 Dominicam

134 1171 372 1241 equaliter
394 1171 551 1224 istam
581 1170 903 1225 orationem.

783 1272 1020 1322 Oremus.

188 1358 409 1414 Verbum
423 1356 603 1413 Patris
614 1357 766 1429 quod
781 1360 937 1413 cum'
951 1358 1170 1414 factum
1184 1374 1264 1429 es,
1286 1362 1348 1414 ut
1363 1357 1650 1414 habitares
1668 1357 1730 1414 in

128 1451 289 1521 nobis;
316 1455 517 1524 praesta
531 1450 714 1522 nobis,
740 1455 801 1506 ut
828 1451 1007 1523 quite
1031 1451 1251 1507 venisse
1272 1451 1397 1523 jam
1422 1452 1727 1521 credimus,

128 1546 184 1601 ab
208 1545 345 1601 omni
370 1549 728 1616 peccatorum
758 1561 1037 1601 eruamur
1049 1546 1407 1617 contagione,
1434 1562 1565 1601 cum
1589 1563 1733 1617 prae-

129 1638 363 1711 ceptionis
396 1643 507 1694 tute
545 1638 789 1694 oraculis
845 1639 1386 1711 proclamaverimus
1449 1656 1480 1694 e
1541 1640 1728 1696 terris.

125 1735 266 1789 Pater
287 1736 487 1800 noster,
516 1733 616 1804 qui
642 1748 701 1788 es
734 1732 796 1787 in
844 1733 1017 1788 caelis.
1062 1734 1129 1799 Β).
1169 1735 1369 1789 Amen.
1417 1733 1734 1790 Sanctiﬁce—

1824 512 2160 570 Benedicam
2186 514 2489 571 Dominum
2512 514 2570 570 in
2590 515 2748 570 omni
2772 518 3028 587 tempore
3050 531 3063 570 :
3094 530 3323 586 semper
3339 513 3463 569 laus

1824 607 1945 678 ejus
1973 606 2033 661 in
2073 623 2171 663 ore
2210 625 2361 664 meo.
2404 612 2467 664 P.
2515 608 2771 679 Alleluia,
2814 608 3063 678 alleluia,
3120 608 3367 663 alleluia.
3401 607 3462 668 7.

1826 699 2086 756 Redimet
2107 701 2379 758 Dominus
2404 702 2622 758 animas
2648 718 2941 758 servorum
2967 718 3225 771 suorum,
3258 705 3315 757 et
3352 717 3469 756 non

1825 799 2181 873 derelinquet
2224 817 2420 859 omnes
2455 803 2555 876 qui
2594 807 2823 875 sperant
2847 802 2907 857 in
2936 818 3088 857 eum.
3116 804 3179 857 P.
3209 799 3468 867 Alleluia,

1827 893 2071 962 alleluia,
2098 896 2341 951 alleluia.
2372 897 2433 959 Ῠ.
2466 897 2656 953 Gloria
2694 900 2750 952 et
2789 897 2975 951 honor
3015 894 3187 965 Patri,
3239 898 3295 951 et
3330 893 3471 949 Filio

1826 991 1883 1042 et
1897 987 2129 1059 Spiritui
2144 988 2337 1062 452
2353 994 2563 1062 sancto,
2586 991 2645 1045 in
2663 991 2870 1045 saecula
2889 989 3249 1045 saeculorum.
3266 990 3445 1043 Amen
3457 1029 3470 1042 .

1827 1082 1890 1135 P.
1919 1081 2175 1153 Alleluia,
2214 1082 2459 1153 alleluia,
2490 1083 2733 1138 alleluia.
2783 1086 2845 1139 In
2883 1083 3105 1139 dicendo
3145 1082 3369 1137 Gustata
3417 1086 3476 1135 et

1825 1174 2030 1243 videte,
2059 1178 2298 1247 accipiat
2316 1178 2598 1248 presbyter
2623 1178 2794 1233 aliam
2812 1177 3149 1248 particulam
3168 1179 3469 1246 sequentem

1829 1284 1947 1340 qua:
1974 1271 2176 1326 dicitur
2214 1271 2420 1340 Gloria,
2468 1276 2519 1327 et
2554 1275 2729 1342 ponat
2772 1286 2933 1342 super
2972 1271 3191 1326 calicem
3229 1274 3280 1325 et
3325 1269 3473 1324 dicat

1829 1378 1946 1418 cum
1994 1365 2208 1420 silentio
2256 1368 2420 1421 istam
2454 1367 2789 1421 orationem:
2836 1365 3046 1419 Panem
3086 1363 3367 1419 caelestem
3404 1362 3474 1417 de

1829 1473 2024 1513 mensa
2044 1457 2265 1513 Domini
2285 1458 2579 1531 accipiam,
2604 1464 2660 1514 et
2684 1474 2893 1514 nomen
2923 1456 3152 1513 Domini
3178 1455 3468 1512 invocabo.

1829 1554 1902 1607 Et
1951 1553 2101 1608 dicat
2147 1554 2393 1609 sacerdos
2463 1554 2746 1608 Memento
2785 1569 2888 1624 pro
2926 1550 3194 1619 mortuis,
3251 1550 3474 1605 tenendo

1831 1646 1988 1701 illam
2019 1647 2353 1717 particulam
2396 1662 2556 1718 super
2592 1648 2833 1710 calicem,
2875 1651 2926 1701 et
2977 1646 3119 1701 dicto
3169 1644 3472 1714 Memento,

1832 1739 1981 1795 dicat
2004 1741 2137 1795 istas
2152 1743 2418 1796 orationes
2442 1755 2561 1810 qua:
2582 1744 2900 1810 sequuntur.

125 1831 203 1882 ter
222 1842 417 1882 nomen
439 1830 624 1881 tuum.
654 1822 718 1888 Β).
748 1828 950 1882 Amen.
970 1825 1246 1882 Adveniet
1268 1829 1516 1898 regnum
1539 1830 1729 1883 tuum.
1751 1811 1808 1883 Β
1905 1833 2142 1889 Domine
2169 1836 2313 1889 Deus
2342 1850 2525 1904 meus,
2555 1834 2627 1889 da
2652 1833 2797 1888 mihi
2817 1848 3020 1905 corpus
3046 1835 3102 1886 et
3139 1830 3477 1903 sanguinem

127 1925 179 1989 ll).
197 1922 380 1976 Amen.
402 1920 525 1975 Fiat
547 1919 809 1975 voluntas
834 1925 963 1975 tuas
992 1919 1132 1976 sicut
1160 1919 1223 1974 in
1242 1920 1376 1975 cmlo
1389 1924 1447 1975 et
1471 1920 1532 1975 in
1558 1925 1730 1977 terra.

128 2011 177 2076 Ii.
201 2016 384 2069 Amen.
410 2014 625 2069 Panem
649 2018 910 2069 nostrum
937 2013 1335 2086 quotidianum
1353 2014 1426 2069 da
1448 2014 1612 2069 nobis
1635 2015 1734 2070 ho-

128 2106 216 2163 die.
243 2113 305 2178 n).
330 2090 469 2172 Quia
492 2108 643 2163 Deus
670 2124 751 2163 es.
783 2106 966 2180 451
1004 2110 1073 2164 Et
1100 2106 1322 2164 dimitte
1341 2108 1507 2163 nobis
1545 2108 1732 2165 debita

125 2204 307 2269 nostra,
332 2200 472 2256 sicut
508 2205 567 2256 et
601 2217 705 2256 nos
751 2201 1095 2257 dimittimus
1120 2201 1470 2258 debitoribus
1504 2202 1730 2258 nostris.

127 2292 176 2356 ηε.
204 2297 385 2349 Amen.
408 2295 474 2350 Et
497 2310 574 2349 ne
603 2311 706 2349 nos
745 2293 980 2351 inducas
1006 2295 1067 2350 in
1090 2295 1485 2353 tentationem.
1516 2293 1580 2358 Β).
1626 2296 1734 2352 Sed

126 2385 274 2442 libera
295 2403 394 2442 nos
423 2404 457 2442 a
478 2387 660 2443 malo.
689 2389 846 2444 Dicat
861 2389 1148 2459 presbyter
1175 2408 1192 2444 :
1220 2388 1465 2445 Liberati
1488 2405 1523 2444 a
1556 2389 1731 2460 malo,

126 2480 405 2536 conﬁrmati
470 2497 700 2553 semper
770 2481 832 2536 in
889 2482 1061 2549 bono,
1140 2483 1352 2538 servire
1404 2498 1736 2539 mereamur

123 2574 214 2628 Deo
252 2590 309 2629 ac
344 2574 587 2631 Domino
621 2580 835 2631 nostro.
877 2577 1051 2647 Pone,
1090 2575 1346 2648 Domine,
1393 2576 1588 2633 ﬁnem.
1633 2580 1736 2634 Hic

117 2671 352 2738 percutiat
373 2675 589 2740 pectus,
618 2669 867 2742 peccatis
904 2670 1113 2726 nostris
1143 2688 1157 2725 :
1201 2671 1272 2726 da
1319 2671 1595 2743 gaudium
1629 2670 1733 2727 tri-

122 2760 318 2830 bulatis,
357 2763 556 2834 praebe
604 2763 1058 2835 redemptionem
1110 2764 1366 2837 captivis,
1431 2764 1737 2821 sanitatem

122 2854 349 2924 inﬁrmis,
375 2856 641 2929 requiem
668 2856 947 2914 defunctis
979 2874 993 2913 :
1042 2859 1282 2915 concede
1324 2874 1526 2932 pacem
1572 2863 1630 2915 et
1656 2874 1739 2915 se-

120 2949 386 3005 curitatem
412 2951 475 3007 in
508 2950 772 3013 omnibus
798 2951 1000 3008 diebus
1037 2952 1268 3008 nostris.
1307 2953 1529 3025 Frange
1569 2953 1739 3008 auda-

119 3042 240 3098 ciam
263 3044 630 3102 inimicorum
654 3051 1004 3117 nostrorum,
1033 3052 1090 3103 et
1115 3046 1321 3103 exaudi
1350 3048 1500 3103 Deus
1527 3047 1734 3103 oratio-

116 3151 200 3191 nes
225 3153 520 3195 servorum
544 3145 778 3196 tuorum
815 3140 1078 3196 omnium
1100 3140 1359 3197 ﬁdelium
1383 3141 1732 3197 Christiano-

114 3245 243 3300 rum,
272 3232 332 3288 in
357 3233 468 3288 hac
498 3233 612 3304 die,
646 3238 703 3289 et
726 3234 787 3289 in
806 3234 965 3290 omni
993 3239 1270 3307 tempore.
1299 3237 1409 3291 Per
1427 3234 1735 3291 Dominum

113 3328 345 3381 nostrum
372 3328 573 3383 Iesum
618 3327 909 3385 Christum
953 3328 1161 3384 Filium
1194 3333 1360 3385 tuum
1397 3329 1497 3402 qui
1542 3332 1736 3386 tecum

113 3418 227 3475 vivit
253 3423 308 3477 et
328 3426 561 3495 regnat,
588 3421 651 3477 in
677 3422 896 3479 unitate
924 3423 1164 3496 Spiritus
1189 3423 1386 3494 sancti,
1427 3425 1595 3493 Deus,
1631 3440 1739 3497 per

114 3514 280 3570 omnia
302 3517 518 3574 saecula
542 3517 900 3573 saeculorum.
932 3515 995 3582 II).
1027 3521 1233 3575 Amen.

170 3610 250 3666 Sic
264 3612 439 3678 faciat
458 3612 784 3683 presbyter:
811 3613 1064 3682 Accipiat
1084 3613 1242 3667 modo
1261 3613 1597 3684 particulam
1621 3628 1740 3684 quae

115 3692 295 3759 dicitur
320 3706 614 3777 Regnum,
645 3705 711 3761 de
745 3710 971 3777 patena,
1001 3710 1053 3761 et
1079 3711 1259 3777 ponat
1296 3722 1460 3778 super
1496 3708 1735 3763 calicem.

114 3798 167 3851 In
188 3801 411 3870 tempore
434 3802 851 3856 resurrectionis
875 3801 1147 3866 uidelicet,
1161 3801 1309 3857 dicat
1330 3802 1502 3857 tribus
1512 3802 1737 3867 vicibus,

116 3890 239 3947 Vicit
257 3892 365 3949 Leo
394 3893 468 3950 de
496 3893 651 3949 tribu
673 3895 700 3949 Ι
706 3894 816 3950 uda
840 3894 1001 3951 radix
1024 3894 1216 3964 David,
1233 3894 1483 3951 alleluia.
1510 3898 1741 3967 Respon-

115 3984 223 4040 deat
245 3988 435 4045 chorus
456 3988 704 4059 qualibet
729 3991 841 4045 vice
871 4007 888 4044 :
918 3989 1024 4054 Qui
1049 3989 1205 4046 sedes
1230 4005 1405 4062 super
1442 3989 1738 4059 cherubin,

116 4078 273 4135 Radix
299 4082 503 4152 David,
535 4081 782 4138 alleluia.
822 4084 898 4139 Et
932 4087 1121 4155 postea
1162 4083 1311 4140 dicat
1346 4086 1510 4141 istam
1543 4085 1743 4141 oratio-

112 4188 213 4229 nem
240 4176 383 4233 inter
406 4192 464 4233 se
491 4177 757 4233 submissa
784 4192 904 4233 voce
924 4196 942 4232 :

171 4267 369 4325 Sancta
394 4271 628 4341 sanctis,
657 4274 716 4327 et
749 4271 1070 4343 conjunctio
1098 4271 1346 4345 corporis
1374 4272 1600 4329 Domini
1634 4290 1739 4330 no-

114 4361 200 4417 stri
220 4364 347 4420 lesu
377 4364 626 4435 Christi;
661 4364 735 4420 sit
761 4365 1116 4422 sumentibus
1143 4371 1199 4423 et
1227 4367 1557 4440 potantibus
1580 4367 1743 4424 nobis

112 4455 171 4509 ad
202 4458 447 4531 veniam,
488 4464 546 4515 et
582 4458 861 4517 defunctis
900 4459 1158 4516 ﬁdelibus
1196 4464 1502 4533 praestetur
1547 4462 1620 4517 ad
1649 4478 1741 4518 re-

1834 1926 1956 1982 Filii
1983 1927 2069 1982 tui
2088 1927 2314 1983 Domini
2332 1927 2510 1982 nostri
2526 1928 2655 1982 Jesu
2683 1925 2890 1981 Christi
2916 1926 2996 1981 ita
3022 1941 3271 1995 sumere,
3294 1928 3357 1980 ut
3374 1941 3479 1997 per

1832 2020 1975 2076 illud
2007 2021 2394 2076 remissionem
2423 2020 2680 2075 omnium
2704 2024 3067 2092 peccatorum
3095 2035 3319 2075 merear
3341 2019 3479 2073 acci-

1832 2130 1988 2186 pere,
2022 2118 2079 2171 et
2107 2119 2206 2170 tuo
2235 2119 2427 2169 sancto
2453 2113 2666 2186 Spiritu
2692 2114 2923 2185 repleri,
2950 2114 3097 2169 Deus
3122 2116 3337 2182 noster,
3381 2113 3479 2183 qui

1834 2208 1974 2264 vivis
1999 2213 2055 2265 et
2079 2225 2283 2282 regnas
2306 2208 2367 2264 in
2388 2208 2595 2263 saecula
2621 2207 2977 2278 saeculorum,
3010 2222 3198 2263 amen.

2560 2337 2754 2388 Oratio.

1906 2453 2019 2505 Ave
2043 2450 2105 2505 in
2130 2466 2337 2517 aevum,
2366 2449 2717 2505 sanctissima
2738 2466 2872 2505 caro
2893 2450 3120 2520 Christi,
3166 2449 3227 2504 in
3267 2466 3475 2523 perpe-

1834 2548 2001 2600 tuum
2025 2560 2251 2599 summa
2274 2544 2510 2599 dulcedo
2533 2560 2547 2599 :
2572 2559 2782 2616 panem
2810 2544 3090 2599 cmlestem
3107 2543 3400 2615 accipiam,
3422 2548 3480 2600 et

1835 2654 2046 2694 nomen
2079 2638 2304 2693 Domini
2334 2637 2632 2694 invocabo.
2662 2641 2762 2694 Hic
2784 2639 2965 2706 faciat
2986 2640 3201 2708 signum
3230 2653 3350 2693 cum
3378 2641 3483 2695 Ho-

1834 2735 1965 2796 stia,
1992 2737 2042 2787 et
2066 2737 2245 2788 sumat
2258 2734 2593 2803 particulam
2620 2748 2785 2803 quam
2800 2735 2860 2787 in
2886 2747 3054 2787 manu
3079 2733 3259 2795 habet,
3285 2736 3337 2787 et
3359 2748 3479 2787 coo-

1833 2828 2017 2897 periat
2063 2827 2299 2891 calicem,
2353 2830 2405 2881 et
2443 2828 2627 2881 veniat
2677 2827 2752 2881 ad
2778 2830 3062 2897 patenum,
3103 2830 3155 2880 et
3204 2830 3481 2881 consumat

1839 2935 2014 2975 omnes
2032 2920 2337 2990 particulas
2354 2935 2456 2990 per
2478 2919 2741 2974 ordinem.
2770 2922 2841 2974 Et
2866 2918 3061 2974 deinde
3078 2920 3312 2989 accipiat
3327 2922 3483 2989 pate-

1838 3030 1968 3069 nam
1996 3018 2047 3069 et
2067 3018 2243 3084 ponat
2270 3028 2432 3083 super
2459 3013 2700 3081 calicem,
2731 3017 2781 3066 et
2799 3016 2997 3083 purget
3017 3012 3142 3068 bene
3161 3028 3280 3067 cum
3305 3013 3480 3082 digito

1833 3108 2083 3179 pollicem
2111 3113 2161 3163 et
2189 3106 2338 3162 dicat
2368 3107 2506 3162 hanc
2533 3108 2831 3162 orationem
2858 3125 2875 3160 :

1756 3188 1811 3264 C
1907 3205 2020 3257 Ave
2046 3201 2106 3256 in
2131 3216 2341 3270 aevum,
2366 3199 2601 3255 caelestis
2625 3204 2812 3272 potus,
2845 3199 2944 3272 qui
2968 3198 3113 3255 mihi
3138 3203 3269 3256 ante
3292 3199 3484 3255 omnia

1838 3300 1894 3353 et
1920 3312 2092 3369 supra
2114 3295 2307 3351 omnia
2333 3294 2514 3350 dulcis
2532 3310 2612 3349 es.

2488 3413 2602 3466 Alia
2626 3413 2812 3466 oratio.

1907 3522 2123 3593 Corpus
2154 3524 2211 3575 et
2244 3518 2473 3591 sanguis
2510 3517 2737 3573 Domini
2771 3518 2949 3574 nostri
2985 3520 3119 3575 Jesu
3147 3518 3356 3575 Christi
3384 3535 3485 3575 cu-

1838 3612 2042 3669 stodiat
2065 3628 2271 3684 corpus
2297 3616 2353 3667 et
2382 3610 2639 3666 animam
2662 3627 2852 3667 meam
2878 3611 2938 3666 in
2974 3610 3153 3666 vitam
3188 3616 3483 3681 aeternam,

1842 3722 2032 3761 amen.
2061 3708 2164 3761 Hic
2191 3707 2429 3776 accipiat
2452 3708 2772 3773 sanguinem
2790 3724 2808 3773 ;
2825 3709 2878 3760 et
2900 3706 3030 3760 dum
3061 3706 3308 3761 sacerdos
3333 3722 3481 3762 sum-

1839 3803 1970 3857 serit
1993 3801 2330 3869 sanguinem,
2362 3799 2510 3855 dicat
2533 3799 2844 3855 immediate
2871 3800 3010 3855 hanc
3037 3801 3333 3855 orationem
3359 3819 3377 3853 :

1912 3892 2150 3949 Domine
2192 3893 2338 3949 Deus
2376 3909 2559 3965 meus,
2614 3894 2782 3948 Pater
2824 3897 2881 3948 et
2920 3892 3089 3948 Filius
3136 3897 3193 3948 et
3240 3891 3485 3965 Spiritus

1842 3992 2092 4053 sanctus,
2133 3987 2224 4042 fac
2263 4004 2357 4043 me
2386 3992 2442 4043 te
2468 4004 2696 4060 semper
2722 4001 2980 4059 quaerere
3007 3992 3063 4043 et
3086 3986 3345 4059 diligere,
3374 3991 3431 4043 et
3452 4003 3487 4041 a

1841 4088 1897 4139 te
1927 4099 2032 4155 per
2080 4082 2227 4137 hanc
2270 4086 2518 4138 sanctam
2567 4081 3034 4138 communionem
3086 4098 3263 4153 quam
3310 4082 3489 4138 sumsi

1842 4193 2163 4250 numquam
2204 4175 2488 4246 recedere,
2537 4176 2674 4248 quia
2711 4181 2776 4231 tu
2820 4192 2878 4231 es
2916 4177 3086 4247 Deus,
3114 4180 3171 4231 et
3196 4178 3408 4248 praeter
3432 4179 3489 4231 te

1842 4288 1959 4328 non
1990 4276 2075 4328 est
2098 4270 2243 4327 alius
2271 4270 2332 4326 in
2358 4270 2563 4326 saecula
2589 4270 2944 4339 saeculorum,
2973 4286 3163 4326 amen.

1917 4369 2106 4425 Cantet
2128 4367 2318 4422 chorus
2356 4367 2807 4421 communionem:
2849 4363 3066 4420 Refecti
3103 4361 3311 4419 Christi
3357 4379 3483 4418 cor-

1842 4478 1985 4534 pore
2025 4463 2081 4516 et
2127 4459 2428 4532 sanguine,
2480 4464 2536 4514 te
2583 4458 2897 4529 laudamus,
2940 4457 3195 4528 Domine,
3236 4456 3484 4525 alleluia,

112 4549 309 4621 quiem.
340 4557 415 4610 Et
439 4556 630 4609 mittat
643 4554 982 4626 particulam
1006 4557 1066 4609 in
1109 4555 1345 4620 calicem,
1386 4559 1438 4610 et
1475 4559 1746 4628 cooperiat
1762 4567 1822 4641 D
1845 4554 2090 4625 alleluia,
2120 4553 2365 4609 alleluia.

113 4645 332 4711 calicem,
354 4653 407 4704 et
418 4648 698 4704 dicatalta
716 4663 837 4704 voce
859 4650 955 4712 sic,
972 4650 1023 4703 si
1039 4663 1147 4703 non
1163 4650 1337 4716 fuerit
1357 4650 1438 4705 ibi
1455 4650 1714 4706 diaconus
1727 4672 1745 4707 :

174 4739 480 4798 Humiliate
514 4758 614 4797 vos
654 4740 1050 4798 benedictioni.
1093 4742 1370 4799 Dominus
1407 4743 1478 4799 sit
1523 4760 1749 4817 semper

114 4832 413 4891 vobiscum.
444 4830 515 4897 Β).
544 4836 611 4890 Et
633 4850 764 4890 cum
783 4834 1006 4907 spiritu.
1028 4837 1354 4893 Benedictio.
1384 4837 1630 4894 Illustret
1650 4855 1747 4894 vos

113 4927 434 5000 unigenitus
453 4928 628 4984 Filius
638 4928 740 4985 Dei
755 4924 973 4985 lumine
987 4930 1261 4987 adventus
1285 4931 1392 5002 sui,
1421 4931 1521 5003 qui
1540 4947 1635 4987 vos
1652 4949 1745 4988 re-

114 5019 315 5078 dimere
343 5039 471 5077 non
497 5021 838 5094 dedignatus
863 5028 947 5079 est
972 5024 1157 5096 pretio
1183 5024 1475 5097 sanguinis
1505 5026 1744 5098 proprii.

113 5117 168 5182 te).
194 5117 395 5173 Amen.
428 5116 699 5188 Accingat
722 5134 820 5172 vos
835 5117 1137 5174 virtutibus
1164 5119 1337 5191 pacis,
1369 5124 1426 5175 et
1451 5119 1592 5176 ditet
1611 5137 1744 5177 mu-

109 5209 329 5265 neribus
384 5210 653 5282 copiosis.
711 5207 775 5273 B).
832 5214 1035 5268 Amen.
1095 5215 1403 5285 Ipsumque
1446 5213 1748 5270 Dominum

107 5315 328 5375 semper
352 5300 612 5360 habeatis
626 5310 1042 5378 .protectorem,
1073 5323 1248 5380 quem
1275 5306 1634 5380 omnipotens
1653 5310 1750 5364 Pa-

109 5398 188 5449 ter
210 5398 506 5455 suscitavit
532 5399 602 5455 de
619 5398 773 5455 tribu
795 5400 938 5456 Juda
962 5400 1254 5458 victorem.
1280 5398 1344 5465 lsi.
1372 5404 1576 5459 Amen.
1591 5405 1750 5460 Dicat

100 5491 378 5562 presbyter
405 5511 424 5546 :
452 5494 558 5548 Per
582 5492 1028 5551 misericordiam
1059 5494 1242 5568 ipsius
1272 5495 1373 5551 Dei
1408 5496 1608 5568 nostri,
1649 5497 1749 5570 qui

109 5587 183 5637 est
207 5584 565 5655 benedictus,
596 5589 654 5643 at
672 5586 826 5658 vivit,
856 5592 913 5643 et
939 5588 1132 5644 omnia
1156 5588 1309 5662 regit
1331 5589 1394 5646 in
1419 5591 1623 5646 saecula
1649 5607 1750 5647 saa-

109 5677 387 5735 culorum.
420 5675 485 5743 Ill.
513 5683 715 5737 Amen.
758 5682 1033 5739 Dominus
1074 5684 1149 5740 sit
1178 5700 1404 5757 semper
1428 5684 1745 5742 vobiscum.

109 5766 168 5834 Β).
195 5773 451 5833 Etcum.
475 5777 636 5833 Dicat
659 5776 851 5834 chorus
878 5794 896 5834 :
926 5777 1156 5834 Gustate
1183 5783 1241 5835 et
1264 5778 1452 5837 videte
1478 5779 1750 5854 quoniam

1915 4653 2023 4707 Eat
2031 4648 2278 4705 sacerdos
2287 4647 2362 4702 ad
2372 4662 2537 4702 cornu
2555 4648 2771 4711 altaris,
2786 4652 2837 4702 et
2849 4645 2997 4701 dicat
3008 4646 3144 4700 hanc
3153 4646 3451 4701 orationem
3469 4664 3485 4700 :

1917 4742 2131 4799 Refecti
2176 4740 2383 4797 Christi
2429 4756 2665 4813 corpore
2721 4743 2778 4796 et
2826 4738 3103 4811 sanguine
3155 4739 3484 4812 pariterque

1847 4834 2198 4906 sanctiﬁcati,
2254 4836 2365 4891 Deo
2406 4834 2559 4889 Patri
2603 4832 2980 4906 omnipotenti
3023 4833 3230 4905 gratias
3282 4833 3489 4890 refera-

1845 4947 1996 5001 mus,
2015 4935 2082 4985 ut
2106 4947 2211 4985 nos
2238 4928 2499 4985 eamdem
2527 4928 3002 4984 resurrectionem
3018 4931 3075 4983 et
3088 4926 3485 4984 sanctiﬁcatio-

1846 5040 1982 5080 nem
2006 5023 2278 5080 habentes
2304 5023 2418 5092 hic,
2449 5026 2505 5078 et
2522 5022 2581 5077 in
2597 5022 2789 5078 futuro
2815 5021 3020 5077 saeculo
3042 5021 3284 5093 gloriam
3308 5023 3489 5094 perci-

1846 5117 2093 5191 piamus.
2117 5116 2181 5181 R).
2199 5119 2400 5172 Amen.
2424 5118 2580 5173 Dicat
2587 5116 2898 5187 presbyter:
2917 5116 3025 5170 Per
3038 5115 3487 5172 misericordiam

1847 5215 2026 5282 tuam,
2065 5213 2213 5266 Deus
2249 5214 2461 5278 noster,
2505 5210 2603 5281 qui
2646 5226 2707 5265 es
2752 5208 3101 5279 benedictus,
3146 5213 3202 5264 et
3244 5208 3400 5278 vivis,
3432 5212 3489 5263 et

1848 5305 2041 5362 omnia
2063 5305 2214 5377 regis
2238 5304 2299 5359 in
2325 5303 2533 5360 saecula
2559 5303 2914 5358 εωοιιΙοῐνιιω.
2949 5302 3013 5368 Β).
3052 5304 3256 5356 Amen.
3293 5300 3485 5354 Domi-

1846 5417 1955 5456 nus
1979 5400 2051 5455 sit
2076 5415 2301 5471 semper
2325 5398 2637 5455 vobiscum.
2678 5395 2872 5469 453
2910 5395 2974 5460 R).
3022 5396 3091 5449 Et
3131 5410 3282 5449 cum.
3332 5394 3488 5448 Dicat

1840 5496 2125 5568 presbyter
2165 5494 2252 5548 vel
2292 5493 2582 5549 diaconus:
2613 5490 2899 5547 Solemnia
2934 5488 3218 5561 completa
3258 5491 3391 5543 sunt
3428 5487 3488 5541 in

1847 5588 2078 5645 nomine
2104 5587 2330 5643 Domini
2355 5588 2535 5643 nostri
2562 5588 2693 5642 Jesu
2717 5583 2955 5653 Christi;
2998 5588 3195 5639 votum
3229 5584 3489 5638 nostrum

1846 5683 1920 5740 sit
1944 5687 2240 5755 acceptum
2268 5697 2400 5738 cum
2422 5698 2583 5755 pace.
2628 5676 2694 5744 κ).
2734 5680 2851 5735 Deo
2894 5675 3129 5750 gratias.
3165 5681 3277 5735 Ista
3318 5676 3492 5732 oratio

1843 5798 2014 5858 supra
2037 5782 2184 5840 dicta
2210 5784 2275 5855 ﬁt
2297 5784 2359 5838 in
2382 5782 2620 5838 medium
2639 5779 2857 5836 altaris.

174 5879 193 5905 ’
222 5880 326 5938 Hic
356 5883 634 5941 mendum
654 5885 1132 5959 typographicum
1155 5890 1352 5963 patet:
1382 5888 1673 5950 evidenter
1699 5893 2015 5968 legendum
2041 5908 2180 5948 cano
2208 5893 2419 5962 factum
2445 5906 2517 5945 es.
2552 5891 2701 5945 Emr.

440 5973 715 6044 PATROL.
762 5974 998 6043 LXXII.

3094 5981 3171 6039 14
