4014 6230
525 304 628 358 427
1322 301 1653 358 APPENDIX
1691 300 1779 355 AD
1816 299 2040 357 OPERA
2076 298 2311 357 SANCTI
2346 298 2647 357 GERMANI
2684 299 3112 357 PARISIENSIS.
3806 294 3918 351 4‘28

595 416 659 468 In
708 414 815 469 ista
857 414 1021 469 missa
1058 416 1109 467 et
1140 413 1199 467 in
1245 411 1372 466 aliis
1407 427 1513 466 non
1552 412 1781 466 vertitur
1813 411 2058 467 sacerdos
2091 411 2167 466 ad
2186 425 2246 497 Α
2267 410 2621 481 Sacriﬁcium.
2652 408 2920 466 Parvulas
2949 415 3117 466 natus
3146 412 3230 465 est
3256 406 3437 479 nobis,
3467 410 3523 464 et
3557 405 3709 462 ﬁlius
3737 406 3920 461 datus

514 509 799 579 populum,
826 510 936 562 nisi
959 507 1178 577 quando
1204 506 1407 561 dixerit
1432 519 1448 552 ε
1478 504 1753 575 Adjuvate
1774 521 1892 573 me,
1933 505 2161 575 fratres,
2266 508 2351 560 est
2372 504 2536 559 nobis
2564 520 2578 559 :
2610 511 2667 560 et
2684 504 2864 560 factus
2890 509 2974 561 est
2995 501 3350 576 principatus
3368 503 3490 574 ejus
3514 517 3689 574 super
3702 501 3922 556 hume-

519 602 579 656 in
608 601 957 658 orationibus
985 600 1201 656 vestris.

658 697 720 752 II.
763 713 820 751 IN
858 690 1169 752 Nirmrsrs
1206 709 1400 749 nomn
1440 708 1627 750 nosrm
1664 708 1789 749 JESU
1826 708 2032 750 CHRISTI
2128 716 2135 731 ι

1020 782 1091 819 ΔΙ)
1130 781 1166 818 Π
1175 780 1328 819 ISSAII
1367 781 1617 820 OFFlCIUK
1626 807 1640 820 .

878 862 964 916 Ea:
988 858 1169 913 eodem
1194 859 1410 914 Missali
1428 859 1804 915 Mozarabum.

592 954 849 1023 Alleluia,
878 952 1214 1007 Benedictus
1241 952 1339 1024 qui
1368 953 1542 1024 venit,
1574 952 1818 1021 alleluia,
1851 954 1912 1007 In
1931 952 2162 1008 nomine

519 1048 761 1116 Domini,
790 1046 1035 1116 alleluia,
1060 1046 1306 1103 alleluia.

590 1149 651 1210 ψ.
679 1143 828 1196 Deus
854 1140 1125 1195 Dominus
1146 1143 1203 1194 et
1230 1140 1419 1195 illuxit
1447 1139 1633 1196 nobis.
1654 1143 1718 1196 P.
1744 1139 1816 1212 (a)
1847 1141 1908 1194 lu
1926 1139 2161 1194 nomine

519 1234 763 1290 Domini.
800 1241 861 1302 ψ.
891 1233 1077 1290 Gloria
1111 1237 1168 1288 et
1204 1234 1389 1289 honor
1426 1233 1597 1304 Patri,
1641 1238 1697 1290 et
1738 1232 1900 1300 Filio,
1946 1237 2004 1289 et
2043 1232 2164 1305 Spi-

517 1328 654 1383 ritui
683 1331 874 1383 sancto
898 1328 959 1383 in
994 1328 1203 1384 smcula
1239 1327 1598 1398 saeculorum,
1635 1343 1824 1383 amen.
1864 1329 1926 1382 P.
1967 1328 2029 1382 In
2060 1343 2162 1382 no-

517 1422 673 1477 mine
698 1422 941 1478 Domini.

2265 614 2355 654 ros
2380 598 2520 669 ejus,
2551 597 2794 669 alleluia,
2823 598 3067 655 alleluia.

2954 710 3200 754 MISSA.

2333 784 2472 839 Ecce
2504 798 2656 839 nunc
2693 786 2918 855 tempus
2945 782 3307 855 acceptabile,
3336 797 3465 838 ecce
3485 797 3639 837 nunc
3663 779 3793 837 dies
3824 796 3918 834 sa-

2262 877 2415 933 lutis.
2442 878 2563 933 Lux
2597 894 2632 932 a
2656 882 2805 933 terra
2832 878 3060 949 prodiit,
3107 893 3379 933 exeamus
3414 894 3447 931 a
3486 875 3763 932 tenebris.
3795 874 3917 929 Ad-

2260 975 2487 1027 vocatus
2535 987 2567 1026 e
2617 972 2753 1026 caelo
2802 971 3117 1042 descendit,
3169 971 3325 1043 quod
3374 974 3596 1042 oportet
3641 984 3916 1041 agamus,

2261 1064 2566 1120 Redemtor
2613 1064 2815 1121 mundi
2851 1064 3135 1136 apparuit,
3161 1081 3266 1135 pro
3290 1064 3551 1119 libertate
3569 1064 3915 1118 clamamus.

2261 1158 2426 1213 Venit
2449 1158 2522 1212 ad
2547 1163 2789 1229 {egrotos
2802 1158 3078 1228 medicus,
3092 1158 3329 1213 vulnera
3343 1157 3722 1230 proferamus.
3744 1156 3919 1211 Panis

2260 1250 2419 1305 vivus
2444 1251 2804 1306 credentibus
2829 1251 2996 1305 datus
3039 1254 3143 1315 est,
3191 1252 3346 1306 hunc
3391 1267 3705 1305 sumamus.
3764 1250 3917 1303 Fons

2260 1343 2527 1416 perennis
2551 1342 2812 1399 ﬁdelibus
2841 1349 2999 1400 ortus
3027 1347 3132 1415 est,
3161 1345 3380 1400 animas
3404 1344 3777 1417 impleamus,
3808 1358 3913 1396 cu-

2253 1438 2350 1509 jus
2368 1437 2975 1494 misericordiavirtute
2994 1442 3051 1493 et
3071 1438 3252 1511 gratia
3273 1438 3330 1493 in
3344 1438 3439 1493 illo
3462 1437 3595 1493 ﬁdei
3613 1452 3911 1509 processu,

588 1519 746 1626 Dicat
796 1516 1110 1626 presbyter:
1165 1516 1271 1570 Per
1310 1515 1500 1570 omnia
1540 1514 1743 1570 saecula
1793 1514 2157 1571 saeculorum
2253 1531 2493 1603 justitite
2530 1532 2708 1601 cultu,
2743 1532 3107 1588 confessionis
3152 1532 3353 1605 gradu,
3395 1530 3666 1587 castitatis
3699 1530 3915 1585 affectu

572 1652 584 1665 .
616 1613 818 1666 Amen.

572 1652 584 1665 .
616 1613 818 1666 Amen.
1004 1607 1024 1626 '

520 1607 563 1672 ﬂ}
591 1707 749 1759 Dicat
776 1705 1086 1775 presbyter:
1117 1702 1300 1758 Gloria
1323 1701 1384 1756 in
1411 1702 1642 1758 excelsis
1668 1705 1799 1759 Deo.

2261 1628 2415 1681 stare
2450 1642 2553 1683 nos
2593 1625 2780 1697 faciat,
2825 1626 2888 1681 in
2928 1642 3043 1699 quo
3083 1626 3299 1681 animas
3340 1625 3596 1682 ﬂoruisse
3623 1624 3755 1693 sibi,
3797 1640 3915 1678 non

2261 1718 2474 1775 amissa
2501 1720 2816 1776 convincat.
2847 1720 3033 1792 Atque
3060 1719 3121 1775 in
3148 1720 3246 1776 illo
3274 1724 3424 1776 statu
3452 1719 3616 1774 illum
3640 1718 3763 1773 vita
3804 1734 3913 1772 no-

468 1870 479 1879 .
592 1800 781 1854 Postea
810 1800 977 1862 dicta,
1009 1798 1193 1853 Gloria
1216 1797 1276 1853 in
1305 1797 1557 1867 excelsis,
1597 1798 1744 1853 dicat
1781 1798 1919 1855 hanc
1957 1799 2159 1854 oratio-
2181 1798 2239 1872 B
2263 1817 2379 1869 sua
2390 1814 3013 1885 delecteturmobisque
3031 1814 3355 1883 fmcﬁﬁcet,
3374 1814 3433 1869 in
3449 1829 3562 1886 quo
3582 1829 3641 1868 se
3654 1813 3913 1885 generis,

519 1907 679 1948 nem:

593 1984 765 2039 Hodie
791 1984 953 2039 nobis
979 1984 1277 2040 thesaurus
1302 1987 1469 2040 natus
1494 1987 1597 2039 est.
1649 1984 1823 2042 Hodie
1862 1986 2026 2043 nobis
2069 1986 2160 2041 lu-

522 2096 689 2134 cerna
721 2077 982 2149 Virginis,
1017 2095 1191 2149 quam
1219 2078 1457 2151 Spiritus
1486 2083 1712 2135 sanctus
1735 2079 1939 2152 ignivit
1965 2097 2163 2137 verum

520 2174 717 2229 lumen
744 2172 1024 2245 apparuit.
1061 2173 1235 2228 Hodie
1264 2190 1542 2228 caecorum
1569 2174 1823 2230 medicus
1851 2179 2020 2231 natus
2056 2179 2159 2230 est.

519 2268 696 2322 Hodie
724 2264 1167 2339 paralyticorum
1192 2266 1427 2321 sanitas.
1456 2267 1629 2322 Hodie
1668 2267 1939 2323 debilium
1965 2268 2161 2324 ﬁrma-

519 2365 801 2429 mentum,
817 2357 1233 2414 inﬁrmantium
1251 2360 1453 2415 virtus.
1476 2360 1647 2415 Hodie
1663 2362 2001 2417 resurrectio
2016 2379 2165 2417 mor-

520 2459 752 2509 tuorum
778 2452 1025 2509 Salvator
1057 2455 1251 2508 uoster
1286 2453 1534 2508 advenit.
1581 2453 1752 2509 Hodie
1805 2455 1967 2509 nobis
2014 2455 2164 2512 inter

520 2551 749 2603 noctem
785 2545 1028 2617 ignitum
1051 2546 1150 2600 lux
1176 2563 1325 2601 nova
1353 2546 1636 2618 apparuit.
1666 2548 1839 2603 Hodie
1863 2549 2025 2604 nobis
2054 2550 2165 2606 Sal-

523 2645 681 2696 vator
704 2639 950 2709 advenit,
980 2655 1153 2711 quem
1171 2640 1467 2712 propheta:
1481 2640 1867 2712 praedixerant
1895 2660 1965 2697 ex
1994 2643 2164 2698 Maria

524 2735 752 2807 Virgine
786 2734 1163 2790 nasciturum.
1220 2734 1392 2790 Hodie
1439 2734 1602 2790 nobis
1628 2737 1905 2809 praesepio
1951 2736 2164 2809 positus

520 2832 831 2901 perpetuus
852 2827 1018 2883 Panis
1042 2827 1182 2884 lucis
1208 2828 1523 2884 ostenditur
1545 2830 1644 2902 qui
1671 2830 1816 2886 dixit
1842 2848 1855 2885 :
1889 2832 2007 2903 Ego
2036 2847 2165 2886 sum

519 2923 682 2995 panis
710 2938 875 2978 verus
902 2921 1001 2994 qui
1028 2921 1097 2977 de
1125 2921 1265 2978 caelo
1290 2923 1576 2978 descendi.
1609 2923 1664 2979 Si
1690 2924 1819 2996 quis
1856 2929 2050 2980 autem
2095 2925 2164 2980 de

520 3033 669 3089 pane
710 3016 817 3072 isto
861 3016 1289 3072 manducaverit
1334 3033 1451 3071 non
1499 3016 1710 3074 esuriet
1753 3017 1815 3074 in
1860 3022 2160 3075 aeternum.

520 3112 731 3166 Praesta
755 3109 935 3178 nobis,
967 3111 1223 3181 Domine,
1253 3127 1359 3183 per
1389 3111 1634 3183 gloriam
1664 3112 1971 3169 nativitatis
1996 3116 2107 3168 tuae
2131 3130 2165 3168 a

524 3204 687 3259 malis
738 3175 982 3275 propriis
1020 3175 1276 3275 liberari;
1312 3209 1369 3260 et
1390 3175 1461 3259 in
1501 3205 1612 3260 tuis
1645 3206 1908 3262 laudibus
1943 3175 2240 3279 semperC

526 3297 773 3367 gloriari.
803 3294 868 3360 Β).
898 3298 1102 3351 Amen.

595 3391 905 3461 Prophetia.
933 3389 1120 3446 Lectio
1147 3389 1280 3445 libri
1305 3391 1485 3447 Esaiae
1510 3393 1829 3465 prophetae.
1864 3397 1998 3466 Cap.
2032 3412 2105 3450 ιχ.

596 3484 662 3549 3).
688 3486 800 3539 Deo
828 3482 1055 3556 gratias.

594 3577 785 3632 Primo
806 3582 1063 3649 tempore
1090 3576 1325 3633 allevata
1352 3580 1438 3633 est
1464 3582 1616 3636 terra
1642 3581 1889 3637 Zabulon
1924 3584 1980 3637 et
2014 3585 2167 3637 terra

524 3671 825 3745 Neptalim,
859 3674 991 3741 etc.,
1020 3686 1187 3742 usque
1227 3671 1304 3727 ad
1349 3672 1501 3729 zelus
1542 3674 1769 3730 Domini
1812 3674 2165 3732 exercituum

521 3766 687 3821 faciet
711 3766 839 3821 hoc.
870 3763 934 3828 Β).
963 3766 1167 3821 Amen.

595 3862 753 3917 Dicat
788 3860 1070 3932 presbyter
1101 3876 1114 3914 :
1168 3858 1440 3915 Dominus
1486 3860 1559 3916 sit
1596 3877 1819 3935 semper
1851 3862 2161 3919 vobiscum.

525 3958 589 4024 ἢ).
620 3956 687 4009 Et
709 3970 841 4009 cum
868 3953 1026 4025 spiri.

597 4045 792 4119 454
814 4049 971 4102 Dicat
996 4047 1185 4102 chorus
1204 4049 1490 4118 psallendo
1518 4066 1535 4100 :

597 4140 869 4195 Dominus
895 4139 1037 4194 dixit
1062 4140 1131 4194 ad
1157 4156 1250 4195 me
1279 4157 1293 4196 :
1323 4141 1494 4196 Filius
1511 4158 1675 4198 meus
1700 4158 1760 4199 es
1776 4146 1858 4212 tu,
1874 4160 1981 4217 ego
1997 4144 2166 4201 hodie

526 4233 701 4305 genui
724 4237 799 4289 te.
833 4230 894 4292 Ῠ.
922 4234 1053 4288 Pete
1079 4250 1244 4302 ame,
1283 4239 1339 4289 et
1376 4235 1519 4290 dabo
1559 4235 1664 4291 tibi
1704 4240 1900 4308 gentes
1937 4238 2164 4294 heredi-

524 4333 702 4383 tatem
728 4331 907 4398 tuam,
934 4332 991 4383 et
1013 4327 1424 4399 possessionem
1469 4331 1630 4384 tuam
1663 4330 1937 4386 terminos
1975 4336 2163 4388 terras.

523 4425 586 4479 P.
617 4423 755 4494 Ego.
786 4423 942 4478 Dicat
962 4423 1249 4493 presbyter
1274 4441 1291 4476 :
1320 4421 1619 4478 Silentium
1647 4423 1834 4481 facite.

596 4537 946 4611 Principium
972 4537 1223 4610 epistolae
1246 4536 1407 4593 Pauli
1442 4540 1683 4610 apostoli
1708 4541 1779 4598 ad
1808 4542 2092 4613 Hebraeos,

600 4711 664 4777 η).
693 4705 808 4761 Deo
838 4703 1067 4775 gratias.
1245 4634 1378 4704 cap.
1403 4649 1442 4689 Ι.

599 4799 820 4854 Fratres
849 4797 1160 4853 multifaria
1185 4797 1495 4871 multisque
1512 4800 1717 4873 modis,
1745 4805 1877 4875 etc.,
1904 4820 2070 4877 usque
2094 4804 2170 4861 ad

526 4896 583 4950 et
623 4892 758 4947 anni
782 4892 868 4946 tui
893 4908 1010 4947 non
1037 4891 1320 4948 deﬁcient.
1350 4896 1688 4966 Respondeat
1711 4898 1900 4955 chorus
1917 4918 1935 4951 :
1963 4900 2163 4956 Amen.

562 4998 751 5057 Lectio
778 5000 960 5056 sancti
988 4999 1280 5071 Evangelii
1302 5002 1618 5058 secundum
1646 5004 1879 5062 Lucam.
1907 5008 2038 5078 Cap.
2067 5025 2131 5064 ιι.

600 5104 834 5158 Factum
860 5107 945 5158 est
969 5105 1164 5157 autem
1183 5118 1316 5158 cum
1337 5109 1523 5161 essent
1537 5105 1618 5162 ibi
1643 5106 1863 5179 impleti
1891 5114 2025 5165 sunt
2049 5110 2169 5167 dies

522 5202 589 5256 ut
616 5201 882 5270 pareret:
915 5200 972 5252 et
1013 5196 1235 5267 peperit
1269 5195 1471 5267 ﬁlium,
1522 5204 1654 5270 etc.,
1696 5216 1863 5273 usque
1904 5204 1981 5259 ad
2024 5203 2170 5260 sicut

524 5294 741 5349 dictum
772 5295 856 5346 est
878 5290 950 5345 ad
982 5289 1124 5345 illos.
1157 5292 1221 5359 ἢ).
1253 5291 1458 5348 Amen.
1484 5295 1698 5351 Lauda.

596 5384 862 5441 Alleluia.
892 5382 952 5443 Ῡ.
976 5382 1407 5440 Hedemtionem
1445 5386 1599 5441 misit
1642 5389 1917 5445 Dominus
1958 5391 2168 5463 populo

526 5493 649 5548 suo,
677 5477 969 5533 mandavit
997 5477 1056 5531 in
1077 5481 1357 5534 aeternum
1384 5483 1785 5538 testamentum
1813 5500 1980 5539 suum
2004 5501 2018 5540 :
2042 5502 2169 5541 san-

524 5576 681 5627 ctum
710 5576 768 5627 et
793 5570 1045 5626 terribile
1081 5587 1292 5627 nomen
1321 5573 1464 5644 ejus.
1492 5577 1556 5631 P.
1574 5575 1830 5633 Alleluia.
1851 5580 2012 5635 Dicat
2020 5595 2170 5650 pres-

531 5665 720 5734 byter:
749 5664 1026 5736 Adjuvate
1054 5681 1169 5737 me,
1209 5664 1432 5738 fratres,
1453 5667 1515 5725 in
1552 5668 1905 5728 orationibus
1947 5673 2165 5732 vestris.

594 5848 677 5914 (α)
700 5839 1038 5908 Praecentor.

2262 1924 2379 1964 non
2401 1907 2653 1964 criminis
2669 1908 2869 1978 nostri,
2890 1924 3233 1979 permanens
3259 1909 3427 1977 Deus,
3455 1907 3515 1962 in
3541 1907 3704 1961 nobis
3732 1906 3919 1960 nasci-

2260 2006 2425 2057 turus
2452 2000 2710 2070 inseruit,
2737 2006 2795 2057 et
2822 2018 2927 2073 pro
2966 2001 3132 2057 nobis
3162 2002 3475 2057 moriturus
3512 1999 3806 2072 apparuit.
3854 1998 3915 2061 ιι).

2261 2096 2465 2151 Amen.
2503 2094 2859 2151 Concedente
2893 2094 3077 2166 gratia
3124 2093 3501 2150 miserationis
3537 2092 3710 2160 illius,
3748 2092 3916 2161 cujus

2262 2205 2510 2261 regnum
2550 2192 2608 2245 et
2648 2187 2956 2260 imperium
2989 2189 3136 2260 juge
3168 2192 3225 2243 et
3265 2188 3575 2261 gloriosum
3611 2187 3673 2241 in
3701 2185 3917 2241 saecula

2264 2282 2621 2339 saeculorum.
2652 2285 2717 2350 It).
2746 2284 2948 2341 Chorus
2977 2296 2995 2330 :
3021 2284 3224 2338 Amen.

2925 2384 3041 2435 Alia
3072 2383 3257 2434 oratio.

2332 2472 2427 2541 Te,
2456 2469 2694 2526 Domine
2716 2470 2847 2525 Jesu
2871 2470 3109 2537 Christe,
3141 2474 3198 2525 te
3242 2471 3421 2525 Deum
3460 2469 3763 2541 pluraliter
3807 2469 3910 2523 ho-

2261 2563 2446 2620 mines
2472 2564 2802 2634 salvantem,
2834 2567 2891 2619 et
2933 2562 3227 2618 hominem
3265 2563 3341 2627 in,
3372 2564 3487 2618 Deo
3533 2562 3913 2633 singulariter

2261 2662 2557 2730 potentem
2580 2658 2928 2727 invocamus,
2966 2657 3285 2725 laudamus,
3329 2673 3597 2729 rogamus
3636 2659 3704 2711 ut
3740 2656 3907 2721 adsis,

2262 2767 2480 2823 parcas,
2506 2750 2847 2821 miserearis,
2870 2752 3145 2823 ignoscas,
3186 2752 3284 2806 des
3330 2750 3389 2805 in
3428 2751 3618 2822 corde,
3664 2755 3910 2822 votaque

2264 2846 2586 2917 compleas;
2634 2846 2731 2901 des
2753 2845 2815 2901 in
2865 2862 2984 2916 ore,
3027 2845 3313 2917 verbaque
3357 2845 3662 2913 exaudias,
3714 2845 3823 2900 des
3853 2845 3908 2898 in

2264 2957 2454 3012 opere,
2477 2940 2743 3012 factaque
2766 2939 3087 2995 benedicas.
3115 2940 3237 2994 Non
3260 2940 3510 3011 petimus
3528 2939 3793 2994 renovari
3817 2955 3910 2993 uo-

2262 3033 2369 3104 bis,
2400 3034 2545 3090 sicut
2568 3034 2630 3089 iu
2654 3034 2759 3088 hac
2787 3032 2878 3089 die
2908 3032 3045 3088 olim
3077 3038 3202 3089 acta
3225 3037 3330 3104 est,
3360 3033 3669 3105 corporalis
3693 3033 3905 3088 nativi-

2264 3131 2353 3183 tas
2379 3131 2511 3198 tua;
2540 3128 2637 3183 sed
2661 3127 2909 3199 petimus
2950 3126 3301 3198 incorporari
3353 3127 3515 3181 nobis
3566 3126 3907 3182 invisibilem

2265 3221 2617 3278 divinitatem
2638 3224 2817 3290 tuam,
2846 3225 2910 3276 ut
2934 3221 3086 3293 quod
3104 3221 3423 3293 praestitum
3458 3225 3543 3276 est
3584 3221 3904 3289 carnaliter,

2266 3314 2457 3388 455
2485 3315 2583 3371 sed
2598 3315 2967 3387 singulariter
2986 3319 3122 3370 tunc
3142 3315 3346 3383 Mariis,
3364 3331 3518 3371 nunc
3539 3314 3907 3386 spiritualiter

2263 3413 2566 3483 praestetur
2590 3408 2846 3465 Ecclesite
2860 3426 2877 3478 ;
2920 3414 2985 3465 ut
3010 3413 3065 3465 te
3092 3409 3231 3464 ﬁdes
3255 3409 3573 3464 indubitata
3604 3408 3900 3481 concipiat,

2263 3509 2319 3559 te
2350 3520 2511 3559 meus
2526 3504 2596 3557 de
2625 3503 2987 3574 corruptione
3012 3503 3250 3558 liberata
3275 3502 3576 3575 parturiat,
3598 3508 3656 3559 te
3683 3518 3902 3574 semper

2263 3598 2456 3653 anima
2476 3596 2684 3653 virtute
2703 3596 2977 3653 Altissimi
3004 3596 3342 3651 obumbrata
3365 3597 3673 3652 contineat.
3694 3597 3778 3652 Ne
3806 3598 3902 3653 dis-

2266 3692 2429 3749 cedas
2466 3708 2501 3746 a
2534 3690 2715 3760 nobis,
2761 3691 2859 3747 sed
2903 3691 3170 3763 procedas
3214 3707 3284 3746 ex
3324 3691 3506 3746 nobis.
3552 3691 3638 3747 Sis
3677 3707 3743 3747 re
3780 3709 3903 3748 vera

2265 3786 2602 3842 Emmanuel
2634 3789 2828 3841 noster
2856 3785 3150 3841 nobiscum
3177 3786 3344 3841 Deus.
3375 3784 3637 3857 Digneris
3677 3802 3903 3843 manere

2264 3881 2325 3936 in
2344 3880 2530 3949 nobis,
2549 3884 2605 3936 et
2618 3896 2877 3952 pugnare
2896 3896 3002 3952 pro
3014 3879 3206 3948 nobis;
3229 3884 3285 3935 te
3297 3879 3450 3935 enim
3466 3885 3787 3953 pugnante,
3810 3898 3903 3936 nos

2266 3980 2561 4037 vincimus.
2592 3980 2750 4036 Solve
2773 3997 2894 4050 nos,
2939 3995 3287 4052 quaesumus,
3338 3995 3372 4032 a
3399 3978 3603 4051 pannis
3644 3980 3902 4051 putribus

2265 4080 2647 4148 peccatorum,
2675 4075 2777 4147 qui
2801 4079 2855 4131 te
2885 4090 2991 4146 pro
3026 4073 3270 4146 peccatis
3296 4074 3505 4128 nostris
3547 4073 3818 4146 dignatus
3853 4090 3904 4127 cs

2265 4169 2570 4241 putredine
2593 4169 2762 4240 ligari
2793 4183 3135 4240 pannorum.
3164 4168 3273 4222 Lac
3300 4171 3464 4222 tuum
3505 4167 3772 4245 Ecclesia:
3798 4172 3899 4223 tute

2266 4263 2529 4335 parvulos
2552 4261 2788 4332 nutriat,
2818 4262 2959 4317 adeo
2988 4260 3244 4316 inﬁrmos
3269 4260 3539 4316 delicatus
3576 4261 3802 4317 olerum
3825 4262 3897 4314 ci—

2267 4357 2373 4413 bus
2398 4361 2609 4429 pascat,
2634 4360 2696 4412 ut
2719 4356 2791 4411 ad
2807 4354 3239 4428 percipiendum
3255 4354 3553 4410 fortiorem
3572 4372 3638 4409 ac
3664 4355 3896 4410 solidum

2267 4451 2458 4507 cibum
2481 4451 2778 4507 validiores
2796 4451 3047 4523 quotidie
3078 4452 3220 4506 vires
3242 4454 3514 4507 crescant.
3547 4451 3614 4505 Et
3635 4450 3717 4504 ita
3743 4465 3898 4505 nove-

2182 4552 2243 4627 D
2264 4546 2445 4602 rimus
2470 4545 2780 4602 defecatam
2810 4546 3161 4602 voluntatem
3188 4548 3248 4600 et
3280 4544 3455 4601 ﬁdem
3493 4543 3766 4600 exhibere
3808 4544 3891 4597 ﬁr-

2267 4640 2599 4711 missimam,
2628 4644 2694 4695 ut
2714 4640 2932 4712 jugiter
2958 4640 3243 4696 enitamur
3265 4638 3478 4695 auxilio
3503 4642 3604 4693 tuo
3633 4638 3707 4693 ad
3736 4638 3889 4693 vitam
3952 4676 3953 4693 η

2266 4734 2562 4809 pervenire
2587 4738 2943 4807 perpetuam.
2976 4733 3040 4799 Β).
3071 4736 3273 4789 Amen.

2897 4838 3019 4886 Post
3036 4834 3269 4885 nomina.
3948 4894 3949 4899 η

2341 4922 2560 4980 Famuli
2584 4922 2669 4979 tui
2694 4921 2916 4995 indigni
2944 4925 3002 4977 et
3028 4921 3226 4993 exigui
3254 4919 3570 4977 sacerdotes
3594 4919 3891 4979 tremendae
3946 4916 3949 4995 ἶ

2268 5019 2678 5092 majestatituaz
2708 5016 2984 5089 spiritales
3008 5015 3262 5071 victimas
3296 5014 3679 5085 immolantes,
3720 5015 3890 5071 oﬁ'eri-
3946 5000 3947 5059 ἲ

2268 5130 2396 5171 mus
2419 5113 2543 5184 tibi,
2574 5116 2738 5182 Deus,
2768 5110 3016 5167 hostiam
3039 5109 3485 5179 immaculatam,
3503 5124 3681 5181 quam
3708 5114 3893 5164 mater-
3944 5122 3945 5183 ι

2267 5225 2376 5263 nus
2408 5212 2603 5264 uterus
2648 5206 2952 5278 impolluta
2998 5204 3327 5277 virginitate
3378 5203 3649 5275 produxit
3668 5245 3682 5270 ,
3729 5201 3890 5275 pudor
3940 5206 3943 5305 χ

2267 5302 2462 5370 edidit,
2482 5300 2847 5357 sanctificatio
2874 5299 3093 5372 genuit,
3108 5298 3403 5371 integritas
3424 5297 3590 5368 fudit,
3605 5296 3887 5367 hostiaque
3938 5314 3941 5372 χ

2267 5396 2558 5452 immolata
2581 5394 2739 5464 vivit,
2772 5400 2829 5451 et
2856 5394 3048 5451 vivens
3066 5393 3287 5467 jugiter
3324 5391 3695 5462 immolatur;
3724 5390 3886 5448 hostia

2267 5507 2396 5563 quae
2432 5491 2549 5546 sola
2585 5491 2699 5547 Deo
2750 5490 2969 5562 placere
3007 5488 3296 5561 praevalet,
3342 5486 3475 5559 quia
3499 5486 3774 5542 Dominus
3799 5488 3884 5540 est.

2266 5585 2417 5642 Hanc
2438 5585 2565 5656 tibi,
2597 5601 2818 5640 summe
2842 5586 3025 5655 Pater,
3056 5582 3349 5639 offerimus
3374 5597 3480 5654 pro
3501 5585 3693 5637 sancta
3719 5579 3883 5636 Eccle-

2265 5679 2350 5735 sia
2381 5685 2510 5748 tua,
2543 5696 2648 5753 pro
2691 5678 3067 5734 satisfactione
3107 5677 3302 5734 seaculi
3348 5675 3733 5748 delinquentis
3749 5717 3765 5745 ,
3802 5687 3885 5745 pro

2267 5774 2675 5831 emundatione
2691 5774 3014 5830 animarum
3029 5777 3376 5843 nostrarum,
3403 5786 3507 5844 pro
3521 5770 3763 5827 sanitate
3779 5782 3882 5825 om-

2267 5868 2429 5926 nium
2452 5868 2836 5939 inﬁrmorum,
2855 5885 2920 5925 ac
2935 5869 3132 5942 requie
3156 5867 3247 5925 vel
3274 5864 3629 5939 indulgentia
3655 5862 3884 5920 ﬁdelium
