  <div class='ocr_page' id='page_1' title='image "/cluster/home/n/w/nwhite01/storage/ocr_20150623/72/uva.x000827084/273.png"; bbox 0 0 4014 6230; ppageno 0'>
   <div class='ocr_carea' id='block_1_1' title="bbox 576 349 672 403">
    <p class='ocr_par' dir='ltr' id='par_1_1' title="bbox 576 349 672 403">
     <span class='ocr_line' id='line_1_1' title="bbox 576 349 672 403; baseline 0 -1"><span class='ocrx_word' id='word_1_1' title='bbox 576 349 672 403; x_wconf 83' lang='grc'><strong>431</strong></span> 
     </span>
    </p>
   </div>
   <div class='ocr_carea' id='block_1_2' title="bbox 1362 328 3160 401">
    <p class='ocr_par' dir='ltr' id='par_1_2' title="bbox 1362 328 3160 401">
     <span class='ocr_line' id='line_1_2' title="bbox 1362 328 3160 401; baseline -0.003 0"><span class='ocrx_word' id='word_1_2' title='bbox 1362 344 1697 401; x_wconf 84' lang='lat' dir='ltr'>APPENDIX</span> <span class='ocrx_word' id='word_1_3' title='bbox 1736 343 1823 399; x_wconf 82' lang='lat' dir='ltr'>AD</span> <span class='ocrx_word' id='word_1_4' title='bbox 1861 343 2085 399; x_wconf 76' lang='grc' dir='ltr'><strong>ΟΡΕΒΑ</strong></span> <span class='ocrx_word' id='word_1_5' title='bbox 2122 328 2356 401; x_wconf 79' lang='lat' dir='ltr'>SANCTl</span> <span class='ocrx_word' id='word_1_6' title='bbox 2393 342 2693 400; x_wconf 84' lang='lat' dir='ltr'>GERMANI</span> <span class='ocrx_word' id='word_1_7' title='bbox 2731 341 3160 400; x_wconf 80' lang='lat' dir='ltr'>PABJSIENSIS.</span> 
     </span>
    </p>
   </div>
   <div class='ocr_carea' id='block_1_3' title="bbox 3851 341 3941 396">
    <p class='ocr_par' dir='ltr' id='par_1_3' title="bbox 3851 341 3941 396">
     <span class='ocr_line' id='line_1_3' title="bbox 3851 341 3941 396; baseline 0.022 -2"><span class='ocrx_word' id='word_1_8' title='bbox 3851 341 3941 396; x_wconf 67' lang='grc'>432</span> 
     </span>
    </p>
   </div>
   <div class='ocr_carea' id='block_1_4' title="bbox 575 449 3943 539">
    <p class='ocr_par' dir='ltr' id='par_1_4' title="bbox 575 449 3943 539">
     <span class='ocr_line' id='line_1_4' title="bbox 575 449 3943 539; baseline -0.002 -27"><span class='ocrx_word' id='word_1_9' title='bbox 575 457 857 526; x_wconf 98' lang='lat' dir='ltr'>decorato,</span> <span class='ocrx_word' id='word_1_10' title='bbox 888 456 945 510; x_wconf 91' lang='lat' dir='ltr'>et</span> <span class='ocrx_word' id='word_1_11' title='bbox 967 453 1275 527; x_wconf 88' lang='lat' dir='ltr'>pontiﬁcali</span> <span class='ocrx_word' id='word_1_12' title='bbox 1310 453 1494 507; x_wconf 88' lang='lat' dir='ltr'>ofﬁcio</span> <span class='ocrx_word' id='word_1_13' title='bbox 1522 457 1807 523; x_wconf 89' lang='lat' dir='ltr'>coronato,</span> <span class='ocrx_word' id='word_1_14' title='bbox 1845 453 2079 509; x_wconf 86' lang='lat' dir='ltr'>Bibiano</span> <span class='ocrx_word' id='word_1_15' title='bbox 2114 471 2208 508; x_wconf 89' lang='lat' dir='ltr'>or-</span> <span class='ocrx_word' id='word_1_16' title='bbox 2228 465 2291 539; x_wconf 79' lang='grc' dir='ltr'><strong>Α</strong></span> <span class='ocrx_word' id='word_1_17' title='bbox 2309 454 2565 525; x_wconf 86' lang='lat' dir='ltr'>pleverit.</span> <span class='ocrx_word' id='word_1_18' title='bbox 2596 455 2759 527; x_wconf 86' lang='lat' dir='ltr'>Apud</span> <span class='ocrx_word' id='word_1_19' title='bbox 2784 471 2888 510; x_wconf 89' lang='lat' dir='ltr'>nos</span> <span class='ocrx_word' id='word_1_20' title='bbox 2913 454 3105 526; x_wconf 83' lang='lat' dir='ltr'>itaque</span> <span class='ocrx_word' id='word_1_21' title='bbox 3130 469 3198 508; x_wconf 90' lang='lat' dir='ltr'>ex</span> <span class='ocrx_word' id='word_1_22' title='bbox 3228 450 3350 524; x_wconf 85' lang='lat' dir='ltr'>ejus</span> <span class='ocrx_word' id='word_1_23' title='bbox 3375 449 3757 507; x_wconf 77' lang='lat' dir='ltr'>sollemnitate</span> <span class='ocrx_word' id='word_1_24' title='bbox 3776 451 3943 505; x_wconf 85' lang='lat' dir='ltr'>absti-</span> 
     </span>
    </p>
   </div>
   <div class='ocr_carea' id='block_1_5' title="bbox 573 547 2210 621">
    <p class='ocr_par' dir='ltr' id='par_1_5' title="bbox 573 547 2210 621">
     <span class='ocr_line' id='line_1_5' title="bbox 573 547 2210 621; baseline 0.001 -17"><span class='ocrx_word' id='word_1_25' title='bbox 573 551 805 621; x_wconf 88' lang='lat' dir='ltr'>todoxo,</span> <span class='ocrx_word' id='word_1_26' title='bbox 834 550 1147 621; x_wconf 86' lang='lat' dir='ltr'>Agustinus</span> <span class='ocrx_word' id='word_1_27' title='bbox 1170 549 1270 603; x_wconf 88' lang='lat' dir='ltr'>Dei</span> <span class='ocrx_word' id='word_1_28' title='bbox 1309 563 1600 603; x_wconf 84' lang='lat' dir='ltr'>servorum</span> <span class='ocrx_word' id='word_1_29' title='bbox 1645 564 1858 618; x_wconf 86' lang='lat' dir='ltr'>servus,</span> <span class='ocrx_word' id='word_1_30' title='bbox 1881 547 1941 602; x_wconf 90' lang='lat' dir='ltr'>in</span> <span class='ocrx_word' id='word_1_31' title='bbox 1970 547 2210 605; x_wconf 92' lang='lat' dir='ltr'>Domino</span> 
     </span>
    </p>
   </div>
   <div class='ocr_carea' id='block_1_6' title="bbox 572 641 2210 713">
    <p class='ocr_par' dir='ltr' id='par_1_6' title="bbox 572 641 2210 713">
     <span class='ocr_line' id='line_1_6' title="bbox 572 641 2210 713; baseline 0 -16"><span class='ocrx_word' id='word_1_32' title='bbox 572 645 835 700; x_wconf 85' lang='lat' dir='ltr'>salutem.</span> <span class='ocrx_word' id='word_1_33' title='bbox 878 644 1109 698; x_wconf 81' lang='lat' dir='ltr'>Litteras</span> <span class='ocrx_word' id='word_1_34' title='bbox 1150 642 1494 713; x_wconf 82' lang='lat' dir='ltr'>apostolatus</span> <span class='ocrx_word' id='word_1_35' title='bbox 1529 641 1716 711; x_wconf 90' lang='lat' dir='ltr'>vestri,</span> <span class='ocrx_word' id='word_1_36' title='bbox 1753 642 2042 696; x_wconf 89' lang='lat' dir='ltr'>carissimo</span> <span class='ocrx_word' id='word_1_37' title='bbox 2093 642 2210 697; x_wconf 90' lang='lat' dir='ltr'>ﬁlio</span> 
     </span>
    </p>
   </div>
   <div class='ocr_carea' id='block_1_7' title="bbox 570 735 2208 807">
    <p class='ocr_par' dir='ltr' id='par_1_7' title="bbox 570 735 2208 807">
     <span class='ocr_line' id='line_1_7' title="bbox 570 735 2208 807; baseline -0.002 -14"><span class='ocrx_word' id='word_1_38' title='bbox 570 742 766 793; x_wconf 91' lang='lat' dir='ltr'>nostro</span> <span class='ocrx_word' id='word_1_39' title='bbox 788 736 1027 807; x_wconf 87' lang='lat' dir='ltr'>Trojano</span> <span class='ocrx_word' id='word_1_40' title='bbox 1054 740 1240 790; x_wconf 91' lang='lat' dir='ltr'>vestro</span> <span class='ocrx_word' id='word_1_41' title='bbox 1267 735 1502 790; x_wconf 87' lang='lat' dir='ltr'>diacono</span> <span class='ocrx_word' id='word_1_42' title='bbox 1531 735 1837 803; x_wconf 77' lang='lat' dir='ltr'><strong>deferente,</strong></span> <span class='ocrx_word' id='word_1_43' title='bbox 1865 736 2050 791; x_wconf 84' lang='lat' dir='ltr'>adnos</span> <span class='ocrx_word' id='word_1_44' title='bbox 2077 752 2208 807; x_wconf 91' lang='lat' dir='ltr'>per-</span> 
     </span>
    </p>
   </div>
   <div class='ocr_carea' id='block_1_8' title="bbox 568 829 2210 901">
    <p class='ocr_par' dir='ltr' id='par_1_8' title="bbox 568 829 2210 901">
     <span class='ocr_line' id='line_1_8' title="bbox 568 829 2210 901; baseline 0 -16"><span class='ocrx_word' id='word_1_45' title='bbox 568 831 787 888; x_wconf 82' lang='lat' dir='ltr'>venisse</span> <span class='ocrx_word' id='word_1_46' title='bbox 833 829 1168 901; x_wconf 90' lang='lat' dir='ltr'>comperite;</span> <span class='ocrx_word' id='word_1_47' title='bbox 1223 831 1281 884; x_wconf 87' lang='lat' dir='ltr'>et</span> <span class='ocrx_word' id='word_1_48' title='bbox 1331 829 1469 884; x_wconf 91' lang='lat' dir='ltr'>dum</span> <span class='ocrx_word' id='word_1_49' title='bbox 1519 829 1755 900; x_wconf 82' lang='lat' dir='ltr'>sospitas</span> <span class='ocrx_word' id='word_1_50' title='bbox 1808 833 1995 885; x_wconf 88' lang='lat' dir='ltr'>vestra</span> <span class='ocrx_word' id='word_1_51' title='bbox 2045 830 2210 885; x_wconf 88' lang='lat' dir='ltr'>nobis</span> 
     </span>
    </p>
   </div>
   <div class='ocr_carea' id='block_1_9' title="bbox 569 922 2210 994">
    <p class='ocr_par' dir='ltr' id='par_1_9' title="bbox 569 922 2210 994">
     <span class='ocr_line' id='line_1_9' title="bbox 569 922 2210 994; baseline 0 -15"><span class='ocrx_word' id='word_1_52' title='bbox 569 924 767 979; x_wconf 86' lang='lat' dir='ltr'>fuisset</span> <span class='ocrx_word' id='word_1_53' title='bbox 790 923 1089 979; x_wconf 82' lang='lat' dir='ltr'>certiﬁcata</span> <span class='ocrx_word' id='word_1_54' title='bbox 1116 937 1223 994; x_wconf 90' lang='lat' dir='ltr'>per</span> <span class='ocrx_word' id='word_1_55' title='bbox 1239 923 1533 994; x_wconf 87' lang='lat' dir='ltr'>paginam,</span> <span class='ocrx_word' id='word_1_56' title='bbox 1562 922 1841 979; x_wconf 89' lang='lat' dir='ltr'>immensa</span> <span class='ocrx_word' id='word_1_57' title='bbox 1860 923 2210 979; x_wconf 88' lang='lat' dir='ltr'>reddidimus</span> 
     </span>
    </p>
   </div>
   <div class='ocr_carea' id='block_1_10' title="bbox 569 1016 2209 1088">
    <p class='ocr_par' dir='ltr' id='par_1_10' title="bbox 569 1016 2209 1088">
     <span class='ocr_line' id='line_1_10' title="bbox 569 1016 2209 1088; baseline 0.001 -16"><span class='ocrx_word' id='word_1_58' title='bbox 569 1018 685 1072; x_wconf 90' lang='lat' dir='ltr'>Deo</span> <span class='ocrx_word' id='word_1_59' title='bbox 730 1016 910 1071; x_wconf 87' lang='lat' dir='ltr'>laudis</span> <span class='ocrx_word' id='word_1_60' title='bbox 952 1016 1255 1087; x_wconf 66' lang='lat' dir='ltr'>praeconia.</span> <span class='ocrx_word' id='word_1_61' title='bbox 1302 1018 1367 1071; x_wconf 91' lang='lat' dir='ltr'>Et</span> <span class='ocrx_word' id='word_1_62' title='bbox 1410 1016 1666 1088; x_wconf 84' lang='lat' dir='ltr'>quamvis</span> <span class='ocrx_word' id='word_1_63' title='bbox 1719 1017 1894 1072; x_wconf 90' lang='lat' dir='ltr'>simus</span> <span class='ocrx_word' id='word_1_64' title='bbox 1950 1017 2209 1073; x_wconf 78' lang='lat' dir='ltr'>absentes</span> 
     </span>
    </p>
   </div>
   <div class='ocr_carea' id='block_1_11' title="bbox 570 1110 2205 1183">
    <p class='ocr_par' dir='ltr' id='par_1_11' title="bbox 570 1110 2205 1183">
     <span class='ocr_line' id='line_1_11' title="bbox 570 1110 2205 1183; baseline 0.001 -18"><span class='ocrx_word' id='word_1_65' title='bbox 570 1127 823 1183; x_wconf 91' lang='lat' dir='ltr'>corpore,</span> <span class='ocrx_word' id='word_1_66' title='bbox 854 1115 1161 1181; x_wconf 62' lang='lat' dir='ltr'>praesentes</span> <span class='ocrx_word' id='word_1_67' title='bbox 1192 1114 1383 1165; x_wconf 87' lang='lat' dir='ltr'>tamen</span> <span class='ocrx_word' id='word_1_68' title='bbox 1411 1110 1679 1181; x_wconf 88' lang='lat' dir='ltr'>ﬂorigera</span> <span class='ocrx_word' id='word_1_69' title='bbox 1709 1110 1957 1182; x_wconf 84' lang='lat' dir='ltr'>caritate,</span> <span class='ocrx_word' id='word_1_70' title='bbox 1988 1113 2205 1167; x_wconf 81' lang='lat' dir='ltr'>exhila-</span> 
     </span>
    </p>
   </div>
   <div class='ocr_carea' id='block_1_12' title="bbox 566 1204 2206 1276">
    <p class='ocr_par' dir='ltr' id='par_1_12' title="bbox 566 1204 2206 1276">
     <span class='ocr_line' id='line_1_12' title="bbox 566 1204 2206 1276; baseline 0.001 -16"><span class='ocrx_word' id='word_1_71' title='bbox 566 1205 676 1260; x_wconf 89' lang='lat' dir='ltr'>rati</span> <span class='ocrx_word' id='word_1_72' title='bbox 704 1220 901 1259; x_wconf 89' lang='lat' dir='ltr'>sumus</span> <span class='ocrx_word' id='word_1_73' title='bbox 936 1204 1095 1259; x_wconf 85' lang='lat' dir='ltr'>valde</span> <span class='ocrx_word' id='word_1_74' title='bbox 1133 1221 1239 1276; x_wconf 91' lang='lat' dir='ltr'>pro</span> <span class='ocrx_word' id='word_1_75' title='bbox 1281 1204 1587 1260; x_wconf 81' lang='lat' dir='ltr'>sanctitatis</span> <span class='ocrx_word' id='word_1_76' title='bbox 1628 1221 1881 1275; x_wconf 90' lang='lat' dir='ltr'>rumore,</span> <span class='ocrx_word' id='word_1_77' title='bbox 1925 1210 1981 1260; x_wconf 91' lang='lat' dir='ltr'>et</span> <span class='ocrx_word' id='word_1_78' title='bbox 2021 1207 2206 1262; x_wconf 88' lang='lat' dir='ltr'>excel-</span> 
     </span>
    </p>
   </div>
   <div class='ocr_carea' id='block_1_13' title="bbox 564 1297 2207 1370">
    <p class='ocr_par' dir='ltr' id='par_1_13' title="bbox 564 1297 2207 1370">
     <span class='ocr_line' id='line_1_13' title="bbox 564 1297 2207 1370; baseline 0.001 -17"><span class='ocrx_word' id='word_1_79' title='bbox 564 1299 715 1355; x_wconf 90' lang='lat' dir='ltr'>lente</span> <span class='ocrx_word' id='word_1_80' title='bbox 759 1297 1008 1353; x_wconf 90' lang='lat' dir='ltr'>culmine</span> <span class='ocrx_word' id='word_1_81' title='bbox 1038 1297 1339 1353; x_wconf 84' lang='lat' dir='ltr'>sacerdotii</span> <span class='ocrx_word' id='word_1_82' title='bbox 1366 1298 1554 1368; x_wconf 85' lang='lat' dir='ltr'>vestri,</span> <span class='ocrx_word' id='word_1_83' title='bbox 1598 1298 1699 1370; x_wconf 85' lang='lat' dir='ltr'>qui</span> <span class='ocrx_word' id='word_1_84' title='bbox 1732 1298 1900 1370; x_wconf 89' lang='lat' dir='ltr'>longe</span> <span class='ocrx_word' id='word_1_85' title='bbox 1936 1299 2117 1355; x_wconf 89' lang='lat' dir='ltr'>radiat</span> <span class='ocrx_word' id='word_1_86' title='bbox 2146 1300 2207 1354; x_wconf 91' lang='lat' dir='ltr'>in</span> 
     </span>
    </p>
   </div>
   <div class='ocr_carea' id='block_1_14' title="bbox 565 1391 2205 1463">
    <p class='ocr_par' dir='ltr' id='par_1_14' title="bbox 565 1391 2205 1463">
     <span class='ocr_line' id='line_1_14' title="bbox 565 1391 2205 1463; baseline 0 -16"><span class='ocrx_word' id='word_1_87' title='bbox 565 1392 722 1463; x_wconf 84' lang='lat' dir='ltr'>orbe,</span> <span class='ocrx_word' id='word_1_88' title='bbox 750 1409 867 1447; x_wconf 91' lang='lat' dir='ltr'>non</span> <span class='ocrx_word' id='word_1_89' title='bbox 892 1392 1079 1446; x_wconf 89' lang='lat' dir='ltr'>solum</span> <span class='ocrx_word' id='word_1_90' title='bbox 1105 1391 1421 1447; x_wconf 86' lang='lat' dir='ltr'>Occidentis</span> <span class='ocrx_word' id='word_1_91' title='bbox 1447 1396 1504 1447; x_wconf 89' lang='lat' dir='ltr'>et</span> <span class='ocrx_word' id='word_1_92' title='bbox 1541 1392 1752 1460; x_wconf 58' lang='lat' dir='ltr'>Gallia,</span> <span class='ocrx_word' id='word_1_93' title='bbox 1795 1408 1994 1447; x_wconf 90' lang='lat' dir='ltr'>verum</span> <span class='ocrx_word' id='word_1_94' title='bbox 2032 1393 2205 1447; x_wconf 89' lang='lat' dir='ltr'>etiam</span> 
     </span>
    </p>
   </div>
   <div class='ocr_carea' id='block_1_15' title="bbox 565 1485 2201 1558">
    <p class='ocr_par' dir='ltr' id='par_1_15' title="bbox 565 1485 2201 1558">
     <span class='ocr_line' id='line_1_15' title="bbox 565 1485 2201 1558; baseline 0.001 -18"><span class='ocrx_word' id='word_1_95' title='bbox 565 1485 811 1540; x_wconf 82' lang='lat' dir='ltr'>Orientis</span> <span class='ocrx_word' id='word_1_96' title='bbox 840 1490 897 1540; x_wconf 92' lang='lat' dir='ltr'>et</span> <span class='ocrx_word' id='word_1_97' title='bbox 921 1485 1158 1554; x_wconf 81' lang='lat' dir='ltr'>Affricae,</span> <span class='ocrx_word' id='word_1_98' title='bbox 1190 1486 1529 1541; x_wconf 89' lang='lat' dir='ltr'>meritorum</span> <span class='ocrx_word' id='word_1_99' title='bbox 1572 1486 1787 1541; x_wconf 89' lang='lat' dir='ltr'>lumine</span> <span class='ocrx_word' id='word_1_100' title='bbox 1815 1491 2201 1558; x_wconf 88' lang='lat' dir='ltr'>percurrente.</span> 
     </span>
    </p>
   </div>
   <div class='ocr_carea' id='block_1_16' title="bbox 564 1579 2207 1652">
    <p class='ocr_par' dir='ltr' id='par_1_16' title="bbox 564 1579 2207 1652">
     <span class='ocr_line' id='line_1_16' title="bbox 564 1579 2207 1652; baseline 0.001 -19"><span class='ocrx_word' id='word_1_101' title='bbox 564 1579 803 1634; x_wconf 89' lang='lat' dir='ltr'>Oramus</span> <span class='ocrx_word' id='word_1_102' title='bbox 829 1583 1021 1633; x_wconf 88' lang='lat' dir='ltr'>autem</span> <span class='ocrx_word' id='word_1_103' title='bbox 1050 1580 1248 1650; x_wconf 92' lang='lat' dir='ltr'>Deum,</span> <span class='ocrx_word' id='word_1_104' title='bbox 1291 1584 1356 1635; x_wconf 90' lang='lat' dir='ltr'>ut</span> <span class='ocrx_word' id='word_1_105' title='bbox 1380 1580 1596 1635; x_wconf 90' lang='lat' dir='ltr'>bonum</span> <span class='ocrx_word' id='word_1_106' title='bbox 1633 1597 1774 1651; x_wconf 90' lang='lat' dir='ltr'>opus</span> <span class='ocrx_word' id='word_1_107' title='bbox 1808 1581 1870 1635; x_wconf 91' lang='lat' dir='ltr'>in</span> <span class='ocrx_word' id='word_1_108' title='bbox 1910 1580 2067 1635; x_wconf 82' lang='lat' dir='ltr'>vobis</span> <span class='ocrx_word' id='word_1_109' title='bbox 2106 1580 2207 1652; x_wconf 88' lang='lat' dir='ltr'>qui</span> 
     </span>
    </p>
   </div>
   <div class='ocr_carea' id='block_1_17' title="bbox 565 1672 2207 1746">
    <p class='ocr_par' dir='ltr' id='par_1_17' title="bbox 565 1672 2207 1746">
     <span class='ocr_line' id='line_1_17' title="bbox 565 1672 2207 1746; baseline 0.001 -18"><span class='ocrx_word' id='word_1_110' title='bbox 565 1672 752 1744; x_wconf 88' lang='lat' dir='ltr'>coepit,</span> <span class='ocrx_word' id='word_1_111' title='bbox 798 1673 919 1744; x_wconf 90' lang='lat' dir='ltr'>ipse</span> <span class='ocrx_word' id='word_1_112' title='bbox 965 1677 1145 1745; x_wconf 88' lang='lat' dir='ltr'>coepta</span> <span class='ocrx_word' id='word_1_113' title='bbox 1195 1673 1485 1744; x_wconf 90' lang='lat' dir='ltr'>perﬁciat;</span> <span class='ocrx_word' id='word_1_114' title='bbox 1531 1674 1814 1745; x_wconf 90' lang='lat' dir='ltr'>simulque</span> <span class='ocrx_word' id='word_1_115' title='bbox 1867 1674 2025 1729; x_wconf 91' lang='lat' dir='ltr'>vobis</span> <span class='ocrx_word' id='word_1_116' title='bbox 2075 1690 2207 1746; x_wconf 86' lang='lat' dir='ltr'>sup-</span> 
     </span>
    </p>
   </div>
   <div class='ocr_carea' id='block_1_18' title="bbox 561 1767 2206 1839">
    <p class='ocr_par' dir='ltr' id='par_1_18' title="bbox 561 1767 2206 1839">
     <span class='ocr_line' id='line_1_18' title="bbox 561 1767 2206 1839; baseline 0.002 -19"><span class='ocrx_word' id='word_1_117' title='bbox 561 1767 786 1839; x_wconf 88' lang='lat' dir='ltr'>pliciter</span> <span class='ocrx_word' id='word_1_118' title='bbox 827 1767 1093 1838; x_wconf 88' lang='lat' dir='ltr'>petimus,</span> <span class='ocrx_word' id='word_1_119' title='bbox 1140 1772 1206 1822; x_wconf 89' lang='lat' dir='ltr'>ut</span> <span class='ocrx_word' id='word_1_120' title='bbox 1245 1767 1507 1838; x_wconf 91' lang='lat' dir='ltr'>precibus</span> <span class='ocrx_word' id='word_1_121' title='bbox 1548 1767 1746 1823; x_wconf 87' lang='lat' dir='ltr'>vestris</span> <span class='ocrx_word' id='word_1_122' title='bbox 1785 1768 1965 1839; x_wconf 88' lang='lat' dir='ltr'>adjuti</span> <span class='ocrx_word' id='word_1_123' title='bbox 1992 1784 2206 1823; x_wconf 90' lang='lat' dir='ltr'>merea-</span> 
     </span>
    </p>
   </div>
   <div class='ocr_carea' id='block_1_19' title="bbox 2308 544 3943 619">
    <p class='ocr_par' dir='ltr' id='par_1_19' title="bbox 2308 544 3943 619">
     <span class='ocr_line' id='line_1_19' title="bbox 2308 544 3943 619; baseline -0.002 -16"><span class='ocrx_word' id='word_1_124' title='bbox 2308 548 2504 604; x_wconf 89' lang='lat' dir='ltr'>nentia</span> <span class='ocrx_word' id='word_1_125' title='bbox 2528 565 2561 602; x_wconf 89' lang='lat' dir='ltr'>a</span> <span class='ocrx_word' id='word_1_126' title='bbox 2585 549 2849 604; x_wconf 88' lang='lat' dir='ltr'>carnibus</span> <span class='ocrx_word' id='word_1_127' title='bbox 2873 548 2960 603; x_wconf 89' lang='lat' dir='ltr'>vel</span> <span class='ocrx_word' id='word_1_128' title='bbox 2987 546 3273 619; x_wconf 89' lang='lat' dir='ltr'>conjugali</span> <span class='ocrx_word' id='word_1_129' title='bbox 3306 547 3508 618; x_wconf 88' lang='lat' dir='ltr'>copula</span> <span class='ocrx_word' id='word_1_130' title='bbox 3533 546 3664 600; x_wconf 89' lang='lat' dir='ltr'>ﬁliis</span> <span class='ocrx_word' id='word_1_131' title='bbox 3693 544 3943 601; x_wconf 68' lang='lat' dir='ltr'>Ecclesia:</span> 
     </span>
    </p>
   </div>
   <div class='ocr_carea' id='block_1_20' title="bbox 2309 639 3943 713">
    <p class='ocr_par' dir='ltr' id='par_1_20' title="bbox 2309 639 3943 713">
     <span class='ocr_line' id='line_1_20' title="bbox 2309 639 3943 713; baseline -0.002 -16"><span class='ocrx_word' id='word_1_132' title='bbox 2309 641 2606 713; x_wconf 87' lang='lat' dir='ltr'>indicatur,</span> <span class='ocrx_word' id='word_1_133' title='bbox 2635 645 2701 697; x_wconf 88' lang='lat' dir='ltr'>ut</span> <span class='ocrx_word' id='word_1_134' title='bbox 2728 643 2799 696; x_wconf 91' lang='lat' dir='ltr'>ad</span> <span class='ocrx_word' id='word_1_135' title='bbox 2827 641 3181 697; x_wconf 87' lang='lat' dir='ltr'>Nativitatem</span> <span class='ocrx_word' id='word_1_136' title='bbox 3229 640 3453 695; x_wconf 90' lang='lat' dir='ltr'>Domini</span> <span class='ocrx_word' id='word_1_137' title='bbox 3495 639 3751 695; x_wconf 87' lang='lat' dir='ltr'>securius</span> <span class='ocrx_word' id='word_1_138' title='bbox 3798 656 3943 694; x_wconf 88' lang='lat' dir='ltr'>com-</span> 
     </span>
    </p>
   </div>
   <div class='ocr_carea' id='block_1_21' title="bbox 2310 733 3947 806">
    <p class='ocr_par' dir='ltr' id='par_1_21' title="bbox 2310 733 3947 806">
     <span class='ocr_line' id='line_1_21' title="bbox 2310 733 3947 806; baseline -0.001 -17"><span class='ocrx_word' id='word_1_139' title='bbox 2310 736 2623 791; x_wconf 89' lang='lat' dir='ltr'>municent.</span> <span class='ocrx_word' id='word_1_140' title='bbox 2652 736 2878 791; x_wconf 84' lang='lat' dir='ltr'>Rectius</span> <span class='ocrx_word' id='word_1_141' title='bbox 2898 740 3089 791; x_wconf 90' lang='lat' dir='ltr'>autem</span> <span class='ocrx_word' id='word_1_142' title='bbox 3106 735 3213 790; x_wconf 92' lang='lat' dir='ltr'>hoc</span> <span class='ocrx_word' id='word_1_143' title='bbox 3230 750 3372 806; x_wconf 91' lang='lat' dir='ltr'>opus</span> <span class='ocrx_word' id='word_1_144' title='bbox 3392 733 3452 788; x_wconf 94' lang='lat' dir='ltr'>in</span> <span class='ocrx_word' id='word_1_145' title='bbox 3477 734 3657 788; x_wconf 87' lang='lat' dir='ltr'>sancti</span> <span class='ocrx_word' id='word_1_146' title='bbox 3681 733 3947 788; x_wconf 83' lang='lat' dir='ltr'>Johannis</span> 
     </span>
    </p>
   </div>
   <div class='ocr_carea' id='block_1_22' title="bbox 2310 825 3947 901">
    <p class='ocr_par' dir='ltr' id='par_1_22' title="bbox 2310 825 3947 901">
     <span class='ocr_line' id='line_1_22' title="bbox 2310 825 3947 901; baseline -0.001 -19"><span class='ocrx_word' id='word_1_147' title='bbox 2310 829 2674 901; x_wconf 89' lang='lat' dir='ltr'>conceptione</span> <span class='ocrx_word' id='word_1_148' title='bbox 2720 828 3076 885; x_wconf 82' lang='lat' dir='ltr'>instituitur:</span> <span class='ocrx_word' id='word_1_149' title='bbox 3127 828 3262 900; x_wconf 88' lang='lat' dir='ltr'>quia</span> <span class='ocrx_word' id='word_1_150' title='bbox 3314 826 3433 898; x_wconf 91' lang='lat' dir='ltr'>ipse</span> <span class='ocrx_word' id='word_1_151' title='bbox 3485 825 3777 899; x_wconf 63' lang='lat' dir='ltr'>princessit</span> <span class='ocrx_word' id='word_1_152' title='bbox 3828 831 3947 881; x_wconf 86' lang='lat' dir='ltr'>ante</span> 
     </span>
    </p>
   </div>
   <div class='ocr_carea' id='block_1_23' title="bbox 2310 920 3946 995">
    <p class='ocr_par' dir='ltr' id='par_1_23' title="bbox 2310 920 3946 995">
     <span class='ocr_line' id='line_1_23' title="bbox 2310 920 3946 995; baseline -0.001 -19"><span class='ocrx_word' id='word_1_153' title='bbox 2310 923 2635 993; x_wconf 90' lang='lat' dir='ltr'>Dominum,</span> <span class='ocrx_word' id='word_1_154' title='bbox 2659 927 2716 978; x_wconf 90' lang='lat' dir='ltr'>et</span> <span class='ocrx_word' id='word_1_155' title='bbox 2739 939 2844 995; x_wconf 90' lang='lat' dir='ltr'>per</span> <span class='ocrx_word' id='word_1_156' title='bbox 2868 921 3221 994; x_wconf 67' lang='lat' dir='ltr'>praeconium</span> <span class='ocrx_word' id='word_1_157' title='bbox 3238 920 3450 992; x_wconf 86' lang='lat' dir='ltr'>angeli,</span> <span class='ocrx_word' id='word_1_158' title='bbox 3472 924 3527 975; x_wconf 91' lang='lat' dir='ltr'>et</span> <span class='ocrx_word' id='word_1_159' title='bbox 3550 936 3656 992; x_wconf 91' lang='lat' dir='ltr'>per</span> <span class='ocrx_word' id='word_1_160' title='bbox 3672 920 3717 975; x_wconf 90' lang='lat' dir='ltr'>si</span> <span class='ocrx_word' id='word_1_161' title='bbox 3725 920 3946 992; x_wconf 84' lang='lat' dir='ltr'>gniﬁca-</span> 
     </span>
    </p>
   </div>
   <div class='ocr_carea' id='block_1_24' title="bbox 2307 1013 3947 1085">
    <p class='ocr_par' dir='ltr' id='par_1_24' title="bbox 2307 1013 3947 1085">
     <span class='ocr_line' id='line_1_24' title="bbox 2307 1013 3947 1085; baseline -0.001 -15"><span class='ocrx_word' id='word_1_162' title='bbox 2307 1016 2477 1071; x_wconf 89' lang='lat' dir='ltr'>tionis</span> <span class='ocrx_word' id='word_1_163' title='bbox 2505 1020 2845 1084; x_wconf 88' lang='lat' dir='ltr'>contactum,</span> <span class='ocrx_word' id='word_1_164' title='bbox 2878 1016 3016 1070; x_wconf 92' lang='lat' dir='ltr'>dum</span> <span class='ocrx_word' id='word_1_165' title='bbox 3047 1014 3320 1069; x_wconf 89' lang='lat' dir='ltr'>Dominus</span> <span class='ocrx_word' id='word_1_166' title='bbox 3356 1014 3425 1069; x_wconf 92' lang='lat' dir='ltr'>de</span> <span class='ocrx_word' id='word_1_167' title='bbox 3463 1013 3719 1085; x_wconf 84' lang='lat' dir='ltr'>Virgine,</span> <span class='ocrx_word' id='word_1_168' title='bbox 3760 1031 3947 1069; x_wconf 76' lang='lat' dir='ltr'>servus</span> 
     </span>
    </p>
   </div>
   <div class='ocr_carea' id='block_1_25' title="bbox 2304 1107 3950 1180">
    <p class='ocr_par' dir='ltr' id='par_1_25' title="bbox 2304 1107 3950 1180">
     <span class='ocr_line' id='line_1_25' title="bbox 2304 1107 3950 1180; baseline -0.001 -16"><span class='ocrx_word' id='word_1_169' title='bbox 2304 1126 2438 1165; x_wconf 91' lang='lat' dir='ltr'>vero</span> <span class='ocrx_word' id='word_1_170' title='bbox 2474 1115 2802 1166; x_wconf 90' lang='lat' dir='ltr'>nasceretur</span> <span class='ocrx_word' id='word_1_171' title='bbox 2837 1125 2907 1164; x_wconf 87' lang='lat' dir='ltr'>ex</span> <span class='ocrx_word' id='word_1_172' title='bbox 2940 1110 3131 1165; x_wconf 89' lang='lat' dir='ltr'>vetula</span> <span class='ocrx_word' id='word_1_173' title='bbox 3167 1112 3225 1163; x_wconf 93' lang='lat' dir='ltr'>et</span> <span class='ocrx_word' id='word_1_174' title='bbox 3263 1107 3449 1163; x_wconf 86' lang='lat' dir='ltr'>sterile</span> <span class='ocrx_word' id='word_1_175' title='bbox 3486 1113 3702 1177; x_wconf 89' lang='lat' dir='ltr'>matre;</span> <span class='ocrx_word' id='word_1_176' title='bbox 3751 1113 3809 1163; x_wconf 90' lang='lat' dir='ltr'>et</span> <span class='ocrx_word' id='word_1_177' title='bbox 3838 1108 3950 1180; x_wconf 86' lang='lat' dir='ltr'>ipse</span> 
     </span>
    </p>
   </div>
   <div class='ocr_carea' id='block_1_26' title="bbox 2307 1201 3945 1275">
    <p class='ocr_par' dir='ltr' id='par_1_26' title="bbox 2307 1201 3945 1275">
     <span class='ocr_line' id='line_1_26' title="bbox 2307 1201 3945 1275; baseline -0.001 -17"><span class='ocrx_word' id='word_1_178' title='bbox 2307 1204 2528 1259; x_wconf 87' lang='lat' dir='ltr'>clausus</span> <span class='ocrx_word' id='word_1_179' title='bbox 2550 1209 2733 1275; x_wconf 88' lang='lat' dir='ltr'>utero,</span> <span class='ocrx_word' id='word_1_180' title='bbox 2763 1204 3022 1259; x_wconf 83' lang='lat' dir='ltr'>exultans</span> <span class='ocrx_word' id='word_1_181' title='bbox 3047 1202 3108 1257; x_wconf 92' lang='lat' dir='ltr'>in</span> <span class='ocrx_word' id='word_1_182' title='bbox 3135 1201 3363 1274; x_wconf 89' lang='lat' dir='ltr'>gaudio,</span> <span class='ocrx_word' id='word_1_183' title='bbox 3384 1202 3641 1257; x_wconf 90' lang='lat' dir='ltr'>clausum</span> <span class='ocrx_word' id='word_1_184' title='bbox 3659 1201 3945 1257; x_wconf 86' lang='lat' dir='ltr'>Christum</span> 
     </span>
    </p>
   </div>
   <div class='ocr_carea' id='block_1_27' title="bbox 2306 1296 3947 1369">
    <p class='ocr_par' dir='ltr' id='par_1_27' title="bbox 2306 1296 3947 1369">
     <span class='ocr_line' id='line_1_27' title="bbox 2306 1296 3947 1369; baseline -0.002 -17"><span class='ocrx_word' id='word_1_185' title='bbox 2306 1297 2555 1369; x_wconf 85' lang='lat' dir='ltr'>Virginis</span> <span class='ocrx_word' id='word_1_186' title='bbox 2604 1299 2728 1352; x_wconf 87' lang='lat' dir='ltr'>alvo</span> <span class='ocrx_word' id='word_1_187' title='bbox 2772 1299 3009 1369; x_wconf 89' lang='lat' dir='ltr'>mystico</span> <span class='ocrx_word' id='word_1_188' title='bbox 3052 1296 3310 1351; x_wconf 86' lang='lat' dir='ltr'>salutavit</span> <span class='ocrx_word' id='word_1_189' title='bbox 3366 1296 3667 1367; x_wconf 78' lang='lat' dir='ltr'>praesagio.</span> <span class='ocrx_word' id='word_1_190' title='bbox 3736 1296 3845 1351; x_wconf 88' lang='lat' dir='ltr'>Sed</span> <span class='ocrx_word' id='word_1_191' title='bbox 3897 1302 3947 1350; x_wconf 86' lang='lat' dir='ltr'>et</span> 
     </span>
    </p>
   </div>
   <div class='ocr_carea' id='block_1_28' title="bbox 2305 1389 3942 1463">
    <p class='ocr_par' dir='ltr' id='par_1_28' title="bbox 2305 1389 3942 1463">
     <span class='ocr_line' id='line_1_28' title="bbox 2305 1389 3942 1463; baseline -0.002 -17"><span class='ocrx_word' id='word_1_192' title='bbox 2305 1392 2533 1463; x_wconf 87' lang='lat' dir='ltr'>quando</span> <span class='ocrx_word' id='word_1_193' title='bbox 2556 1392 2840 1447; x_wconf 89' lang='lat' dir='ltr'>Johannes</span> <span class='ocrx_word' id='word_1_194' title='bbox 2865 1390 3038 1447; x_wconf 90' lang='lat' dir='ltr'>sensit</span> <span class='ocrx_word' id='word_1_195' title='bbox 3082 1390 3382 1445; x_wconf 90' lang='lat' dir='ltr'>imminere</span> <span class='ocrx_word' id='word_1_196' title='bbox 3420 1390 3571 1445; x_wconf 89' lang='lat' dir='ltr'>diem</span> <span class='ocrx_word' id='word_1_197' title='bbox 3614 1389 3807 1444; x_wconf 90' lang='lat' dir='ltr'>obitus</span> <span class='ocrx_word' id='word_1_198' title='bbox 3840 1390 3942 1457; x_wconf 87' lang='lat' dir='ltr'>sui,</span> 
     </span>
    </p>
   </div>
   <div class='ocr_carea' id='block_1_29' title="bbox 2306 1484 3941 1554">
    <p class='ocr_par' dir='ltr' id='par_1_29' title="bbox 2306 1484 3941 1554">
     <span class='ocr_line' id='line_1_29' title="bbox 2306 1484 3941 1554; baseline -0.001 -14"><span class='ocrx_word' id='word_1_199' title='bbox 2306 1486 2432 1541; x_wconf 89' lang='lat' dir='ltr'>ideo</span> <span class='ocrx_word' id='word_1_200' title='bbox 2463 1486 2619 1541; x_wconf 90' lang='lat' dir='ltr'>misit</span> <span class='ocrx_word' id='word_1_201' title='bbox 2644 1486 2715 1541; x_wconf 90' lang='lat' dir='ltr'>ad</span> <span class='ocrx_word' id='word_1_202' title='bbox 2740 1486 3048 1541; x_wconf 92' lang='lat' dir='ltr'>Dominum</span> <span class='ocrx_word' id='word_1_203' title='bbox 3081 1484 3274 1540; x_wconf 90' lang='lat' dir='ltr'>dicens</span> <span class='ocrx_word' id='word_1_204' title='bbox 3305 1501 3318 1538; x_wconf 95' lang='lat'>:</span> <span class='ocrx_word' id='word_1_205' title='bbox 3351 1486 3432 1538; x_wconf 87' lang='lat' dir='ltr'>Tu</span> <span class='ocrx_word' id='word_1_206' title='bbox 3459 1500 3512 1539; x_wconf 88' lang='lat' dir='ltr'>es</span> <span class='ocrx_word' id='word_1_207' title='bbox 3546 1486 3647 1554; x_wconf 88' lang='lat' dir='ltr'>qui</span> <span class='ocrx_word' id='word_1_208' title='bbox 3682 1488 3941 1538; x_wconf 76' lang='lat' dir='ltr'>venturus</span> 
     </span>
    </p>
   </div>
   <div class='ocr_carea' id='block_1_30' title="bbox 2305 1577 3946 1649">
    <p class='ocr_par' dir='ltr' id='par_1_30' title="bbox 2305 1577 3946 1649">
     <span class='ocr_line' id='line_1_30' title="bbox 2305 1577 3946 1649; baseline -0.002 -15"><span class='ocrx_word' id='word_1_209' title='bbox 2305 1594 2380 1643; x_wconf 87' lang='lat' dir='ltr'>es,</span> <span class='ocrx_word' id='word_1_210' title='bbox 2409 1596 2483 1634; x_wconf 91' lang='lat' dir='ltr'>an</span> <span class='ocrx_word' id='word_1_211' title='bbox 2513 1581 2684 1634; x_wconf 83' lang='lat' dir='ltr'>alium</span> <span class='ocrx_word' id='word_1_212' title='bbox 2720 1580 3128 1649; x_wconf 67' lang='lat' dir='ltr'>exspectamus?</span> <span class='ocrx_word' id='word_1_213' title='bbox 3153 1577 3315 1649; x_wconf 89' lang='lat' dir='ltr'>quasi</span> <span class='ocrx_word' id='word_1_214' title='bbox 3344 1578 3555 1633; x_wconf 88' lang='lat' dir='ltr'>diceret</span> <span class='ocrx_word' id='word_1_215' title='bbox 3592 1577 3674 1631; x_wconf 92' lang='lat' dir='ltr'>illi</span> <span class='ocrx_word' id='word_1_216' title='bbox 3703 1595 3718 1631; x_wconf 87' lang='lat'>:</span> <span class='ocrx_word' id='word_1_217' title='bbox 3762 1577 3946 1632; x_wconf 82' lang='lat' dir='ltr'>Indica</span> 
     </span>
    </p>
   </div>
   <div class='ocr_carea' id='block_1_31' title="bbox 2303 1671 3944 1745">
    <p class='ocr_par' dir='ltr' id='par_1_31' title="bbox 2303 1671 3944 1745">
     <span class='ocr_line' id='line_1_31' title="bbox 2303 1671 3944 1745; baseline -0.002 -17"><span class='ocrx_word' id='word_1_218' title='bbox 2303 1673 2448 1728; x_wconf 90' lang='lat' dir='ltr'>mihi</span> <span class='ocrx_word' id='word_1_219' title='bbox 2475 1677 2670 1732; x_wconf 89' lang='lat' dir='ltr'>utrum</span> <span class='ocrx_word' id='word_1_220' title='bbox 2694 1690 2798 1745; x_wconf 90' lang='lat' dir='ltr'>per</span> <span class='ocrx_word' id='word_1_221' title='bbox 2821 1678 2878 1728; x_wconf 91' lang='lat' dir='ltr'>te</span> <span class='ocrx_word' id='word_1_222' title='bbox 2897 1673 2969 1727; x_wconf 91' lang='lat' dir='ltr'>ad</span> <span class='ocrx_word' id='word_1_223' title='bbox 2997 1671 3207 1727; x_wconf 88' lang='lat' dir='ltr'>inferni</span> <span class='ocrx_word' id='word_1_224' title='bbox 3232 1671 3477 1726; x_wconf 88' lang='lat' dir='ltr'>claustra</span> <span class='ocrx_word' id='word_1_225' title='bbox 3503 1672 3834 1739; x_wconf 86' lang='lat' dir='ltr'>descendas,</span> <span class='ocrx_word' id='word_1_226' title='bbox 3879 1688 3944 1725; x_wconf 89' lang='lat' dir='ltr'>an</span> 
     </span>
    </p>
   </div>
   <div class='ocr_carea' id='block_1_32' title="bbox 2302 1765 3947 1839">
    <p class='ocr_par' dir='ltr' id='par_1_32' title="bbox 2302 1765 3947 1839">
     <span class='ocr_line' id='line_1_32' title="bbox 2302 1765 3947 1839; baseline -0.001 -18"><span class='ocrx_word' id='word_1_227' title='bbox 2302 1767 2373 1822; x_wconf 89' lang='lat' dir='ltr'>ad</span> <span class='ocrx_word' id='word_1_228' title='bbox 2401 1766 2759 1823; x_wconf 90' lang='lat' dir='ltr'>liberandum</span> <span class='ocrx_word' id='word_1_229' title='bbox 2790 1783 2969 1839; x_wconf 91' lang='lat' dir='ltr'>genus</span> <span class='ocrx_word' id='word_1_230' title='bbox 2998 1767 3318 1821; x_wconf 89' lang='lat' dir='ltr'>humanum</span> <span class='ocrx_word' id='word_1_231' title='bbox 3344 1765 3521 1819; x_wconf 89' lang='lat' dir='ltr'>alium</span> <span class='ocrx_word' id='word_1_232' title='bbox 3548 1766 3744 1821; x_wconf 89' lang='lat' dir='ltr'>mittas</span> <span class='ocrx_word' id='word_1_233' title='bbox 3775 1786 3790 1822; x_wconf 90' lang='lat'><strong>:</strong></span> <span class='ocrx_word' id='word_1_234' title='bbox 3820 1767 3947 1838; x_wconf 84' lang='lat' dir='ltr'>quia</span> 
     </span>
    </p>
   </div>
   <div class='ocr_carea' id='block_1_33' title="bbox 561 1844 3943 1933">
    <p class='ocr_par' dir='ltr' id='par_1_33' title="bbox 561 1844 3943 1933">
     <span class='ocr_line' id='line_1_33' title="bbox 561 1844 3943 1933; baseline 0 -18"><span class='ocrx_word' id='word_1_235' title='bbox 561 1877 695 1915; x_wconf 90' lang='lat' dir='ltr'>mur</span> <span class='ocrx_word' id='word_1_236' title='bbox 718 1862 789 1916; x_wconf 91' lang='lat' dir='ltr'>de</span> <span class='ocrx_word' id='word_1_237' title='bbox 824 1861 1040 1932; x_wconf 88' lang='lat' dir='ltr'>laqueis</span> <span class='ocrx_word' id='word_1_238' title='bbox 1064 1861 1235 1932; x_wconf 90' lang='lat' dir='ltr'>hujus</span> <span class='ocrx_word' id='word_1_239' title='bbox 1260 1862 1449 1916; x_wconf 69' lang='lat' dir='ltr'>saeculi</span> <span class='ocrx_word' id='word_1_240' title='bbox 1488 1860 1737 1916; x_wconf 90' lang='lat' dir='ltr'>liberari.</span> <span class='ocrx_word' id='word_1_241' title='bbox 1787 1863 1863 1916; x_wconf 90' lang='lat' dir='ltr'>De</span> <span class='ocrx_word' id='word_1_242' title='bbox 1908 1878 1974 1917; x_wconf 88' lang='lat' dir='ltr'>eo</span> <span class='ocrx_word' id='word_1_243' title='bbox 2010 1866 2202 1917; x_wconf 85' lang='lat' dir='ltr'>autem</span> <span class='ocrx_word' id='word_1_244' title='bbox 2222 1844 2285 1918; x_wconf 82' lang='grc' dir='ltr'><strong>Β</strong></span> <span class='ocrx_word' id='word_1_245' title='bbox 2304 1861 2447 1917; x_wconf 88' lang='lat' dir='ltr'>sicut</span> <span class='ocrx_word' id='word_1_246' title='bbox 2473 1866 2528 1916; x_wconf 92' lang='lat' dir='ltr'>te</span> <span class='ocrx_word' id='word_1_247' title='bbox 2554 1862 2614 1916; x_wconf 91' lang='lat' dir='ltr'>in</span> <span class='ocrx_word' id='word_1_248' title='bbox 2639 1862 2807 1917; x_wconf 88' lang='lat' dir='ltr'>terris</span> <span class='ocrx_word' id='word_1_249' title='bbox 2833 1860 3048 1933; x_wconf 88' lang='lat' dir='ltr'>positus</span> <span class='ocrx_word' id='word_1_250' title='bbox 3074 1860 3329 1915; x_wconf 91' lang='lat' dir='ltr'>docendo</span> <span class='ocrx_word' id='word_1_251' title='bbox 3355 1864 3410 1915; x_wconf 91' lang='lat' dir='ltr'>et</span> <span class='ocrx_word' id='word_1_252' title='bbox 3434 1858 3776 1931; x_wconf 88' lang='lat' dir='ltr'>baptizando</span> <span class='ocrx_word' id='word_1_253' title='bbox 3798 1878 3943 1932; x_wconf 65' lang='lat' dir='ltr'>prae-</span> 
     </span>
    </p>
   </div>
   <div class='ocr_carea' id='block_1_34' title="bbox 562 1954 2203 2027">
    <p class='ocr_par' dir='ltr' id='par_1_34' title="bbox 562 1954 2203 2027">
     <span class='ocr_line' id='line_1_34' title="bbox 562 1954 2203 2027; baseline 0.001 -18"><span class='ocrx_word' id='word_1_254' title='bbox 562 1955 716 2026; x_wconf 91' lang='lat' dir='ltr'>quod</span> <span class='ocrx_word' id='word_1_255' title='bbox 755 1954 918 2009; x_wconf 88' lang='lat' dir='ltr'>nobis</span> <span class='ocrx_word' id='word_1_256' title='bbox 976 1954 1192 2026; x_wconf 80' lang='lat' dir='ltr'>dignati</span> <span class='ocrx_word' id='word_1_257' title='bbox 1233 1954 1419 2009; x_wconf 88' lang='lat' dir='ltr'>fuistis</span> <span class='ocrx_word' id='word_1_258' title='bbox 1466 1954 1786 2027; x_wconf 89' lang='lat' dir='ltr'>injungere,</span> <span class='ocrx_word' id='word_1_259' title='bbox 1828 1958 1894 2010; x_wconf 91' lang='lat' dir='ltr'>ut</span> <span class='ocrx_word' id='word_1_260' title='bbox 1946 1956 2203 2011; x_wconf 85' lang='lat' dir='ltr'>ordinem</span> 
     </span>
    </p>
   </div>
   <div class='ocr_carea' id='block_1_35' title="bbox 558 2048 2205 2121">
    <p class='ocr_par' dir='ltr' id='par_1_35' title="bbox 558 2048 2205 2121">
     <span class='ocr_line' id='line_1_35' title="bbox 558 2048 2205 2121; baseline 0 -17"><span class='ocrx_word' id='word_1_261' title='bbox 558 2049 849 2120; x_wconf 69' lang='lat' dir='ltr'>Hypponae</span> <span class='ocrx_word' id='word_1_262' title='bbox 872 2048 1165 2119; x_wconf 85' lang='lat' dir='ltr'>Regiensis</span> <span class='ocrx_word' id='word_1_263' title='bbox 1191 2048 1458 2118; x_wconf 73' lang='lat' dir='ltr'>ecclesiae,</span> <span class='ocrx_word' id='word_1_264' title='bbox 1501 2049 1744 2121; x_wconf 87' lang='lat' dir='ltr'>qualiter</span> <span class='ocrx_word' id='word_1_265' title='bbox 1782 2048 1975 2104; x_wconf 88' lang='lat' dir='ltr'>divina</span> <span class='ocrx_word' id='word_1_266' title='bbox 2019 2050 2205 2104; x_wconf 86' lang='lat' dir='ltr'>ofﬁcia</span> 
     </span>
    </p>
   </div>
   <div class='ocr_carea' id='block_1_36' title="bbox 558 2142 2203 2215">
    <p class='ocr_par' dir='ltr' id='par_1_36' title="bbox 558 2142 2203 2215">
     <span class='ocr_line' id='line_1_36' title="bbox 558 2142 2203 2215; baseline 0.002 -19"><span class='ocrx_word' id='word_1_267' title='bbox 558 2158 662 2213; x_wconf 92' lang='lat' dir='ltr'>per</span> <span class='ocrx_word' id='word_1_268' title='bbox 685 2142 1028 2197; x_wconf 88' lang='lat' dir='ltr'>Testamenti</span> <span class='ocrx_word' id='word_1_269' title='bbox 1055 2146 1112 2197; x_wconf 92' lang='lat' dir='ltr'>et</span> <span class='ocrx_word' id='word_1_270' title='bbox 1129 2142 1265 2196; x_wconf 91' lang='lat' dir='ltr'>Novi</span> <span class='ocrx_word' id='word_1_271' title='bbox 1285 2146 1342 2197; x_wconf 90' lang='lat' dir='ltr'>et</span> <span class='ocrx_word' id='word_1_272' title='bbox 1361 2143 1572 2198; x_wconf 87' lang='lat' dir='ltr'>Veteris</span> <span class='ocrx_word' id='word_1_273' title='bbox 1596 2142 1866 2215; x_wconf 80' lang='lat' dir='ltr'>paginam</span> <span class='ocrx_word' id='word_1_274' title='bbox 1896 2144 2203 2199; x_wconf 88' lang='lat' dir='ltr'>annualem</span> 
     </span>
    </p>
   </div>
   <div class='ocr_carea' id='block_1_37' title="bbox 556 2235 2202 2309">
    <p class='ocr_par' dir='ltr' id='par_1_37' title="bbox 556 2235 2202 2309">
     <span class='ocr_line' id='line_1_37' title="bbox 556 2235 2202 2309; baseline 0.001 -18"><span class='ocrx_word' id='word_1_275' title='bbox 556 2236 831 2308; x_wconf 89' lang='lat' dir='ltr'>persolvit</span> <span class='ocrx_word' id='word_1_276' title='bbox 849 2236 1233 2307; x_wconf 88' lang='lat' dir='ltr'>harmoniam,</span> <span class='ocrx_word' id='word_1_277' title='bbox 1250 2235 1409 2291; x_wconf 89' lang='lat' dir='ltr'>vobis</span> <span class='ocrx_word' id='word_1_278' title='bbox 1421 2236 1669 2309; x_wconf 89' lang='lat' dir='ltr'>dirigere</span> <span class='ocrx_word' id='word_1_279' title='bbox 1687 2238 2055 2306; x_wconf 84' lang='lat' dir='ltr'>deberemus;</span> <span class='ocrx_word' id='word_1_280' title='bbox 2075 2238 2202 2293; x_wconf 88' lang='lat' dir='ltr'>ideo</span> 
     </span>
    </p>
   </div>
   <div class='ocr_carea' id='block_1_38' title="bbox 557 2330 2203 2401">
    <p class='ocr_par' dir='ltr' id='par_1_38' title="bbox 557 2330 2203 2401">
     <span class='ocr_line' id='line_1_38' title="bbox 557 2330 2203 2401; baseline 0.001 -16"><span class='ocrx_word' id='word_1_281' title='bbox 557 2330 630 2385; x_wconf 89' lang='lat' dir='ltr'>ad</span> <span class='ocrx_word' id='word_1_282' title='bbox 658 2346 911 2401; x_wconf 64' lang='lat' dir='ltr'>praesens</span> <span class='ocrx_word' id='word_1_283' title='bbox 954 2346 1070 2385; x_wconf 91' lang='lat' dir='ltr'>non</span> <span class='ocrx_word' id='word_1_284' title='bbox 1094 2330 1407 2401; x_wconf 81' lang='lat' dir='ltr'>potuimus,</span> <span class='ocrx_word' id='word_1_285' title='bbox 1435 2331 1568 2401; x_wconf 89' lang='lat' dir='ltr'>quia</span> <span class='ocrx_word' id='word_1_286' title='bbox 1594 2331 1653 2385; x_wconf 92' lang='lat' dir='ltr'>in</span> <span class='ocrx_word' id='word_1_287' title='bbox 1696 2331 1840 2386; x_wconf 89' lang='lat' dir='ltr'>libro</span> <span class='ocrx_word' id='word_1_288' title='bbox 1886 2333 2203 2386; x_wconf 88' lang='lat' dir='ltr'>Exameron</span> 
     </span>
    </p>
   </div>
   <div class='ocr_carea' id='block_1_39' title="bbox 558 2423 2202 2495">
    <p class='ocr_par' dir='ltr' id='par_1_39' title="bbox 558 2423 2202 2495">
     <span class='ocr_line' id='line_1_39' title="bbox 558 2423 2202 2495; baseline 0.001 -17"><span class='ocrx_word' id='word_1_289' title='bbox 558 2428 779 2479; x_wconf 89' lang='lat' dir='ltr'>nostros</span> <span class='ocrx_word' id='word_1_290' title='bbox 790 2423 1037 2478; x_wconf 80' lang='lat' dir='ltr'>notarios</span> <span class='ocrx_word' id='word_1_291' title='bbox 1056 2427 1355 2495; x_wconf 89' lang='lat' dir='ltr'>occupatos</span> <span class='ocrx_word' id='word_1_292' title='bbox 1381 2423 1752 2479; x_wconf 88' lang='lat' dir='ltr'>habebamus.</span> <span class='ocrx_word' id='word_1_293' title='bbox 1772 2424 1880 2480; x_wconf 90' lang='lat' dir='ltr'>Sed</span> <span class='ocrx_word' id='word_1_294' title='bbox 1906 2442 2036 2480; x_wconf 88' lang='lat' dir='ltr'>cum</span> <span class='ocrx_word' id='word_1_295' title='bbox 2061 2425 2202 2480; x_wconf 89' lang='lat' dir='ltr'>illud</span> 
     </span>
    </p>
   </div>
   <div class='ocr_carea' id='block_1_40' title="bbox 560 2517 2202 2590">
    <p class='ocr_par' dir='ltr' id='par_1_40' title="bbox 560 2517 2202 2590">
     <span class='ocr_line' id='line_1_40' title="bbox 560 2517 2202 2590; baseline 0.003 -20"><span class='ocrx_word' id='word_1_296' title='bbox 560 2534 703 2589; x_wconf 90' lang='lat' dir='ltr'>opus</span> <span class='ocrx_word' id='word_1_297' title='bbox 744 2517 937 2585; x_wconf 89' lang='lat' dir='ltr'>fuerit,</span> <span class='ocrx_word' id='word_1_298' title='bbox 977 2517 1200 2572; x_wconf 89' lang='lat' dir='ltr'>favente</span> <span class='ocrx_word' id='word_1_299' title='bbox 1242 2517 1505 2586; x_wconf 91' lang='lat' dir='ltr'>Domino,</span> <span class='ocrx_word' id='word_1_300' title='bbox 1549 2523 2026 2590; x_wconf 89' lang='lat' dir='ltr'>consummatum,</span> <span class='ocrx_word' id='word_1_301' title='bbox 2068 2536 2202 2575; x_wconf 85' lang='lat' dir='ltr'>mox</span> 
     </span>
    </p>
   </div>
   <div class='ocr_carea' id='block_1_41' title="bbox 560 2610 2199 2683">
    <p class='ocr_par' dir='ltr' id='par_1_41' title="bbox 560 2610 2199 2683">
     <span class='ocr_line' id='line_1_41' title="bbox 560 2610 2199 2683; baseline 0.002 -18"><span class='ocrx_word' id='word_1_302' title='bbox 560 2610 884 2666; x_wconf 88' lang='lat' dir='ltr'>obedientes</span> <span class='ocrx_word' id='word_1_303' title='bbox 941 2615 1126 2683; x_wconf 77' lang='lat' dir='ltr'>vestro</span> <span class='ocrx_word' id='word_1_304' title='bbox 1162 2611 1404 2682; x_wconf 91' lang='lat' dir='ltr'>imperio</span> <span class='ocrx_word' id='word_1_305' title='bbox 1456 2627 1561 2682; x_wconf 90' lang='lat' dir='ltr'>per</span> <span class='ocrx_word' id='word_1_306' title='bbox 1608 2612 1887 2667; x_wconf 89' lang='lat' dir='ltr'>famulum</span> <span class='ocrx_word' id='word_1_307' title='bbox 1930 2616 2199 2681; x_wconf 83' lang='lat' dir='ltr'>vestrum,</span> 
     </span>
    </p>
   </div>
   <div class='ocr_carea' id='block_1_42' title="bbox 560 2705 2198 2778">
    <p class='ocr_par' dir='ltr' id='par_1_42' title="bbox 560 2705 2198 2778">
     <span class='ocr_line' id='line_1_42' title="bbox 560 2705 2198 2778; baseline 0.001 -19"><span class='ocrx_word' id='word_1_308' title='bbox 560 2705 743 2760; x_wconf 88' lang='lat' dir='ltr'>ﬁlium</span> <span class='ocrx_word' id='word_1_309' title='bbox 782 2706 843 2760; x_wconf 90' lang='lat' dir='ltr'>in</span> <span class='ocrx_word' id='word_1_310' title='bbox 875 2705 1099 2761; x_wconf 86' lang='lat' dir='ltr'>Christo</span> <span class='ocrx_word' id='word_1_311' title='bbox 1125 2710 1403 2773; x_wconf 90' lang='lat' dir='ltr'>nostrum,</span> <span class='ocrx_word' id='word_1_312' title='bbox 1434 2706 1754 2777; x_wconf 87' lang='lat' dir='ltr'>Eugepium</span> <span class='ocrx_word' id='word_1_313' title='bbox 1780 2707 2198 2778; x_wconf 69' lang='lat' dir='ltr'>presbyterum,</span> 
     </span>
    </p>
   </div>
   <div class='ocr_carea' id='block_1_43' title="bbox 557 2798 2199 2872">
    <p class='ocr_par' dir='ltr' id='par_1_43' title="bbox 557 2798 2199 2872">
     <span class='ocr_line' id='line_1_43' title="bbox 557 2798 2199 2872; baseline 0.001 -17"><span class='ocrx_word' id='word_1_314' title='bbox 557 2799 714 2855; x_wconf 85' lang='lat' dir='ltr'>vobis</span> <span class='ocrx_word' id='word_1_315' title='bbox 748 2798 1009 2854; x_wconf 89' lang='lat' dir='ltr'>libellum</span> <span class='ocrx_word' id='word_1_316' title='bbox 1035 2799 1349 2871; x_wconf 83' lang='lat' dir='ltr'>dirigemus</span> <span class='ocrx_word' id='word_1_317' title='bbox 1378 2816 1391 2854; x_wconf 92' lang='lat'><strong>:</strong></span> <span class='ocrx_word' id='word_1_318' title='bbox 1419 2800 1481 2854; x_wconf 93' lang='lat' dir='ltr'>in</span> <span class='ocrx_word' id='word_1_319' title='bbox 1505 2817 1619 2871; x_wconf 90' lang='lat' dir='ltr'>quo</span> <span class='ocrx_word' id='word_1_320' title='bbox 1648 2800 1823 2856; x_wconf 88' lang='lat' dir='ltr'>totius</span> <span class='ocrx_word' id='word_1_321' title='bbox 1857 2800 1992 2856; x_wconf 87' lang='lat' dir='ltr'>anni</span> <span class='ocrx_word' id='word_1_322' title='bbox 2035 2801 2199 2872; x_wconf 84' lang='lat' dir='ltr'>Opiﬁ-</span> 
     </span>
    </p>
   </div>
   <div class='ocr_carea' id='block_1_44' title="bbox 560 2893 2198 2966">
    <p class='ocr_par' dir='ltr' id='par_1_44' title="bbox 560 2893 2198 2966">
     <span class='ocr_line' id='line_1_44' title="bbox 560 2893 2198 2966; baseline 0.002 -19"><span class='ocrx_word' id='word_1_323' title='bbox 560 2893 711 2948; x_wconf 92' lang='lat' dir='ltr'>cium</span> <span class='ocrx_word' id='word_1_324' title='bbox 727 2893 790 2948; x_wconf 91' lang='lat' dir='ltr'>in</span> <span class='ocrx_word' id='word_1_325' title='bbox 802 2893 1137 2949; x_wconf 90' lang='lat' dir='ltr'>lectionibus</span> <span class='ocrx_word' id='word_1_326' title='bbox 1151 2893 1362 2948; x_wconf 88' lang='lat' dir='ltr'>Divinis</span> <span class='ocrx_word' id='word_1_327' title='bbox 1376 2894 1733 2966; x_wconf 88' lang='lat' dir='ltr'>perﬂorando</span> <span class='ocrx_word' id='word_1_328' title='bbox 1745 2895 2198 2966; x_wconf 84' lang='lat' dir='ltr'>perstrinximus,</span> 
     </span>
    </p>
   </div>
   <div class='ocr_carea' id='block_1_45' title="bbox 556 2987 2201 3059">
    <p class='ocr_par' dir='ltr' id='par_1_45' title="bbox 556 2987 2201 3059">
     <span class='ocr_line' id='line_1_45' title="bbox 556 2987 2201 3059; baseline 0.001 -17"><span class='ocrx_word' id='word_1_329' title='bbox 556 2987 888 3059; x_wconf 87' lang='lat' dir='ltr'>incipientes</span> <span class='ocrx_word' id='word_1_330' title='bbox 925 2988 1184 3043; x_wconf 88' lang='lat' dir='ltr'>ordinem</span> <span class='ocrx_word' id='word_1_331' title='bbox 1217 2988 1506 3045; x_wconf 82' lang='lat' dir='ltr'>Adventus</span> <span class='ocrx_word' id='word_1_332' title='bbox 1556 2988 1830 3044; x_wconf 90' lang='lat' dir='ltr'>Dominici</span> <span class='ocrx_word' id='word_1_333' title='bbox 1880 2990 1950 3043; x_wconf 89' lang='lat' dir='ltr'>ab</span> <span class='ocrx_word' id='word_1_334' title='bbox 2004 2993 2201 3045; x_wconf 83' lang='lat' dir='ltr'>octavo</span> 
     </span>
    </p>
   </div>
   <div class='ocr_carea' id='block_1_46' title="bbox 556 3082 2202 3155">
    <p class='ocr_par' dir='ltr' id='par_1_46' title="bbox 556 3082 2202 3155">
     <span class='ocr_line' id='line_1_46' title="bbox 556 3082 2202 3155; baseline -0.001 -17"><span class='ocrx_word' id='word_1_335' title='bbox 556 3082 825 3138; x_wconf 88' lang='lat' dir='ltr'>Calendas</span> <span class='ocrx_word' id='word_1_336' title='bbox 855 3082 1100 3138; x_wconf 89' lang='lat' dir='ltr'>octubris</span> <span class='ocrx_word' id='word_1_337' title='bbox 1139 3083 1549 3154; x_wconf 70' lang='lat' dir='ltr'>aequinoctium</span> <span class='ocrx_word' id='word_1_338' title='bbox 1589 3083 1938 3153; x_wconf 89' lang='lat' dir='ltr'>autumnale,</span> <span class='ocrx_word' id='word_1_339' title='bbox 1992 3099 2098 3155; x_wconf 89' lang='lat' dir='ltr'>pro</span> <span class='ocrx_word' id='word_1_340' title='bbox 2136 3100 2202 3139; x_wconf 92' lang='lat' dir='ltr'>eo</span> 
     </span>
    </p>
   </div>
   <div class='ocr_carea' id='block_1_47' title="bbox 558 3176 2199 3248">
    <p class='ocr_par' dir='ltr' id='par_1_47' title="bbox 558 3176 2199 3248">
     <span class='ocr_line' id='line_1_47' title="bbox 558 3176 2199 3248; baseline 0.001 -18"><span class='ocrx_word' id='word_1_341' title='bbox 558 3176 711 3248; x_wconf 91' lang='lat' dir='ltr'>quod</span> <span class='ocrx_word' id='word_1_342' title='bbox 737 3177 935 3231; x_wconf 88' lang='lat' dir='ltr'>eadem</span> <span class='ocrx_word' id='word_1_343' title='bbox 959 3176 1051 3230; x_wconf 93' lang='lat' dir='ltr'>die</span> <span class='ocrx_word' id='word_1_344' title='bbox 1074 3176 1358 3231; x_wconf 87' lang='lat' dir='ltr'>Johannes</span> <span class='ocrx_word' id='word_1_345' title='bbox 1382 3193 1700 3247; x_wconf 81' lang='lat' dir='ltr'>praecursor</span> <span class='ocrx_word' id='word_1_346' title='bbox 1715 3176 1939 3232; x_wconf 89' lang='lat' dir='ltr'>Domini</span> <span class='ocrx_word' id='word_1_347' title='bbox 1961 3194 1995 3231; x_wconf 90' lang='lat' dir='ltr'>a</span> <span class='ocrx_word' id='word_1_348' title='bbox 2019 3177 2199 3248; x_wconf 89' lang='lat' dir='ltr'>majo-</span> 
     </span>
    </p>
   </div>
   <div class='ocr_carea' id='block_1_48' title="bbox 558 3269 2196 3343">
    <p class='ocr_par' dir='ltr' id='par_1_48' title="bbox 558 3269 2196 3343">
     <span class='ocr_line' id='line_1_48' title="bbox 558 3269 2196 3343; baseline 0.001 -18"><span class='ocrx_word' id='word_1_349' title='bbox 558 3270 716 3325; x_wconf 90' lang='lat' dir='ltr'>ribus</span> <span class='ocrx_word' id='word_1_350' title='bbox 740 3269 945 3324; x_wconf 88' lang='lat' dir='ltr'>nostris</span> <span class='ocrx_word' id='word_1_351' title='bbox 970 3269 1214 3325; x_wconf 89' lang='lat' dir='ltr'>traditur</span> <span class='ocrx_word' id='word_1_352' title='bbox 1240 3274 1296 3324; x_wconf 91' lang='lat' dir='ltr'>et</span> <span class='ocrx_word' id='word_1_353' title='bbox 1312 3271 1528 3341; x_wconf 80' lang='lat' dir='ltr'>Angelo</span> <span class='ocrx_word' id='word_1_354' title='bbox 1557 3271 1854 3327; x_wconf 89' lang='lat' dir='ltr'>nuntiante</span> <span class='ocrx_word' id='word_1_355' title='bbox 1874 3276 2196 3343; x_wconf 90' lang='lat' dir='ltr'>conceptus,</span> 
     </span>
    </p>
   </div>
   <div class='ocr_carea' id='block_1_49' title="bbox 560 3362 2201 3436">
    <p class='ocr_par' dir='ltr' id='par_1_49' title="bbox 560 3362 2201 3436">
     <span class='ocr_line' id='line_1_49' title="bbox 560 3362 2201 3436; baseline 0.001 -18"><span class='ocrx_word' id='word_1_356' title='bbox 560 3368 617 3418; x_wconf 93' lang='lat' dir='ltr'>et</span> <span class='ocrx_word' id='word_1_357' title='bbox 643 3362 874 3418; x_wconf 87' lang='lat' dir='ltr'>Herodis</span> <span class='ocrx_word' id='word_1_358' title='bbox 900 3362 1111 3417; x_wconf 84' lang='lat' dir='ltr'>funesti</span> <span class='ocrx_word' id='word_1_359' title='bbox 1155 3362 1338 3433; x_wconf 89' lang='lat' dir='ltr'>gladio</span> <span class='ocrx_word' id='word_1_360' title='bbox 1375 3363 1707 3419; x_wconf 89' lang='lat' dir='ltr'>trucidatus.</span> <span class='ocrx_word' id='word_1_361' title='bbox 1754 3365 1851 3419; x_wconf 90' lang='lat' dir='ltr'>Est</span> <span class='ocrx_word' id='word_1_362' title='bbox 1896 3369 1952 3420; x_wconf 92' lang='lat' dir='ltr'>et</span> <span class='ocrx_word' id='word_1_363' title='bbox 1994 3369 2201 3436; x_wconf 69' lang='lat' dir='ltr'>praeter</span> 
     </span>
    </p>
   </div>
   <div class='ocr_carea' id='block_1_50' title="bbox 558 3455 2195 3532">
    <p class='ocr_par' dir='ltr' id='par_1_50' title="bbox 558 3455 2195 3532">
     <span class='ocr_line' id='line_1_50' title="bbox 558 3455 2195 3532; baseline 0.002 -20"><span class='ocrx_word' id='word_1_364' title='bbox 558 3456 922 3512; x_wconf 84' lang='lat' dir='ltr'>Nativitatem</span> <span class='ocrx_word' id='word_1_365' title='bbox 986 3455 1095 3510; x_wconf 85' lang='lat' dir='ltr'>alia</span> <span class='ocrx_word' id='word_1_366' title='bbox 1158 3456 1501 3512; x_wconf 86' lang='lat' dir='ltr'>sollemnitas</span> <span class='ocrx_word' id='word_1_367' title='bbox 1550 3458 1826 3513; x_wconf 87' lang='lat' dir='ltr'>Johannis</span> <span class='ocrx_word' id='word_1_368' title='bbox 1895 3460 2195 3532; x_wconf 71' lang='lat' dir='ltr'>Baptistae,</span> 
     </span>
    </p>
   </div>
   <div class='ocr_carea' id='block_1_51' title="bbox 559 3550 2196 3624">
    <p class='ocr_par' dir='ltr' id='par_1_51' title="bbox 559 3550 2196 3624">
     <span class='ocr_line' id='line_1_51' title="bbox 559 3550 2196 3624; baseline 0.002 -19"><span class='ocrx_word' id='word_1_369' title='bbox 559 3555 763 3623; x_wconf 90' lang='lat' dir='ltr'>quarto</span> <span class='ocrx_word' id='word_1_370' title='bbox 790 3550 1000 3606; x_wconf 90' lang='lat' dir='ltr'>scilicet</span> <span class='ocrx_word' id='word_1_371' title='bbox 1025 3550 1299 3606; x_wconf 90' lang='lat' dir='ltr'>Calendas</span> <span class='ocrx_word' id='word_1_372' title='bbox 1324 3550 1689 3623; x_wconf 87' lang='lat' dir='ltr'>Septembris,</span> <span class='ocrx_word' id='word_1_373' title='bbox 1729 3553 1956 3624; x_wconf 89' lang='lat' dir='ltr'>quando</span> <span class='ocrx_word' id='word_1_374' title='bbox 1996 3553 2196 3609; x_wconf 90' lang='lat' dir='ltr'>inven-</span> 
     </span>
    </p>
   </div>
   <div class='ocr_carea' id='block_1_52' title="bbox 560 3644 2203 3717">
    <p class='ocr_par' dir='ltr' id='par_1_52' title="bbox 560 3644 2203 3717">
     <span class='ocr_line' id='line_1_52' title="bbox 560 3644 2203 3717; baseline 0.001 -16"><span class='ocrx_word' id='word_1_375' title='bbox 560 3650 684 3701; x_wconf 89' lang='lat' dir='ltr'>tum</span> <span class='ocrx_word' id='word_1_376' title='bbox 724 3645 936 3717; x_wconf 81' lang='lat' dir='ltr'>legitur</span> <span class='ocrx_word' id='word_1_377' title='bbox 987 3647 1157 3717; x_wconf 91' lang='lat' dir='ltr'>caput</span> <span class='ocrx_word' id='word_1_378' title='bbox 1195 3644 1462 3699; x_wconf 89' lang='lat' dir='ltr'>dominici</span> <span class='ocrx_word' id='word_1_379' title='bbox 1506 3647 1889 3717; x_wconf 73' lang='lat' dir='ltr'>praecursoris.</span> <span class='ocrx_word' id='word_1_380' title='bbox 1932 3648 2089 3712; x_wconf 89' lang='lat' dir='ltr'>Quod</span> <span class='ocrx_word' id='word_1_381' title='bbox 2137 3651 2203 3703; x_wconf 90' lang='lat' dir='ltr'>ut</span> 
     </span>
    </p>
   </div>
   <div class='ocr_carea' id='block_1_53' title="bbox 562 3739 2201 3813">
    <p class='ocr_par' dir='ltr' id='par_1_53' title="bbox 562 3739 2201 3813">
     <span class='ocr_line' id='line_1_53' title="bbox 562 3739 2201 3813; baseline 0.001 -18"><span class='ocrx_word' id='word_1_382' title='bbox 562 3739 763 3812; x_wconf 88' lang='lat' dir='ltr'>opinor</span> <span class='ocrx_word' id='word_1_383' title='bbox 781 3740 1027 3796; x_wconf 87' lang='lat' dir='ltr'>decrevit</span> <span class='ocrx_word' id='word_1_384' title='bbox 1052 3740 1180 3797; x_wconf 91' lang='lat' dir='ltr'>ideo</span> <span class='ocrx_word' id='word_1_385' title='bbox 1207 3739 1547 3811; x_wconf 89' lang='lat' dir='ltr'>dispensatio</span> <span class='ocrx_word' id='word_1_386' title='bbox 1578 3741 1829 3811; x_wconf 88' lang='lat' dir='ltr'>Deitatis,</span> <span class='ocrx_word' id='word_1_387' title='bbox 1858 3745 1924 3796; x_wconf 91' lang='lat' dir='ltr'>ut</span> <span class='ocrx_word' id='word_1_388' title='bbox 1962 3742 2098 3813; x_wconf 89' lang='lat' dir='ltr'>quia</span> <span class='ocrx_word' id='word_1_389' title='bbox 2139 3741 2201 3796; x_wconf 92' lang='lat' dir='ltr'>in</span> 
     </span>
    </p>
   </div>
   <div class='ocr_carea' id='block_1_54' title="bbox 562 3833 2201 3906">
    <p class='ocr_par' dir='ltr' id='par_1_54' title="bbox 562 3833 2201 3906">
     <span class='ocr_line' id='line_1_54' title="bbox 562 3833 2201 3906; baseline 0 -15"><span class='ocrx_word' id='word_1_390' title='bbox 562 3836 713 3891; x_wconf 90' lang='lat' dir='ltr'>unda</span> <span class='ocrx_word' id='word_1_391' title='bbox 740 3835 1115 3906; x_wconf 88' lang='lat' dir='ltr'>baptismatis,</span> <span class='ocrx_word' id='word_1_392' title='bbox 1138 3833 1521 3889; x_wconf 89' lang='lat' dir='ltr'>ministerium</span> <span class='ocrx_word' id='word_1_393' title='bbox 1548 3834 1864 3904; x_wconf 85' lang='lat' dir='ltr'>dumtaxat,</span> <span class='ocrx_word' id='word_1_394' title='bbox 1896 3836 2048 3906; x_wconf 89' lang='lat' dir='ltr'>quod</span> <span class='ocrx_word' id='word_1_395' title='bbox 2069 3838 2201 3891; x_wconf 84' lang='lat' dir='ltr'>ante</span> 
     </span>
    </p>
   </div>
   <div class='ocr_carea' id='block_1_55' title="bbox 560 3927 2204 4000">
    <p class='ocr_par' dir='ltr' id='par_1_55' title="bbox 560 3927 2204 4000">
     <span class='ocr_line' id='line_1_55' title="bbox 560 3927 2204 4000; baseline -0.001 -15"><span class='ocrx_word' id='word_1_396' title='bbox 560 3930 765 3985; x_wconf 85' lang='lat' dir='ltr'>faciem</span> <span class='ocrx_word' id='word_1_397' title='bbox 791 3928 998 3984; x_wconf 85' lang='lat' dir='ltr'>Christi</span> <span class='ocrx_word' id='word_1_398' title='bbox 1034 3927 1359 4000; x_wconf 74' lang='lat' dir='ltr'>praedicavit</span> <span class='ocrx_word' id='word_1_399' title='bbox 1384 3928 1688 3999; x_wconf 85' lang='lat' dir='ltr'>Johannes,</span> <span class='ocrx_word' id='word_1_400' title='bbox 1727 3944 2017 3983; x_wconf 88' lang='lat' dir='ltr'>sacramur</span> <span class='ocrx_word' id='word_1_401' title='bbox 2056 3945 2204 3984; x_wconf 90' lang='lat' dir='ltr'>mer-</span> 
     </span>
    </p>
   </div>
   <div class='ocr_carea' id='block_1_56' title="bbox 564 4021 2204 4091">
    <p class='ocr_par' dir='ltr' id='par_1_56' title="bbox 564 4021 2204 4091">
     <span class='ocr_line' id='line_1_56' title="bbox 564 4021 2204 4091; baseline 0.001 -14"><span class='ocrx_word' id='word_1_402' title='bbox 564 4022 816 4077; x_wconf 89' lang='lat' dir='ltr'>sionibus</span> <span class='ocrx_word' id='word_1_403' title='bbox 840 4021 1027 4091; x_wconf 85' lang='lat' dir='ltr'>trinis,</span> <span class='ocrx_word' id='word_1_404' title='bbox 1059 4021 1185 4077; x_wconf 89' lang='lat' dir='ltr'>ideo</span> <span class='ocrx_word' id='word_1_405' title='bbox 1211 4022 1458 4077; x_wconf 89' lang='lat' dir='ltr'>trifarias</span> <span class='ocrx_word' id='word_1_406' title='bbox 1483 4022 1835 4078; x_wconf 89' lang='lat' dir='ltr'>sollemniter</span> <span class='ocrx_word' id='word_1_407' title='bbox 1868 4022 2066 4078; x_wconf 89' lang='lat' dir='ltr'>reddat</span> <span class='ocrx_word' id='word_1_408' title='bbox 2106 4024 2204 4079; x_wconf 89' lang='lat' dir='ltr'>Ec-</span> 
     </span>
    </p>
   </div>
   <div class='ocr_carea' id='block_1_57' title="bbox 565 4115 2204 4190">
    <p class='ocr_par' dir='ltr' id='par_1_57' title="bbox 565 4115 2204 4190">
     <span class='ocr_line' id='line_1_57' title="bbox 565 4115 2204 4190; baseline 0.001 -19"><span class='ocrx_word' id='word_1_409' title='bbox 565 4117 732 4171; x_wconf 90' lang='lat' dir='ltr'>clesia</span> <span class='ocrx_word' id='word_1_410' title='bbox 756 4116 879 4187; x_wconf 86' lang='lat' dir='ltr'>ejus</span> <span class='ocrx_word' id='word_1_411' title='bbox 904 4115 1120 4171; x_wconf 90' lang='lat' dir='ltr'>laudes.</span> <span class='ocrx_word' id='word_1_412' title='bbox 1147 4117 1214 4171; x_wconf 89' lang='lat' dir='ltr'>Et</span> <span class='ocrx_word' id='word_1_413' title='bbox 1238 4116 1371 4188; x_wconf 90' lang='lat' dir='ltr'>quia</span> <span class='ocrx_word' id='word_1_414' title='bbox 1391 4116 1460 4172; x_wconf 91' lang='lat' dir='ltr'>de</span> <span class='ocrx_word' id='word_1_415' title='bbox 1480 4116 1577 4171; x_wconf 90' lang='lat' dir='ltr'>illo</span> <span class='ocrx_word' id='word_1_416' title='bbox 1606 4116 1879 4188; x_wconf 88' lang='lat' dir='ltr'>scriptum</span> <span class='ocrx_word' id='word_1_417' title='bbox 1901 4115 2093 4190; x_wconf 85' lang='grc'>459</span> <span class='ocrx_word' id='word_1_418' title='bbox 2120 4120 2204 4172; x_wconf 90' lang='lat' dir='ltr'>est</span> 
     </span>
    </p>
   </div>
   <div class='ocr_carea' id='block_1_58' title="bbox 563 4209 2204 4282">
    <p class='ocr_par' dir='ltr' id='par_1_58' title="bbox 563 4209 2204 4282">
     <span class='ocr_line' id='line_1_58' title="bbox 563 4209 2204 4282; baseline 0 -15"><span class='ocrx_word' id='word_1_419' title='bbox 563 4210 797 4267; x_wconf 87' lang='lat' dir='ltr'>vocibus</span> <span class='ocrx_word' id='word_1_420' title='bbox 824 4209 1171 4282; x_wconf 89' lang='lat' dir='ltr'>propheticis</span> <span class='ocrx_word' id='word_1_421' title='bbox 1217 4215 1274 4265; x_wconf 90' lang='lat' dir='ltr'>et</span> <span class='ocrx_word' id='word_1_422' title='bbox 1301 4209 1639 4265; x_wconf 88' lang='lat' dir='ltr'>testimoniis</span> <span class='ocrx_word' id='word_1_423' title='bbox 1682 4210 1981 4265; x_wconf 87' lang='lat' dir='ltr'>Salvatoris</span> <span class='ocrx_word' id='word_1_424' title='bbox 2010 4228 2026 4266; x_wconf 90' lang='lat'><strong>:</strong></span> <span class='ocrx_word' id='word_1_425' title='bbox 2071 4214 2204 4267; x_wconf 82' lang='lat' dir='ltr'>Ecce</span> 
     </span>
    </p>
   </div>
   <div class='ocr_carea' id='block_1_59' title="bbox 568 4304 2205 4375">
    <p class='ocr_par' dir='ltr' id='par_1_59' title="bbox 568 4304 2205 4375">
     <span class='ocr_line' id='line_1_59' title="bbox 568 4304 2205 4375; baseline -0.001 -13"><span class='ocrx_word' id='word_1_426' title='bbox 568 4322 660 4375; x_wconf 79' lang='lat' dir='ltr'>ego</span> <span class='ocrx_word' id='word_1_427' title='bbox 702 4306 854 4361; x_wconf 81' lang='lat' dir='ltr'>mitto</span> <span class='ocrx_word' id='word_1_428' title='bbox 884 4306 1137 4372; x_wconf 86' lang='lat' dir='ltr'>angelum</span> <span class='ocrx_word' id='word_1_429' title='bbox 1169 4320 1343 4359; x_wconf 87' lang='lat' dir='ltr'>meum</span> <span class='ocrx_word' id='word_1_430' title='bbox 1385 4305 1482 4373; x_wconf 88' lang='lat' dir='ltr'>qui</span> <span class='ocrx_word' id='word_1_431' title='bbox 1516 4304 1862 4374; x_wconf 67' lang='lat' dir='ltr'>prwparabit</span> <span class='ocrx_word' id='word_1_432' title='bbox 1892 4308 2039 4360; x_wconf 77' lang='lat' dir='ltr'>viam</span> <span class='ocrx_word' id='word_1_433' title='bbox 2079 4311 2205 4361; x_wconf 85' lang='lat' dir='ltr'>ante</span> 
     </span>
    </p>
   </div>
   <div class='ocr_carea' id='block_1_60' title="bbox 563 4396 2205 4471">
    <p class='ocr_par' dir='ltr' id='par_1_60' title="bbox 563 4396 2205 4471">
     <span class='ocr_line' id='line_1_60' title="bbox 563 4396 2205 4471; baseline 0 -16"><span class='ocrx_word' id='word_1_434' title='bbox 563 4403 761 4471; x_wconf 82' lang='lat' dir='ltr'>faciem</span> <span class='ocrx_word' id='word_1_435' title='bbox 787 4404 935 4455; x_wconf 89' lang='lat' dir='ltr'>tuam</span> <span class='ocrx_word' id='word_1_436' title='bbox 959 4418 976 4467; x_wconf 89' lang='lat'>;</span> <span class='ocrx_word' id='word_1_437' title='bbox 1005 4399 1130 4453; x_wconf 90' lang='lat' dir='ltr'>ideo</span> <span class='ocrx_word' id='word_1_438' title='bbox 1156 4404 1213 4452; x_wconf 89' lang='lat' dir='ltr'>et</span> <span class='ocrx_word' id='word_1_439' title='bbox 1235 4398 1305 4451; x_wconf 87' lang='lat' dir='ltr'>ab</span> <span class='ocrx_word' id='word_1_440' title='bbox 1328 4396 1449 4467; x_wconf 85' lang='lat' dir='ltr'>ejus</span> <span class='ocrx_word' id='word_1_441' title='bbox 1474 4400 1750 4470; x_wconf 92' lang='lat' dir='ltr'>conceptu</span> <span class='ocrx_word' id='word_1_442' title='bbox 1776 4399 1863 4454; x_wconf 89' lang='lat' dir='ltr'>vel</span> <span class='ocrx_word' id='word_1_443' title='bbox 1888 4399 2045 4455; x_wconf 90' lang='lat' dir='ltr'>obitu</span> <span class='ocrx_word' id='word_1_444' title='bbox 2086 4400 2205 4455; x_wconf 85' lang='lat' dir='ltr'>Ad-</span> 
     </span>
    </p>
   </div>
   <div class='ocr_carea' id='block_1_61' title="bbox 566 4491 2206 4564">
    <p class='ocr_par' dir='ltr' id='par_1_61' title="bbox 566 4491 2206 4564">
     <span class='ocr_line' id='line_1_61' title="bbox 566 4491 2206 4564; baseline -0.003 -12"><span class='ocrx_word' id='word_1_445' title='bbox 566 4499 768 4552; x_wconf 88' lang='lat' dir='ltr'>ventus</span> <span class='ocrx_word' id='word_1_446' title='bbox 791 4492 999 4551; x_wconf 86' lang='lat' dir='ltr'>Christi</span> <span class='ocrx_word' id='word_1_447' title='bbox 1013 4492 1348 4546; x_wconf 89' lang='lat' dir='ltr'>inchoamus</span> <span class='ocrx_word' id='word_1_448' title='bbox 1377 4491 1649 4547; x_wconf 75' lang='lat' dir='ltr'>ofﬁcium.</span> <span class='ocrx_word' id='word_1_449' title='bbox 1680 4493 2021 4564; x_wconf 89' lang='lat' dir='ltr'>Dignumest</span> <span class='ocrx_word' id='word_1_450' title='bbox 2046 4511 2206 4549; x_wconf 88' lang='lat' dir='ltr'>nam-</span> 
     </span>
    </p>
   </div>
   <div class='ocr_carea' id='block_1_62' title="bbox 2222 3224 2276 3298">
    <p class='ocr_par' dir='ltr' id='par_1_62' title="bbox 2222 3224 2276 3298">
     <span class='ocr_line' id='line_1_62' title="bbox 2222 3224 2276 3298; baseline 0 0"><span class='ocrx_word' id='word_1_451' title='bbox 2222 3224 2276 3298; x_wconf 92' lang='lat' dir='ltr'>C</span> 
     </span>
    </p>
   </div>
   <div class='ocr_carea' id='block_1_63' title="bbox 2303 1953 3947 2027">
    <p class='ocr_par' dir='ltr' id='par_1_63' title="bbox 2303 1953 3947 2027">
     <span class='ocr_line' id='line_1_63' title="bbox 2303 1953 3947 2027; baseline -0.001 -16"><span class='ocrx_word' id='word_1_452' title='bbox 2303 1972 2536 2011; x_wconf 88' lang='lat' dir='ltr'>currens</span> <span class='ocrx_word' id='word_1_453' title='bbox 2561 1954 2743 2027; x_wconf 86' lang='lat' dir='ltr'>digito</span> <span class='ocrx_word' id='word_1_454' title='bbox 2757 1954 3056 2010; x_wconf 90' lang='lat' dir='ltr'>oriendum</span> <span class='ocrx_word' id='word_1_455' title='bbox 3074 1954 3473 2024; x_wconf 88' lang='lat' dir='ltr'>demonstravi,</span> <span class='ocrx_word' id='word_1_456' title='bbox 3495 1953 3571 2008; x_wconf 89' lang='lat' dir='ltr'>ita</span> <span class='ocrx_word' id='word_1_457' title='bbox 3588 1954 3720 2008; x_wconf 84' lang='lat' dir='ltr'>volo</span> <span class='ocrx_word' id='word_1_458' title='bbox 3737 1954 3947 2027; x_wconf 84' lang='lat' dir='ltr'>populo</span> 
     </span>
    </p>
   </div>
   <div class='ocr_carea' id='block_1_64' title="bbox 2303 2032 3946 2120">
    <p class='ocr_par' dir='ltr' id='par_1_64' title="bbox 2303 2032 3946 2120">
     <span class='ocr_line' id='line_1_64' title="bbox 2303 2032 3946 2120; baseline -0.001 -16"><span class='ocrx_word' id='word_1_459' title='bbox 2303 2049 2363 2104; x_wconf 92' lang='lat' dir='ltr'>in</span> <span class='ocrx_word' id='word_1_460' title='bbox 2392 2049 2641 2105; x_wconf 87' lang='lat' dir='ltr'>tenebris</span> <span class='ocrx_word' id='word_1_461' title='bbox 2681 2048 2981 2118; x_wconf 89' lang='lat' dir='ltr'>resedenti,</span> <span class='ocrx_word' id='word_1_462' title='bbox 3017 2053 3073 2104; x_wconf 92' lang='lat' dir='ltr'>et</span> <span class='ocrx_word' id='word_1_463' title='bbox 3116 2052 3173 2103; x_wconf 90' lang='lat' dir='ltr'>te</span> <span class='ocrx_word' id='word_1_464' title='bbox 3207 2047 3459 2120; x_wconf 88' lang='lat' dir='ltr'>quotidie</span> <span class='ocrx_word' id='word_1_465' title='bbox 3494 2032 3809 2119; x_wconf 76' lang='lat' dir='ltr'>postulanti</span> <span class='ocrx_word' id='word_1_466' title='bbox 3852 2049 3946 2104; x_wconf 89' lang='lat' dir='ltr'>ad-</span> 
     </span>
    </p>
   </div>
   <div class='ocr_carea' id='block_1_65' title="bbox 2302 2140 3945 2214">
    <p class='ocr_par' dir='ltr' id='par_1_65' title="bbox 2302 2140 3945 2214">
     <span class='ocr_line' id='line_1_65' title="bbox 2302 2140 3945 2214; baseline -0.001 -17"><span class='ocrx_word' id='word_1_467' title='bbox 2302 2147 2536 2199; x_wconf 91' lang='lat' dir='ltr'>ventum</span> <span class='ocrx_word' id='word_1_468' title='bbox 2574 2148 2740 2198; x_wconf 91' lang='lat' dir='ltr'>tuum</span> <span class='ocrx_word' id='word_1_469' title='bbox 2779 2143 2972 2214; x_wconf 89' lang='lat' dir='ltr'>jussus</span> <span class='ocrx_word' id='word_1_470' title='bbox 3017 2159 3051 2196; x_wconf 91' lang='lat' dir='ltr'>a</span> <span class='ocrx_word' id='word_1_471' title='bbox 3092 2146 3169 2210; x_wconf 91' lang='lat' dir='ltr'>te,</span> <span class='ocrx_word' id='word_1_472' title='bbox 3222 2140 3479 2209; x_wconf 90' lang='lat' dir='ltr'>Domine,</span> <span class='ocrx_word' id='word_1_473' title='bbox 3529 2141 3797 2197; x_wconf 89' lang='lat' dir='ltr'>nuntiare</span> <span class='ocrx_word' id='word_1_474' title='bbox 3822 2142 3851 2196; x_wconf 81' lang='lat'><strong>?</strong></span> <span class='ocrx_word' id='word_1_475' title='bbox 3886 2144 3945 2197; x_wconf 83' lang='lat' dir='ltr'>Et</span> 
     </span>
    </p>
   </div>
   <div class='ocr_carea' id='block_1_66' title="bbox 2303 2233 3945 2293">
    <p class='ocr_par' dir='ltr' id='par_1_66' title="bbox 2303 2233 3945 2293">
     <span class='ocr_line' id='line_1_66' title="bbox 2303 2233 3945 2293; baseline -0.001 -1"><span class='ocrx_word' id='word_1_476' title='bbox 2303 2237 2468 2293; x_wconf 88' lang='lat' dir='ltr'>certis</span> <span class='ocrx_word' id='word_1_477' title='bbox 2495 2237 2585 2291; x_wconf 90' lang='lat' dir='ltr'>his</span> <span class='ocrx_word' id='word_1_478' title='bbox 2630 2237 2699 2291; x_wconf 92' lang='lat' dir='ltr'>de</span> <span class='ocrx_word' id='word_1_479' title='bbox 2743 2237 2925 2292; x_wconf 90' lang='lat' dir='ltr'>causis</span> <span class='ocrx_word' id='word_1_480' title='bbox 2970 2236 3031 2291; x_wconf 92' lang='lat' dir='ltr'>in</span> <span class='ocrx_word' id='word_1_481' title='bbox 3067 2235 3388 2291; x_wconf 88' lang='lat' dir='ltr'>celebritate</span> <span class='ocrx_word' id='word_1_482' title='bbox 3422 2233 3711 2290; x_wconf 81' lang='lat' dir='ltr'>Adventus</span> <span class='ocrx_word' id='word_1_483' title='bbox 3754 2236 3945 2290; x_wconf 83' lang='lat' dir='ltr'>Domi-</span> 
     </span>
    </p>
   </div>
   <div class='ocr_carea' id='block_1_67' title="bbox 2301 2328 3947 2402">
    <p class='ocr_par' dir='ltr' id='par_1_67' title="bbox 2301 2328 3947 2402">
     <span class='ocr_line' id='line_1_67' title="bbox 2301 2328 3947 2402; baseline 0 -17"><span class='ocrx_word' id='word_1_484' title='bbox 2301 2329 2434 2401; x_wconf 90' lang='lat' dir='ltr'>nici,</span> <span class='ocrx_word' id='word_1_485' title='bbox 2465 2331 2810 2386; x_wconf 89' lang='lat' dir='ltr'>sollemnitas</span> <span class='ocrx_word' id='word_1_486' title='bbox 2835 2330 3204 2402; x_wconf 88' lang='lat' dir='ltr'>anteponitur</span> <span class='ocrx_word' id='word_1_487' title='bbox 3230 2328 3503 2384; x_wconf 83' lang='lat' dir='ltr'>Johannis</span> <span class='ocrx_word' id='word_1_488' title='bbox 3529 2329 3821 2401; x_wconf 70' lang='lat' dir='ltr'>Baptistae.</span> <span class='ocrx_word' id='word_1_489' title='bbox 3846 2331 3947 2387; x_wconf 88' lang='lat' dir='ltr'>Sed</span> 
     </span>
    </p>
   </div>
   <div class='ocr_carea' id='block_1_68' title="bbox 2302 2423 3947 2496">
    <p class='ocr_par' dir='ltr' id='par_1_68' title="bbox 2302 2423 3947 2496">
     <span class='ocr_line' id='line_1_68' title="bbox 2302 2423 3947 2496; baseline -0.001 -16"><span class='ocrx_word' id='word_1_490' title='bbox 2302 2429 2359 2480; x_wconf 92' lang='lat' dir='ltr'>et</span> <span class='ocrx_word' id='word_1_491' title='bbox 2384 2424 2509 2480; x_wconf 89' lang='lat' dir='ltr'>vide</span> <span class='ocrx_word' id='word_1_492' title='bbox 2541 2425 2801 2480; x_wconf 90' lang='lat' dir='ltr'>ordinem</span> <span class='ocrx_word' id='word_1_493' title='bbox 2826 2429 3151 2496; x_wconf 86' lang='lat' dir='ltr'>temporum</span> <span class='ocrx_word' id='word_1_494' title='bbox 3176 2424 3237 2478; x_wconf 91' lang='lat' dir='ltr'>in</span> <span class='ocrx_word' id='word_1_495' title='bbox 3264 2423 3514 2495; x_wconf 90' lang='lat' dir='ltr'>idipsum</span> <span class='ocrx_word' id='word_1_496' title='bbox 3538 2440 3795 2495; x_wconf 87' lang='lat' dir='ltr'>congrue</span> <span class='ocrx_word' id='word_1_497' title='bbox 3823 2442 3947 2479; x_wconf 91' lang='lat' dir='ltr'>con-</span> 
     </span>
    </p>
   </div>
   <div class='ocr_carea' id='block_1_69' title="bbox 2302 2517 3944 2591">
    <p class='ocr_par' dir='ltr' id='par_1_69' title="bbox 2302 2517 3944 2591">
     <span class='ocr_line' id='line_1_69' title="bbox 2302 2517 3944 2591; baseline 0 -17"><span class='ocrx_word' id='word_1_498' title='bbox 2302 2519 2649 2574; x_wconf 90' lang='lat' dir='ltr'>cordantem.</span> <span class='ocrx_word' id='word_1_499' title='bbox 2683 2520 2744 2574; x_wconf 88' lang='lat' dir='ltr'>In</span> <span class='ocrx_word' id='word_1_500' title='bbox 2772 2517 3173 2591; x_wconf 60' lang='lat' dir='ltr'>aequinoctium</span> <span class='ocrx_word' id='word_1_501' title='bbox 3212 2518 3494 2588; x_wconf 89' lang='lat' dir='ltr'>autumni,</span> <span class='ocrx_word' id='word_1_502' title='bbox 3549 2518 3783 2590; x_wconf 90' lang='lat' dir='ltr'>quando</span> <span class='ocrx_word' id='word_1_503' title='bbox 3827 2536 3944 2574; x_wconf 81' lang='lat' dir='ltr'>cre-</span> 
     </span>
    </p>
   </div>
   <div class='ocr_carea' id='block_1_70' title="bbox 2303 2611 3948 2685">
    <p class='ocr_par' dir='ltr' id='par_1_70' title="bbox 2303 2611 3948 2685">
     <span class='ocr_line' id='line_1_70' title="bbox 2303 2611 3948 2685; baseline 0.001 -19"><span class='ocrx_word' id='word_1_504' title='bbox 2303 2617 2468 2667; x_wconf 91' lang='lat' dir='ltr'>scunt</span> <span class='ocrx_word' id='word_1_505' title='bbox 2490 2612 2760 2683; x_wconf 84' lang='lat' dir='ltr'>tenebrae,</span> <span class='ocrx_word' id='word_1_506' title='bbox 2790 2618 2926 2668; x_wconf 90' lang='lat' dir='ltr'>tunc</span> <span class='ocrx_word' id='word_1_507' title='bbox 2950 2612 3194 2668; x_wconf 88' lang='lat' dir='ltr'>traditur</span> <span class='ocrx_word' id='word_1_508' title='bbox 3211 2611 3494 2667; x_wconf 78' lang='lat' dir='ltr'>Iohannes</span> <span class='ocrx_word' id='word_1_509' title='bbox 3517 2611 3689 2667; x_wconf 87' lang='lat' dir='ltr'>fuisse</span> <span class='ocrx_word' id='word_1_510' title='bbox 3713 2629 3948 2685; x_wconf 88' lang='lat' dir='ltr'>concep-</span> 
     </span>
    </p>
   </div>
   <div class='ocr_carea' id='block_1_71' title="bbox 2300 2705 3944 2783">
    <p class='ocr_par' dir='ltr' id='par_1_71' title="bbox 2300 2705 3944 2783">
     <span class='ocr_line' id='line_1_71' title="bbox 2300 2705 3944 2783; baseline 0 -22"><span class='ocrx_word' id='word_1_511' title='bbox 2300 2710 2426 2775; x_wconf 92' lang='lat' dir='ltr'>tus;</span> <span class='ocrx_word' id='word_1_512' title='bbox 2450 2710 2505 2761; x_wconf 93' lang='lat' dir='ltr'>et</span> <span class='ocrx_word' id='word_1_513' title='bbox 2534 2706 2637 2761; x_wconf 91' lang='lat' dir='ltr'>sub</span> <span class='ocrx_word' id='word_1_514' title='bbox 2657 2709 2851 2762; x_wconf 92' lang='lat' dir='ltr'>rotatu</span> <span class='ocrx_word' id='word_1_515' title='bbox 2876 2706 3133 2777; x_wconf 90' lang='lat' dir='ltr'>ejusdem</span> <span class='ocrx_word' id='word_1_516' title='bbox 3147 2705 3420 2783; x_wconf 88' lang='lat' dir='ltr'>temporis</span> <span class='ocrx_word' id='word_1_517' title='bbox 3437 2722 3658 2776; x_wconf 89' lang='lat' dir='ltr'>passus.</span> <span class='ocrx_word' id='word_1_518' title='bbox 3688 2707 3753 2760; x_wconf 86' lang='lat' dir='ltr'>In</span> <span class='ocrx_word' id='word_1_519' title='bbox 3777 2705 3944 2779; x_wconf 72' lang='lat' dir='ltr'>aequi-</span> 
     </span>
    </p>
   </div>
   <div class='ocr_carea' id='block_1_72' title="bbox 2300 2798 3946 2873">
    <p class='ocr_par' dir='ltr' id='par_1_72' title="bbox 2300 2798 3946 2873">
     <span class='ocr_line' id='line_1_72' title="bbox 2300 2798 3946 2873; baseline 0 -18"><span class='ocrx_word' id='word_1_520' title='bbox 2300 2800 2558 2855; x_wconf 92' lang='lat' dir='ltr'>noctium</span> <span class='ocrx_word' id='word_1_521' title='bbox 2588 2801 2815 2873; x_wconf 91' lang='lat' dir='ltr'>quando</span> <span class='ocrx_word' id='word_1_522' title='bbox 2839 2801 2937 2855; x_wconf 88' lang='lat' dir='ltr'>lux</span> <span class='ocrx_word' id='word_1_523' title='bbox 2966 2800 3312 2869; x_wconf 83' lang='lat' dir='ltr'>extenditur,</span> <span class='ocrx_word' id='word_1_524' title='bbox 3335 2803 3390 2853; x_wconf 88' lang='lat' dir='ltr'>et</span> <span class='ocrx_word' id='word_1_525' title='bbox 3413 2798 3664 2854; x_wconf 64' lang='lat' dir='ltr'>tenebras</span> <span class='ocrx_word' id='word_1_526' title='bbox 3680 2800 3946 2855; x_wconf 89' lang='lat' dir='ltr'>minuun-</span> 
     </span>
    </p>
   </div>
   <div class='ocr_carea' id='block_1_73' title="bbox 2300 2894 3940 2966">
    <p class='ocr_par' dir='ltr' id='par_1_73' title="bbox 2300 2894 3940 2966">
     <span class='ocr_line' id='line_1_73' title="bbox 2300 2894 3940 2966; baseline 0.001 -18"><span class='ocrx_word' id='word_1_527' title='bbox 2300 2897 2413 2961; x_wconf 89' lang='lat' dir='ltr'>tur,</span> <span class='ocrx_word' id='word_1_528' title='bbox 2441 2898 2578 2949; x_wconf 91' lang='lat' dir='ltr'>tunc</span> <span class='ocrx_word' id='word_1_529' title='bbox 2602 2894 2844 2950; x_wconf 88' lang='lat' dir='ltr'>traditur</span> <span class='ocrx_word' id='word_1_530' title='bbox 2867 2894 3121 2949; x_wconf 87' lang='lat' dir='ltr'>Christus</span> <span class='ocrx_word' id='word_1_531' title='bbox 3149 2897 3207 2949; x_wconf 89' lang='lat' dir='ltr'>et</span> <span class='ocrx_word' id='word_1_532' title='bbox 3233 2895 3536 2964; x_wconf 90' lang='lat' dir='ltr'>conceptus</span> <span class='ocrx_word' id='word_1_533' title='bbox 3561 2897 3727 2949; x_wconf 85' lang='lat' dir='ltr'>utero</span> <span class='ocrx_word' id='word_1_534' title='bbox 3757 2894 3940 2966; x_wconf 84' lang='lat' dir='ltr'>Virgi—</span> 
     </span>
    </p>
   </div>
   <div class='ocr_carea' id='block_1_74' title="bbox 2301 2986 3945 3059">
    <p class='ocr_par' dir='ltr' id='par_1_74' title="bbox 2301 2986 3945 3059">
     <span class='ocr_line' id='line_1_74' title="bbox 2301 2986 3945 3059; baseline 0.001 -17"><span class='ocrx_word' id='word_1_535' title='bbox 2301 2987 2424 3059; x_wconf 85' lang='lat' dir='ltr'>nis;</span> <span class='ocrx_word' id='word_1_536' title='bbox 2459 2993 2516 3044; x_wconf 88' lang='lat' dir='ltr'>et</span> <span class='ocrx_word' id='word_1_537' title='bbox 2535 2988 2638 3043; x_wconf 90' lang='lat' dir='ltr'>sub</span> <span class='ocrx_word' id='word_1_538' title='bbox 2666 2989 2867 3044; x_wconf 90' lang='lat' dir='ltr'>eodem</span> <span class='ocrx_word' id='word_1_539' title='bbox 2891 2987 3168 3043; x_wconf 85' lang='lat' dir='ltr'>curriculo</span> <span class='ocrx_word' id='word_1_540' title='bbox 3197 2986 3416 3042; x_wconf 84' lang='lat' dir='ltr'>adﬁxus</span> <span class='ocrx_word' id='word_1_541' title='bbox 3448 2986 3700 3058; x_wconf 88' lang='lat' dir='ltr'>patibulo</span> <span class='ocrx_word' id='word_1_542' title='bbox 3742 2989 3945 3043; x_wconf 88' lang='lat' dir='ltr'>crucis.</span> 
     </span>
    </p>
   </div>
   <div class='ocr_carea' id='block_1_75' title="bbox 2303 3080 3941 3155">
    <p class='ocr_par' dir='ltr' id='par_1_75' title="bbox 2303 3080 3941 3155">
     <span class='ocr_line' id='line_1_75' title="bbox 2303 3080 3941 3155; baseline 0.002 -21"><span class='ocrx_word' id='word_1_543' title='bbox 2303 3082 2365 3135; x_wconf 90' lang='lat' dir='ltr'>In</span> <span class='ocrx_word' id='word_1_544' title='bbox 2391 3081 2651 3153; x_wconf 90' lang='lat' dir='ltr'>solstitio,</span> <span class='ocrx_word' id='word_1_545' title='bbox 2673 3082 2734 3137; x_wconf 92' lang='lat' dir='ltr'>in</span> <span class='ocrx_word' id='word_1_546' title='bbox 2758 3099 2871 3155; x_wconf 93' lang='lat' dir='ltr'>quo</span> <span class='ocrx_word' id='word_1_547' title='bbox 2895 3082 3016 3137; x_wconf 89' lang='lat' dir='ltr'>dies</span> <span class='ocrx_word' id='word_1_548' title='bbox 3039 3080 3242 3152; x_wconf 84' lang='lat' dir='ltr'>incipit</span> <span class='ocrx_word' id='word_1_549' title='bbox 3269 3080 3474 3148; x_wconf 91' lang='lat' dir='ltr'>minui,</span> <span class='ocrx_word' id='word_1_550' title='bbox 3504 3086 3561 3136; x_wconf 92' lang='lat' dir='ltr'>et</span> <span class='ocrx_word' id='word_1_551' title='bbox 3583 3097 3698 3137; x_wconf 89' lang='lat' dir='ltr'>nox</span> <span class='ocrx_word' id='word_1_552' title='bbox 3717 3082 3941 3155; x_wconf 88' lang='lat' dir='ltr'>augeri,</span> 
     </span>
    </p>
   </div>
   <div class='ocr_carea' id='block_1_76' title="bbox 2301 3174 3943 3243">
    <p class='ocr_par' dir='ltr' id='par_1_76' title="bbox 2301 3174 3943 3243">
     <span class='ocr_line' id='line_1_76' title="bbox 2301 3174 3943 3243; baseline 0.001 -13"><span class='ocrx_word' id='word_1_553' title='bbox 2301 3174 2583 3232; x_wconf 69' lang='lat' dir='ltr'>Iohannes</span> <span class='ocrx_word' id='word_1_554' title='bbox 2618 3175 2867 3232; x_wconf 88' lang='lat' dir='ltr'>creditur</span> <span class='ocrx_word' id='word_1_555' title='bbox 2905 3180 3093 3243; x_wconf 87' lang='lat' dir='ltr'>natus,</span> <span class='ocrx_word' id='word_1_556' title='bbox 3136 3179 3201 3230; x_wconf 90' lang='lat' dir='ltr'>ut</span> <span class='ocrx_word' id='word_1_557' title='bbox 3234 3174 3484 3229; x_wconf 90' lang='lat' dir='ltr'>famulus</span> <span class='ocrx_word' id='word_1_558' title='bbox 3516 3191 3529 3229; x_wconf 92' lang='lat'><strong>:</strong></span> <span class='ocrx_word' id='word_1_559' title='bbox 3572 3174 3632 3230; x_wconf 90' lang='lat' dir='ltr'>in</span> <span class='ocrx_word' id='word_1_560' title='bbox 3670 3177 3769 3231; x_wconf 93' lang='lat' dir='ltr'>illo</span> <span class='ocrx_word' id='word_1_561' title='bbox 3811 3194 3943 3232; x_wconf 87' lang='lat' dir='ltr'>vero</span> 
     </span>
    </p>
   </div>
   <div class='ocr_carea' id='block_1_77' title="bbox 2301 3269 3944 3343">
    <p class='ocr_par' dir='ltr' id='par_1_77' title="bbox 2301 3269 3944 3343">
     <span class='ocr_line' id='line_1_77' title="bbox 2301 3269 3944 3343; baseline 0.002 -19"><span class='ocrx_word' id='word_1_562' title='bbox 2301 3269 2558 3341; x_wconf 87' lang='lat' dir='ltr'>solstitio,</span> <span class='ocrx_word' id='word_1_563' title='bbox 2589 3287 2661 3325; x_wconf 90' lang='lat' dir='ltr'>ex</span> <span class='ocrx_word' id='word_1_564' title='bbox 2686 3287 2797 3343; x_wconf 92' lang='lat' dir='ltr'>quo</span> <span class='ocrx_word' id='word_1_565' title='bbox 2823 3269 2941 3325; x_wconf 90' lang='lat' dir='ltr'>dies</span> <span class='ocrx_word' id='word_1_566' title='bbox 2972 3273 3236 3343; x_wconf 89' lang='lat' dir='ltr'>augetur,</span> <span class='ocrx_word' id='word_1_567' title='bbox 3266 3272 3322 3323; x_wconf 91' lang='lat' dir='ltr'>et</span> <span class='ocrx_word' id='word_1_568' title='bbox 3377 3269 3626 3326; x_wconf 64' lang='lat' dir='ltr'>tenebrae</span> <span class='ocrx_word' id='word_1_569' title='bbox 3666 3269 3944 3327; x_wconf 89' lang='lat' dir='ltr'>minuun-</span> 
     </span>
    </p>
   </div>
   <div class='ocr_carea' id='block_1_78' title="bbox 2300 3363 3944 3441">
    <p class='ocr_par' dir='ltr' id='par_1_78' title="bbox 2300 3363 3944 3441">
     <span class='ocr_line' id='line_1_78' title="bbox 2300 3363 3944 3441; baseline 0.002 -25"><span class='ocrx_word' id='word_1_570' title='bbox 2300 3366 2412 3433; x_wconf 89' lang='lat' dir='ltr'>tur,</span> <span class='ocrx_word' id='word_1_571' title='bbox 2442 3368 2607 3418; x_wconf 90' lang='lat' dir='ltr'>natus</span> <span class='ocrx_word' id='word_1_572' title='bbox 2637 3368 2721 3419; x_wconf 88' lang='lat' dir='ltr'>est</span> <span class='ocrx_word' id='word_1_573' title='bbox 2737 3363 2928 3437; x_wconf 82' lang='grc'>460</span> <span class='ocrx_word' id='word_1_574' title='bbox 2957 3382 3029 3421; x_wconf 89' lang='lat' dir='ltr'>ex</span> <span class='ocrx_word' id='word_1_575' title='bbox 3052 3367 3272 3441; x_wconf 90' lang='lat' dir='ltr'>virgine</span> <span class='ocrx_word' id='word_1_576' title='bbox 3313 3371 3486 3428; x_wconf 85' lang='lat' dir='ltr'>Maria</span> <span class='ocrx_word' id='word_1_577' title='bbox 3525 3369 3801 3426; x_wconf 81' lang='lat' dir='ltr'>Salvator.</span> <span class='ocrx_word' id='word_1_578' title='bbox 3842 3367 3944 3420; x_wconf 88' lang='lat' dir='ltr'>Pro</span> 
     </span>
    </p>
   </div>
   <div class='ocr_carea' id='block_1_79' title="bbox 2300 3457 3941 3529">
    <p class='ocr_par' dir='ltr' id='par_1_79' title="bbox 2300 3457 3941 3529">
     <span class='ocr_line' id='line_1_79' title="bbox 2300 3457 3941 3529; baseline 0.001 -18"><span class='ocrx_word' id='word_1_579' title='bbox 2300 3457 2406 3512; x_wconf 90' lang='lat' dir='ltr'>hoc</span> <span class='ocrx_word' id='word_1_580' title='bbox 2435 3457 2831 3529; x_wconf 89' lang='lat' dir='ltr'>quatripartito</span> <span class='ocrx_word' id='word_1_581' title='bbox 2861 3462 3096 3518; x_wconf 86' lang='lat' dir='ltr'>rotantis</span> <span class='ocrx_word' id='word_1_582' title='bbox 3121 3466 3259 3521; x_wconf 90' lang='lat' dir='ltr'>anni</span> <span class='ocrx_word' id='word_1_583' title='bbox 3300 3465 3580 3521; x_wconf 90' lang='lat' dir='ltr'>curriculo</span> <span class='ocrx_word' id='word_1_584' title='bbox 3620 3462 3794 3519; x_wconf 89' lang='lat' dir='ltr'>etiam</span> <span class='ocrx_word' id='word_1_585' title='bbox 3814 3457 3941 3515; x_wconf 88' lang='lat' dir='ltr'>libri</span> 
     </span>
    </p>
   </div>
   <div class='ocr_carea' id='block_1_80' title="bbox 2299 3550 3936 3630">
    <p class='ocr_par' dir='ltr' id='par_1_80' title="bbox 2299 3550 3936 3630">
     <span class='ocr_line' id='line_1_80' title="bbox 2299 3550 3936 3630; baseline 0.004 -25"><span class='ocrx_word' id='word_1_586' title='bbox 2299 3550 2473 3622; x_wconf 89' lang='lat' dir='ltr'>hujus</span> <span class='ocrx_word' id='word_1_587' title='bbox 2498 3551 2671 3606; x_wconf 87' lang='lat' dir='ltr'>ﬁdem</span> <span class='ocrx_word' id='word_1_588' title='bbox 2694 3554 3056 3611; x_wconf 90' lang='lat' dir='ltr'>terminando</span> <span class='ocrx_word' id='word_1_589' title='bbox 3085 3557 3483 3630; x_wconf 81' lang='lat' dir='ltr'>distinximus;</span> <span class='ocrx_word' id='word_1_590' title='bbox 3526 3564 3593 3613; x_wconf 91' lang='lat' dir='ltr'>ut</span> <span class='ocrx_word' id='word_1_591' title='bbox 3628 3556 3763 3630; x_wconf 88' lang='lat' dir='ltr'>quia</span> <span class='ocrx_word' id='word_1_592' title='bbox 3798 3570 3936 3627; x_wconf 82' lang='lat' dir='ltr'>qua-</span> 
     </span>
    </p>
   </div>
   <div class='ocr_carea' id='block_1_81' title="bbox 2299 3646 3940 3718">
    <p class='ocr_par' dir='ltr' id='par_1_81' title="bbox 2299 3646 3940 3718">
     <span class='ocr_line' id='line_1_81' title="bbox 2299 3646 3940 3718; baseline 0.005 -19"><span class='ocrx_word' id='word_1_593' title='bbox 2299 3649 2430 3700; x_wconf 90' lang='lat' dir='ltr'>tuor</span> <span class='ocrx_word' id='word_1_594' title='bbox 2456 3649 2715 3718; x_wconf 88' lang='lat' dir='ltr'>tempora</span> <span class='ocrx_word' id='word_1_595' title='bbox 2737 3648 2874 3704; x_wconf 89' lang='lat' dir='ltr'>anni</span> <span class='ocrx_word' id='word_1_596' title='bbox 2921 3650 3030 3706; x_wconf 87' lang='lat' dir='ltr'>isto</span> <span class='ocrx_word' id='word_1_597' title='bbox 3075 3653 3338 3710; x_wconf 89' lang='lat' dir='ltr'>videntur</span> <span class='ocrx_word' id='word_1_598' title='bbox 3391 3654 3590 3709; x_wconf 90' lang='lat' dir='ltr'>ordine</span> <span class='ocrx_word' id='word_1_599' title='bbox 3624 3646 3940 3715; x_wconf 79' lang='lat' dir='ltr'>terminari,</span> 
     </span>
    </p>
   </div>
   <div class='ocr_carea' id='block_1_82' title="bbox 2300 3739 3946 3820">
    <p class='ocr_par' dir='ltr' id='par_1_82' title="bbox 2300 3739 3946 3820">
     <span class='ocr_line' id='line_1_82' title="bbox 2300 3739 3946 3820; baseline 0.002 -27"><span class='ocrx_word' id='word_1_600' title='bbox 2300 3739 2376 3794; x_wconf 90' lang='lat' dir='ltr'>ita</span> <span class='ocrx_word' id='word_1_601' title='bbox 2401 3740 2574 3795; x_wconf 89' lang='lat' dir='ltr'>etiam</span> <span class='ocrx_word' id='word_1_602' title='bbox 2611 3745 2855 3814; x_wconf 89' lang='lat' dir='ltr'>quatuor</span> <span class='ocrx_word' id='word_1_603' title='bbox 2890 3745 3195 3802; x_wconf 89' lang='lat' dir='ltr'>voluminis</span> <span class='ocrx_word' id='word_1_604' title='bbox 3231 3748 3403 3820; x_wconf 91' lang='lat' dir='ltr'>hujus</span> <span class='ocrx_word' id='word_1_605' title='bbox 3438 3748 3573 3803; x_wconf 91' lang='lat' dir='ltr'>libri</span> <span class='ocrx_word' id='word_1_606' title='bbox 3616 3745 3946 3802; x_wconf 86' lang='lat' dir='ltr'>distinctum</span> 
     </span>
    </p>
   </div>
   <div class='ocr_carea' id='block_1_83' title="bbox 2300 3833 3947 3913">
    <p class='ocr_par' dir='ltr' id='par_1_83' title="bbox 2300 3833 3947 3913">
     <span class='ocr_line' id='line_1_83' title="bbox 2300 3833 3947 3913; baseline 0.002 -25"><span class='ocrx_word' id='word_1_607' title='bbox 2300 3833 2540 3890; x_wconf 89' lang='lat' dir='ltr'>reddent</span> <span class='ocrx_word' id='word_1_608' title='bbox 2574 3835 2824 3893; x_wconf 83' lang='lat' dir='ltr'>ofﬁcium</span> <span class='ocrx_word' id='word_1_609' title='bbox 2860 3855 2965 3910; x_wconf 91' lang='lat' dir='ltr'>per</span> <span class='ocrx_word' id='word_1_610' title='bbox 3012 3840 3292 3897; x_wconf 92' lang='lat' dir='ltr'>circulum</span> <span class='ocrx_word' id='word_1_611' title='bbox 3333 3842 3488 3913; x_wconf 90' lang='lat' dir='ltr'>anni,</span> <span class='ocrx_word' id='word_1_612' title='bbox 3536 3841 3714 3895; x_wconf 82' lang='lat' dir='ltr'>instar</span> <span class='ocrx_word' id='word_1_613' title='bbox 3766 3834 3947 3893; x_wconf 88' lang='lat' dir='ltr'>sancti</span> 
     </span>
    </p>
   </div>
   <div class='ocr_carea' id='block_1_84' title="bbox 2301 3926 3947 4008">
    <p class='ocr_par' dir='ltr' id='par_1_84' title="bbox 2301 3926 3947 4008">
     <span class='ocr_line' id='line_1_84' title="bbox 2301 3926 3947 4008; baseline 0.002 -26"><span class='ocrx_word' id='word_1_614' title='bbox 2301 3926 2608 4000; x_wconf 87' lang='lat' dir='ltr'>Evangelii,</span> <span class='ocrx_word' id='word_1_615' title='bbox 2618 3929 2787 4001; x_wconf 87' lang='lat' dir='ltr'>juxta</span> <span class='ocrx_word' id='word_1_616' title='bbox 2799 3933 2952 4004; x_wconf 91' lang='lat' dir='ltr'>quod</span> <span class='ocrx_word' id='word_1_617' title='bbox 2972 3938 3097 3989; x_wconf 90' lang='lat' dir='ltr'>rota</span> <span class='ocrx_word' id='word_1_618' title='bbox 3112 3935 3349 3991; x_wconf 85' lang='lat' dir='ltr'>inferius</span> <span class='ocrx_word' id='word_1_619' title='bbox 3361 3934 3705 4008; x_wconf 76' lang='lat' dir='ltr'>praesignata</span> <span class='ocrx_word' id='word_1_620' title='bbox 3720 3932 3947 3987; x_wconf 87' lang='lat' dir='ltr'>videtur</span> 
     </span>
    </p>
   </div>
   <div class='ocr_carea' id='block_1_85' title="bbox 2302 4023 3947 4100">
    <p class='ocr_par' dir='ltr' id='par_1_85' title="bbox 2302 4023 3947 4100">
     <span class='ocr_line' id='line_1_85' title="bbox 2302 4023 3947 4100; baseline 0.002 -24"><span class='ocrx_word' id='word_1_621' title='bbox 2302 4023 2610 4079; x_wconf 87' lang='lat' dir='ltr'>attendere.</span> <span class='ocrx_word' id='word_1_622' title='bbox 2668 4025 2949 4096; x_wconf 90' lang='lat' dir='ltr'>Deprecor</span> <span class='ocrx_word' id='word_1_623' title='bbox 2987 4033 3178 4084; x_wconf 86' lang='lat' dir='ltr'>autem</span> <span class='ocrx_word' id='word_1_624' title='bbox 3224 4035 3299 4100; x_wconf 89' lang='lat' dir='ltr'>te,</span> <span class='ocrx_word' id='word_1_625' title='bbox 3341 4035 3397 4085; x_wconf 92' lang='lat' dir='ltr'>et</span> <span class='ocrx_word' id='word_1_626' title='bbox 3442 4046 3637 4084; x_wconf 90' lang='lat' dir='ltr'>omnes</span> <span class='ocrx_word' id='word_1_627' title='bbox 3684 4027 3758 4082; x_wconf 90' lang='lat' dir='ltr'>ad</span> <span class='ocrx_word' id='word_1_628' title='bbox 3808 4042 3947 4099; x_wconf 89' lang='lat' dir='ltr'>quos</span> 
     </span>
    </p>
   </div>
   <div class='ocr_carea' id='block_1_86' title="bbox 2301 4113 3943 4194">
    <p class='ocr_par' dir='ltr' id='par_1_86' title="bbox 2301 4113 3943 4194">
     <span class='ocr_line' id='line_1_86' title="bbox 2301 4113 3943 4194; baseline 0.002 -24"><span class='ocrx_word' id='word_1_629' title='bbox 2301 4113 2547 4171; x_wconf 88' lang='lat' dir='ltr'>formula</span> <span class='ocrx_word' id='word_1_630' title='bbox 2571 4118 2676 4173; x_wconf 87' lang='lat' dir='ltr'>ista</span> <span class='ocrx_word' id='word_1_631' title='bbox 2698 4119 2926 4192; x_wconf 89' lang='lat' dir='ltr'>legendi</span> <span class='ocrx_word' id='word_1_632' title='bbox 2952 4123 3293 4193; x_wconf 89' lang='lat' dir='ltr'>pervenerit,</span> <span class='ocrx_word' id='word_1_633' title='bbox 3322 4128 3389 4179; x_wconf 91' lang='lat' dir='ltr'>ut</span> <span class='ocrx_word' id='word_1_634' title='bbox 3413 4121 3795 4194; x_wconf 89' lang='lat' dir='ltr'>omnipotenti</span> <span class='ocrx_word' id='word_1_635' title='bbox 3836 4121 3943 4174; x_wconf 94' lang='lat' dir='ltr'>Do-</span> 
     </span>
    </p>
   </div>
   <div class='ocr_carea' id='block_1_87' title="bbox 2302 4196 3948 4290">
    <p class='ocr_par' dir='ltr' id='par_1_87' title="bbox 2302 4196 3948 4290">
     <span class='ocr_line' id='line_1_87' title="bbox 2302 4196 3948 4290; baseline 0.002 -26"><span class='ocrx_word' id='word_1_636' title='bbox 2302 4210 2461 4265; x_wconf 91' lang='lat' dir='ltr'>mino</span> <span class='ocrx_word' id='word_1_637' title='bbox 2481 4227 2584 4282; x_wconf 91' lang='lat' dir='ltr'>pro</span> <span class='ocrx_word' id='word_1_638' title='bbox 2615 4228 2708 4269; x_wconf 90' lang='lat' dir='ltr'>me</span> <span class='ocrx_word' id='word_1_639' title='bbox 2730 4196 2961 4270; x_wconf 83' lang='lat' dir='ltr'>exorare</span> <span class='ocrx_word' id='word_1_640' title='bbox 2978 4215 3316 4289; x_wconf 91' lang='lat' dir='ltr'>dignemini,</span> <span class='ocrx_word' id='word_1_641' title='bbox 3344 4221 3624 4290; x_wconf 85' lang='lat' dir='ltr'>quatenus</span> <span class='ocrx_word' id='word_1_642' title='bbox 3650 4232 3756 4288; x_wconf 92' lang='lat' dir='ltr'>pro</span> <span class='ocrx_word' id='word_1_643' title='bbox 3774 4214 3948 4286; x_wconf 90' lang='lat' dir='ltr'>hujus</span> 
     </span>
    </p>
   </div>
   <div class='ocr_carea' id='block_1_88' title="bbox 2304 4305 3947 4383">
    <p class='ocr_par' dir='ltr' id='par_1_88' title="bbox 2304 4305 3947 4383">
     <span class='ocr_line' id='line_1_88' title="bbox 2304 4305 3947 4383; baseline 0.002 -24"><span class='ocrx_word' id='word_1_644' title='bbox 2304 4305 2488 4376; x_wconf 89' lang='lat' dir='ltr'>operis</span> <span class='ocrx_word' id='word_1_645' title='bbox 2560 4307 2748 4363; x_wconf 90' lang='lat' dir='ltr'>labore</span> <span class='ocrx_word' id='word_1_646' title='bbox 2822 4309 3230 4381; x_wconf 89' lang='lat' dir='ltr'>aliquantulam</span> <span class='ocrx_word' id='word_1_647' title='bbox 3289 4312 3440 4383; x_wconf 90' lang='lat' dir='ltr'>apud</span> <span class='ocrx_word' id='word_1_648' title='bbox 3489 4311 3680 4383; x_wconf 90' lang='lat' dir='ltr'>ipsum</span> <span class='ocrx_word' id='word_1_649' title='bbox 3743 4326 3947 4382; x_wconf 87' lang='lat' dir='ltr'>capere</span> 
     </span>
    </p>
   </div>
   <div class='ocr_carea' id='block_1_89' title="bbox 2303 4400 3944 4474">
    <p class='ocr_par' dir='ltr' id='par_1_89' title="bbox 2303 4400 3944 4474">
     <span class='ocr_line' id='line_1_89' title="bbox 2303 4400 3944 4474; baseline 0.003 -21"><span class='ocrx_word' id='word_1_650' title='bbox 2303 4413 2526 4454; x_wconf 87' lang='lat' dir='ltr'>merear</span> <span class='ocrx_word' id='word_1_651' title='bbox 2590 4400 2786 4472; x_wconf 72' lang='lat' dir='ltr'>gratiae</span> <span class='ocrx_word' id='word_1_652' title='bbox 2836 4403 3178 4474; x_wconf 87' lang='lat' dir='ltr'>portionem.</span> <span class='ocrx_word' id='word_1_653' title='bbox 3223 4406 3360 4460; x_wconf 85' lang='lat' dir='ltr'>Data</span> <span class='ocrx_word' id='word_1_654' title='bbox 3411 4404 3682 4460; x_wconf 89' lang='lat' dir='ltr'>Calendas</span> <span class='ocrx_word' id='word_1_655' title='bbox 3727 4404 3944 4474; x_wconf 77' lang='lat' dir='ltr'>Iunias,</span> 
     </span>
    </p>
   </div>
   <div class='ocr_carea' id='block_1_90' title="bbox 2303 4492 3661 4573">
    <p class='ocr_par' dir='ltr' id='par_1_90' title="bbox 2303 4492 3661 4573">
     <span class='ocr_line' id='line_1_90' title="bbox 2303 4492 3661 4573; baseline 0.006 -26"><span class='ocrx_word' id='word_1_656' title='bbox 2303 4492 2559 4565; x_wconf 86' lang='lat' dir='ltr'>Hippone</span> <span class='ocrx_word' id='word_1_657' title='bbox 2585 4495 2783 4567; x_wconf 81' lang='lat' dir='ltr'>Regio,</span> <span class='ocrx_word' id='word_1_658' title='bbox 2803 4498 3039 4553; x_wconf 87' lang='lat' dir='ltr'>Arcadio</span> <span class='ocrx_word' id='word_1_659' title='bbox 3065 4504 3121 4555; x_wconf 94' lang='lat' dir='ltr'>et</span> <span class='ocrx_word' id='word_1_660' title='bbox 3146 4499 3385 4555; x_wconf 91' lang='lat' dir='ltr'>honorio</span> <span class='ocrx_word' id='word_1_661' title='bbox 3411 4499 3661 4573; x_wconf 83' lang='lat' dir='ltr'>Agustis.</span> 
     </span>
    </p>
   </div>
   <div class='ocr_carea' id='block_1_91' title="bbox 566 4586 3942 4676">
    <p class='ocr_par' dir='ltr' id='par_1_91' title="bbox 566 4586 3942 4676">
     <span class='ocr_line' id='line_1_91' title="bbox 566 4586 3942 4676; baseline 0.001 -29"><span class='ocrx_word' id='word_1_662' title='bbox 566 4608 699 4665; x_wconf 90' lang='lat' dir='ltr'>que,</span> <span class='ocrx_word' id='word_1_663' title='bbox 726 4593 793 4644; x_wconf 90' lang='lat' dir='ltr'>ut</span> <span class='ocrx_word' id='word_1_664' title='bbox 815 4588 886 4642; x_wconf 89' lang='lat' dir='ltr'>ab</span> <span class='ocrx_word' id='word_1_665' title='bbox 915 4586 1115 4643; x_wconf 89' lang='lat' dir='ltr'>eodem</span> <span class='ocrx_word' id='word_1_666' title='bbox 1153 4586 1244 4641; x_wconf 92' lang='lat' dir='ltr'>die</span> <span class='ocrx_word' id='word_1_667' title='bbox 1283 4602 1462 4658; x_wconf 89' lang='lat' dir='ltr'>usque</span> <span class='ocrx_word' id='word_1_668' title='bbox 1505 4587 1575 4641; x_wconf 92' lang='lat' dir='ltr'>ad</span> <span class='ocrx_word' id='word_1_669' title='bbox 1606 4587 1969 4644; x_wconf 87' lang='lat' dir='ltr'>Nativitatem</span> <span class='ocrx_word' id='word_1_670' title='bbox 2004 4589 2209 4645; x_wconf 89' lang='lat' dir='ltr'>Christi</span> <span class='ocrx_word' id='word_1_671' title='bbox 2227 4604 2287 4676; x_wconf 74' lang='grc' dir='ltr'><strong>Ι)</strong></span> <span class='ocrx_word' id='word_1_672' title='bbox 2379 4589 2628 4644; x_wconf 83' lang='lat' dir='ltr'>Feliciter</span> <span class='ocrx_word' id='word_1_673' title='bbox 2687 4592 2913 4661; x_wconf 67' lang='lat' dir='ltr'>explicit</span> <span class='ocrx_word' id='word_1_674' title='bbox 2975 4594 3210 4664; x_wconf 85' lang='lat' dir='ltr'>epistula</span> <span class='ocrx_word' id='word_1_675' title='bbox 3273 4596 3448 4651; x_wconf 82' lang='lat' dir='ltr'>sancti</span> <span class='ocrx_word' id='word_1_676' title='bbox 3509 4594 3776 4664; x_wconf 82' lang='lat' dir='ltr'>Agustini</span> <span class='ocrx_word' id='word_1_677' title='bbox 3834 4597 3942 4665; x_wconf 82' lang='lat' dir='ltr'>epi-</span> 
     </span>
    </p>
   </div>
   <div class='ocr_carea' id='block_1_92' title="bbox 565 4680 2204 4759">
    <p class='ocr_par' dir='ltr' id='par_1_92' title="bbox 565 4680 2204 4759">
     <span class='ocr_line' id='line_1_92' title="bbox 565 4680 2204 4759; baseline -0.002 -17"><span class='ocrx_word' id='word_1_678' title='bbox 565 4686 981 4759; x_wconf 87' lang='lat' dir='ltr'>prophetarum</span> <span class='ocrx_word' id='word_1_679' title='bbox 1043 4697 1260 4753; x_wconf 88' lang='lat' dir='ltr'>organa</span> <span class='ocrx_word' id='word_1_680' title='bbox 1310 4680 1745 4754; x_wconf 89' lang='lat' dir='ltr'>tympanizando</span> <span class='ocrx_word' id='word_1_681' title='bbox 1808 4684 2040 4739; x_wconf 88' lang='lat' dir='ltr'>resultet</span> <span class='ocrx_word' id='word_1_682' title='bbox 2103 4685 2204 4739; x_wconf 88' lang='lat' dir='ltr'>Ec-</span> 
     </span>
    </p>
   </div>
   <div class='ocr_carea' id='block_1_93' title="bbox 570 4781 756 4838">
    <p class='ocr_par' dir='ltr' id='par_1_93' title="bbox 570 4781 756 4838">
     <span class='ocr_line' id='line_1_93' title="bbox 570 4781 756 4838; baseline -0.011 -1"><span class='ocrx_word' id='word_1_683' title='bbox 570 4781 756 4838; x_wconf 91' lang='lat' dir='ltr'>clesia.</span> 
     </span>
    </p>
   </div>
   <div class='ocr_carea' id='block_1_94' title="bbox 641 4871 2210 4946">
    <p class='ocr_par' dir='ltr' id='par_1_94' title="bbox 641 4871 2210 4946">
     <span class='ocr_line' id='line_1_94' title="bbox 641 4871 2210 4946; baseline -0.001 -16"><span class='ocrx_word' id='word_1_684' title='bbox 641 4875 749 4931; x_wconf 89' lang='lat' dir='ltr'>Sed</span> <span class='ocrx_word' id='word_1_685' title='bbox 789 4874 922 4946; x_wconf 91' lang='lat' dir='ltr'>quia</span> <span class='ocrx_word' id='word_1_686' title='bbox 962 4877 1096 4928; x_wconf 89' lang='lat' dir='ltr'>sunt</span> <span class='ocrx_word' id='word_1_687' title='bbox 1131 4871 1391 4928; x_wconf 90' lang='lat' dir='ltr'>nonnulli</span> <span class='ocrx_word' id='word_1_688' title='bbox 1426 4871 1527 4944; x_wconf 89' lang='lat' dir='ltr'>qui</span> <span class='ocrx_word' id='word_1_689' title='bbox 1560 4873 1882 4928; x_wconf 85' lang='lat' dir='ltr'>Adventum</span> <span class='ocrx_word' id='word_1_690' title='bbox 1923 4872 2144 4928; x_wconf 91' lang='lat' dir='ltr'>Domini</span> <span class='ocrx_word' id='word_1_691' title='bbox 2176 4891 2210 4929; x_wconf 88' lang='lat' dir='ltr'>a</span> 
     </span>
    </p>
   </div>
   <div class='ocr_carea' id='block_1_95' title="bbox 571 4967 2210 5040">
    <p class='ocr_par' dir='ltr' id='par_1_95' title="bbox 571 4967 2210 5040">
     <span class='ocr_line' id='line_1_95' title="bbox 571 4967 2210 5040; baseline -0.003 -13"><span class='ocrx_word' id='word_1_692' title='bbox 571 4968 871 5027; x_wconf 84' lang='lat' dir='ltr'>festivitate</span> <span class='ocrx_word' id='word_1_693' title='bbox 910 4967 1058 5023; x_wconf 89' lang='lat' dir='ltr'>beati</span> <span class='ocrx_word' id='word_1_694' title='bbox 1114 4967 1334 5023; x_wconf 85' lang='lat' dir='ltr'>Martini</span> <span class='ocrx_word' id='word_1_695' title='bbox 1382 4967 1718 5022; x_wconf 88' lang='lat' dir='ltr'>Turonensis</span> <span class='ocrx_word' id='word_1_696' title='bbox 1761 4967 1916 5023; x_wconf 91' lang='lat' dir='ltr'>urbis</span> <span class='ocrx_word' id='word_1_697' title='bbox 1963 4967 2210 5040; x_wconf 88' lang='lat' dir='ltr'>episcopi</span> 
     </span>
    </p>
   </div>
   <div class='ocr_carea' id='block_1_96' title="bbox 571 5062 2210 5135">
    <p class='ocr_par' dir='ltr' id='par_1_96' title="bbox 571 5062 2210 5135">
     <span class='ocr_line' id='line_1_96' title="bbox 571 5062 2210 5135; baseline -0.002 -13"><span class='ocrx_word' id='word_1_698' title='bbox 571 5065 835 5123; x_wconf 86' lang='lat' dir='ltr'>videntur</span> <span class='ocrx_word' id='word_1_699' title='bbox 861 5062 1193 5134; x_wconf 87' lang='lat' dir='ltr'>insipienter</span> <span class='ocrx_word' id='word_1_700' title='bbox 1217 5062 1491 5132; x_wconf 83' lang='lat' dir='ltr'>excolere,</span> <span class='ocrx_word' id='word_1_701' title='bbox 1519 5078 1620 5116; x_wconf 90' lang='lat' dir='ltr'>nos</span> <span class='ocrx_word' id='word_1_702' title='bbox 1647 5078 1740 5117; x_wconf 91' lang='lat' dir='ltr'>eos</span> <span class='ocrx_word' id='word_1_703' title='bbox 1767 5079 1883 5118; x_wconf 92' lang='lat' dir='ltr'>non</span> <span class='ocrx_word' id='word_1_704' title='bbox 1909 5065 2210 5135; x_wconf 89' lang='lat' dir='ltr'>reprehen-</span> 
     </span>
    </p>
   </div>
   <div class='ocr_carea' id='block_1_97' title="bbox 574 5154 2210 5231">
    <p class='ocr_par' dir='ltr' id='par_1_97' title="bbox 574 5154 2210 5231">
     <span class='ocr_line' id='line_1_97' title="bbox 574 5154 2210 5231; baseline -0.002 -13"><span class='ocrx_word' id='word_1_705' title='bbox 574 5162 782 5228; x_wconf 88' lang='lat' dir='ltr'>dimus,</span> <span class='ocrx_word' id='word_1_706' title='bbox 812 5158 945 5231; x_wconf 89' lang='lat' dir='ltr'>quia</span> <span class='ocrx_word' id='word_1_707' title='bbox 972 5173 1089 5212; x_wconf 94' lang='lat' dir='ltr'>non</span> <span class='ocrx_word' id='word_1_708' title='bbox 1108 5171 1307 5210; x_wconf 89' lang='lat' dir='ltr'>omnes</span> <span class='ocrx_word' id='word_1_709' title='bbox 1332 5154 1521 5209; x_wconf 90' lang='lat' dir='ltr'>omnia</span> <span class='ocrx_word' id='word_1_710' title='bbox 1563 5161 1817 5228; x_wconf 87' lang='lat' dir='ltr'>possunt,</span> <span class='ocrx_word' id='word_1_711' title='bbox 1866 5162 1922 5213; x_wconf 89' lang='lat' dir='ltr'>et</span> <span class='ocrx_word' id='word_1_712' title='bbox 1963 5159 2210 5213; x_wconf 88' lang='lat' dir='ltr'>maxime</span> 
     </span>
    </p>
   </div>
   <div class='ocr_carea' id='block_1_98' title="bbox 575 5249 2212 5325">
    <p class='ocr_par' dir='ltr' id='par_1_98' title="bbox 575 5249 2212 5325">
     <span class='ocr_line' id='line_1_98' title="bbox 575 5249 2212 5325; baseline -0.004 -11"><span class='ocrx_word' id='word_1_713' title='bbox 575 5273 708 5314; x_wconf 91' lang='lat' dir='ltr'>cum</span> <span class='ocrx_word' id='word_1_714' title='bbox 730 5253 1027 5325; x_wconf 82' lang='lat' dir='ltr'>Apostolus</span> <span class='ocrx_word' id='word_1_715' title='bbox 1070 5249 1252 5304; x_wconf 88' lang='lat' dir='ltr'>dicat:</span> <span class='ocrx_word' id='word_1_716' title='bbox 1305 5250 1605 5319; x_wconf 86' lang='lat' dir='ltr'>Unicuique</span> <span class='ocrx_word' id='word_1_717' title='bbox 1648 5253 1787 5305; x_wconf 86' lang='lat' dir='ltr'>sicut</span> <span class='ocrx_word' id='word_1_718' title='bbox 1830 5254 1973 5307; x_wconf 90' lang='lat' dir='ltr'>Deus</span> <span class='ocrx_word' id='word_1_719' title='bbox 2024 5253 2212 5307; x_wconf 75' lang='lat' dir='ltr'>divisit</span> 
     </span>
    </p>
   </div>
   <div class='ocr_carea' id='block_1_99' title="bbox 574 5342 2213 5417">
    <p class='ocr_par' dir='ltr' id='par_1_99' title="bbox 574 5342 2213 5417">
     <span class='ocr_line' id='line_1_99' title="bbox 574 5342 2213 5417; baseline -0.003 -9"><span class='ocrx_word' id='word_1_720' title='bbox 574 5363 887 5408; x_wconf 83' lang='lat' dir='ltr'>mensuram</span> <span class='ocrx_word' id='word_1_721' title='bbox 910 5345 1059 5416; x_wconf 81' lang='lat' dir='ltr'>ﬁdei.</span> <span class='ocrx_word' id='word_1_722' title='bbox 1084 5342 1188 5399; x_wconf 90' lang='lat' dir='ltr'>Sed</span> <span class='ocrx_word' id='word_1_723' title='bbox 1214 5343 1385 5414; x_wconf 91' lang='lat' dir='ltr'>longe</span> <span class='ocrx_word' id='word_1_724' title='bbox 1414 5343 1576 5399; x_wconf 85' lang='lat' dir='ltr'>aliter</span> <span class='ocrx_word' id='word_1_725' title='bbox 1597 5350 1680 5401; x_wconf 89' lang='lat' dir='ltr'>est</span> <span class='ocrx_word' id='word_1_726' title='bbox 1693 5345 1981 5417; x_wconf 88' lang='lat' dir='ltr'>plenitudo</span> <span class='ocrx_word' id='word_1_727' title='bbox 1999 5347 2213 5403; x_wconf 88' lang='lat' dir='ltr'>ordinis</span> 
     </span>
    </p>
   </div>
   <div class='ocr_carea' id='block_1_100' title="bbox 574 5436 2213 5514">
    <p class='ocr_par' dir='ltr' id='par_1_100' title="bbox 574 5436 2213 5514">
     <span class='ocr_line' id='line_1_100' title="bbox 574 5436 2213 5514; baseline -0.004 -11"><span class='ocrx_word' id='word_1_728' title='bbox 574 5452 630 5502; x_wconf 89' lang='lat' dir='ltr'>et</span> <span class='ocrx_word' id='word_1_729' title='bbox 657 5439 948 5512; x_wconf 89' lang='lat' dir='ltr'>religionis</span> <span class='ocrx_word' id='word_1_730' title='bbox 974 5439 1201 5492; x_wconf 73' lang='lat' dir='ltr'>nostrae.</span> <span class='ocrx_word' id='word_1_731' title='bbox 1230 5436 1501 5493; x_wconf 85' lang='lat' dir='ltr'>Martinus</span> <span class='ocrx_word' id='word_1_732' title='bbox 1521 5439 1729 5493; x_wconf 92' lang='lat' dir='ltr'>etenim</span> <span class='ocrx_word' id='word_1_733' title='bbox 1776 5443 2001 5494; x_wconf 89' lang='lat' dir='ltr'>sanctus</span> <span class='ocrx_word' id='word_1_734' title='bbox 2043 5442 2213 5514; x_wconf 89' lang='lat' dir='ltr'>longe</span> 
     </span>
    </p>
   </div>
   <div class='ocr_carea' id='block_1_101' title="bbox 575 5531 2216 5611">
    <p class='ocr_par' dir='ltr' id='par_1_101' title="bbox 575 5531 2216 5611">
     <span class='ocr_line' id='line_1_101' title="bbox 575 5531 2216 5611; baseline -0.001 -19"><span class='ocrx_word' id='word_1_735' title='bbox 575 5542 704 5611; x_wconf 89' lang='lat' dir='ltr'>post</span> <span class='ocrx_word' id='word_1_736' title='bbox 730 5531 1113 5590; x_wconf 89' lang='lat' dir='ltr'>ascensionem</span> <span class='ocrx_word' id='word_1_737' title='bbox 1150 5531 1396 5603; x_wconf 89' lang='lat' dir='ltr'>Domini,</span> <span class='ocrx_word' id='word_1_738' title='bbox 1435 5532 1522 5586; x_wconf 90' lang='lat' dir='ltr'>vel</span> <span class='ocrx_word' id='word_1_739' title='bbox 1546 5537 1675 5603; x_wconf 92' lang='lat' dir='ltr'>post</span> <span class='ocrx_word' id='word_1_740' title='bbox 1708 5532 2059 5589; x_wconf 87' lang='lat' dir='ltr'>nativitatem</span> <span class='ocrx_word' id='word_1_741' title='bbox 2088 5550 2216 5607; x_wconf 86' lang='lat' dir='ltr'>pro-</span> 
     </span>
    </p>
   </div>
   <div class='ocr_carea' id='block_1_102' title="bbox 577 5626 2215 5701">
    <p class='ocr_par' dir='ltr' id='par_1_102' title="bbox 577 5626 2215 5701">
     <span class='ocr_line' id='line_1_102' title="bbox 577 5626 2215 5701; baseline -0.002 -13"><span class='ocrx_word' id='word_1_742' title='bbox 577 5633 699 5701; x_wconf 87' lang='lat' dir='ltr'>diit,</span> <span class='ocrx_word' id='word_1_743' title='bbox 732 5628 819 5684; x_wconf 89' lang='lat' dir='ltr'>vel</span> <span class='ocrx_word' id='word_1_744' title='bbox 848 5632 974 5701; x_wconf 91' lang='lat' dir='ltr'>post</span> <span class='ocrx_word' id='word_1_745' title='bbox 1011 5630 1255 5682; x_wconf 88' lang='lat' dir='ltr'>mortem</span> <span class='ocrx_word' id='word_1_746' title='bbox 1289 5626 1562 5694; x_wconf 90' lang='lat' dir='ltr'>discessit,</span> <span class='ocrx_word' id='word_1_747' title='bbox 1607 5626 1818 5697; x_wconf 90' lang='lat' dir='ltr'>quippe</span> <span class='ocrx_word' id='word_1_748' title='bbox 1865 5626 1966 5699; x_wconf 91' lang='lat' dir='ltr'>qui</span> <span class='ocrx_word' id='word_1_749' title='bbox 2007 5630 2215 5685; x_wconf 88' lang='lat' dir='ltr'>nostris</span> 
     </span>
    </p>
   </div>
   <div class='ocr_carea' id='block_1_103' title="bbox 580 5718 2214 5799">
    <p class='ocr_par' dir='ltr' id='par_1_103' title="bbox 580 5718 2214 5799">
     <span class='ocr_line' id='line_1_103' title="bbox 580 5718 2214 5799; baseline -0.002 -17"><span class='ocrx_word' id='word_1_750' title='bbox 580 5723 932 5799; x_wconf 83' lang='lat' dir='ltr'>temporibus</span> <span class='ocrx_word' id='word_1_751' title='bbox 963 5738 1139 5794; x_wconf 88' lang='lat' dir='ltr'>prope</span> <span class='ocrx_word' id='word_1_752' title='bbox 1175 5721 1302 5787; x_wconf 90' lang='lat' dir='ltr'>fuit,</span> <span class='ocrx_word' id='word_1_753' title='bbox 1349 5718 1605 5791; x_wconf 89' lang='lat' dir='ltr'>quamvis</span> <span class='ocrx_word' id='word_1_754' title='bbox 1643 5720 1702 5774; x_wconf 92' lang='lat' dir='ltr'>in</span> <span class='ocrx_word' id='word_1_755' title='bbox 1752 5720 1908 5776; x_wconf 90' lang='lat' dir='ltr'>brevi</span> <span class='ocrx_word' id='word_1_756' title='bbox 1958 5725 2214 5794; x_wconf 88' lang='lat' dir='ltr'>tempore</span> 
     </span>
    </p>
   </div>
   <div class='ocr_carea' id='block_1_104' title="bbox 576 5813 2213 5879">
    <p class='ocr_par' dir='ltr' id='par_1_104' title="bbox 576 5813 2213 5879">
     <span class='ocr_line' id='line_1_104' title="bbox 576 5813 2213 5879; baseline -0.004 0"><span class='ocrx_word' id='word_1_757' title='bbox 576 5823 732 5879; x_wconf 87' lang='lat' dir='ltr'>fama</span> <span class='ocrx_word' id='word_1_758' title='bbox 757 5816 1067 5874; x_wconf 86' lang='lat' dir='ltr'>sanctitatis</span> <span class='ocrx_word' id='word_1_759' title='bbox 1092 5818 1150 5869; x_wconf 90' lang='lat' dir='ltr'>et</span> <span class='ocrx_word' id='word_1_760' title='bbox 1172 5813 1397 5869; x_wconf 88' lang='lat' dir='ltr'>virtutis</span> <span class='ocrx_word' id='word_1_761' title='bbox 1421 5813 1574 5869; x_wconf 89' lang='lat' dir='ltr'>illius</span> <span class='ocrx_word' id='word_1_762' title='bbox 1600 5817 1786 5870; x_wconf 86' lang='lat' dir='ltr'>totum</span> <span class='ocrx_word' id='word_1_763' title='bbox 1813 5815 2096 5872; x_wconf 90' lang='lat' dir='ltr'>mundum</span> <span class='ocrx_word' id='word_1_764' title='bbox 2120 5833 2213 5874; x_wconf 91' lang='lat' dir='ltr'>re-</span> 
     </span>
    </p>
   </div>
   <div class='ocr_carea' id='block_1_105' title="bbox 654 5911 1205 5990">
    <p class='ocr_par' dir='ltr' id='par_1_105' title="bbox 654 5911 1205 5990">
     <span class='ocr_line' id='line_1_105' title="bbox 654 5911 1205 5990; baseline -0.009 -21"><span class='ocrx_word' id='word_1_765' title='bbox 654 5917 723 5990; x_wconf 74' lang='grc' dir='ltr'>(α)</span> <span class='ocrx_word' id='word_1_766' title='bbox 752 5912 885 5967; x_wconf 72' lang='lat' dir='ltr'>Vide</span> <span class='ocrx_word' id='word_1_767' title='bbox 914 5925 1049 5982; x_wconf 83' lang='lat' dir='ltr'>pag.</span> <span class='ocrx_word' id='word_1_768' title='bbox 1086 5911 1205 5964; x_wconf 76' lang='lat'>“5.</span> 
     </span>
    </p>
   </div>
   <div class='ocr_carea' id='block_1_106' title="bbox 2308 4702 2475 4743">
    <p class='ocr_par' dir='ltr' id='par_1_106' title="bbox 2308 4702 2475 4743">
     <span class='ocr_line' id='line_1_106' title="bbox 2308 4702 2475 4743; baseline 0.006 -1"><span class='ocrx_word' id='word_1_769' title='bbox 2308 4702 2475 4743; x_wconf 66' lang='grc'>300231.</span> 
     </span>
    </p>
   </div>
   <div class='ocr_carea' id='block_1_107' title="bbox 2365 4702 3621 4819">
    <p class='ocr_par' dir='ltr' id='par_1_107' title="bbox 2365 4702 3621 4819">
     <span class='ocr_line' id='line_1_107' title="bbox 2436 4705 2475 4743; baseline 0 0"><span class='ocrx_word' id='word_1_770' title='bbox 2436 4705 2475 4743; x_wconf 80' lang='grc' dir='ltr'><strong>ῑ.</strong></span> 
     </span>
     <span class='ocr_line' id='line_1_108' title="bbox 2365 4702 3621 4819; baseline 0.004 -8"><span class='ocrx_word' id='word_1_771' title='bbox 2365 4702 2432 4756; x_wconf 71' lang='lat' dir='ltr'>0p</span> <span class='ocrx_word' id='word_1_772' title='bbox 2625 4758 2710 4812; x_wconf 88' lang='lat' dir='ltr'>IV.</span> <span class='ocrx_word' id='word_1_773' title='bbox 2753 4772 2930 4815; x_wconf 76' lang='lat' dir='ltr'>snauo</span> <span class='ocrx_word' id='word_1_774' title='bbox 2968 4774 3022 4816; x_wconf 78' lang='lat' dir='ltr'>IN</span> <span class='ocrx_word' id='word_1_775' title='bbox 3061 4774 3262 4817; x_wconf 67' lang='lat' dir='ltr'>manu</span> <span class='ocrx_word' id='word_1_776' title='bbox 3299 4775 3621 4819; x_wconf 76' lang='lat' dir='ltr'>EPIPHANLE.</span> 
     </span>
    </p>
   </div>
   <div class='ocr_carea' id='block_1_108' title="bbox 2553 4859 3695 4933">
    <p class='ocr_par' dir='ltr' id='par_1_108' title="bbox 2553 4859 3695 4933">
     <span class='ocr_line' id='line_1_109' title="bbox 2553 4859 3695 4933; baseline 0.004 -20"><span class='ocrx_word' id='word_1_777' title='bbox 2553 4859 2639 4913; x_wconf 72' lang='lat' dir='ltr'>Ea:</span> <span class='ocrx_word' id='word_1_778' title='bbox 2680 4860 2850 4913; x_wconf 78' lang='lat' dir='ltr'>veteri</span> <span class='ocrx_word' id='word_1_779' title='bbox 2888 4859 3228 4915; x_wconf 77' lang='lat' dir='ltr'>Lectionario</span> <span class='ocrx_word' id='word_1_780' title='bbox 3268 4860 3549 4917; x_wconf 83' lang='lat' dir='ltr'>Gallicana</span> <span class='ocrx_word' id='word_1_781' title='bbox 3600 4861 3695 4933; x_wconf 88' lang='lat' dir='ltr'>(a).</span> 
     </span>
    </p>
   </div>
   <div class='ocr_carea' id='block_1_109' title="bbox 2378 4968 3950 5047">
    <p class='ocr_par' dir='ltr' id='par_1_109' title="bbox 2378 4968 3950 5047">
     <span class='ocr_line' id='line_1_110' title="bbox 2378 4968 3950 5047; baseline 0.005 -25"><span class='ocrx_word' id='word_1_782' title='bbox 2378 4968 2610 5024; x_wconf 87' lang='lat' dir='ltr'>Audivit</span> <span class='ocrx_word' id='word_1_783' title='bbox 2650 4969 2946 5025; x_wconf 89' lang='lat' dir='ltr'>nobiscum</span> <span class='ocrx_word' id='word_1_784' title='bbox 2984 4972 3186 5028; x_wconf 89' lang='lat' dir='ltr'>caritas</span> <span class='ocrx_word' id='word_1_785' title='bbox 3233 4978 3437 5045; x_wconf 89' lang='lat' dir='ltr'>vestra,</span> <span class='ocrx_word' id='word_1_786' title='bbox 3474 4973 3836 5047; x_wconf 84' lang='lat' dir='ltr'>Evangelista</span> <span class='ocrx_word' id='word_1_787' title='bbox 3872 4973 3950 5029; x_wconf 91' lang='lat' dir='ltr'>di-</span> 
     </span>
    </p>
   </div>
   <div class='ocr_carea' id='block_1_110' title="bbox 2311 5064 3947 5140">
    <p class='ocr_par' dir='ltr' id='par_1_110' title="bbox 2311 5064 3947 5140">
     <span class='ocr_line' id='line_1_111' title="bbox 2311 5064 3947 5140; baseline 0.003 -23"><span class='ocrx_word' id='word_1_788' title='bbox 2311 5067 2469 5118; x_wconf 89' lang='lat' dir='ltr'>cente</span> <span class='ocrx_word' id='word_1_789' title='bbox 2513 5080 2527 5118; x_wconf 88' lang='lat'><strong>:</strong></span> <span class='ocrx_word' id='word_1_790' title='bbox 2584 5064 2714 5120; x_wconf 88' lang='lat' dir='ltr'>Cum</span> <span class='ocrx_word' id='word_1_791' title='bbox 2754 5068 2918 5120; x_wconf 84' lang='lat' dir='ltr'>natus</span> <span class='ocrx_word' id='word_1_792' title='bbox 2962 5081 3092 5134; x_wconf 86' lang='lat' dir='ltr'>esse,</span> <span class='ocrx_word' id='word_1_793' title='bbox 3134 5067 3339 5140; x_wconf 90' lang='lat' dir='ltr'>inquit,</span> <span class='ocrx_word' id='word_1_794' title='bbox 3392 5072 3534 5124; x_wconf 85' lang='lat' dir='ltr'>Deus</span> <span class='ocrx_word' id='word_1_795' title='bbox 3586 5071 3646 5123; x_wconf 89' lang='lat' dir='ltr'>in</span> <span class='ocrx_word' id='word_1_796' title='bbox 3682 5070 3947 5125; x_wconf 71' lang='lat' dir='ltr'>Bethleem</span> 
     </span>
    </p>
   </div>
   <div class='ocr_carea' id='block_1_111' title="bbox 2310 5157 3949 5243">
    <p class='ocr_par' dir='ltr' id='par_1_111' title="bbox 2310 5157 3949 5243">
     <span class='ocr_line' id='line_1_112' title="bbox 2310 5157 3949 5243; baseline 0.003 -33"><span class='ocrx_word' id='word_1_797' title='bbox 2310 5157 2509 5212; x_wconf 57' lang='lat' dir='ltr'>Iudaee</span> <span class='ocrx_word' id='word_1_798' title='bbox 2530 5159 2590 5212; x_wconf 85' lang='lat' dir='ltr'>in</span> <span class='ocrx_word' id='word_1_799' title='bbox 2620 5158 2808 5213; x_wconf 86' lang='lat' dir='ltr'>diebus</span> <span class='ocrx_word' id='word_1_800' title='bbox 2833 5160 3063 5215; x_wconf 75' lang='lat' dir='ltr'>Herodis</span> <span class='ocrx_word' id='word_1_801' title='bbox 3083 5164 3225 5229; x_wconf 76' lang='lat' dir='ltr'>regis</span> <span class='ocrx_word' id='word_1_802' title='bbox 3251 5180 3270 5214; x_wconf 86' lang='lat'><strong><em>:</em></strong></span> <span class='ocrx_word' id='word_1_803' title='bbox 3295 5178 3405 5218; x_wconf 86' lang='lat' dir='ltr'>ecce</span> <span class='ocrx_word' id='word_1_804' title='bbox 3423 5165 3570 5231; x_wconf 83' lang='lat' dir='ltr'>magi</span> <span class='ocrx_word' id='word_1_805' title='bbox 3589 5169 3853 5243; x_wconf 79' lang='lat' dir='ltr'>venerunt</span> <span class='ocrx_word' id='word_1_806' title='bbox 3881 5163 3949 5217; x_wconf 82' lang='lat' dir='ltr'>ab</span> 
     </span>
    </p>
   </div>
   <div class='ocr_carea' id='block_1_112' title="bbox 2315 5249 3949 5327">
    <p class='ocr_par' dir='ltr' id='par_1_112' title="bbox 2315 5249 3949 5327">
     <span class='ocr_line' id='line_1_113' title="bbox 2315 5249 3949 5327; baseline 0.004 -23"><span class='ocrx_word' id='word_1_807' title='bbox 2315 5249 2529 5305; x_wconf 82' lang='lat' dir='ltr'>Oriente</span> <span class='ocrx_word' id='word_1_808' title='bbox 2550 5252 2947 5323; x_wconf 75' lang='lat' dir='ltr'>Hyerusolyma</span> <span class='ocrx_word' id='word_1_809' title='bbox 2972 5255 3207 5312; x_wconf 87' lang='lat' dir='ltr'>dicentes</span> <span class='ocrx_word' id='word_1_810' title='bbox 3234 5270 3250 5306; x_wconf 86' lang='lat'><strong><em>:</em></strong></span> <span class='ocrx_word' id='word_1_811' title='bbox 3289 5255 3392 5312; x_wconf 87' lang='lat' dir='ltr'>Ubi</span> <span class='ocrx_word' id='word_1_812' title='bbox 3421 5263 3500 5311; x_wconf 86' lang='lat' dir='ltr'>est</span> <span class='ocrx_word' id='word_1_813' title='bbox 3530 5260 3628 5327; x_wconf 87' lang='lat' dir='ltr'>qui</span> <span class='ocrx_word' id='word_1_814' title='bbox 3670 5263 3837 5312; x_wconf 87' lang='lat' dir='ltr'>natus</span> <span class='ocrx_word' id='word_1_815' title='bbox 3875 5262 3949 5310; x_wconf 78' lang='lat' dir='ltr'>est</span> 
     </span>
    </p>
   </div>
   <div class='ocr_carea' id='block_1_113' title="bbox 2312 5346 3946 5419">
    <p class='ocr_par' dir='ltr' id='par_1_113' title="bbox 2312 5346 3946 5419">
     <span class='ocr_line' id='line_1_114' title="bbox 2312 5346 3946 5419; baseline 0.003 -19"><span class='ocrx_word' id='word_1_816' title='bbox 2312 5346 2427 5400; x_wconf 69' lang='lat' dir='ltr'>Reae</span> <span class='ocrx_word' id='word_1_817' title='bbox 2448 5346 2755 5401; x_wconf 64' lang='lat' dir='ltr'>Iudworum</span> <span class='ocrx_word' id='word_1_818' title='bbox 2771 5350 2799 5401; x_wconf 88' lang='lat'><strong><em>?</em></strong></span> <span class='ocrx_word' id='word_1_819' title='bbox 2830 5348 3079 5403; x_wconf 87' lang='lat' dir='ltr'>Vidimus</span> <span class='ocrx_word' id='word_1_820' title='bbox 3099 5352 3241 5405; x_wconf 84' lang='lat' dir='ltr'>enim</span> <span class='ocrx_word' id='word_1_821' title='bbox 3259 5352 3471 5406; x_wconf 85' lang='lat' dir='ltr'>stellam</span> <span class='ocrx_word' id='word_1_822' title='bbox 3495 5352 3613 5419; x_wconf 83' lang='lat' dir='ltr'>ejus</span> <span class='ocrx_word' id='word_1_823' title='bbox 3631 5353 3689 5404; x_wconf 86' lang='lat' dir='ltr'>in</span> <span class='ocrx_word' id='word_1_824' title='bbox 3714 5349 3946 5412; x_wconf 80' lang='lat' dir='ltr'>Oriente,</span> 
     </span>
    </p>
   </div>
   <div class='ocr_carea' id='block_1_114' title="bbox 2315 5442 3947 5514">
    <p class='ocr_par' dir='ltr' id='par_1_114' title="bbox 2315 5442 3947 5514">
     <span class='ocr_line' id='line_1_115' title="bbox 2315 5442 3947 5514; baseline 0.002 -18"><span class='ocrx_word' id='word_1_825' title='bbox 2315 5445 2365 5496; x_wconf 87' lang='lat' dir='ltr'>et</span> <span class='ocrx_word' id='word_1_826' title='bbox 2394 5442 2637 5496; x_wconf 79' lang='lat' dir='ltr'>venimus</span> <span class='ocrx_word' id='word_1_827' title='bbox 2679 5442 2911 5496; x_wconf 75' lang='lat' dir='ltr'>adorare</span> <span class='ocrx_word' id='word_1_828' title='bbox 2959 5459 3099 5499; x_wconf 89' lang='lat' dir='ltr'>eum.</span> <span class='ocrx_word' id='word_1_829' title='bbox 3136 5443 3292 5499; x_wconf 83' lang='lat' dir='ltr'>Felix</span> <span class='ocrx_word' id='word_1_830' title='bbox 3324 5444 3422 5498; x_wconf 91' lang='lat' dir='ltr'>illa</span> <span class='ocrx_word' id='word_1_831' title='bbox 3464 5444 3676 5514; x_wconf 88' lang='lat' dir='ltr'>civitas,</span> <span class='ocrx_word' id='word_1_832' title='bbox 3729 5443 3947 5512; x_wconf 86' lang='lat' dir='ltr'>fratres,</span> 
     </span>
    </p>
   </div>
   <div class='ocr_carea' id='block_1_115' title="bbox 2314 5535 3950 5611">
    <p class='ocr_par' dir='ltr' id='par_1_115' title="bbox 2314 5535 3950 5611">
     <span class='ocr_line' id='line_1_116' title="bbox 2314 5535 3950 5611; baseline 0.002 -21"><span class='ocrx_word' id='word_1_833' title='bbox 2314 5536 2405 5591; x_wconf 90' lang='lat' dir='ltr'>cui</span> <span class='ocrx_word' id='word_1_834' title='bbox 2427 5535 2561 5590; x_wconf 87' lang='lat' dir='ltr'>civis</span> <span class='ocrx_word' id='word_1_835' title='bbox 2600 5540 2764 5591; x_wconf 89' lang='lat' dir='ltr'>natus</span> <span class='ocrx_word' id='word_1_836' title='bbox 2802 5541 2887 5592; x_wconf 87' lang='lat' dir='ltr'>est</span> <span class='ocrx_word' id='word_1_837' title='bbox 2940 5536 3121 5593; x_wconf 78' lang='lat' dir='ltr'>Deus!</span> <span class='ocrx_word' id='word_1_838' title='bbox 3164 5555 3294 5610; x_wconf 69' lang='lat' dir='ltr'>qua:</span> <span class='ocrx_word' id='word_1_839' title='bbox 3345 5539 3632 5611; x_wconf 88' lang='lat' dir='ltr'>singulare</span> <span class='ocrx_word' id='word_1_840' title='bbox 3682 5538 3950 5593; x_wconf 88' lang='lat' dir='ltr'>meritum</span> 
     </span>
    </p>
   </div>
   <div class='ocr_carea' id='block_1_116' title="bbox 2314 5620 3950 5705">
    <p class='ocr_par' dir='ltr' id='par_1_116' title="bbox 2314 5620 3950 5705">
     <span class='ocr_line' id='line_1_117' title="bbox 2314 5620 3950 5705; baseline 0.001 -20"><span class='ocrx_word' id='word_1_841' title='bbox 2314 5635 2462 5705; x_wconf 82' lang='lat' dir='ltr'>ante_</span> <span class='ocrx_word' id='word_1_842' title='bbox 2487 5630 2793 5686; x_wconf 89' lang='lat' dir='ltr'>adventum</span> <span class='ocrx_word' id='word_1_843' title='bbox 2829 5631 3125 5687; x_wconf 87' lang='lat' dir='ltr'>Salvatoris</span> <span class='ocrx_word' id='word_1_844' title='bbox 3164 5632 3463 5704; x_wconf 88' lang='lat' dir='ltr'>accipiens,</span> <span class='ocrx_word' id='word_1_845' title='bbox 3492 5620 3687 5705; x_wconf 86' lang='lat' dir='ltr'>prima</span> <span class='ocrx_word' id='word_1_846' title='bbox 3734 5630 3950 5687; x_wconf 87' lang='lat' dir='ltr'>laudari</span> 
     </span>
    </p>
   </div>
   <div class='ocr_carea' id='block_1_117' title="bbox 2315 5699 3946 5799">
    <p class='ocr_par' dir='ltr' id='par_1_117' title="bbox 2315 5699 3946 5799">
     <span class='ocr_line' id='line_1_118' title="bbox 2315 5699 3946 5799; baseline 0.001 -21"><span class='ocrx_word' id='word_1_847' title='bbox 2315 5699 2527 5780; x_wconf 71' lang='lat' dir='ltr'>meriiit</span> <span class='ocrx_word' id='word_1_848' title='bbox 2542 5740 2645 5797; x_wconf 92' lang='lat' dir='ltr'>per</span> <span class='ocrx_word' id='word_1_849' title='bbox 2659 5725 3014 5797; x_wconf 89' lang='lat' dir='ltr'>prophetam,</span> <span class='ocrx_word' id='word_1_850' title='bbox 3037 5742 3211 5797; x_wconf 90' lang='lat' dir='ltr'>quam</span> <span class='ocrx_word' id='word_1_851' title='bbox 3226 5699 3466 5782; x_wconf 76' lang='lat' dir='ltr'>disceret</span> <span class='ocrx_word' id='word_1_852' title='bbox 3478 5699 3650 5799; x_wconf 74' lang='lat' dir='ltr'>quem</span> <span class='ocrx_word' id='word_1_853' title='bbox 3665 5726 3946 5783; x_wconf 87' lang='lat' dir='ltr'>sumebat.</span> 
     </span>
    </p>
   </div>
   <div class='ocr_carea' id='block_1_118' title="bbox 2317 5812 3947 5888">
    <p class='ocr_par' dir='ltr' id='par_1_118' title="bbox 2317 5812 3947 5888">
     <span class='ocr_line' id='line_1_119' title="bbox 2317 5812 3947 5888; baseline 0.002 -20"><span class='ocrx_word' id='word_1_854' title='bbox 2317 5812 2473 5869; x_wconf 83' lang='lat' dir='ltr'>Felix</span> <span class='ocrx_word' id='word_1_855' title='bbox 2496 5818 2579 5883; x_wconf 90' lang='lat' dir='ltr'>tu,</span> <span class='ocrx_word' id='word_1_856' title='bbox 2611 5814 2802 5870; x_wconf 85' lang='lat' dir='ltr'>civitas</span> <span class='ocrx_word' id='word_1_857' title='bbox 2827 5815 3115 5872; x_wconf 86' lang='lat' dir='ltr'>Bethleem</span> <span class='ocrx_word' id='word_1_858' title='bbox 3137 5814 3153 5871; x_wconf 83' lang='lat' dir='ltr'>l</span> <span class='ocrx_word' id='word_1_859' title='bbox 3182 5815 3316 5888; x_wconf 89' lang='lat' dir='ltr'>quia</span> <span class='ocrx_word' id='word_1_860' title='bbox 3334 5832 3450 5872; x_wconf 91' lang='lat' dir='ltr'>non</span> <span class='ocrx_word' id='word_1_861' title='bbox 3472 5832 3531 5873; x_wconf 87' lang='lat' dir='ltr'>es</span> <span class='ocrx_word' id='word_1_862' title='bbox 3545 5815 3792 5874; x_wconf 86' lang='lat' dir='ltr'>minima</span> <span class='ocrx_word' id='word_1_863' title='bbox 3805 5816 3947 5872; x_wconf 87' lang='lat' dir='ltr'>inter</span> 
     </span>
    </p>
   </div>
  </div>
