  <div class='ocr_page' id='page_1' title='image "/cluster/home/n/w/nwhite01/storage/ocr_20150623/72/uva.x000827084/274.png"; bbox 0 0 4014 6230; ppageno 0'>
   <div class='ocr_carea' id='block_1_1' title="bbox 78 408 163 460">
    <p class='ocr_par' dir='ltr' id='par_1_1' title="bbox 78 408 163 460">
     <span class='ocr_line' id='line_1_1' title="bbox 78 408 163 460; baseline 0.012 -1"><span class='ocrx_word' id='word_1_1' title='bbox 78 408 163 460; x_wconf 60' lang='grc'><strong>433</strong></span> 
     </span>
    </p>
   </div>
   <div class='ocr_carea' id='block_1_2' title="bbox 694 396 2773 466">
    <p class='ocr_par' dir='ltr' id='par_1_2' title="bbox 694 396 2773 466">
     <span class='ocr_line' id='line_1_2' title="bbox 694 396 2773 466; baseline 0.004 -11"><span class='ocrx_word' id='word_1_2' title='bbox 694 402 784 456; x_wconf 85' lang='lat' dir='ltr'><strong>AD</strong></span> <span class='ocrx_word' id='word_1_3' title='bbox 822 402 1311 458; x_wconf 73' lang='grc' dir='ltr'><strong>ΡΡυΕΟΕΒΕΝΤΙΑ</strong></span> <span class='ocrx_word' id='word_1_4' title='bbox 1348 396 1684 459; x_wconf 67' lang='grc' dir='ltr'><strong>ΙιΙΊὍΒΟΙίΕ</strong></span> <span class='ocrx_word' id='word_1_5' title='bbox 1722 404 2137 462; x_wconf 67' lang='grc' dir='ltr'><strong>ΜΟΝΕΜΕΝΤΑ</strong></span> <span class='ocrx_word' id='word_1_6' title='bbox 2174 408 2508 464; x_wconf 77' lang='grc' dir='ltr'><strong>ΛΡΡΕΝΒΙΧ</strong></span> <span class='ocrx_word' id='word_1_7' title='bbox 2545 411 2773 466; x_wconf 80' lang='lat' dir='ltr'><strong>PRIMA.</strong></span> 
     </span>
    </p>
   </div>
   <div class='ocr_carea' id='block_1_3' title="bbox 3334 415 3437 471">
    <p class='ocr_par' dir='ltr' id='par_1_3' title="bbox 3334 415 3437 471">
     <span class='ocr_line' id='line_1_3' title="bbox 3334 415 3437 471; baseline 0.019 -2"><span class='ocrx_word' id='word_1_8' title='bbox 3334 415 3398 470; x_wconf 72' lang='grc'><strong>43</strong></span> <span class='ocrx_word' id='word_1_9' title='bbox 3412 416 3437 471; x_wconf 59' lang='grc' dir='ltr'><strong>ἃ</strong></span> 
     </span>
    </p>
   </div>
   <div class='ocr_carea' id='block_1_4' title="bbox 75 509 3430 599">
    <p class='ocr_par' dir='ltr' id='par_1_4' title="bbox 75 509 3430 599">
     <span class='ocr_line' id='line_1_4' title="bbox 75 509 3430 599; baseline 0.002 -30"><span class='ocrx_word' id='word_1_10' title='bbox 75 510 332 588; x_wconf 83' lang='lat' dir='ltr'><strong>principes</strong></span> <span class='ocrx_word' id='word_1_11' title='bbox 356 509 524 566; x_wconf 78' lang='lat' dir='ltr'><strong>Iuda.</strong></span> <span class='ocrx_word' id='word_1_12' title='bbox 551 510 631 565; x_wconf 84' lang='lat' dir='ltr'><strong>Ex</strong></span> <span class='ocrx_word' id='word_1_13' title='bbox 673 514 731 565; x_wconf 90' lang='lat' dir='ltr'><strong>te</strong></span> <span class='ocrx_word' id='word_1_14' title='bbox 773 511 929 567; x_wconf 91' lang='lat' dir='ltr'><strong>enim</strong></span> <span class='ocrx_word' id='word_1_15' title='bbox 970 512 1193 584; x_wconf 85' lang='lat' dir='ltr'><strong>prodiet</strong></span> <span class='ocrx_word' id='word_1_16' title='bbox 1226 512 1483 585; x_wconf 64' lang='lat' dir='ltr'><strong>Bex‘qui</strong></span> <span class='ocrx_word' id='word_1_17' title='bbox 1534 516 1696 585; x_wconf 90' lang='lat' dir='ltr'><strong>reget</strong></span> <span class='ocrx_word' id='word_1_18' title='bbox 1716 526 1775 599; x_wconf 78' lang='grc' dir='ltr'><strong>Α</strong></span> <span class='ocrx_word' id='word_1_19' title='bbox 1796 514 2018 586; x_wconf 78' lang='lat' dir='ltr'><strong>vagitus</strong></span> <span class='ocrx_word' id='word_1_20' title='bbox 2052 516 2303 588; x_wconf 84' lang='lat' dir='ltr'><strong>majores</strong></span> <span class='ocrx_word' id='word_1_21' title='bbox 2346 517 2599 589; x_wconf 80' lang='lat' dir='ltr'><strong>gemitus</strong></span> <span class='ocrx_word' id='word_1_22' title='bbox 2645 518 2982 591; x_wconf 82' lang='lat' dir='ltr'><strong>exigebant.</strong></span> <span class='ocrx_word' id='word_1_23' title='bbox 3010 521 3175 575; x_wconf 90' lang='lat' dir='ltr'><strong>Nulla</strong></span> <span class='ocrx_word' id='word_1_24' title='bbox 3200 520 3430 593; x_wconf 90' lang='lat' dir='ltr'><strong>domus,</strong></span> 
     </span>
    </p>
   </div>
   <div class='ocr_carea' id='block_1_5' title="bbox 76 603 1691 681">
    <p class='ocr_par' dir='ltr' id='par_1_5' title="bbox 76 603 1691 681">
     <span class='ocr_line' id='line_1_5' title="bbox 76 603 1691 681; baseline -0.001 -18"><span class='ocrx_word' id='word_1_25' title='bbox 76 604 330 681; x_wconf 87' lang='lat' dir='ltr'><strong>populum</strong></span> <span class='ocrx_word' id='word_1_26' title='bbox 359 619 556 660; x_wconf 90' lang='lat' dir='ltr'><strong>meum</strong></span> <span class='ocrx_word' id='word_1_27' title='bbox 574 603 804 659; x_wconf 82' lang='lat' dir='ltr'><strong>Israhel.</strong></span> <span class='ocrx_word' id='word_1_28' title='bbox 845 604 991 670; x_wconf 86' lang='lat' dir='ltr'><strong>Quid</strong></span> <span class='ocrx_word' id='word_1_29' title='bbox 1016 605 1135 677; x_wconf 85' lang='lat' dir='ltr'><strong>agit</strong></span> <span class='ocrx_word' id='word_1_30' title='bbox 1158 606 1318 673; x_wconf 88' lang='lat' dir='ltr'><strong>Juda,</strong></span> <span class='ocrx_word' id='word_1_31' title='bbox 1347 622 1549 663; x_wconf 89' lang='lat' dir='ltr'><strong>eorum</strong></span> <span class='ocrx_word' id='word_1_32' title='bbox 1586 622 1691 661; x_wconf 66' lang='lat' dir='ltr'><strong>cae—</strong></span> 
     </span>
    </p>
   </div>
   <div class='ocr_carea' id='block_1_6' title="bbox 78 697 1687 769">
    <p class='ocr_par' dir='ltr' id='par_1_6' title="bbox 78 697 1687 769">
     <span class='ocr_line' id='line_1_6' title="bbox 78 697 1687 769; baseline -0.001 -12"><span class='ocrx_word' id='word_1_33' title='bbox 78 702 193 757; x_wconf 82' lang='lat' dir='ltr'><strong>citas</strong></span> <span class='ocrx_word' id='word_1_34' title='bbox 221 697 520 768; x_wconf 82' lang='lat' dir='ltr'><strong>mentium,</strong></span> <span class='ocrx_word' id='word_1_35' title='bbox 560 698 659 769; x_wconf 89' lang='lat' dir='ltr'><strong>qui</strong></span> <span class='ocrx_word' id='word_1_36' title='bbox 691 699 1002 755; x_wconf 83' lang='lat' dir='ltr'><strong>adventum</strong></span> <span class='ocrx_word' id='word_1_37' title='bbox 1036 699 1342 755; x_wconf 89' lang='lat' dir='ltr'><strong>Salvatoris</strong></span> <span class='ocrx_word' id='word_1_38' title='bbox 1379 716 1484 756; x_wconf 91' lang='lat' dir='ltr'><strong>nec</strong></span> <span class='ocrx_word' id='word_1_39' title='bbox 1518 700 1687 756; x_wconf 88' lang='lat' dir='ltr'><strong>intel-</strong></span> 
     </span>
    </p>
   </div>
   <div class='ocr_carea' id='block_1_7' title="bbox 1794 610 3432 688">
    <p class='ocr_par' dir='ltr' id='par_1_7' title="bbox 1794 610 3432 688">
     <span class='ocr_line' id='line_1_7' title="bbox 1794 610 3432 688; baseline 0.005 -25"><span class='ocrx_word' id='word_1_40' title='bbox 1794 610 1983 664; x_wconf 92' lang='lat' dir='ltr'><strong>nullus</strong></span> <span class='ocrx_word' id='word_1_41' title='bbox 2041 610 2274 665; x_wconf 75' lang='lat' dir='ltr'><strong>orbitati</strong></span> <span class='ocrx_word' id='word_1_42' title='bbox 2312 615 2630 667; x_wconf 88' lang='lat' dir='ltr'><strong>restaverat</strong></span> <span class='ocrx_word' id='word_1_43' title='bbox 2666 614 2844 681; x_wconf 90' lang='lat' dir='ltr'><strong>locus,</strong></span> <span class='ocrx_word' id='word_1_44' title='bbox 2871 613 2970 668; x_wconf 92' lang='lat' dir='ltr'><strong>ubi</strong></span> <span class='ocrx_word' id='word_1_45' title='bbox 3018 631 3137 669; x_wconf 93' lang='lat' dir='ltr'><strong>non</strong></span> <span class='ocrx_word' id='word_1_46' title='bbox 3186 615 3432 688; x_wconf 79' lang='lat' dir='ltr'><strong>diligens</strong></span> 
     </span>
    </p>
   </div>
   <div class='ocr_carea' id='block_1_8' title="bbox 1789 704 3426 781">
    <p class='ocr_par' dir='ltr' id='par_1_8' title="bbox 1789 704 3426 781">
     <span class='ocr_line' id='line_1_8' title="bbox 1789 704 3426 781; baseline 0.005 -24"><span class='ocrx_word' id='word_1_47' title='bbox 1789 704 2095 759; x_wconf 83' lang='lat' dir='ltr'><strong>crudelitas</strong></span> <span class='ocrx_word' id='word_1_48' title='bbox 2107 705 2231 759; x_wconf 89' lang='lat' dir='ltr'><strong>fuit.</strong></span> <span class='ocrx_word' id='word_1_49' title='bbox 2247 706 2525 761; x_wconf 73' lang='lat' dir='ltr'><strong>Iacebant</strong></span> <span class='ocrx_word' id='word_1_50' title='bbox 2543 707 2741 763; x_wconf 84' lang='lat' dir='ltr'><strong>brevia</strong></span> <span class='ocrx_word' id='word_1_51' title='bbox 2755 709 2994 763; x_wconf 87' lang='lat' dir='ltr'><strong>vulnera</strong></span> <span class='ocrx_word' id='word_1_52' title='bbox 3004 710 3426 781; x_wconf 85' lang='lat' dir='ltr'><strong>membrorum,</strong></span> 
     </span>
    </p>
   </div>
   <div class='ocr_carea' id='block_1_9' title="bbox 75 792 3426 873">
    <p class='ocr_par' dir='ltr' id='par_1_9' title="bbox 75 792 3426 873">
     <span class='ocr_line' id='line_1_9' title="bbox 75 792 3426 873; baseline 0.003 -24"><span class='ocrx_word' id='word_1_53' title='bbox 75 796 229 866; x_wconf 87' lang='lat' dir='ltr'><strong>ligere</strong></span> <span class='ocrx_word' id='word_1_54' title='bbox 253 796 602 862; x_wconf 89' lang='lat' dir='ltr'><strong>meruerunt,</strong></span> <span class='ocrx_word' id='word_1_55' title='bbox 632 809 739 848; x_wconf 87' lang='lat' dir='ltr'><strong>nec</strong></span> <span class='ocrx_word' id='word_1_56' title='bbox 765 792 973 848; x_wconf 87' lang='lat' dir='ltr'><strong>nosse?</strong></span> <span class='ocrx_word' id='word_1_57' title='bbox 998 793 1306 865; x_wconf 88' lang='lat' dir='ltr'><strong>Impletum</strong></span> <span class='ocrx_word' id='word_1_58' title='bbox 1344 799 1429 849; x_wconf 89' lang='lat' dir='ltr'><strong>est</strong></span> <span class='ocrx_word' id='word_1_59' title='bbox 1470 794 1690 850; x_wconf 90' lang='lat' dir='ltr'><strong>cunctis</strong></span> <span class='ocrx_word' id='word_1_60' title='bbox 1791 799 1849 850; x_wconf 90' lang='lat' dir='ltr'><strong>et</strong></span> <span class='ocrx_word' id='word_1_61' title='bbox 1884 798 2072 853; x_wconf 89' lang='lat' dir='ltr'><strong>velato</strong></span> <span class='ocrx_word' id='word_1_62' title='bbox 2121 799 2278 853; x_wconf 89' lang='lat' dir='ltr'><strong>vultu</strong></span> <span class='ocrx_word' id='word_1_63' title='bbox 2322 799 2471 854; x_wconf 80' lang='lat' dir='ltr'><strong>tristi</strong></span> <span class='ocrx_word' id='word_1_64' title='bbox 2515 802 2772 857; x_wconf 85' lang='lat' dir='ltr'><strong>colorata</strong></span> <span class='ocrx_word' id='word_1_65' title='bbox 2815 803 3034 873; x_wconf 88' lang='lat' dir='ltr'><strong>pallore</strong></span> <span class='ocrx_word' id='word_1_66' title='bbox 3085 806 3426 860; x_wconf 89' lang='lat' dir='ltr'><strong>cunctorum</strong></span> 
     </span>
    </p>
   </div>
   <div class='ocr_carea' id='block_1_10' title="bbox 73 886 1688 960">
    <p class='ocr_par' dir='ltr' id='par_1_10' title="bbox 73 886 1688 960">
     <span class='ocr_line' id='line_1_10' title="bbox 73 886 1688 960; baseline 0.001 -17"><span class='ocrx_word' id='word_1_67' title='bbox 73 887 337 960; x_wconf 80' lang='lat' dir='ltr'><strong>prophetae</strong></span> <span class='ocrx_word' id='word_1_68' title='bbox 367 901 708 957; x_wconf 79' lang='lat' dir='ltr'><strong>reSponsum</strong></span> <span class='ocrx_word' id='word_1_69' title='bbox 737 902 751 941; x_wconf 90' lang='lat'>:</span> <span class='ocrx_word' id='word_1_70' title='bbox 780 886 1129 943; x_wconf 89' lang='lat' dir='ltr'><strong>Salvatorem</strong></span> <span class='ocrx_word' id='word_1_71' title='bbox 1152 891 1417 943; x_wconf 87' lang='lat' dir='ltr'><strong>nostmm</strong></span> <span class='ocrx_word' id='word_1_72' title='bbox 1441 888 1688 959; x_wconf 84' lang='lat' dir='ltr'><strong>prodidit</strong></span> 
     </span>
    </p>
   </div>
   <div class='ocr_carea' id='block_1_11' title="bbox 74 979 1686 1054">
    <p class='ocr_par' dir='ltr' id='par_1_11' title="bbox 74 979 1686 1054">
     <span class='ocr_line' id='line_1_11' title="bbox 74 979 1686 1054; baseline 0.001 -18"><span class='ocrx_word' id='word_1_73' title='bbox 74 982 272 1036; x_wconf 67' lang='lat' dir='ltr'><strong>caalum.</strong></span> <span class='ocrx_word' id='word_1_74' title='bbox 303 979 531 1044; x_wconf 83' lang='lat' dir='ltr'><strong>Quando</strong></span> <span class='ocrx_word' id='word_1_75' title='bbox 550 980 708 1035; x_wconf 91' lang='lat' dir='ltr'><strong>enim</strong></span> <span class='ocrx_word' id='word_1_76' title='bbox 726 980 905 1037; x_wconf 87' lang='lat' dir='ltr'><strong>latere</strong></span> <span class='ocrx_word' id='word_1_77' title='bbox 929 984 1170 1052; x_wconf 85' lang='lat' dir='ltr'><strong>poterat,</strong></span> <span class='ocrx_word' id='word_1_78' title='bbox 1193 997 1367 1054; x_wconf 87' lang='lat' dir='ltr'><strong>quem</strong></span> <span class='ocrx_word' id='word_1_79' title='bbox 1388 981 1538 1038; x_wconf 91' lang='lat' dir='ltr'><strong>Deus</strong></span> <span class='ocrx_word' id='word_1_80' title='bbox 1554 986 1686 1038; x_wconf 90' lang='lat' dir='ltr'><strong>ante</strong></span> 
     </span>
    </p>
   </div>
   <div class='ocr_carea' id='block_1_12' title="bbox 72 1073 1686 1148">
    <p class='ocr_par' dir='ltr' id='par_1_12' title="bbox 72 1073 1686 1148">
     <span class='ocr_line' id='line_1_12' title="bbox 72 1073 1686 1148; baseline 0.001 -17"><span class='ocrx_word' id='word_1_81' title='bbox 72 1074 422 1148; x_wconf 63' lang='lat' dir='ltr'><strong>praedixerat?</strong></span> <span class='ocrx_word' id='word_1_82' title='bbox 465 1074 755 1130; x_wconf 88' lang='lat' dir='ltr'><strong>Bethleem</strong></span> <span class='ocrx_word' id='word_1_83' title='bbox 796 1073 990 1131; x_wconf 84' lang='lat' dir='ltr'><strong>civitas</strong></span> <span class='ocrx_word' id='word_1_84' title='bbox 1034 1075 1250 1148; x_wconf 90' lang='lat' dir='ltr'><strong>accepit</strong></span> <span class='ocrx_word' id='word_1_85' title='bbox 1286 1076 1357 1132; x_wconf 91' lang='lat' dir='ltr'><strong>de</strong></span> <span class='ocrx_word' id='word_1_86' title='bbox 1414 1076 1686 1132; x_wconf 84' lang='lat' dir='ltr'><strong>astriferis</strong></span> 
     </span>
    </p>
   </div>
   <div class='ocr_carea' id='block_1_13' title="bbox 70 1167 1686 1241">
    <p class='ocr_par' dir='ltr' id='par_1_13' title="bbox 70 1167 1686 1241">
     <span class='ocr_line' id='line_1_13' title="bbox 70 1167 1686 1241; baseline 0.002 -19"><span class='ocrx_word' id='word_1_87' title='bbox 70 1168 295 1241; x_wconf 86' lang='lat' dir='ltr'><strong>partibus</strong></span> <span class='ocrx_word' id='word_1_88' title='bbox 319 1167 521 1238; x_wconf 90' lang='lat' dir='ltr'><strong>civem,</strong></span> <span class='ocrx_word' id='word_1_89' title='bbox 551 1173 608 1224; x_wconf 91' lang='lat' dir='ltr'><strong>et</strong></span> <span class='ocrx_word' id='word_1_90' title='bbox 630 1185 737 1240; x_wconf 89' lang='lat' dir='ltr'><strong>per</strong></span> <span class='ocrx_word' id='word_1_91' title='bbox 754 1185 968 1224; x_wconf 89' lang='lat' dir='ltr'><strong>novum</strong></span> <span class='ocrx_word' id='word_1_92' title='bbox 992 1168 1237 1225; x_wconf 87' lang='lat' dir='ltr'><strong>incolam</strong></span> <span class='ocrx_word' id='word_1_93' title='bbox 1263 1170 1477 1241; x_wconf 88' lang='lat' dir='ltr'><strong>grande</strong></span> <span class='ocrx_word' id='word_1_94' title='bbox 1517 1170 1686 1226; x_wconf 88' lang='lat' dir='ltr'><strong>meri-</strong></span> 
     </span>
    </p>
   </div>
   <div class='ocr_carea' id='block_1_14' title="bbox 70 1260 1684 1336">
    <p class='ocr_par' dir='ltr' id='par_1_14' title="bbox 70 1260 1684 1336">
     <span class='ocr_line' id='line_1_14' title="bbox 70 1260 1684 1336; baseline 0.002 -20"><span class='ocrx_word' id='word_1_95' title='bbox 70 1268 173 1317; x_wconf 87' lang='lat' dir='ltr'><strong>tum</strong></span> <span class='ocrx_word' id='word_1_96' title='bbox 193 1260 401 1330; x_wconf 84' lang='lat' dir='ltr'><strong>transit,</strong></span> <span class='ocrx_word' id='word_1_97' title='bbox 424 1262 561 1334; x_wconf 87' lang='lat' dir='ltr'><strong>quia</strong></span> <span class='ocrx_word' id='word_1_98' title='bbox 586 1279 702 1318; x_wconf 92' lang='lat' dir='ltr'><strong>non</strong></span> <span class='ocrx_word' id='word_1_99' title='bbox 728 1266 910 1335; x_wconf 86' lang='lat' dir='ltr'><strong>potest</strong></span> <span class='ocrx_word' id='word_1_100' title='bbox 936 1262 1090 1318; x_wconf 87' lang='lat' dir='ltr'><strong>ﬁniri</strong></span> <span class='ocrx_word' id='word_1_101' title='bbox 1120 1263 1273 1336; x_wconf 92' lang='lat' dir='ltr'><strong>quod</strong></span> <span class='ocrx_word' id='word_1_102' title='bbox 1309 1264 1538 1320; x_wconf 90' lang='lat' dir='ltr'><strong>meruit.</strong></span> <span class='ocrx_word' id='word_1_103' title='bbox 1574 1265 1684 1321; x_wconf 91' lang='lat' dir='ltr'><strong>Sed</strong></span> 
     </span>
    </p>
   </div>
   <div class='ocr_carea' id='block_1_15' title="bbox 65 1355 1682 1429">
    <p class='ocr_par' dir='ltr' id='par_1_15' title="bbox 65 1355 1682 1429">
     <span class='ocr_line' id='line_1_15' title="bbox 65 1355 1682 1429; baseline 0.002 -18"><span class='ocrx_word' id='word_1_104' title='bbox 65 1359 231 1428; x_wconf 87' lang='lat' dir='ltr'><strong>postea</strong></span> <span class='ocrx_word' id='word_1_105' title='bbox 271 1371 442 1427; x_wconf 89' lang='lat' dir='ltr'><strong>quam</strong></span> <span class='ocrx_word' id='word_1_106' title='bbox 492 1358 689 1427; x_wconf 87' lang='lat' dir='ltr'><strong>partus</strong></span> <span class='ocrx_word' id='word_1_107' title='bbox 724 1355 820 1412; x_wconf 92' lang='lat' dir='ltr'><strong>ille</strong></span> <span class='ocrx_word' id='word_1_108' title='bbox 863 1357 1072 1413; x_wconf 81' lang='lat' dir='ltr'><strong>caelesti</strong></span> <span class='ocrx_word' id='word_1_109' title='bbox 1116 1356 1282 1429; x_wconf 90' lang='lat' dir='ltr'><strong>signo</strong></span> <span class='ocrx_word' id='word_1_110' title='bbox 1325 1361 1682 1415; x_wconf 86' lang='lat' dir='ltr'><strong>monstrante</strong></span> 
     </span>
    </p>
   </div>
   <div class='ocr_carea' id='block_1_16' title="bbox 67 1450 1678 1522">
    <p class='ocr_par' dir='ltr' id='par_1_16' title="bbox 67 1450 1678 1522">
     <span class='ocr_line' id='line_1_16' title="bbox 67 1450 1678 1522; baseline 0.002 -18"><span class='ocrx_word' id='word_1_111' title='bbox 67 1453 294 1521; x_wconf 86' lang='lat' dir='ltr'><strong>repertus</strong></span> <span class='ocrx_word' id='word_1_112' title='bbox 309 1453 394 1505; x_wconf 88' lang='lat' dir='ltr'><strong>est</strong></span> <span class='ocrx_word' id='word_1_113' title='bbox 416 1450 707 1522; x_wconf 86' lang='lat' dir='ltr'><strong>visusque,</strong></span> <span class='ocrx_word' id='word_1_114' title='bbox 737 1466 935 1522; x_wconf 89' lang='lat' dir='ltr'><strong>magos</strong></span> <span class='ocrx_word' id='word_1_115' title='bbox 959 1451 1283 1506; x_wconf 87' lang='lat' dir='ltr'><strong>veneranda</strong></span> <span class='ocrx_word' id='word_1_116' title='bbox 1313 1451 1562 1507; x_wconf 86' lang='lat' dir='ltr'><strong>turbavit</strong></span> <span class='ocrx_word' id='word_1_117' title='bbox 1589 1452 1678 1508; x_wconf 91' lang='lat' dir='ltr'><strong>in-</strong></span> 
     </span>
    </p>
   </div>
   <div class='ocr_carea' id='block_1_17' title="bbox 67 1542 1680 1618">
    <p class='ocr_par' dir='ltr' id='par_1_17' title="bbox 67 1542 1680 1618">
     <span class='ocr_line' id='line_1_17' title="bbox 67 1542 1680 1618; baseline 0.002 -20"><span class='ocrx_word' id='word_1_118' title='bbox 67 1542 410 1613; x_wconf 66' lang='lat' dir='ltr'><strong>fantia.!Nihil</strong></span> <span class='ocrx_word' id='word_1_119' title='bbox 435 1543 518 1598; x_wconf 90' lang='lat' dir='ltr'><strong>ibi</strong></span> <span class='ocrx_word' id='word_1_120' title='bbox 535 1544 769 1603; x_wconf 86' lang='lat' dir='ltr'><strong>omnino</strong></span> <span class='ocrx_word' id='word_1_121' title='bbox 784 1544 1170 1600; x_wconf 89' lang='lat' dir='ltr'><strong>contemtibile</strong></span> <span class='ocrx_word' id='word_1_122' title='bbox 1191 1545 1251 1599; x_wconf 92' lang='lat' dir='ltr'><strong>in</strong></span> <span class='ocrx_word' id='word_1_123' title='bbox 1264 1544 1375 1599; x_wconf 87' lang='lat' dir='ltr'><strong>illis</strong></span> <span class='ocrx_word' id='word_1_124' title='bbox 1398 1545 1680 1618; x_wconf 88' lang='lat' dir='ltr'><strong>vagitibus</strong></span> 
     </span>
    </p>
   </div>
   <div class='ocr_carea' id='block_1_18' title="bbox 67 1636 1677 1711">
    <p class='ocr_par' dir='ltr' id='par_1_18' title="bbox 67 1636 1677 1711">
     <span class='ocr_line' id='line_1_18' title="bbox 67 1636 1677 1711; baseline 0.001 -19"><span class='ocrx_word' id='word_1_125' title='bbox 67 1637 171 1705; x_wconf 79' lang='lat' dir='ltr'><strong>fuit,</strong></span> <span class='ocrx_word' id='word_1_126' title='bbox 195 1636 325 1709; x_wconf 88' lang='lat' dir='ltr'><strong>quia</strong></span> <span class='ocrx_word' id='word_1_127' title='bbox 360 1637 646 1693; x_wconf 88' lang='lat' dir='ltr'><strong>humanos</strong></span> <span class='ocrx_word' id='word_1_128' title='bbox 676 1639 822 1694; x_wconf 90' lang='lat' dir='ltr'><strong>Deus</strong></span> <span class='ocrx_word' id='word_1_129' title='bbox 856 1654 1054 1693; x_wconf 85' lang='lat' dir='ltr'><strong>sensus</strong></span> <span class='ocrx_word' id='word_1_130' title='bbox 1096 1639 1343 1711; x_wconf 82' lang='lat' dir='ltr'><strong>aspexit;</strong></span> <span class='ocrx_word' id='word_1_131' title='bbox 1387 1639 1486 1695; x_wconf 90' lang='lat' dir='ltr'><strong>sed</strong></span> <span class='ocrx_word' id='word_1_132' title='bbox 1523 1643 1677 1710; x_wconf 89' lang='lat' dir='ltr'><strong>post—</strong></span> 
     </span>
    </p>
   </div>
   <div class='ocr_carea' id='block_1_19' title="bbox 66 1731 1678 1805">
    <p class='ocr_par' dir='ltr' id='par_1_19' title="bbox 66 1731 1678 1805">
     <span class='ocr_line' id='line_1_19' title="bbox 66 1731 1678 1805; baseline 0.001 -19"><span class='ocrx_word' id='word_1_133' title='bbox 66 1748 212 1804; x_wconf 85' lang='lat' dir='ltr'><strong>quam</strong></span> <span class='ocrx_word' id='word_1_134' title='bbox 236 1731 531 1803; x_wconf 88' lang='lat' dir='ltr'><strong>probatam</strong></span> <span class='ocrx_word' id='word_1_135' title='bbox 560 1732 735 1803; x_wconf 87' lang='lat' dir='ltr'><strong>ipsius</strong></span> <span class='ocrx_word' id='word_1_136' title='bbox 759 1731 958 1788; x_wconf 89' lang='lat' dir='ltr'><strong>sideris</strong></span> <span class='ocrx_word' id='word_1_137' title='bbox 994 1732 1186 1802; x_wconf 83' lang='lat' dir='ltr'><strong>fidem,</strong></span> <span class='ocrx_word' id='word_1_138' title='bbox 1229 1732 1488 1788; x_wconf 90' lang='lat' dir='ltr'><strong>fallentes</strong></span> <span class='ocrx_word' id='word_1_139' title='bbox 1520 1734 1678 1805; x_wconf 91' lang='lat' dir='ltr'><strong>magi</strong></span> 
     </span>
    </p>
   </div>
   <div class='ocr_carea' id='block_1_20' title="bbox 66 1825 1674 1897">
    <p class='ocr_par' dir='ltr' id='par_1_20' title="bbox 66 1825 1674 1897">
     <span class='ocr_line' id='line_1_20' title="bbox 66 1825 1674 1897; baseline 0.002 -18"><span class='ocrx_word' id='word_1_140' title='bbox 66 1825 227 1897; x_wconf 87' lang='lat' dir='ltr'><strong>regale</strong></span> <span class='ocrx_word' id='word_1_141' title='bbox 249 1828 624 1897; x_wconf 65' lang='lat' dir='ltr'><strong>praeceptum,</strong></span> <span class='ocrx_word' id='word_1_142' title='bbox 652 1829 871 1881; x_wconf 81' lang='lat' dir='ltr'><strong>exteras</strong></span> <span class='ocrx_word' id='word_1_143' title='bbox 893 1829 1130 1882; x_wconf 92' lang='lat' dir='ltr'><strong>tenuere</strong></span> <span class='ocrx_word' id='word_1_144' title='bbox 1157 1826 1457 1897; x_wconf 85' lang='lat' dir='ltr'><strong>regiones;</strong></span> <span class='ocrx_word' id='word_1_145' title='bbox 1498 1828 1674 1883; x_wconf 89' lang='lat' dir='ltr'><strong>Hero-</strong></span> 
     </span>
    </p>
   </div>
   <div class='ocr_carea' id='block_1_21' title="bbox 1787 889 3430 963">
    <p class='ocr_par' dir='ltr' id='par_1_21' title="bbox 1787 889 3430 963">
     <span class='ocr_line' id='line_1_21' title="bbox 1787 889 3430 963; baseline 0.007 -20"><span class='ocrx_word' id='word_1_146' title='bbox 1787 889 2081 945; x_wconf 87' lang='lat' dir='ltr'><strong>mentibus</strong></span> <span class='ocrx_word' id='word_1_147' title='bbox 2111 892 2396 963; x_wconf 86' lang='lat' dir='ltr'><strong>lacrymas</strong></span> <span class='ocrx_word' id='word_1_148' title='bbox 2432 893 2670 949; x_wconf 87' lang='lat' dir='ltr'><strong>dabant.</strong></span> <span class='ocrx_word' id='word_1_149' title='bbox 2702 894 2931 950; x_wconf 86' lang='lat' dir='ltr'><strong>Minutis</strong></span> <span class='ocrx_word' id='word_1_150' title='bbox 2974 897 3259 951; x_wconf 85' lang='lat' dir='ltr'><strong>mortibus</strong></span> <span class='ocrx_word' id='word_1_151' title='bbox 3305 902 3430 955; x_wconf 88' lang='lat' dir='ltr'><strong>tota</strong></span> 
     </span>
    </p>
   </div>
   <div class='ocr_carea' id='block_1_22' title="bbox 1787 983 3424 1063">
    <p class='ocr_par' dir='ltr' id='par_1_22' title="bbox 1787 983 3424 1063">
     <span class='ocr_line' id='line_1_22' title="bbox 1787 983 3424 1063; baseline 0.005 -24"><span class='ocrx_word' id='word_1_152' title='bbox 1787 983 1984 1039; x_wconf 86' lang='lat' dir='ltr'><strong>civitas</strong></span> <span class='ocrx_word' id='word_1_153' title='bbox 2012 985 2363 1056; x_wconf 87' lang='lat' dir='ltr'><strong>replebatur,</strong></span> <span class='ocrx_word' id='word_1_154' title='bbox 2394 990 2454 1041; x_wconf 91' lang='lat' dir='ltr'><strong>et</strong></span> <span class='ocrx_word' id='word_1_155' title='bbox 2484 988 2751 1044; x_wconf 88' lang='lat' dir='ltr'><strong>omnium</strong></span> <span class='ocrx_word' id='word_1_156' title='bbox 2782 989 3118 1061; x_wconf 87' lang='lat' dir='ltr'><strong>posteritate</strong></span> <span class='ocrx_word' id='word_1_157' title='bbox 3138 994 3424 1063; x_wconf 88' lang='lat' dir='ltr'><strong>truncata,</strong></span> 
     </span>
    </p>
   </div>
   <div class='ocr_carea' id='block_1_23' title="bbox 1784 1078 3426 1152">
    <p class='ocr_par' dir='ltr' id='par_1_23' title="bbox 1784 1078 3426 1152">
     <span class='ocr_line' id='line_1_23' title="bbox 1784 1078 3426 1152; baseline 0.007 -21"><span class='ocrx_word' id='word_1_158' title='bbox 1784 1078 1895 1131; x_wconf 90' lang='lat' dir='ltr'><strong>hoc</strong></span> <span class='ocrx_word' id='word_1_159' title='bbox 1923 1080 2110 1133; x_wconf 90' lang='lat' dir='ltr'><strong>solum</strong></span> <span class='ocrx_word' id='word_1_160' title='bbox 2139 1079 2336 1147; x_wconf 87' lang='lat' dir='ltr'><strong>evasit,</strong></span> <span class='ocrx_word' id='word_1_161' title='bbox 2370 1080 2524 1151; x_wconf 92' lang='lat' dir='ltr'><strong>quod</strong></span> <span class='ocrx_word' id='word_1_162' title='bbox 2545 1082 2806 1152; x_wconf 87' lang='lat' dir='ltr'><strong>vagitum</strong></span> <span class='ocrx_word' id='word_1_163' title='bbox 2824 1083 3039 1139; x_wconf 90' lang='lat' dir='ltr'><strong>habere</strong></span> <span class='ocrx_word' id='word_1_164' title='bbox 3058 1100 3176 1139; x_wconf 88' lang='lat' dir='ltr'><strong>non</strong></span> <span class='ocrx_word' id='word_1_165' title='bbox 3194 1086 3426 1142; x_wconf 89' lang='lat' dir='ltr'><strong>meruit.</strong></span> 
     </span>
    </p>
   </div>
   <div class='ocr_carea' id='block_1_24' title="bbox 1784 1171 3429 1250">
    <p class='ocr_par' dir='ltr' id='par_1_24' title="bbox 1784 1171 3429 1250">
     <span class='ocr_line' id='line_1_24' title="bbox 1784 1171 3429 1250; baseline 0.005 -25"><span class='ocrx_word' id='word_1_166' title='bbox 1784 1173 1846 1225; x_wconf 91' lang='lat' dir='ltr'><strong>In</strong></span> <span class='ocrx_word' id='word_1_167' title='bbox 1894 1171 1993 1226; x_wconf 90' lang='lat' dir='ltr'><strong>illa</strong></span> <span class='ocrx_word' id='word_1_168' title='bbox 2035 1176 2253 1227; x_wconf 89' lang='lat' dir='ltr'><strong>matres</strong></span> <span class='ocrx_word' id='word_1_169' title='bbox 2291 1172 2543 1228; x_wconf 85' lang='lat' dir='ltr'><strong>ﬁliorum</strong></span> <span class='ocrx_word' id='word_1_170' title='bbox 2590 1174 2908 1245; x_wconf 89' lang='lat' dir='ltr'><strong>perniciem</strong></span> <span class='ocrx_word' id='word_1_171' title='bbox 2948 1176 3142 1250; x_wconf 82' lang='grc'><strong>462</strong></span> <span class='ocrx_word' id='word_1_172' title='bbox 3186 1177 3429 1235; x_wconf 64' lang='lat' dir='ltr'><strong>intenta:</strong></span> 
     </span>
    </p>
   </div>
   <div class='ocr_carea' id='block_1_25' title="bbox 1784 1264 3425 1344">
    <p class='ocr_par' dir='ltr' id='par_1_25' title="bbox 1784 1264 3425 1344">
     <span class='ocr_line' id='line_1_25' title="bbox 1784 1264 3425 1344; baseline 0.006 -26"><span class='ocrx_word' id='word_1_173' title='bbox 1784 1264 2066 1336; x_wconf 89' lang='lat' dir='ltr'><strong>grandine</strong></span> <span class='ocrx_word' id='word_1_174' title='bbox 2110 1266 2451 1335; x_wconf 88' lang='lat' dir='ltr'><strong>liberorum,</strong></span> <span class='ocrx_word' id='word_1_175' title='bbox 2490 1284 2606 1323; x_wconf 90' lang='lat' dir='ltr'><strong>una</strong></span> <span class='ocrx_word' id='word_1_176' title='bbox 2643 1267 2864 1324; x_wconf 84' lang='lat' dir='ltr'><strong>femina</strong></span> <span class='ocrx_word' id='word_1_177' title='bbox 2908 1270 3041 1324; x_wconf 83' lang='lat' dir='ltr'><strong>felix</strong></span> <span class='ocrx_word' id='word_1_178' title='bbox 3068 1271 3264 1341; x_wconf 89' lang='lat' dir='ltr'><strong>evasit,</strong></span> <span class='ocrx_word' id='word_1_179' title='bbox 3295 1290 3425 1344; x_wconf 76' lang='lat' dir='ltr'><strong>quae</strong></span> 
     </span>
    </p>
   </div>
   <div class='ocr_carea' id='block_1_26' title="bbox 1782 1358 3429 1434">
    <p class='ocr_par' dir='ltr' id='par_1_26' title="bbox 1782 1358 3429 1434">
     <span class='ocr_line' id='line_1_26' title="bbox 1782 1358 3429 1434; baseline 0.006 -22"><span class='ocrx_word' id='word_1_180' title='bbox 1782 1358 1890 1413; x_wconf 89' lang='lat' dir='ltr'><strong>fuit</strong></span> <span class='ocrx_word' id='word_1_181' title='bbox 1906 1359 2066 1430; x_wconf 91' lang='lat' dir='ltr'><strong>virgo</strong></span> <span class='ocrx_word' id='word_1_182' title='bbox 2098 1362 2228 1431; x_wconf 89' lang='lat' dir='ltr'><strong>post</strong></span> <span class='ocrx_word' id='word_1_183' title='bbox 2256 1363 2510 1431; x_wconf 88' lang='lat' dir='ltr'><strong>partum.</strong></span> <span class='ocrx_word' id='word_1_184' title='bbox 2546 1360 2693 1426; x_wconf 86' lang='lat' dir='ltr'><strong>Quid</strong></span> <span class='ocrx_word' id='word_1_185' title='bbox 2704 1361 2854 1433; x_wconf 90' lang='lat' dir='ltr'><strong>juvit</strong></span> <span class='ocrx_word' id='word_1_186' title='bbox 2875 1365 3125 1434; x_wconf 88' lang='lat' dir='ltr'><strong>replesse</strong></span> <span class='ocrx_word' id='word_1_187' title='bbox 3151 1368 3239 1420; x_wconf 89' lang='lat' dir='ltr'><strong>tot</strong></span> <span class='ocrx_word' id='word_1_188' title='bbox 3264 1366 3429 1422; x_wconf 89' lang='lat' dir='ltr'><strong>fune-</strong></span> 
     </span>
    </p>
   </div>
   <div class='ocr_carea' id='block_1_27' title="bbox 1780 1452 3424 1526">
    <p class='ocr_par' dir='ltr' id='par_1_27' title="bbox 1780 1452 3424 1526">
     <span class='ocr_line' id='line_1_27' title="bbox 1780 1452 3424 1526; baseline 0.005 -20"><span class='ocrx_word' id='word_1_189' title='bbox 1780 1452 1938 1507; x_wconf 89' lang='lat' dir='ltr'><strong>ribus</strong></span> <span class='ocrx_word' id='word_1_190' title='bbox 1966 1454 2229 1509; x_wconf 81' lang='lat' dir='ltr'><strong>terram‘?</strong></span> <span class='ocrx_word' id='word_1_191' title='bbox 2269 1453 2410 1525; x_wconf 90' lang='lat' dir='ltr'><strong>quid</strong></span> <span class='ocrx_word' id='word_1_192' title='bbox 2438 1454 2657 1526; x_wconf 89' lang='lat' dir='ltr'><strong>profuit</strong></span> <span class='ocrx_word' id='word_1_193' title='bbox 2686 1457 2848 1510; x_wconf 89' lang='lat' dir='ltr'><strong>tanta</strong></span> <span class='ocrx_word' id='word_1_194' title='bbox 2890 1456 3067 1511; x_wconf 89' lang='lat' dir='ltr'><strong>ubera</strong></span> <span class='ocrx_word' id='word_1_195' title='bbox 3113 1457 3424 1515; x_wconf 86' lang='lat' dir='ltr'><strong>ﬂuentibus</strong></span> 
     </span>
    </p>
   </div>
   <div class='ocr_carea' id='block_1_28' title="bbox 1780 1546 3422 1623">
    <p class='ocr_par' dir='ltr' id='par_1_28' title="bbox 1780 1546 3422 1623">
     <span class='ocr_line' id='line_1_28' title="bbox 1780 1546 3422 1623; baseline 0.005 -23"><span class='ocrx_word' id='word_1_196' title='bbox 1780 1546 2039 1616; x_wconf 86' lang='lat' dir='ltr'><strong>siccasse,</strong></span> <span class='ocrx_word' id='word_1_197' title='bbox 2072 1564 2205 1601; x_wconf 90' lang='lat' dir='ltr'><strong>cum</strong></span> <span class='ocrx_word' id='word_1_198' title='bbox 2236 1549 2497 1602; x_wconf 87' lang='lat' dir='ltr'><strong>futurum</strong></span> <span class='ocrx_word' id='word_1_199' title='bbox 2527 1549 2749 1603; x_wconf 89' lang='lat' dir='ltr'><strong>malum</strong></span> <span class='ocrx_word' id='word_1_200' title='bbox 2776 1552 2924 1604; x_wconf 92' lang='lat' dir='ltr'><strong>Deus</strong></span> <span class='ocrx_word' id='word_1_201' title='bbox 2957 1552 3090 1605; x_wconf 90' lang='lat' dir='ltr'><strong>ante</strong></span> <span class='ocrx_word' id='word_1_202' title='bbox 3118 1552 3422 1623; x_wconf 66' lang='lat' dir='ltr'><strong>praedixit?</strong></span> 
     </span>
    </p>
   </div>
   <div class='ocr_carea' id='block_1_29' title="bbox 1778 1641 3421 1713">
    <p class='ocr_par' dir='ltr' id='par_1_29' title="bbox 1778 1641 3421 1713">
     <span class='ocr_line' id='line_1_29' title="bbox 1778 1641 3421 1713; baseline 0.003 -17"><span class='ocrx_word' id='word_1_203' title='bbox 1778 1641 2016 1696; x_wconf 88' lang='lat' dir='ltr'><strong>Constat</strong></span> <span class='ocrx_word' id='word_1_204' title='bbox 2069 1658 2208 1713; x_wconf 89' lang='lat' dir='ltr'><strong>ergo</strong></span> <span class='ocrx_word' id='word_1_205' title='bbox 2244 1641 2543 1697; x_wconf 75' lang='lat' dir='ltr'><strong>Iudaicam</strong></span> <span class='ocrx_word' id='word_1_206' title='bbox 2600 1645 2837 1713; x_wconf 88' lang='lat' dir='ltr'><strong>gentem</strong></span> <span class='ocrx_word' id='word_1_207' title='bbox 2880 1643 3143 1699; x_wconf 88' lang='lat' dir='ltr'><strong>nascenti</strong></span> <span class='ocrx_word' id='word_1_208' title='bbox 3173 1646 3421 1702; x_wconf 91' lang='lat' dir='ltr'><strong>Domino</strong></span> 
     </span>
    </p>
   </div>
   <div class='ocr_carea' id='block_1_30' title="bbox 1776 1733 3421 1810">
    <p class='ocr_par' dir='ltr' id='par_1_30' title="bbox 1776 1733 3421 1810">
     <span class='ocr_line' id='line_1_30' title="bbox 1776 1733 3421 1810; baseline 0.004 -23"><span class='ocrx_word' id='word_1_209' title='bbox 1776 1750 2106 1805; x_wconf 77' lang='lat' dir='ltr'><strong>praeparare</strong></span> <span class='ocrx_word' id='word_1_210' title='bbox 2166 1733 2512 1805; x_wconf 89' lang='lat' dir='ltr'><strong>perniciem;</strong></span> <span class='ocrx_word' id='word_1_211' title='bbox 2567 1735 2831 1807; x_wconf 90' lang='lat' dir='ltr'><strong>adeoque</strong></span> <span class='ocrx_word' id='word_1_212' title='bbox 2892 1736 3103 1791; x_wconf 91' lang='lat' dir='ltr'><strong>eodem</strong></span> <span class='ocrx_word' id='word_1_213' title='bbox 3160 1741 3421 1810; x_wconf 91' lang='lat' dir='ltr'><strong>tempore</strong></span> 
     </span>
    </p>
   </div>
   <div class='ocr_carea' id='block_1_31' title="bbox 1778 1827 3425 1901">
    <p class='ocr_par' dir='ltr' id='par_1_31' title="bbox 1778 1827 3425 1901">
     <span class='ocr_line' id='line_1_31' title="bbox 1778 1827 3425 1901; baseline 0.003 -19"><span class='ocrx_word' id='word_1_214' title='bbox 1778 1828 1934 1882; x_wconf 90' lang='lat' dir='ltr'><strong>Deus</strong></span> <span class='ocrx_word' id='word_1_215' title='bbox 1950 1828 2206 1883; x_wconf 87' lang='lat' dir='ltr'><strong>Christus</strong></span> <span class='ocrx_word' id='word_1_216' title='bbox 2232 1827 2413 1883; x_wconf 89' lang='lat' dir='ltr'><strong>voluit</strong></span> <span class='ocrx_word' id='word_1_217' title='bbox 2441 1829 2670 1897; x_wconf 89' lang='lat' dir='ltr'><strong>docere,</strong></span> <span class='ocrx_word' id='word_1_218' title='bbox 2707 1830 2842 1901; x_wconf 89' lang='lat' dir='ltr'><strong>quia</strong></span> <span class='ocrx_word' id='word_1_219' title='bbox 2864 1831 3097 1886; x_wconf 64' lang='lat' dir='ltr'><strong>Judwus</strong></span> <span class='ocrx_word' id='word_1_220' title='bbox 3115 1848 3234 1888; x_wconf 90' lang='lat' dir='ltr'><strong>non</strong></span> <span class='ocrx_word' id='word_1_221' title='bbox 3255 1849 3425 1888; x_wconf 87' lang='lat' dir='ltr'><strong>nove-</strong></span> 
     </span>
    </p>
   </div>
   <div class='ocr_carea' id='block_1_32' title="bbox 66 1905 3421 1998">
    <p class='ocr_par' dir='ltr' id='par_1_32' title="bbox 66 1905 3421 1998">
     <span class='ocr_line' id='line_1_32' title="bbox 66 1905 3421 1998; baseline 0.002 -23"><span class='ocrx_word' id='word_1_222' title='bbox 66 1920 135 1975; x_wconf 86' lang='lat' dir='ltr'><strong>dis</strong></span> <span class='ocrx_word' id='word_1_223' title='bbox 182 1920 324 1991; x_wconf 90' lang='lat' dir='ltr'><strong>regis</strong></span> <span class='ocrx_word' id='word_1_224' title='bbox 370 1919 613 1974; x_wconf 82' lang='lat' dir='ltr'><strong>vitantes</strong></span> <span class='ocrx_word' id='word_1_225' title='bbox 654 1924 966 1991; x_wconf 86' lang='lat' dir='ltr'><strong>aspectum,</strong></span> <span class='ocrx_word' id='word_1_226' title='bbox 1012 1920 1317 1976; x_wconf 89' lang='lat' dir='ltr'><strong>voluerunt</strong></span> <span class='ocrx_word' id='word_1_227' title='bbox 1362 1924 1677 1979; x_wconf 87' lang='lat' dir='ltr'><strong>monstrare</strong></span> <span class='ocrx_word' id='word_1_228' title='bbox 1697 1905 1754 1977; x_wconf 90' lang='grc' dir='ltr'>Β</span> <span class='ocrx_word' id='word_1_229' title='bbox 1774 1925 1869 1981; x_wconf 85' lang='lat' dir='ltr'><strong>rat</strong></span> <span class='ocrx_word' id='word_1_230' title='bbox 1900 1922 2055 1993; x_wconf 90' lang='lat' dir='ltr'><strong>quod</strong></span> <span class='ocrx_word' id='word_1_231' title='bbox 2075 1923 2257 1977; x_wconf 85' lang='lat' dir='ltr'><strong>ﬁeret.</strong></span> <span class='ocrx_word' id='word_1_232' title='bbox 2284 1922 2399 1977; x_wconf 91' lang='lat' dir='ltr'><strong>Sed</strong></span> <span class='ocrx_word' id='word_1_233' title='bbox 2425 1923 2560 1995; x_wconf 88' lang='lat' dir='ltr'><strong>quia</strong></span> <span class='ocrx_word' id='word_1_234' title='bbox 2586 1922 2865 1979; x_wconf 88' lang='lat' dir='ltr'><strong>Dominus</strong></span> <span class='ocrx_word' id='word_1_235' title='bbox 2885 1924 3143 1980; x_wconf 88' lang='lat' dir='ltr'><strong>Christus</strong></span> <span class='ocrx_word' id='word_1_236' title='bbox 3167 1926 3421 1998; x_wconf 89' lang='lat' dir='ltr'><strong>passioni</strong></span> 
     </span>
    </p>
   </div>
   <div class='ocr_carea' id='block_1_33' title="bbox 66 2011 3418 2090">
    <p class='ocr_par' dir='ltr' id='par_1_33' title="bbox 66 2011 3418 2090">
     <span class='ocr_line' id='line_1_33' title="bbox 66 2011 3418 2090; baseline 0.002 -21"><span class='ocrx_word' id='word_1_237' title='bbox 66 2013 257 2085; x_wconf 87' lang='lat' dir='ltr'><strong>plenius</strong></span> <span class='ocrx_word' id='word_1_238' title='bbox 276 2011 458 2085; x_wconf 77' lang='grc'><strong>461</strong></span> <span class='ocrx_word' id='word_1_239' title='bbox 492 2013 647 2086; x_wconf 88' lang='lat' dir='ltr'><strong>quod</strong></span> <span class='ocrx_word' id='word_1_240' title='bbox 665 2013 1244 2087; x_wconf 80' lang='lat' dir='ltr'><strong>timebant.Majorem</strong></span> <span class='ocrx_word' id='word_1_241' title='bbox 1260 2031 1362 2070; x_wconf 87' lang='lat' dir='ltr'><strong>rex</strong></span> <span class='ocrx_word' id='word_1_242' title='bbox 1382 2015 1679 2072; x_wconf 88' lang='lat' dir='ltr'><strong>stimulum</strong></span> <span class='ocrx_word' id='word_1_243' title='bbox 1777 2015 2100 2087; x_wconf 86' lang='lat' dir='ltr'><strong>prohibitus</strong></span> <span class='ocrx_word' id='word_1_244' title='bbox 2146 2016 2234 2069; x_wconf 92' lang='lat' dir='ltr'><strong>vel</strong></span> <span class='ocrx_word' id='word_1_245' title='bbox 2271 2014 2480 2070; x_wconf 90' lang='lat' dir='ltr'><strong>dilatus</strong></span> <span class='ocrx_word' id='word_1_246' title='bbox 2519 2019 2624 2084; x_wconf 89' lang='lat' dir='ltr'><strong>est,</strong></span> <span class='ocrx_word' id='word_1_247' title='bbox 2671 2016 2876 2073; x_wconf 90' lang='lat' dir='ltr'><strong>maluit</strong></span> <span class='ocrx_word' id='word_1_248' title='bbox 2904 2018 3210 2075; x_wconf 86' lang='lat' dir='ltr'><strong>virtutibus</strong></span> <span class='ocrx_word' id='word_1_249' title='bbox 3257 2020 3418 2090; x_wconf 90' lang='lat' dir='ltr'><strong>disci,</strong></span> 
     </span>
    </p>
   </div>
   <div class='ocr_carea' id='block_1_34' title="bbox 67 2107 2596 2181">
    <p class='ocr_par' dir='ltr' id='par_1_34' title="bbox 67 2107 2596 2181">
     <span class='ocr_line' id='line_1_34' title="bbox 67 2107 2596 2181; baseline 0 -18"><span class='ocrx_word' id='word_1_250' title='bbox 67 2107 224 2177; x_wconf 86' lang='lat' dir='ltr'><strong>sentit,</strong></span> <span class='ocrx_word' id='word_1_251' title='bbox 266 2107 354 2161; x_wconf 90' lang='lat' dir='ltr'><strong>cui</strong></span> <span class='ocrx_word' id='word_1_252' title='bbox 395 2124 516 2163; x_wconf 88' lang='lat' dir='ltr'><strong>non</strong></span> <span class='ocrx_word' id='word_1_253' title='bbox 554 2108 872 2163; x_wconf 88' lang='lat' dir='ltr'><strong>ostenditur</strong></span> <span class='ocrx_word' id='word_1_254' title='bbox 916 2109 1069 2181; x_wconf 92' lang='lat' dir='ltr'><strong>quod</strong></span> <span class='ocrx_word' id='word_1_255' title='bbox 1111 2113 1355 2164; x_wconf 87' lang='lat' dir='ltr'><strong>veretur.</strong></span> <span class='ocrx_word' id='word_1_256' title='bbox 1396 2110 1503 2165; x_wconf 91' lang='lat' dir='ltr'><strong>Sed</strong></span> <span class='ocrx_word' id='word_1_257' title='bbox 1545 2127 1677 2165; x_wconf 91' lang='lat' dir='ltr'><strong>cum</strong></span> <span class='ocrx_word' id='word_1_258' title='bbox 1778 2125 1955 2181; x_wconf 89' lang='lat' dir='ltr'><strong>quam</strong></span> <span class='ocrx_word' id='word_1_259' title='bbox 1984 2111 2118 2163; x_wconf 86' lang='lat' dir='ltr'><strong>ante</strong></span> <span class='ocrx_word' id='word_1_260' title='bbox 2140 2111 2371 2181; x_wconf 87' lang='lat' dir='ltr'><strong>tempus</strong></span> <span class='ocrx_word' id='word_1_261' title='bbox 2393 2109 2596 2164; x_wconf 91' lang='lat' dir='ltr'><strong>occidi.</strong></span> 
     </span>
    </p>
   </div>
   <div class='ocr_carea' id='block_1_35' title="bbox 65 2200 3361 2275">
    <p class='ocr_par' dir='ltr' id='par_1_35' title="bbox 65 2200 3361 2275">
     <span class='ocr_line' id='line_1_35' title="bbox 65 2200 3361 2275; baseline 0.002 -19"><span class='ocrx_word' id='word_1_262' title='bbox 65 2200 295 2257; x_wconf 89' lang='lat' dir='ltr'><strong>sollicitus</strong></span> <span class='ocrx_word' id='word_1_263' title='bbox 317 2218 439 2272; x_wconf 83' lang='lat' dir='ltr'><strong>rex,</strong></span> <span class='ocrx_word' id='word_1_264' title='bbox 469 2203 753 2257; x_wconf 87' lang='lat' dir='ltr'><strong>transacto</strong></span> <span class='ocrx_word' id='word_1_265' title='bbox 790 2206 1050 2275; x_wconf 88' lang='lat' dir='ltr'><strong>tempore</strong></span> <span class='ocrx_word' id='word_1_266' title='bbox 1085 2201 1376 2273; x_wconf 84' lang='lat' dir='ltr'><strong>veniendi,</strong></span> <span class='ocrx_word' id='word_1_267' title='bbox 1415 2203 1676 2260; x_wconf 86' lang='lat' dir='ltr'><strong>fallentes</strong></span> <span class='ocrx_word' id='word_1_268' title='bbox 1828 2204 1890 2256; x_wconf 91' lang='lat' dir='ltr'><strong>V.</strong></span> <span class='ocrx_word' id='word_1_269' title='bbox 1923 2218 2309 2259; x_wconf 70' lang='lat' dir='ltr'><strong>rasruENrUM</strong></span> <span class='ocrx_word' id='word_1_270' title='bbox 2348 2219 2622 2259; x_wconf 84' lang='lat' dir='ltr'><strong>ILLUSTRIS</strong></span> <span class='ocrx_word' id='word_1_271' title='bbox 2662 2219 2925 2261; x_wconf 70' lang='lat' dir='ltr'><strong>urnam:</strong></span> <span class='ocrx_word' id='word_1_272' title='bbox 2964 2221 3361 2264; x_wconf 78' lang='lat' dir='ltr'><strong>ERMENTRUDIS.</strong></span> 
     </span>
    </p>
   </div>
   <div class='ocr_carea' id='block_1_36' title="bbox 66 2295 3413 2374">
    <p class='ocr_par' dir='ltr' id='par_1_36' title="bbox 66 2295 3413 2374">
     <span class='ocr_line' id='line_1_36' title="bbox 66 2295 3413 2374; baseline 0.002 -24"><span class='ocrx_word' id='word_1_273' title='bbox 66 2312 229 2366; x_wconf 85' lang='lat' dir='ltr'><strong>magos</strong></span> <span class='ocrx_word' id='word_1_274' title='bbox 267 2295 518 2352; x_wconf 86' lang='lat' dir='ltr'><strong>deviasse</strong></span> <span class='ocrx_word' id='word_1_275' title='bbox 566 2300 950 2369; x_wconf 87' lang='lat' dir='ltr'><strong>cognosceret,</strong></span> <span class='ocrx_word' id='word_1_276' title='bbox 1005 2296 1188 2369; x_wconf 90' lang='lat' dir='ltr'><strong>adque</strong></span> <span class='ocrx_word' id='word_1_277' title='bbox 1234 2297 1358 2368; x_wconf 89' lang='lat' dir='ltr'><strong>ejus</strong></span> <span class='ocrx_word' id='word_1_278' title='bbox 1413 2297 1674 2354; x_wconf 90' lang='lat' dir='ltr'><strong>animum</strong></span> <span class='ocrx_word' id='word_1_279' title='bbox 1773 2299 1860 2353; x_wconf 76' lang='lat' dir='ltr'><strong>Ea:</strong></span> <span class='ocrx_word' id='word_1_280' title='bbox 1882 2298 2219 2366; x_wconf 82' lang='lat' dir='ltr'><strong>autographa</strong></span> <span class='ocrx_word' id='word_1_281' title='bbox 2258 2298 2590 2366; x_wconf 77' lang='lat' dir='ltr'><strong>Dionysiano</strong></span> <span class='ocrx_word' id='word_1_282' title='bbox 2624 2299 2685 2353; x_wconf 81' lang='lat' dir='ltr'><strong>in</strong></span> <span class='ocrx_word' id='word_1_283' title='bbox 2720 2298 2915 2354; x_wconf 77' lang='lat' dir='ltr'><strong>charta</strong></span> <span class='ocrx_word' id='word_1_284' title='bbox 2952 2301 3279 2370; x_wconf 68' lang='lat' dir='ltr'><strong>Egyptiaca</strong></span> <span class='ocrx_word' id='word_1_285' title='bbox 3314 2301 3413 2374; x_wconf 91' lang='lat' dir='ltr'><strong>(a).</strong></span> 
     </span>
    </p>
   </div>
   <div class='ocr_carea' id='block_1_37' title="bbox 65 2388 3416 2463">
    <p class='ocr_par' dir='ltr' id='par_1_37' title="bbox 65 2388 3416 2463">
     <span class='ocr_line' id='line_1_37' title="bbox 65 2388 3416 2463; baseline 0.002 -19"><span class='ocrx_word' id='word_1_286' title='bbox 65 2388 346 2461; x_wconf 88' lang='lat' dir='ltr'><strong>incognitus</strong></span> <span class='ocrx_word' id='word_1_287' title='bbox 386 2389 622 2446; x_wconf 83' lang='lat' dir='ltr'><strong>infantis</strong></span> <span class='ocrx_word' id='word_1_288' title='bbox 666 2393 925 2462; x_wconf 89' lang='lat' dir='ltr'><strong>aspectus</strong></span> <span class='ocrx_word' id='word_1_289' title='bbox 970 2390 1203 2446; x_wconf 90' lang='lat' dir='ltr'><strong>diversis</strong></span> <span class='ocrx_word' id='word_1_290' title='bbox 1234 2391 1482 2447; x_wconf 90' lang='lat' dir='ltr'><strong>motibus</strong></span> <span class='ocrx_word' id='word_1_291' title='bbox 1517 2392 1674 2448; x_wconf 85' lang='lat' dir='ltr'><strong>dissi-</strong></span> <span class='ocrx_word' id='word_1_292' title='bbox 1962 2390 2379 2446; x_wconf 89' lang='lat' dir='ltr'><strong>sacratissimus</strong></span> <span class='ocrx_word' id='word_1_293' title='bbox 2414 2391 2582 2446; x_wconf 83' lang='lat' dir='ltr'><strong>ﬁscus</strong></span> <span class='ocrx_word' id='word_1_294' title='bbox 2619 2391 2937 2463; x_wconf 89' lang='lat' dir='ltr'><strong>percipeat.</strong></span> <span class='ocrx_word' id='word_1_295' title='bbox 2962 2393 3023 2449; x_wconf 91' lang='lat' dir='ltr'><strong>Si</strong></span> <span class='ocrx_word' id='word_1_296' title='bbox 3048 2411 3183 2449; x_wconf 89' lang='lat' dir='ltr'><strong>vero</strong></span> <span class='ocrx_word' id='word_1_297' title='bbox 3215 2395 3416 2451; x_wconf 88' lang='lat' dir='ltr'><strong>omnia</strong></span> 
     </span>
    </p>
   </div>
   <div class='ocr_carea' id='block_1_38' title="bbox 67 2483 3411 2560">
    <p class='ocr_par' dir='ltr' id='par_1_38' title="bbox 67 2483 3411 2560">
     <span class='ocr_line' id='line_1_38' title="bbox 67 2483 3411 2560; baseline 0.002 -23"><span class='ocrx_word' id='word_1_298' title='bbox 67 2487 225 2553; x_wconf 86' lang='lat' dir='ltr'><strong>paret;</strong></span> <span class='ocrx_word' id='word_1_299' title='bbox 251 2484 356 2539; x_wconf 90' lang='lat' dir='ltr'><strong>hoc</strong></span> <span class='ocrx_word' id='word_1_300' title='bbox 381 2483 642 2557; x_wconf 88' lang='lat' dir='ltr'><strong>prodidit</strong></span> <span class='ocrx_word' id='word_1_301' title='bbox 667 2484 903 2541; x_wconf 90' lang='lat' dir='ltr'><strong>crudelii</strong></span> <span class='ocrx_word' id='word_1_302' title='bbox 928 2488 1049 2541; x_wconf 90' lang='lat' dir='ltr'><strong>arte</strong></span> <span class='ocrx_word' id='word_1_303' title='bbox 1075 2484 1313 2555; x_wconf 91' lang='lat' dir='ltr'><strong>consilii,</strong></span> <span class='ocrx_word' id='word_1_304' title='bbox 1340 2489 1406 2541; x_wconf 90' lang='lat' dir='ltr'><strong>ut</strong></span> <span class='ocrx_word' id='word_1_305' title='bbox 1430 2486 1501 2541; x_wconf 90' lang='lat' dir='ltr'><strong>ad</strong></span> <span class='ocrx_word' id='word_1_306' title='bbox 1520 2486 1675 2542; x_wconf 87' lang='lat' dir='ltr'><strong>inve-</strong></span> <span class='ocrx_word' id='word_1_307' title='bbox 1773 2484 1930 2555; x_wconf 92' lang='lat' dir='ltr'><strong>quod</strong></span> <span class='ocrx_word' id='word_1_308' title='bbox 1954 2484 2013 2538; x_wconf 91' lang='lat' dir='ltr'><strong>in</strong></span> <span class='ocrx_word' id='word_1_309' title='bbox 2036 2485 2188 2539; x_wconf 91' lang='lat' dir='ltr'><strong>hunc</strong></span> <span class='ocrx_word' id='word_1_310' title='bbox 2209 2487 2628 2541; x_wconf 88' lang='lat' dir='ltr'><strong>testamentum</strong></span> <span class='ocrx_word' id='word_1_311' title='bbox 2659 2485 3012 2542; x_wconf 90' lang='lat' dir='ltr'><strong>inserui......</strong></span> <span class='ocrx_word' id='word_1_312' title='bbox 3047 2488 3411 2560; x_wconf 90' lang='lat' dir='ltr'><strong>custodieris,</strong></span> 
     </span>
    </p>
   </div>
   <div class='ocr_carea' id='block_1_39' title="bbox 66 2577 3413 2660">
    <p class='ocr_par' dir='ltr' id='par_1_39' title="bbox 66 2577 3413 2660">
     <span class='ocr_line' id='line_1_39' title="bbox 66 2577 3413 2660; baseline 0.003 -30"><span class='ocrx_word' id='word_1_313' title='bbox 66 2577 295 2633; x_wconf 89' lang='lat' dir='ltr'><strong>niendam</strong></span> <span class='ocrx_word' id='word_1_314' title='bbox 313 2578 653 2635; x_wconf 86' lang='lat' dir='ltr'><strong>successoris</strong></span> <span class='ocrx_word' id='word_1_315' title='bbox 676 2579 999 2649; x_wconf 89' lang='lat' dir='ltr'><strong>infantiam,</strong></span> <span class='ocrx_word' id='word_1_316' title='bbox 1044 2579 1351 2636; x_wconf 91' lang='lat' dir='ltr'><strong>occidendo</strong></span> <span class='ocrx_word' id='word_1_317' title='bbox 1388 2584 1672 2652; x_wconf 80' lang='lat' dir='ltr'><strong>quaereret</strong></span> <span class='ocrx_word' id='word_1_318' title='bbox 1772 2577 2056 2650; x_wconf 89' lang='lat' dir='ltr'><strong>quidquid</strong></span> <span class='ocrx_word' id='word_1_319' title='bbox 2083 2578 2190 2632; x_wconf 89' lang='lat' dir='ltr'><strong>tibi</strong></span> <span class='ocrx_word' id='word_1_320' title='bbox 2216 2579 2480 2651; x_wconf 89' lang='lat' dir='ltr'><strong>superius</strong></span> <span class='ocrx_word' id='word_1_321' title='bbox 2507 2579 2791 2651; x_wconf 90' lang='lat' dir='ltr'><strong>delegavi,</strong></span> <span class='ocrx_word' id='word_1_322' title='bbox 2810 2579 2871 2634; x_wconf 90' lang='lat' dir='ltr'><strong>in</strong></span> <span class='ocrx_word' id='word_1_323' title='bbox 2900 2582 2999 2635; x_wconf 88' lang='lat' dir='ltr'><strong>tuo</strong></span> <span class='ocrx_word' id='word_1_324' title='bbox 3015 2581 3147 2660; x_wconf 86' lang='lat' dir='ltr'><strong>jure</strong></span> <span class='ocrx_word' id='word_1_325' title='bbox 3169 2583 3413 2654; x_wconf 90' lang='lat' dir='ltr'><strong>perenni</strong></span> 
     </span>
    </p>
   </div>
   <div class='ocr_carea' id='block_1_40' title="bbox 68 2671 3409 2747">
    <p class='ocr_par' dir='ltr' id='par_1_40' title="bbox 68 2671 3409 2747">
     <span class='ocr_line' id='line_1_40' title="bbox 68 2671 3409 2747; baseline 0.002 -22"><span class='ocrx_word' id='word_1_326' title='bbox 68 2672 187 2742; x_wconf 88' lang='lat' dir='ltr'><strong>quod</strong></span> <span class='ocrx_word' id='word_1_327' title='bbox 220 2671 440 2742; x_wconf 86' lang='lat' dir='ltr'><strong>latebat,</strong></span> <span class='ocrx_word' id='word_1_328' title='bbox 487 2673 636 2728; x_wconf 90' lang='lat' dir='ltr'><strong>sicut</strong></span> <span class='ocrx_word' id='word_1_329' title='bbox 674 2672 951 2745; x_wconf 89' lang='lat' dir='ltr'><strong>scriptum</strong></span> <span class='ocrx_word' id='word_1_330' title='bbox 994 2678 1120 2729; x_wconf 90' lang='lat' dir='ltr'><strong>est:</strong></span> <span class='ocrx_word' id='word_1_331' title='bbox 1169 2677 1298 2733; x_wconf 87' lang='lat' dir='ltr'><strong>Cum</strong></span> <span class='ocrx_word' id='word_1_332' title='bbox 1338 2675 1545 2730; x_wconf 73' lang='lat' dir='ltr'><strong>videret</strong></span> <span class='ocrx_word' id='word_1_333' title='bbox 1567 2677 1672 2730; x_wconf 83' lang='lat' dir='ltr'><strong>He-</strong></span> <span class='ocrx_word' id='word_1_334' title='bbox 1768 2675 2036 2744; x_wconf 88' lang='lat' dir='ltr'><strong>tempore</strong></span> <span class='ocrx_word' id='word_1_335' title='bbox 2065 2676 2673 2745; x_wconf 90' lang='lat' dir='ltr'><strong>permaneant.........</strong></span> <span class='ocrx_word' id='word_1_336' title='bbox 2699 2673 2759 2728; x_wconf 91' lang='lat' dir='ltr'><strong>in</strong></span> <span class='ocrx_word' id='word_1_337' title='bbox 2786 2675 2939 2729; x_wconf 90' lang='lat' dir='ltr'><strong>hunc</strong></span> <span class='ocrx_word' id='word_1_338' title='bbox 2970 2677 3409 2747; x_wconf 88' lang='lat' dir='ltr'><strong>testamentum,</strong></span> 
     </span>
    </p>
   </div>
   <div class='ocr_carea' id='block_1_41' title="bbox 67 2765 3408 2838">
    <p class='ocr_par' dir='ltr' id='par_1_41' title="bbox 67 2765 3408 2838">
     <span class='ocr_line' id='line_1_41' title="bbox 67 2765 3408 2838; baseline 0.002 -21"><span class='ocrx_word' id='word_1_339' title='bbox 67 2765 207 2828; x_wconf 80' lang='lat' dir='ltr'><strong>mdes,</strong></span> <span class='ocrx_word' id='word_1_340' title='bbox 233 2768 373 2836; x_wconf 82' lang='lat' dir='ltr'><strong>quod</strong></span> <span class='ocrx_word' id='word_1_341' title='bbox 401 2768 623 2823; x_wconf 83' lang='lat' dir='ltr'><strong>delusus</strong></span> <span class='ocrx_word' id='word_1_342' title='bbox 644 2772 781 2823; x_wconf 86' lang='lat' dir='ltr'><strong>esset</strong></span> <span class='ocrx_word' id='word_1_343' title='bbox 805 2785 839 2823; x_wconf 81' lang='grc' dir='ltr'><em>α</em></span> <span class='ocrx_word' id='word_1_344' title='bbox 880 2770 1077 2836; x_wconf 72' lang='lat' dir='ltr'><strong>magis,</strong></span> <span class='ocrx_word' id='word_1_345' title='bbox 1122 2770 1299 2825; x_wconf 79' lang='lat' dir='ltr'><strong>iratus</strong></span> <span class='ocrx_word' id='word_1_346' title='bbox 1339 2769 1670 2831; x_wconf 78' lang='lat' dir='ltr'><strong>vehementer</strong></span> <span class='ocrx_word' id='word_1_347' title='bbox 1769 2766 2107 2838; x_wconf 86' lang='lat' dir='ltr'><strong>cuicumque</strong></span> <span class='ocrx_word' id='word_1_348' title='bbox 2131 2784 2249 2821; x_wconf 89' lang='lat' dir='ltr'><strong>non</strong></span> <span class='ocrx_word' id='word_1_349' title='bbox 2271 2766 2557 2838; x_wconf 91' lang='lat' dir='ltr'><strong>depotavi,</strong></span> <span class='ocrx_word' id='word_1_350' title='bbox 2579 2767 2705 2836; x_wconf 92' lang='lat' dir='ltr'><strong>tibi,</strong></span> <span class='ocrx_word' id='word_1_351' title='bbox 2730 2766 3062 2823; x_wconf 90' lang='lat' dir='ltr'><strong>dulcissime</strong></span> <span class='ocrx_word' id='word_1_352' title='bbox 3073 2769 3408 2838; x_wconf 86' lang='lat' dir='ltr'><strong>ﬁli,habere</strong></span> 
     </span>
    </p>
   </div>
   <div class='ocr_carea' id='block_1_42' title="bbox 68 2859 3408 2930">
    <p class='ocr_par' dir='ltr' id='par_1_42' title="bbox 68 2859 3408 2930">
     <span class='ocr_line' id='line_1_42' title="bbox 68 2859 3408 2930; baseline 0.002 -17"><span class='ocrx_word' id='word_1_353' title='bbox 68 2861 261 2914; x_wconf 71' lang='lat' dir='ltr'><strong>misitut</strong></span> <span class='ocrx_word' id='word_1_354' title='bbox 286 2861 659 2917; x_wconf 75' lang='lat' dir='ltr'><strong>occiderentur</strong></span> <span class='ocrx_word' id='word_1_355' title='bbox 686 2877 869 2917; x_wconf 86' lang='lat' dir='ltr'><strong>omnes</strong></span> <span class='ocrx_word' id='word_1_356' title='bbox 898 2864 1141 2930; x_wconf 78' lang='lat' dir='ltr'><strong>infantes</strong></span> <span class='ocrx_word' id='word_1_357' title='bbox 1182 2865 1242 2917; x_wconf 79' lang='lat' dir='ltr'><strong>in</strong></span> <span class='ocrx_word' id='word_1_358' title='bbox 1288 2864 1576 2928; x_wconf 79' lang='lat' dir='ltr'><strong>Bethleem,</strong></span> <span class='ocrx_word' id='word_1_359' title='bbox 1616 2868 1668 2919; x_wconf 87' lang='lat' dir='ltr'><strong>et</strong></span> <span class='ocrx_word' id='word_1_360' title='bbox 1768 2859 1956 2930; x_wconf 88' lang='lat' dir='ltr'><strong>cupio.</strong></span> <span class='ocrx_word' id='word_1_361' title='bbox 1990 2859 2382 2915; x_wconf 88' lang='lat' dir='ltr'><strong>Similiter.....</strong></span> <span class='ocrx_word' id='word_1_362' title='bbox 2417 2860 2875 2916; x_wconf 87' lang='lat' dir='ltr'><strong>demandatione</strong></span> <span class='ocrx_word' id='word_1_363' title='bbox 2899 2861 3072 2916; x_wconf 83' lang='lat' dir='ltr'><strong>bonae</strong></span> <span class='ocrx_word' id='word_1_364' title='bbox 3106 2863 3408 2919; x_wconf 83' lang='lat' dir='ltr'><strong>memoriae</strong></span> 
     </span>
    </p>
   </div>
   <div class='ocr_carea' id='block_1_43' title="bbox 69 2954 1667 3026">
    <p class='ocr_par' dir='ltr' id='par_1_43' title="bbox 69 2954 1667 3026">
     <span class='ocr_line' id='line_1_43' title="bbox 69 2954 1667 3026; baseline 0.004 -20"><span class='ocrx_word' id='word_1_365' title='bbox 69 2954 108 3005; x_wconf 81' lang='lat' dir='ltr'><strong>in</strong></span> <span class='ocrx_word' id='word_1_366' title='bbox 131 2954 357 3010; x_wconf 80' lang='lat' dir='ltr'><strong>omnibus</strong></span> <span class='ocrx_word' id='word_1_367' title='bbox 375 2956 579 3024; x_wconf 80' lang='lat' dir='ltr'><strong>ﬁnibus</strong></span> <span class='ocrx_word' id='word_1_368' title='bbox 605 2956 722 3026; x_wconf 85' lang='lat' dir='ltr'><strong>ejus</strong></span> <span class='ocrx_word' id='word_1_369' title='bbox 750 2971 785 3010; x_wconf 88' lang='grc' dir='ltr'><strong><em>α</em></strong></span> <span class='ocrx_word' id='word_1_370' title='bbox 813 2956 1020 3010; x_wconf 80' lang='lat' dir='ltr'><strong>bimatu</strong></span> <span class='ocrx_word' id='word_1_371' title='bbox 1043 2961 1095 3011; x_wconf 81' lang='lat' dir='ltr'><strong>et</strong></span> <span class='ocrx_word' id='word_1_372' title='bbox 1134 2958 1306 3024; x_wconf 79' lang='lat' dir='ltr'><strong>infra.</strong></span> <span class='ocrx_word' id='word_1_373' title='bbox 1348 2956 1502 3012; x_wconf 83' lang='lat' dir='ltr'><strong>Felix</strong></span> <span class='ocrx_word' id='word_1_374' title='bbox 1545 2961 1667 3013; x_wconf 88' lang='lat' dir='ltr'><strong>erat</strong></span> 
     </span>
    </p>
   </div>
   <div class='ocr_carea' id='block_1_44' title="bbox 65 3044 1660 3122">
    <p class='ocr_par' dir='ltr' id='par_1_44' title="bbox 65 3044 1660 3122">
     <span class='ocr_line' id='line_1_44' title="bbox 65 3044 1660 3122; baseline 0.005 -23"><span class='ocrx_word' id='word_1_375' title='bbox 65 3044 196 3102; x_wconf 88' lang='lat' dir='ltr'><strong>ludus</strong></span> <span class='ocrx_word' id='word_1_376' title='bbox 217 3048 480 3119; x_wconf 87' lang='lat' dir='ltr'><strong>parvulis,</strong></span> <span class='ocrx_word' id='word_1_377' title='bbox 516 3048 797 3105; x_wconf 90' lang='lat' dir='ltr'><strong>moriendi</strong></span> <span class='ocrx_word' id='word_1_378' title='bbox 837 3049 1102 3120; x_wconf 89' lang='lat' dir='ltr'><strong>conditio,</strong></span> <span class='ocrx_word' id='word_1_379' title='bbox 1144 3050 1244 3122; x_wconf 89' lang='lat' dir='ltr'><strong>qui</strong></span> <span class='ocrx_word' id='word_1_380' title='bbox 1277 3066 1382 3122; x_wconf 90' lang='lat' dir='ltr'><strong>pro</strong></span> <span class='ocrx_word' id='word_1_381' title='bbox 1419 3050 1660 3115; x_wconf 88' lang='lat' dir='ltr'><strong>Christo,</strong></span> 
     </span>
    </p>
   </div>
   <div class='ocr_carea' id='block_1_45' title="bbox 64 3143 1660 3216">
    <p class='ocr_par' dir='ltr' id='par_1_45' title="bbox 64 3143 1660 3216">
     <span class='ocr_line' id='line_1_45' title="bbox 64 3143 1660 3216; baseline 0.004 -21"><span class='ocrx_word' id='word_1_382' title='bbox 64 3146 355 3198; x_wconf 85' lang='lat' dir='ltr'><strong>meruerunt</strong></span> <span class='ocrx_word' id='word_1_383' title='bbox 380 3143 527 3215; x_wconf 92' lang='lat' dir='ltr'><strong>pati.</strong></span> <span class='ocrx_word' id='word_1_384' title='bbox 553 3144 812 3200; x_wconf 86' lang='lat' dir='ltr'><strong>Furentis</strong></span> <span class='ocrx_word' id='word_1_385' title='bbox 855 3143 1010 3216; x_wconf 87' lang='lat' dir='ltr'><strong>regis</strong></span> <span class='ocrx_word' id='word_1_386' title='bbox 1040 3160 1246 3201; x_wconf 89' lang='lat' dir='ltr'><strong>vesana</strong></span> <span class='ocrx_word' id='word_1_387' title='bbox 1288 3144 1501 3200; x_wconf 74' lang='lat' dir='ltr'><strong>saevitia</strong></span> <span class='ocrx_word' id='word_1_388' title='bbox 1534 3162 1660 3201; x_wconf 90' lang='lat' dir='ltr'><strong>mo-</strong></span> 
     </span>
    </p>
   </div>
   <div class='ocr_carea' id='block_1_46' title="bbox 63 3234 1736 3355">
    <p class='ocr_par' dir='ltr' id='par_1_46' title="bbox 63 3234 1736 3355">
     <span class='ocr_line' id='line_1_46' title="bbox 63 3234 1736 3355; baseline 0.004 -66"><span class='ocrx_word' id='word_1_389' title='bbox 63 3234 296 3291; x_wconf 85' lang='lat' dir='ltr'><strong>rientibus</strong></span> <span class='ocrx_word' id='word_1_390' title='bbox 336 3236 558 3308; x_wconf 84' lang='lat' dir='ltr'><strong>profuit</strong></span> <span class='ocrx_word' id='word_1_391' title='bbox 586 3254 600 3292; x_wconf 89' lang='lat'><strong>:</strong></span> <span class='ocrx_word' id='word_1_392' title='bbox 630 3237 730 3309; x_wconf 93' lang='lat' dir='ltr'><strong>qui</strong></span> <span class='ocrx_word' id='word_1_393' title='bbox 766 3238 905 3293; x_wconf 91' lang='lat' dir='ltr'><strong>dum</strong></span> <span class='ocrx_word' id='word_1_394' title='bbox 932 3254 1313 3294; x_wconf 88' lang='lat' dir='ltr'><strong>successorem</strong></span> <span class='ocrx_word' id='word_1_395' title='bbox 1346 3255 1516 3294; x_wconf 89' lang='lat' dir='ltr'><strong>suum</strong></span> <span class='ocrx_word' id='word_1_396' title='bbox 1540 3238 1661 3295; x_wconf 90' lang='lat' dir='ltr'><strong>dili-</strong></span> <span class='ocrx_word' id='word_1_397' title='bbox 1680 3281 1736 3355; x_wconf 79' lang='lat' dir='ltr'>C</span> 
     </span>
     <span class='ocr_line' id='line_1_47' title="bbox 66 3329 1658 3355; baseline 0 0"><span class='ocrx_word' id='word_1_398' title='bbox 66 3329 182 3355; x_wconf 60' lang='grc' dir='ltr'><strong>Μηιζ</strong></span> <span class='ocrx_word' id='word_1_399' title='bbox 225 3330 549 3355; x_wconf 65' lang='lat' dir='ltr'><strong>-_...1-‘:1-J...</strong></span> <span class='ocrx_word' id='word_1_400' title='bbox 584 3331 862 3355; x_wconf 71' lang='lat'><strong>_-__.-:_11.</strong></span> <span class='ocrx_word' id='word_1_401' title='bbox 934 3332 1133 3355; x_wconf 51' lang='lat'><strong>31.....-</strong></span> <span class='ocrx_word' id='word_1_402' title='bbox 1172 3332 1350 3355; x_wconf 69' lang='lat'><strong>.2...1._-_</strong></span> <span class='ocrx_word' id='word_1_403' title='bbox 1386 3337 1658 3355; x_wconf 60' lang='lat' dir='ltr'><strong>....-..L__..__</strong></span> 
     </span>
    </p>
   </div>
   <div class='ocr_carea' id='block_1_47' title="bbox 64 3329 1661 3405">
    <p class='ocr_par' dir='ltr' id='par_1_47' title="bbox 64 3329 1661 3405">
     <span class='ocr_line' id='line_1_48' title="bbox 64 3329 1661 3405; baseline 0.004 -22"><span class='ocrx_word' id='word_1_404' title='bbox 64 3329 185 3399; x_wconf 83' lang='lat' dir='ltr'><strong>genti</strong></span> <span class='ocrx_word' id='word_1_405' title='bbox 223 3330 552 3388; x_wconf 78' lang='lat' dir='ltr'><strong>crudelitate</strong></span> <span class='ocrx_word' id='word_1_406' title='bbox 584 3331 886 3404; x_wconf 88' lang='lat' dir='ltr'><strong>perquirit,</strong></span> <span class='ocrx_word' id='word_1_407' title='bbox 929 3332 1135 3404; x_wconf 92' lang='lat' dir='ltr'><strong>dignos</strong></span> <span class='ocrx_word' id='word_1_408' title='bbox 1172 3332 1353 3388; x_wconf 90' lang='lat' dir='ltr'><strong>iratus</strong></span> <span class='ocrx_word' id='word_1_409' title='bbox 1385 3337 1661 3405; x_wconf 83' lang='lat' dir='ltr'><strong>martyres</strong></span> 
     </span>
    </p>
   </div>
   <div class='ocr_carea' id='block_1_48' title="bbox 62 3421 1674 3515">
    <p class='ocr_par' dir='ltr' id='par_1_48' title="bbox 62 3421 1674 3515">
     <span class='ocr_line' id='line_1_49' title="bbox 62 3421 1674 3515; baseline 0.004 -40"><span class='ocrx_word' id='word_1_410' title='bbox 62 3421 180 3478; x_wconf 87' lang='lat' dir='ltr'><strong>fecit.</strong></span> <span class='ocrx_word' id='word_1_411' title='bbox 212 3424 346 3480; x_wconf 87' lang='lat' dir='ltr'><strong>Nam</strong></span> <span class='ocrx_word' id='word_1_412' title='bbox 387 3425 658 3496; x_wconf 88' lang='lat' dir='ltr'><strong>Herodes,</strong></span> <span class='ocrx_word' id='word_1_413' title='bbox 704 3441 879 3503; x_wconf 85' lang='lat' dir='ltr'><strong>quem</strong></span> <span class='ocrx_word' id='word_1_414' title='bbox 927 3430 1153 3481; x_wconf 90' lang='lat' dir='ltr'><strong>tantum</strong></span> <span class='ocrx_word' id='word_1_415' title='bbox 1208 3426 1434 3482; x_wconf 89' lang='lat' dir='ltr'><strong>ravidus</strong></span> <span class='ocrx_word' id='word_1_416' title='bbox 1466 3421 1674 3515; x_wconf 63' lang='lat' dir='ltr'><strong>sensus:</strong></span> 
     </span>
    </p>
   </div>
   <div class='ocr_carea' id='block_1_49' title="bbox 60 3515 1661 3591">
    <p class='ocr_par' dir='ltr' id='par_1_49' title="bbox 60 3515 1661 3591">
     <span class='ocr_line' id='line_1_50' title="bbox 60 3515 1661 3591; baseline 0.003 -21"><span class='ocrx_word' id='word_1_417' title='bbox 60 3515 229 3571; x_wconf 89' lang='lat' dir='ltr'><strong>furoris</strong></span> <span class='ocrx_word' id='word_1_418' title='bbox 292 3519 515 3574; x_wconf 82' lang='lat' dir='ltr'><strong>facibus</strong></span> <span class='ocrx_word' id='word_1_419' title='bbox 579 3520 865 3591; x_wconf 89' lang='lat' dir='ltr'><strong>eregebat,</strong></span> <span class='ocrx_word' id='word_1_420' title='bbox 931 3524 1213 3591; x_wconf 88' lang='lat' dir='ltr'><strong>quantum</strong></span> <span class='ocrx_word' id='word_1_421' title='bbox 1272 3537 1435 3576; x_wconf 89' lang='lat' dir='ltr'><strong>amor</strong></span> <span class='ocrx_word' id='word_1_422' title='bbox 1483 3521 1661 3575; x_wconf 91' lang='lat' dir='ltr'><strong>dulcis</strong></span> 
     </span>
    </p>
   </div>
   <div class='ocr_carea' id='block_1_50' title="bbox 1766 2952 3410 3027">
    <p class='ocr_par' dir='ltr' id='par_1_50' title="bbox 1766 2952 3410 3027">
     <span class='ocr_line' id='line_1_51' title="bbox 1766 2952 3410 3027; baseline 0.003 -20"><span class='ocrx_word' id='word_1_423' title='bbox 1766 2952 2107 3008; x_wconf 89' lang='lat' dir='ltr'><strong>Deorovaldi</strong></span> <span class='ocrx_word' id='word_1_424' title='bbox 2139 2953 2293 3008; x_wconf 92' lang='lat' dir='ltr'><strong>dono</strong></span> <span class='ocrx_word' id='word_1_425' title='bbox 2321 2952 2423 3007; x_wconf 89' lang='lat' dir='ltr'><strong>tibi</strong></span> <span class='ocrx_word' id='word_1_426' title='bbox 2465 2971 2657 3009; x_wconf 88' lang='lat' dir='ltr'><strong>eanna</strong></span> <span class='ocrx_word' id='word_1_427' title='bbox 2697 2957 2979 3026; x_wconf 87' lang='lat' dir='ltr'><strong>argentea</strong></span> <span class='ocrx_word' id='word_1_428' title='bbox 3002 2956 3232 3010; x_wconf 89' lang='lat' dir='ltr'><strong>valente</strong></span> <span class='ocrx_word' id='word_1_429' title='bbox 3281 2958 3410 3027; x_wconf 89' lang='lat' dir='ltr'><strong>plus</strong></span> 
     </span>
    </p>
   </div>
   <div class='ocr_carea' id='block_1_51' title="bbox 1762 3046 3405 3119">
    <p class='ocr_par' dir='ltr' id='par_1_51' title="bbox 1762 3046 3405 3119">
     <span class='ocr_line' id='line_1_52' title="bbox 1762 3046 3405 3119; baseline 0.003 -18"><span class='ocrx_word' id='word_1_430' title='bbox 1762 3047 1957 3101; x_wconf 91' lang='lat' dir='ltr'><strong>minus</strong></span> <span class='ocrx_word' id='word_1_431' title='bbox 1982 3046 2195 3101; x_wconf 91' lang='lat' dir='ltr'><strong>solidos</strong></span> <span class='ocrx_word' id='word_1_432' title='bbox 2234 3063 2360 3101; x_wconf 82' lang='lat' dir='ltr'><strong>xxv.</strong></span> <span class='ocrx_word' id='word_1_433' title='bbox 2388 3048 2457 3101; x_wconf 89' lang='lat' dir='ltr'><strong>Et</strong></span> <span class='ocrx_word' id='word_1_434' title='bbox 2484 3064 2518 3103; x_wconf 89' lang='lat' dir='ltr'><strong>a</strong></span> <span class='ocrx_word' id='word_1_435' title='bbox 2547 3050 2711 3119; x_wconf 90' lang='lat' dir='ltr'><strong>parte</strong></span> <span class='ocrx_word' id='word_1_436' title='bbox 2742 3065 2877 3103; x_wconf 89' lang='lat' dir='ltr'><strong>mea</strong></span> <span class='ocrx_word' id='word_1_437' title='bbox 2905 3049 3061 3104; x_wconf 91' lang='lat' dir='ltr'><strong>dono</strong></span> <span class='ocrx_word' id='word_1_438' title='bbox 3094 3049 3197 3105; x_wconf 85' lang='lat' dir='ltr'><strong>tibi</strong></span> <span class='ocrx_word' id='word_1_439' title='bbox 3228 3067 3405 3107; x_wconf 89' lang='lat' dir='ltr'><strong>cauco</strong></span> 
     </span>
    </p>
   </div>
   <div class='ocr_carea' id='block_1_52' title="bbox 1763 3140 3401 3215">
    <p class='ocr_par' dir='ltr' id='par_1_52' title="bbox 1763 3140 3401 3215">
     <span class='ocr_line' id='line_1_53' title="bbox 1763 3140 3401 3215; baseline 0.003 -21"><span class='ocrx_word' id='word_1_440' title='bbox 1763 3143 2042 3211; x_wconf 91' lang='lat' dir='ltr'><strong>argenteo</strong></span> <span class='ocrx_word' id='word_1_441' title='bbox 2082 3140 2311 3194; x_wconf 89' lang='lat' dir='ltr'><strong>valente</strong></span> <span class='ocrx_word' id='word_1_442' title='bbox 2357 3142 2461 3195; x_wconf 92' lang='lat' dir='ltr'><strong>sol.</strong></span> <span class='ocrx_word' id='word_1_443' title='bbox 2500 3157 2627 3209; x_wconf 80' lang='lat' dir='ltr'><strong>xxx,</strong></span> <span class='ocrx_word' id='word_1_444' title='bbox 2669 3144 2729 3195; x_wconf 91' lang='lat' dir='ltr'><strong>et</strong></span> <span class='ocrx_word' id='word_1_445' title='bbox 2770 3141 3148 3197; x_wconf 89' lang='lat' dir='ltr'><strong>medietatem</strong></span> <span class='ocrx_word' id='word_1_446' title='bbox 3185 3144 3401 3215; x_wconf 92' lang='lat' dir='ltr'><strong>ovium,</strong></span> 
     </span>
    </p>
   </div>
   <div class='ocr_carea' id='block_1_53' title="bbox 1761 3232 3401 3308">
    <p class='ocr_par' dir='ltr' id='par_1_53' title="bbox 1761 3232 3401 3308">
     <span class='ocr_line' id='line_1_54' title="bbox 1761 3232 3401 3308; baseline 0.004 -21"><span class='ocrx_word' id='word_1_447' title='bbox 1761 3232 2141 3305; x_wconf 88' lang='lat' dir='ltr'><strong>quasVigilius</strong></span> <span class='ocrx_word' id='word_1_448' title='bbox 2150 3233 2568 3302; x_wconf 89' lang='lat' dir='ltr'><strong>adtendit,cum</strong></span> <span class='ocrx_word' id='word_1_449' title='bbox 2580 3237 2812 3307; x_wconf 88' lang='lat' dir='ltr'><strong>pastore</strong></span> <span class='ocrx_word' id='word_1_450' title='bbox 2824 3235 3063 3291; x_wconf 89' lang='lat' dir='ltr'><strong>nomine</strong></span> <span class='ocrx_word' id='word_1_451' title='bbox 3076 3237 3401 3308; x_wconf 90' lang='lat' dir='ltr'><strong>Gaugiulfo.</strong></span> 
     </span>
    </p>
   </div>
   <div class='ocr_carea' id='block_1_54' title="bbox 1765 3326 3402 3399">
    <p class='ocr_par' dir='ltr' id='par_1_54' title="bbox 1765 3326 3402 3399">
     <span class='ocr_line' id='line_1_55' title="bbox 1765 3326 3402 3399; baseline 0.002 -16"><span class='ocrx_word' id='word_1_452' title='bbox 1765 3327 1950 3383; x_wconf 90' lang='lat' dir='ltr'><strong>Simili</strong></span> <span class='ocrx_word' id='word_1_453' title='bbox 1978 3327 2156 3383; x_wconf 92' lang='lat' dir='ltr'><strong>modo</strong></span> <span class='ocrx_word' id='word_1_454' title='bbox 2187 3327 2259 3382; x_wconf 91' lang='lat' dir='ltr'><strong>de</strong></span> <span class='ocrx_word' id='word_1_455' title='bbox 2294 3327 2588 3384; x_wconf 89' lang='lat' dir='ltr'><strong>Latiniaco</strong></span> <span class='ocrx_word' id='word_1_456' title='bbox 2620 3333 2680 3384; x_wconf 90' lang='lat' dir='ltr'><strong>et</strong></span> <span class='ocrx_word' id='word_1_457' title='bbox 2700 3329 3049 3399; x_wconf 90' lang='lat' dir='ltr'><strong>Balbiniaco,</strong></span> <span class='ocrx_word' id='word_1_458' title='bbox 3068 3326 3205 3386; x_wconf 77' lang='lat' dir='ltr'><strong>tam</strong></span> <span class='ocrx_word' id='word_1_459' title='bbox 3230 3332 3402 3387; x_wconf 89' lang='lat' dir='ltr'><strong>vestis</strong></span> 
     </span>
    </p>
   </div>
   <div class='ocr_carea' id='block_1_55' title="bbox 1765 3422 3403 3492">
    <p class='ocr_par' dir='ltr' id='par_1_55' title="bbox 1765 3422 3403 3492">
     <span class='ocr_line' id='line_1_56' title="bbox 1765 3422 3403 3492; baseline 0.004 -16"><span class='ocrx_word' id='word_1_460' title='bbox 1765 3438 1941 3492; x_wconf 87' lang='lat' dir='ltr'><strong>quam</strong></span> <span class='ocrx_word' id='word_1_461' title='bbox 1969 3438 2224 3476; x_wconf 81' lang='lat' dir='ltr'><strong>eeramen</strong></span> <span class='ocrx_word' id='word_1_462' title='bbox 2248 3423 2337 3477; x_wconf 90' lang='lat' dir='ltr'><strong>vel</strong></span> <span class='ocrx_word' id='word_1_463' title='bbox 2362 3422 2638 3492; x_wconf 88' lang='lat' dir='ltr'><strong>utinsilia,</strong></span> <span class='ocrx_word' id='word_1_464' title='bbox 2662 3426 2721 3478; x_wconf 88' lang='lat' dir='ltr'><strong>et</strong></span> <span class='ocrx_word' id='word_1_465' title='bbox 2747 3423 2817 3479; x_wconf 90' lang='lat' dir='ltr'><strong>de</strong></span> <span class='ocrx_word' id='word_1_466' title='bbox 2835 3424 3091 3479; x_wconf 91' lang='lat' dir='ltr'><strong>bovebus</strong></span> <span class='ocrx_word' id='word_1_467' title='bbox 3116 3441 3183 3479; x_wconf 87' lang='lat' dir='ltr'><strong>ex</strong></span> <span class='ocrx_word' id='word_1_468' title='bbox 3205 3426 3403 3483; x_wconf 89' lang='lat' dir='ltr'><strong>omnia</strong></span> 
     </span>
    </p>
   </div>
   <div class='ocr_carea' id='block_1_56' title="bbox 1690 3508 3397 3595">
    <p class='ocr_par' dir='ltr' id='par_1_56' title="bbox 1690 3508 3397 3595">
     <span class='ocr_line' id='line_1_57' title="bbox 1690 3508 3397 3595; baseline 0.004 -27"><span class='ocrx_word' id='word_1_469' title='bbox 1690 3508 2162 3595; x_wconf 47' lang='lat' dir='ltr'><strong>gmedietatem,</strong></span> <span class='ocrx_word' id='word_1_470' title='bbox 2188 3515 2315 3584; x_wconf 89' lang='lat' dir='ltr'><strong>tibi,</strong></span> <span class='ocrx_word' id='word_1_471' title='bbox 2338 3516 2667 3572; x_wconf 88' lang='lat' dir='ltr'><strong>dulcissime</strong></span> <span class='ocrx_word' id='word_1_472' title='bbox 2705 3508 2807 3585; x_wconf 75' lang='lat' dir='ltr'><strong>fili,</strong></span> <span class='ocrx_word' id='word_1_473' title='bbox 2837 3517 3053 3573; x_wconf 88' lang='lat' dir='ltr'><strong>habere</strong></span> <span class='ocrx_word' id='word_1_474' title='bbox 3102 3519 3397 3591; x_wconf 60' lang='lat' dir='ltr'><strong>praecipio.</strong></span> 
     </span>
    </p>
   </div>
   <div class='ocr_carea' id='block_1_57' title="bbox 60 3598 3401 3687">
    <p class='ocr_par' dir='ltr' id='par_1_57' title="bbox 60 3598 3401 3687">
     <span class='ocr_line' id='line_1_58' title="bbox 60 3598 3401 3687; baseline 0.001 -22"><span class='ocrx_word' id='word_1_475' title='bbox 60 3611 308 3680; x_wconf 84' lang='lat' dir='ltr'><strong>potestatis</strong></span> <span class='ocrx_word' id='word_1_476' title='bbox 333 3612 695 3684; x_wconf 84' lang='lat' dir='ltr'><strong>accendebat,</strong></span> <span class='ocrx_word' id='word_1_477' title='bbox 714 3613 1004 3669; x_wconf 87' lang='lat' dir='ltr'><strong>carniﬁces</strong></span> <span class='ocrx_word' id='word_1_478' title='bbox 1017 3630 1149 3669; x_wconf 89' lang='lat' dir='ltr'><strong>suos</strong></span> <span class='ocrx_word' id='word_1_479' title='bbox 1168 3614 1241 3669; x_wconf 90' lang='lat' dir='ltr'><strong>ad</strong></span> <span class='ocrx_word' id='word_1_480' title='bbox 1255 3598 1661 3687; x_wconf 83' lang='lat' dir='ltr'><strong>inquirendum</strong></span> <span class='ocrx_word' id='word_1_481' title='bbox 1760 3608 1890 3663; x_wconf 85' lang='lat' dir='ltr'><strong>Pari</strong></span> <span class='ocrx_word' id='word_1_482' title='bbox 1919 3609 2252 3664; x_wconf 85' lang='lat' dir='ltr'><strong>conditione</strong></span> <span class='ocrx_word' id='word_1_483' title='bbox 2284 3626 2352 3665; x_wconf 85' lang='lat' dir='ltr'><strong>ex</strong></span> <span class='ocrx_word' id='word_1_484' title='bbox 2377 3610 2831 3665; x_wconf 86' lang='lat' dir='ltr'><strong>demandatione</strong></span> <span class='ocrx_word' id='word_1_485' title='bbox 2877 3612 3048 3666; x_wconf 81' lang='lat' dir='ltr'><strong>bonae</strong></span> <span class='ocrx_word' id='word_1_486' title='bbox 3099 3614 3401 3669; x_wconf 73' lang='lat' dir='ltr'><strong>memoriae</strong></span> 
     </span>
    </p>
   </div>
   <div class='ocr_carea' id='block_1_58' title="bbox 61 3702 1660 3779">
    <p class='ocr_par' dir='ltr' id='par_1_58' title="bbox 61 3702 1660 3779">
     <span class='ocr_line' id='line_1_59' title="bbox 61 3702 1660 3779; baseline 0.004 -22"><span class='ocrx_word' id='word_1_487' title='bbox 61 3702 181 3759; x_wconf 88' lang='lat' dir='ltr'><strong>misit</strong></span> <span class='ocrx_word' id='word_1_488' title='bbox 228 3706 491 3774; x_wconf 89' lang='lat' dir='ltr'><strong>infantes,</strong></span> <span class='ocrx_word' id='word_1_489' title='bbox 550 3706 713 3778; x_wconf 89' lang='lat' dir='ltr'><strong>quasi</strong></span> <span class='ocrx_word' id='word_1_490' title='bbox 778 3707 879 3779; x_wconf 89' lang='lat' dir='ltr'><strong>qui</strong></span> <span class='ocrx_word' id='word_1_491' title='bbox 924 3708 1105 3763; x_wconf 92' lang='lat' dir='ltr'><strong>Deum</strong></span> <span class='ocrx_word' id='word_1_492' title='bbox 1159 3710 1349 3779; x_wconf 89' lang='lat' dir='ltr'><strong>posset</strong></span> <span class='ocrx_word' id='word_1_493' title='bbox 1406 3707 1660 3765; x_wconf 91' lang='lat' dir='ltr'><strong>invenire</strong></span> 
     </span>
    </p>
   </div>
   <div class='ocr_carea' id='block_1_59' title="bbox 63 3798 1661 3873">
    <p class='ocr_par' dir='ltr' id='par_1_59' title="bbox 63 3798 1661 3873">
     <span class='ocr_line' id='line_1_60' title="bbox 63 3798 1661 3873; baseline 0.003 -21"><span class='ocrx_word' id='word_1_494' title='bbox 63 3812 164 3852; x_wconf 88' lang='lat' dir='ltr'><strong>cmn</strong></span> <span class='ocrx_word' id='word_1_495' title='bbox 186 3798 361 3856; x_wconf 88' lang='lat' dir='ltr'><strong>vellet.</strong></span> <span class='ocrx_word' id='word_1_496' title='bbox 388 3802 649 3871; x_wconf 91' lang='lat' dir='ltr'><strong>Pergunt</strong></span> <span class='ocrx_word' id='word_1_497' title='bbox 672 3800 734 3855; x_wconf 92' lang='lat' dir='ltr'><strong>in</strong></span> <span class='ocrx_word' id='word_1_498' title='bbox 760 3801 1045 3858; x_wconf 66' lang='lat' dir='ltr'><strong>civimmm</strong></span> <span class='ocrx_word' id='word_1_499' title='bbox 1060 3800 1308 3856; x_wconf 86' lang='lat' dir='ltr'><strong>ministri</strong></span> <span class='ocrx_word' id='word_1_500' title='bbox 1336 3800 1508 3873; x_wconf 89' lang='lat' dir='ltr'><strong>regis,</strong></span> <span class='ocrx_word' id='word_1_501' title='bbox 1537 3817 1661 3857; x_wconf 87' lang='lat' dir='ltr'><strong>cru-</strong></span> 
     </span>
    </p>
   </div>
   <div class='ocr_carea' id='block_1_60' title="bbox 62 3888 1658 3967">
    <p class='ocr_par' dir='ltr' id='par_1_60' title="bbox 62 3888 1658 3967">
     <span class='ocr_line' id='line_1_61' title="bbox 62 3888 1658 3967; baseline 0.004 -24"><span class='ocrx_word' id='word_1_502' title='bbox 62 3888 161 3945; x_wconf 89' lang='lat' dir='ltr'><strong>dele</strong></span> <span class='ocrx_word' id='word_1_503' title='bbox 202 3896 493 3964; x_wconf 88' lang='lat' dir='ltr'><strong>portantes</strong></span> <span class='ocrx_word' id='word_1_504' title='bbox 546 3893 880 3965; x_wconf 90' lang='lat' dir='ltr'><strong>imperium,</strong></span> <span class='ocrx_word' id='word_1_505' title='bbox 946 3897 1005 3949; x_wconf 91' lang='lat' dir='ltr'><strong>et</strong></span> <span class='ocrx_word' id='word_1_506' title='bbox 1052 3895 1261 3950; x_wconf 88' lang='lat' dir='ltr'><strong>durum</strong></span> <span class='ocrx_word' id='word_1_507' title='bbox 1304 3898 1658 3967; x_wconf 65' lang='lat' dir='ltr'><strong>praeceptum</strong></span> 
     </span>
    </p>
   </div>
   <div class='ocr_carea' id='block_1_61' title="bbox 62 3982 1653 4061">
    <p class='ocr_par' dir='ltr' id='par_1_61' title="bbox 62 3982 1653 4061">
     <span class='ocr_line' id='line_1_62' title="bbox 62 3982 1653 4061; baseline 0.005 -25"><span class='ocrx_word' id='word_1_508' title='bbox 62 3982 291 4055; x_wconf 87' lang='lat' dir='ltr'><strong>ferentes,</strong></span> <span class='ocrx_word' id='word_1_509' title='bbox 306 3986 363 4042; x_wconf 92' lang='lat' dir='ltr'><strong>in</strong></span> <span class='ocrx_word' id='word_1_510' title='bbox 381 3987 596 4059; x_wconf 87' lang='lat' dir='ltr'><strong>gladiis</strong></span> <span class='ocrx_word' id='word_1_511' title='bbox 608 3988 683 4043; x_wconf 89' lang='lat' dir='ltr'><strong>ad</strong></span> <span class='ocrx_word' id='word_1_512' title='bbox 703 3991 959 4044; x_wconf 90' lang='lat' dir='ltr'><strong>matrum</strong></span> <span class='ocrx_word' id='word_1_513' title='bbox 985 3990 1268 4061; x_wconf 84' lang='lat' dir='ltr'><strong>lacrymas</strong></span> <span class='ocrx_word' id='word_1_514' title='bbox 1286 3988 1653 4045; x_wconf 87' lang='lat' dir='ltr'><strong>festinabant.</strong></span> 
     </span>
    </p>
   </div>
   <div class='ocr_carea' id='block_1_62' title="bbox 60 4076 1657 4154">
    <p class='ocr_par' dir='ltr' id='par_1_62' title="bbox 60 4076 1657 4154">
     <span class='ocr_line' id='line_1_63' title="bbox 60 4076 1657 4154; baseline 0.004 -24"><span class='ocrx_word' id='word_1_515' title='bbox 60 4076 285 4134; x_wconf 81' lang='lat' dir='ltr'><strong>Infantile</strong></span> <span class='ocrx_word' id='word_1_516' title='bbox 319 4080 541 4136; x_wconf 90' lang='lat' dir='ltr'><strong>bellum</strong></span> <span class='ocrx_word' id='word_1_517' title='bbox 579 4081 638 4136; x_wconf 91' lang='lat' dir='ltr'><strong>in</strong></span> <span class='ocrx_word' id='word_1_518' title='bbox 677 4081 943 4137; x_wconf 88' lang='lat' dir='ltr'><strong>domibus</strong></span> <span class='ocrx_word' id='word_1_519' title='bbox 993 4082 1330 4154; x_wconf 88' lang='lat' dir='ltr'><strong>gerebatur;</strong></span> <span class='ocrx_word' id='word_1_520' title='bbox 1373 4085 1431 4136; x_wconf 90' lang='lat' dir='ltr'><strong>et</strong></span> <span class='ocrx_word' id='word_1_521' title='bbox 1463 4099 1657 4137; x_wconf 91' lang='lat' dir='ltr'><strong>secum</strong></span> 
     </span>
    </p>
   </div>
   <div class='ocr_carea' id='block_1_63' title="bbox 60 4171 1653 4245">
    <p class='ocr_par' dir='ltr' id='par_1_63' title="bbox 60 4171 1653 4245">
     <span class='ocr_line' id='line_1_64' title="bbox 60 4171 1653 4245; baseline 0.005 -22"><span class='ocrx_word' id='word_1_522' title='bbox 60 4171 155 4226; x_wconf 78' lang='lat' dir='ltr'><strong>sola</strong></span> <span class='ocrx_word' id='word_1_523' title='bbox 178 4178 462 4245; x_wconf 87' lang='lat' dir='ltr'><strong>pugnante</strong></span> <span class='ocrx_word' id='word_1_524' title='bbox 491 4175 727 4245; x_wconf 65' lang='lat' dir='ltr'><strong>saevitia,</strong></span> <span class='ocrx_word' id='word_1_525' title='bbox 748 4175 1009 4231; x_wconf 88' lang='lat' dir='ltr'><strong>orbitatis</strong></span> <span class='ocrx_word' id='word_1_526' title='bbox 1020 4175 1328 4231; x_wconf 87' lang='lat' dir='ltr'><strong>crudelitas</strong></span> <span class='ocrx_word' id='word_1_527' title='bbox 1340 4175 1653 4231; x_wconf 88' lang='lat' dir='ltr'><strong>eminebat.</strong></span> 
     </span>
    </p>
   </div>
   <div class='ocr_carea' id='block_1_64' title="bbox 60 4262 1656 4341">
    <p class='ocr_par' dir='ltr' id='par_1_64' title="bbox 60 4262 1656 4341">
     <span class='ocr_line' id='line_1_65' title="bbox 60 4262 1656 4341; baseline 0.005 -24"><span class='ocrx_word' id='word_1_528' title='bbox 60 4262 408 4323; x_wconf 79' lang='lat' dir='ltr'><strong>Mactabantur</strong></span> <span class='ocrx_word' id='word_1_529' title='bbox 449 4269 512 4324; x_wconf 91' lang='lat' dir='ltr'><strong>in</strong></span> <span class='ocrx_word' id='word_1_530' title='bbox 552 4269 714 4324; x_wconf 90' lang='lat' dir='ltr'><strong>cunis</strong></span> <span class='ocrx_word' id='word_1_531' title='bbox 755 4269 1028 4338; x_wconf 87' lang='lat' dir='ltr'><strong>infantes,</strong></span> <span class='ocrx_word' id='word_1_532' title='bbox 1056 4269 1115 4325; x_wconf 92' lang='lat' dir='ltr'><strong>in</strong></span> <span class='ocrx_word' id='word_1_533' title='bbox 1152 4269 1359 4341; x_wconf 91' lang='lat' dir='ltr'><strong>quibus</strong></span> <span class='ocrx_word' id='word_1_534' title='bbox 1394 4270 1656 4325; x_wconf 89' lang='lat' dir='ltr'><strong>nondum</strong></span> 
     </span>
    </p>
   </div>
   <div class='ocr_carea' id='block_1_65' title="bbox 62 4360 1655 4420">
    <p class='ocr_par' dir='ltr' id='par_1_65' title="bbox 62 4360 1655 4420">
     <span class='ocr_line' id='line_1_66' title="bbox 62 4360 1655 4420; baseline 0.007 -11"><span class='ocrx_word' id='word_1_535' title='bbox 62 4360 158 4412; x_wconf 84' lang='lat' dir='ltr'><strong>erat</strong></span> <span class='ocrx_word' id='word_1_536' title='bbox 194 4362 459 4418; x_wconf 88' lang='lat' dir='ltr'><strong>nascendi</strong></span> <span class='ocrx_word' id='word_1_537' title='bbox 496 4362 849 4419; x_wconf 88' lang='lat' dir='ltr'><strong>conscientia</strong></span> <span class='ocrx_word' id='word_1_538' title='bbox 897 4380 911 4418; x_wconf 90' lang='lat'><strong>:</strong></span> <span class='ocrx_word' id='word_1_539' title='bbox 968 4367 1026 4418; x_wconf 91' lang='lat' dir='ltr'><strong>et</strong></span> <span class='ocrx_word' id='word_1_540' title='bbox 1074 4363 1213 4419; x_wconf 90' lang='lat' dir='ltr'><strong>illud</strong></span> <span class='ocrx_word' id='word_1_541' title='bbox 1257 4363 1655 4420; x_wconf 87' lang='lat' dir='ltr'><strong>membrorum</strong></span> 
     </span>
    </p>
   </div>
   <div class='ocr_carea' id='block_1_66' title="bbox 62 4449 1650 4530">
    <p class='ocr_par' dir='ltr' id='par_1_66' title="bbox 62 4449 1650 4530">
     <span class='ocr_line' id='line_1_67' title="bbox 62 4449 1650 4530; baseline 0.006 -26"><span class='ocrx_word' id='word_1_542' title='bbox 62 4449 250 4508; x_wconf 85' lang='lat' dir='ltr'><strong>initium</strong></span> <span class='ocrx_word' id='word_1_543' title='bbox 300 4456 553 4527; x_wconf 90' lang='lat' dir='ltr'><strong>primum</strong></span> <span class='ocrx_word' id='word_1_544' title='bbox 598 4457 770 4511; x_wconf 89' lang='lat' dir='ltr'><strong>funus</strong></span> <span class='ocrx_word' id='word_1_545' title='bbox 821 4457 987 4512; x_wconf 91' lang='lat' dir='ltr'><strong>discit</strong></span> <span class='ocrx_word' id='word_1_546' title='bbox 1025 4474 1147 4513; x_wconf 92' lang='lat' dir='ltr'><strong>esse</strong></span> <span class='ocrx_word' id='word_1_547' title='bbox 1192 4473 1367 4529; x_wconf 88' lang='lat' dir='ltr'><strong>quam</strong></span> <span class='ocrx_word' id='word_1_548' title='bbox 1424 4473 1650 4530; x_wconf 89' lang='lat' dir='ltr'><strong>corpus.</strong></span> 
     </span>
    </p>
   </div>
   <div class='ocr_carea' id='block_1_67' title="bbox 62 4542 1649 4619">
    <p class='ocr_par' dir='ltr' id='par_1_67' title="bbox 62 4542 1649 4619">
     <span class='ocr_line' id='line_1_68' title="bbox 62 4542 1649 4619; baseline 0.006 -22"><span class='ocrx_word' id='word_1_549' title='bbox 62 4542 438 4605; x_wconf 87' lang='lat' dir='ltr'><strong>Occidebantur</strong></span> <span class='ocrx_word' id='word_1_550' title='bbox 479 4550 643 4606; x_wconf 89' lang='lat' dir='ltr'><strong>initia</strong></span> <span class='ocrx_word' id='word_1_551' title='bbox 686 4552 1107 4619; x_wconf 89' lang='lat' dir='ltr'><strong>membrorum,</strong></span> <span class='ocrx_word' id='word_1_552' title='bbox 1155 4550 1532 4606; x_wconf 89' lang='lat' dir='ltr'><strong>minutissimi</strong></span> <span class='ocrx_word' id='word_1_553' title='bbox 1568 4553 1649 4607; x_wconf 89' lang='lat' dir='ltr'><strong>la-</strong></span> 
     </span>
    </p>
   </div>
   <div class='ocr_carea' id='block_1_68' title="bbox 1760 3702 3396 3776">
    <p class='ocr_par' dir='ltr' id='par_1_68' title="bbox 1760 3702 3396 3776">
     <span class='ocr_line' id='line_1_69' title="bbox 1760 3702 3396 3776; baseline 0.002 -19"><span class='ocrx_word' id='word_1_554' title='bbox 1760 3702 2104 3758; x_wconf 88' lang='lat' dir='ltr'><strong>Deorovaldi</strong></span> <span class='ocrx_word' id='word_1_555' title='bbox 2146 3703 2300 3758; x_wconf 91' lang='lat' dir='ltr'><strong>dono</strong></span> <span class='ocrx_word' id='word_1_556' title='bbox 2343 3703 2468 3772; x_wconf 90' lang='lat' dir='ltr'><strong>tibi,</strong></span> <span class='ocrx_word' id='word_1_557' title='bbox 2503 3703 2831 3759; x_wconf 90' lang='lat' dir='ltr'><strong>dulcissime</strong></span> <span class='ocrx_word' id='word_1_558' title='bbox 2874 3704 2976 3772; x_wconf 88' lang='lat' dir='ltr'><strong>fili,</strong></span> <span class='ocrx_word' id='word_1_559' title='bbox 3011 3705 3082 3759; x_wconf 89' lang='lat' dir='ltr'><strong>de</strong></span> <span class='ocrx_word' id='word_1_560' title='bbox 3128 3706 3396 3776; x_wconf 88' lang='lat' dir='ltr'><strong>portione</strong></span> 
     </span>
    </p>
   </div>
   <div class='ocr_carea' id='block_1_69' title="bbox 1763 3796 3394 3868">
    <p class='ocr_par' dir='ltr' id='par_1_69' title="bbox 1763 3796 3394 3868">
     <span class='ocr_line' id='line_1_70' title="bbox 1763 3796 3394 3868; baseline 0.001 -17"><span class='ocrx_word' id='word_1_561' title='bbox 1763 3796 1885 3868; x_wconf 88' lang='lat' dir='ltr'><strong>ejus</strong></span> <span class='ocrx_word' id='word_1_562' title='bbox 1901 3798 1959 3851; x_wconf 91' lang='lat' dir='ltr'><strong>et</strong></span> <span class='ocrx_word' id='word_1_563' title='bbox 1974 3796 2045 3851; x_wconf 90' lang='lat' dir='ltr'><strong>de</strong></span> <span class='ocrx_word' id='word_1_564' title='bbox 2062 3796 2417 3868; x_wconf 90' lang='lat' dir='ltr'><strong>proprietate</strong></span> <span class='ocrx_word' id='word_1_565' title='bbox 2442 3814 2576 3852; x_wconf 90' lang='lat' dir='ltr'><strong>mea</strong></span> <span class='ocrx_word' id='word_1_566' title='bbox 2602 3796 2891 3868; x_wconf 91' lang='lat' dir='ltr'><strong>mancipia</strong></span> <span class='ocrx_word' id='word_1_567' title='bbox 2916 3796 3003 3852; x_wconf 90' lang='lat' dir='ltr'><strong>his</strong></span> <span class='ocrx_word' id='word_1_568' title='bbox 3028 3798 3394 3868; x_wconf 89' lang='lat' dir='ltr'><strong>nominebus,</strong></span> 
     </span>
    </p>
   </div>
   <div class='ocr_carea' id='block_1_70' title="bbox 1760 3890 3400 3963">
    <p class='ocr_par' dir='ltr' id='par_1_70' title="bbox 1760 3890 3400 3963">
     <span class='ocr_line' id='line_1_71' title="bbox 1760 3890 3400 3963; baseline 0.001 -17"><span class='ocrx_word' id='word_1_569' title='bbox 1760 3890 2132 3963; x_wconf 88' lang='lat' dir='ltr'><strong>Unnegiselo,</strong></span> <span class='ocrx_word' id='word_1_570' title='bbox 2173 3891 2583 3961; x_wconf 89' lang='lat' dir='ltr'><strong>Aunemundo,</strong></span> <span class='ocrx_word' id='word_1_571' title='bbox 2629 3894 2687 3946; x_wconf 91' lang='lat' dir='ltr'><strong>et</strong></span> <span class='ocrx_word' id='word_1_572' title='bbox 2723 3890 2871 3946; x_wconf 88' lang='lat' dir='ltr'><strong>filias</strong></span> <span class='ocrx_word' id='word_1_573' title='bbox 2905 3891 3172 3961; x_wconf 89' lang='lat' dir='ltr'><strong>Patricio,</strong></span> <span class='ocrx_word' id='word_1_574' title='bbox 3216 3892 3278 3948; x_wconf 91' lang='lat' dir='ltr'><strong>id</strong></span> <span class='ocrx_word' id='word_1_575' title='bbox 3312 3897 3400 3948; x_wconf 89' lang='lat' dir='ltr'><strong>est</strong></span> 
     </span>
    </p>
   </div>
   <div class='ocr_carea' id='block_1_71' title="bbox 1761 3984 3398 4057">
    <p class='ocr_par' dir='ltr' id='par_1_71' title="bbox 1761 3984 3398 4057">
     <span class='ocr_line' id='line_1_72' title="bbox 1761 3984 3398 4057; baseline 0.002 -18"><span class='ocrx_word' id='word_1_576' title='bbox 1761 3984 2011 4054; x_wconf 89' lang='lat' dir='ltr'><strong>Fedane,</strong></span> <span class='ocrx_word' id='word_1_577' title='bbox 2053 3986 2113 4039; x_wconf 89' lang='lat' dir='ltr'><strong>et</strong></span> <span class='ocrx_word' id='word_1_578' title='bbox 2147 3984 2517 4055; x_wconf 85' lang='lat' dir='ltr'><strong>Ausegunde,</strong></span> <span class='ocrx_word' id='word_1_579' title='bbox 2545 3986 2605 4040; x_wconf 89' lang='lat' dir='ltr'><strong>et</strong></span> <span class='ocrx_word' id='word_1_580' title='bbox 2637 3984 2992 4057; x_wconf 86' lang='lat' dir='ltr'><strong>Agnechilde</strong></span> <span class='ocrx_word' id='word_1_581' title='bbox 3023 3987 3082 4040; x_wconf 88' lang='lat' dir='ltr'><strong>et</strong></span> <span class='ocrx_word' id='word_1_582' title='bbox 3119 3986 3398 4043; x_wconf 91' lang='lat' dir='ltr'><strong>Baccione</strong></span> 
     </span>
    </p>
   </div>
   <div class='ocr_carea' id='block_1_72' title="bbox 1760 4078 3396 4151">
    <p class='ocr_par' dir='ltr' id='par_1_72' title="bbox 1760 4078 3396 4151">
     <span class='ocr_line' id='line_1_73' title="bbox 1760 4078 3396 4151; baseline 0.002 -19"><span class='ocrx_word' id='word_1_583' title='bbox 1760 4096 1890 4133; x_wconf 91' lang='lat' dir='ltr'><strong>cum</strong></span> <span class='ocrx_word' id='word_1_584' title='bbox 1920 4078 2149 4151; x_wconf 88' lang='lat' dir='ltr'><strong>gregim</strong></span> <span class='ocrx_word' id='word_1_585' title='bbox 2175 4094 2512 4150; x_wconf 89' lang='lat' dir='ltr'><strong>porcorum;</strong></span> <span class='ocrx_word' id='word_1_586' title='bbox 2533 4078 2715 4134; x_wconf 66' lang='lat' dir='ltr'><strong>vineae</strong></span> <span class='ocrx_word' id='word_1_587' title='bbox 2737 4079 3051 4151; x_wconf 88' lang='lat' dir='ltr'><strong>pedaturas</strong></span> <span class='ocrx_word' id='word_1_588' title='bbox 3076 4080 3238 4149; x_wconf 92' lang='lat' dir='ltr'><strong>duas,</strong></span> <span class='ocrx_word' id='word_1_589' title='bbox 3258 4081 3396 4137; x_wconf 88' lang='lat' dir='ltr'><strong>sitas</strong></span> 
     </span>
    </p>
   </div>
   <div class='ocr_carea' id='block_1_73' title="bbox 1758 4171 3396 4245">
    <p class='ocr_par' dir='ltr' id='par_1_73' title="bbox 1758 4171 3396 4245">
     <span class='ocr_line' id='line_1_74' title="bbox 1758 4171 3396 4245; baseline 0.002 -18"><span class='ocrx_word' id='word_1_590' title='bbox 1758 4172 1818 4227; x_wconf 89' lang='lat' dir='ltr'><strong>in</strong></span> <span class='ocrx_word' id='word_1_591' title='bbox 1860 4175 2062 4228; x_wconf 89' lang='lat' dir='ltr'><strong>monte</strong></span> <span class='ocrx_word' id='word_1_592' title='bbox 2102 4171 2443 4241; x_wconf 84' lang='lat' dir='ltr'><strong>Maurilioni,</strong></span> <span class='ocrx_word' id='word_1_593' title='bbox 2482 4189 2625 4245; x_wconf 89' lang='lat' dir='ltr'><strong>quas</strong></span> <span class='ocrx_word' id='word_1_594' title='bbox 2666 4173 3100 4229; x_wconf 89' lang='lat' dir='ltr'><strong>Theodaharius</strong></span> <span class='ocrx_word' id='word_1_595' title='bbox 3136 4177 3196 4228; x_wconf 88' lang='lat' dir='ltr'><strong>et</strong></span> <span class='ocrx_word' id='word_1_596' title='bbox 3234 4175 3396 4231; x_wconf 88' lang='lat' dir='ltr'><strong>Gari-</strong></span> 
     </span>
    </p>
   </div>
   <div class='ocr_carea' id='block_1_74' title="bbox 1756 4266 3394 4339">
    <p class='ocr_par' dir='ltr' id='par_1_74' title="bbox 1756 4266 3394 4339">
     <span class='ocr_line' id='line_1_75' title="bbox 1756 4266 3394 4339; baseline 0.001 -17"><span class='ocrx_word' id='word_1_597' title='bbox 1756 4267 2008 4322; x_wconf 87' lang='lat' dir='ltr'><strong>mundus</strong></span> <span class='ocrx_word' id='word_1_598' title='bbox 2036 4268 2252 4322; x_wconf 90' lang='lat' dir='ltr'><strong>colunt.</strong></span> <span class='ocrx_word' id='word_1_599' title='bbox 2278 4266 2473 4321; x_wconf 71' lang='lat' dir='ltr'><strong>Vinea:</strong></span> <span class='ocrx_word' id='word_1_600' title='bbox 2492 4266 2775 4339; x_wconf 91' lang='lat' dir='ltr'><strong>pedatura</strong></span> <span class='ocrx_word' id='word_1_601' title='bbox 2785 4268 2975 4337; x_wconf 89' lang='lat' dir='ltr'><strong>tertia,</strong></span> <span class='ocrx_word' id='word_1_602' title='bbox 2995 4268 3173 4323; x_wconf 89' lang='lat' dir='ltr'><strong>sitain</strong></span> <span class='ocrx_word' id='word_1_603' title='bbox 3194 4272 3394 4325; x_wconf 92' lang='lat' dir='ltr'><strong>monte</strong></span> 
     </span>
    </p>
   </div>
   <div class='ocr_carea' id='block_1_75' title="bbox 1756 4360 3396 4434">
    <p class='ocr_par' dir='ltr' id='par_1_75' title="bbox 1756 4360 3396 4434">
     <span class='ocr_line' id='line_1_76' title="bbox 1756 4360 3396 4434; baseline 0.001 -18"><span class='ocrx_word' id='word_1_604' title='bbox 1756 4362 2103 4429; x_wconf 85' lang='lat' dir='ltr'><strong>Metobaure,</strong></span> <span class='ocrx_word' id='word_1_605' title='bbox 2128 4377 2260 4415; x_wconf 90' lang='lat' dir='ltr'><strong>cum</strong></span> <span class='ocrx_word' id='word_1_606' title='bbox 2277 4360 2524 4416; x_wconf 88' lang='lat' dir='ltr'><strong>vinitore</strong></span> <span class='ocrx_word' id='word_1_607' title='bbox 2554 4361 3058 4417; x_wconf 89' lang='lat' dir='ltr'><strong>Guntrachario....</strong></span> <span class='ocrx_word' id='word_1_608' title='bbox 3088 4362 3279 4418; x_wconf 67' lang='lat' dir='ltr'><strong>Vineae</strong></span> <span class='ocrx_word' id='word_1_609' title='bbox 3298 4380 3396 4434; x_wconf 85' lang='lat' dir='ltr'><strong>pe-</strong></span> 
     </span>
    </p>
   </div>
   <div class='ocr_carea' id='block_1_76' title="bbox 1756 4454 3391 4527">
    <p class='ocr_par' dir='ltr' id='par_1_76' title="bbox 1756 4454 3391 4527">
     <span class='ocr_line' id='line_1_77' title="bbox 1756 4454 3391 4527; baseline 0.001 -17"><span class='ocrx_word' id='word_1_610' title='bbox 1756 4456 1961 4511; x_wconf 89' lang='lat' dir='ltr'><strong>datura</strong></span> <span class='ocrx_word' id='word_1_611' title='bbox 1986 4458 2213 4527; x_wconf 88' lang='lat' dir='ltr'><strong>quarta,</strong></span> <span class='ocrx_word' id='word_1_612' title='bbox 2244 4454 2354 4509; x_wconf 90' lang='lat' dir='ltr'><strong>sita</strong></span> <span class='ocrx_word' id='word_1_613' title='bbox 2379 4454 2741 4524; x_wconf 90' lang='lat' dir='ltr'><strong>Taurimaco,</strong></span> <span class='ocrx_word' id='word_1_614' title='bbox 2770 4472 2945 4527; x_wconf 89' lang='lat' dir='ltr'><strong>quem</strong></span> <span class='ocrx_word' id='word_1_615' title='bbox 2966 4457 3270 4511; x_wconf 90' lang='lat' dir='ltr'><strong>Imnerdus</strong></span> <span class='ocrx_word' id='word_1_616' title='bbox 3296 4474 3391 4511; x_wconf 85' lang='lat' dir='ltr'><strong>co-</strong></span> 
     </span>
    </p>
   </div>
   <div class='ocr_carea' id='block_1_77' title="bbox 1753 4547 3390 4621">
    <p class='ocr_par' dir='ltr' id='par_1_77' title="bbox 1753 4547 3390 4621">
     <span class='ocr_line' id='line_1_78' title="bbox 1753 4547 3390 4621; baseline 0 -18"><span class='ocrx_word' id='word_1_617' title='bbox 1753 4548 1819 4603; x_wconf 88' lang='lat' dir='ltr'><strong>lit</strong></span> <span class='ocrx_word' id='word_1_618' title='bbox 1848 4565 1979 4603; x_wconf 91' lang='lat' dir='ltr'><strong>cum</strong></span> <span class='ocrx_word' id='word_1_619' title='bbox 2008 4547 2255 4603; x_wconf 90' lang='lat' dir='ltr'><strong>vinitore</strong></span> <span class='ocrx_word' id='word_1_620' title='bbox 2272 4547 2629 4619; x_wconf 86' lang='lat' dir='ltr'><strong>Munegisilo.</strong></span> <span class='ocrx_word' id='word_1_621' title='bbox 2649 4549 2842 4604; x_wconf 79' lang='lat' dir='ltr'><strong>Vineae</strong></span> <span class='ocrx_word' id='word_1_622' title='bbox 2861 4549 3143 4620; x_wconf 87' lang='lat' dir='ltr'><strong>pedatura</strong></span> <span class='ocrx_word' id='word_1_623' title='bbox 3169 4548 3390 4621; x_wconf 89' lang='lat' dir='ltr'><strong>quinta,</strong></span> 
     </span>
    </p>
   </div>
   <div class='ocr_carea' id='block_1_78' title="bbox 61 4640 3393 4731">
    <p class='ocr_par' dir='ltr' id='par_1_78' title="bbox 61 4640 3393 4731">
     <span class='ocr_line' id='line_1_79' title="bbox 61 4640 3393 4731; baseline 0.001 -37"><span class='ocrx_word' id='word_1_624' title='bbox 61 4640 260 4711; x_wconf 66' lang='lat' dir='ltr'><strong>cientes,</strong></span> <span class='ocrx_word' id='word_1_625' title='bbox 313 4646 370 4698; x_wconf 88' lang='lat' dir='ltr'><strong>et</strong></span> <span class='ocrx_word' id='word_1_626' title='bbox 409 4645 629 4716; x_wconf 90' lang='lat' dir='ltr'><strong>accepti</strong></span> <span class='ocrx_word' id='word_1_627' title='bbox 680 4662 714 4700; x_wconf 91' lang='lat' dir='ltr'><strong>a</strong></span> <span class='ocrx_word' id='word_1_628' title='bbox 751 4644 1033 4700; x_wconf 87' lang='lat' dir='ltr'><strong>matribus</strong></span> <span class='ocrx_word' id='word_1_629' title='bbox 1069 4644 1289 4717; x_wconf 91' lang='lat' dir='ltr'><strong>parvuli</strong></span> <span class='ocrx_word' id='word_1_630' title='bbox 1333 4645 1392 4700; x_wconf 90' lang='lat' dir='ltr'><strong>in</strong></span> <span class='ocrx_word' id='word_1_631' title='bbox 1437 4645 1726 4731; x_wconf 86' lang='lat' dir='ltr'><strong>duritiaD</strong></span> <span class='ocrx_word' id='word_1_632' title='bbox 1750 4644 1856 4700; x_wconf 84' lang='lat' dir='ltr'><strong>sita</strong></span> <span class='ocrx_word' id='word_1_633' title='bbox 1892 4642 1952 4697; x_wconf 91' lang='lat' dir='ltr'><strong>in</strong></span> <span class='ocrx_word' id='word_1_634' title='bbox 1979 4645 2179 4697; x_wconf 89' lang='lat' dir='ltr'><strong>monte</strong></span> <span class='ocrx_word' id='word_1_635' title='bbox 2204 4641 2574 4709; x_wconf 86' lang='lat' dir='ltr'><strong>Vultoricino,</strong></span> <span class='ocrx_word' id='word_1_636' title='bbox 2606 4658 2781 4713; x_wconf 88' lang='lat' dir='ltr'><strong>quem</strong></span> <span class='ocrx_word' id='word_1_637' title='bbox 2833 4642 3018 4698; x_wconf 89' lang='lat' dir='ltr'><strong>Sevila</strong></span> <span class='ocrx_word' id='word_1_638' title='bbox 3064 4642 3219 4708; x_wconf 87' lang='lat' dir='ltr'><strong>colit,</strong></span> <span class='ocrx_word' id='word_1_639' title='bbox 3260 4660 3393 4698; x_wconf 88' lang='lat' dir='ltr'><strong>cum</strong></span> 
     </span>
    </p>
   </div>
   <div class='ocr_carea' id='block_1_79' title="bbox 58 4728 1650 4807">
    <p class='ocr_par' dir='ltr' id='par_1_79' title="bbox 58 4728 1650 4807">
     <span class='ocr_line' id='line_1_80' title="bbox 58 4728 1650 4807; baseline 0.008 -25"><span class='ocrx_word' id='word_1_640' title='bbox 58 4728 273 4801; x_wconf 88' lang='lat' dir='ltr'><strong>lapidum</strong></span> <span class='ocrx_word' id='word_1_641' title='bbox 337 4737 732 4807; x_wconf 89' lang='lat' dir='ltr'><strong>vibrabantur,</strong></span> <span class='ocrx_word' id='word_1_642' title='bbox 788 4741 853 4793; x_wconf 89' lang='lat' dir='ltr'><strong>ut</strong></span> <span class='ocrx_word' id='word_1_643' title='bbox 889 4738 963 4793; x_wconf 90' lang='lat' dir='ltr'><strong>ad</strong></span> <span class='ocrx_word' id='word_1_644' title='bbox 1001 4738 1388 4794; x_wconf 86' lang='lat' dir='ltr'><strong>execrandum</strong></span> <span class='ocrx_word' id='word_1_645' title='bbox 1428 4741 1650 4795; x_wconf 91' lang='lat' dir='ltr'><strong>malum</strong></span> 
     </span>
    </p>
   </div>
   <div class='ocr_carea' id='block_1_80' title="bbox 59 4832 1650 4905">
    <p class='ocr_par' dir='ltr' id='par_1_80' title="bbox 59 4832 1650 4905">
     <span class='ocr_line' id='line_1_81' title="bbox 59 4832 1650 4905; baseline 0.008 -29"><span class='ocrx_word' id='word_1_646' title='bbox 59 4839 283 4883; x_wconf 82' lang='lat' dir='ltr'><strong>saxorum</strong></span> <span class='ocrx_word' id='word_1_647' title='bbox 310 4847 517 4902; x_wconf 88' lang='lat' dir='ltr'><strong>aspera</strong></span> <span class='ocrx_word' id='word_1_648' title='bbox 552 4832 736 4887; x_wconf 90' lang='lat' dir='ltr'><strong>moles</strong></span> <span class='ocrx_word' id='word_1_649' title='bbox 770 4835 928 4887; x_wconf 89' lang='lat' dir='ltr'><strong>artus</strong></span> <span class='ocrx_word' id='word_1_650' title='bbox 963 4835 1282 4905; x_wconf 90' lang='lat' dir='ltr'><strong>spargeret.</strong></span> <span class='ocrx_word' id='word_1_651' title='bbox 1322 4834 1390 4887; x_wconf 87' lang='lat' dir='ltr'><strong>Et</strong></span> <span class='ocrx_word' id='word_1_652' title='bbox 1416 4835 1650 4888; x_wconf 89' lang='lat' dir='ltr'><strong>necatos</strong></span> 
     </span>
    </p>
   </div>
   <div class='ocr_carea' id='block_1_81' title="bbox 59 4922 1651 4999">
    <p class='ocr_par' dir='ltr' id='par_1_81' title="bbox 59 4922 1651 4999">
     <span class='ocr_line' id='line_1_82' title="bbox 59 4922 1651 4999; baseline 0.008 -30"><span class='ocrx_word' id='word_1_653' title='bbox 59 4922 243 4991; x_wconf 79' lang='lat' dir='ltr'><strong>excepit</strong></span> <span class='ocrx_word' id='word_1_654' title='bbox 273 4926 477 4979; x_wconf 90' lang='lat' dir='ltr'><strong>nolens</strong></span> <span class='ocrx_word' id='word_1_655' title='bbox 524 4928 678 4980; x_wconf 88' lang='lat' dir='ltr'><strong>terra</strong></span> <span class='ocrx_word' id='word_1_656' title='bbox 721 4925 986 4994; x_wconf 87' lang='lat' dir='ltr'><strong>conlisos,</strong></span> <span class='ocrx_word' id='word_1_657' title='bbox 1041 4929 1214 4998; x_wconf 88' lang='lat' dir='ltr'><strong>atque</strong></span> <span class='ocrx_word' id='word_1_658' title='bbox 1266 4927 1477 4981; x_wconf 90' lang='lat' dir='ltr'><strong>iterum</strong></span> <span class='ocrx_word' id='word_1_659' title='bbox 1526 4927 1651 4999; x_wconf 89' lang='lat' dir='ltr'><strong>ipsa</strong></span> 
     </span>
    </p>
   </div>
   <div class='ocr_carea' id='block_1_82' title="bbox 59 5015 1650 5092">
    <p class='ocr_par' dir='ltr' id='par_1_82' title="bbox 59 5015 1650 5092">
     <span class='ocr_line' id='line_1_83' title="bbox 59 5015 1650 5092; baseline 0.004 -24"><span class='ocrx_word' id='word_1_660' title='bbox 59 5015 355 5073; x_wconf 83' lang='lat' dir='ltr'><strong>mortalibus</strong></span> <span class='ocrx_word' id='word_1_661' title='bbox 380 5020 737 5091; x_wconf 89' lang='lat' dir='ltr'><strong>sepulturam</strong></span> <span class='ocrx_word' id='word_1_662' title='bbox 774 5020 1038 5092; x_wconf 62' lang='lat' dir='ltr'><strong>praebuit,</strong></span> <span class='ocrx_word' id='word_1_663' title='bbox 1074 5020 1171 5092; x_wconf 90' lang='lat' dir='ltr'><strong>qui</strong></span> <span class='ocrx_word' id='word_1_664' title='bbox 1214 5020 1440 5092; x_wconf 91' lang='lat' dir='ltr'><strong>pridem</strong></span> <span class='ocrx_word' id='word_1_665' title='bbox 1484 5024 1650 5076; x_wconf 89' lang='lat' dir='ltr'><strong>natos</strong></span> 
     </span>
    </p>
   </div>
   <div class='ocr_carea' id='block_1_83' title="bbox 59 5103 1653 5187">
    <p class='ocr_par' dir='ltr' id='par_1_83' title="bbox 59 5103 1653 5187">
     <span class='ocr_line' id='line_1_84' title="bbox 59 5103 1653 5187; baseline 0.008 -31"><span class='ocrx_word' id='word_1_666' title='bbox 59 5103 173 5161; x_wconf 77' lang='lat' dir='ltr'><strong>teste</strong></span> <span class='ocrx_word' id='word_1_667' title='bbox 196 5113 449 5184; x_wconf 88' lang='lat' dir='ltr'><strong>suscepit.</strong></span> <span class='ocrx_word' id='word_1_668' title='bbox 484 5114 601 5169; x_wconf 89' lang='lat' dir='ltr'><strong>Sub</strong></span> <span class='ocrx_word' id='word_1_669' title='bbox 628 5116 939 5186; x_wconf 89' lang='lat' dir='ltr'><strong>conspectu</strong></span> <span class='ocrx_word' id='word_1_670' title='bbox 968 5117 1220 5169; x_wconf 90' lang='lat' dir='ltr'><strong>matrum</strong></span> <span class='ocrx_word' id='word_1_671' title='bbox 1237 5115 1653 5187; x_wconf 89' lang='lat' dir='ltr'><strong>premebantur</strong></span> 
     </span>
    </p>
   </div>
   <div class='ocr_carea' id='block_1_84' title="bbox 60 5200 1650 5280">
    <p class='ocr_par' dir='ltr' id='par_1_84' title="bbox 60 5200 1650 5280">
     <span class='ocr_line' id='line_1_85' title="bbox 60 5200 1650 5280; baseline 0.007 -29"><span class='ocrx_word' id='word_1_672' title='bbox 60 5200 243 5271; x_wconf 73' lang='lat' dir='ltr'><strong>vagitus</strong></span> <span class='ocrx_word' id='word_1_673' title='bbox 284 5205 594 5277; x_wconf 88' lang='lat' dir='ltr'><strong>infantum,</strong></span> <span class='ocrx_word' id='word_1_674' title='bbox 647 5210 707 5262; x_wconf 92' lang='lat' dir='ltr'><strong>et</strong></span> <span class='ocrx_word' id='word_1_675' title='bbox 754 5208 1041 5280; x_wconf 84' lang='lat' dir='ltr'><strong>lacrymas</strong></span> <span class='ocrx_word' id='word_1_676' title='bbox 1091 5224 1221 5263; x_wconf 88' lang='lat' dir='ltr'><strong>suas</strong></span> <span class='ocrx_word' id='word_1_677' title='bbox 1258 5208 1317 5263; x_wconf 92' lang='lat' dir='ltr'><strong>in</strong></span> <span class='ocrx_word' id='word_1_678' title='bbox 1353 5211 1650 5264; x_wconf 89' lang='lat' dir='ltr'><strong>maternos</strong></span> 
     </span>
    </p>
   </div>
   <div class='ocr_carea' id='block_1_85' title="bbox 59 5295 1651 5371">
    <p class='ocr_par' dir='ltr' id='par_1_85' title="bbox 59 5295 1651 5371">
     <span class='ocr_line' id='line_1_86' title="bbox 59 5295 1651 5371; baseline 0.009 -28"><span class='ocrx_word' id='word_1_679' title='bbox 59 5295 217 5350; x_wconf 88' lang='lat' dir='ltr'><strong>oculos</strong></span> <span class='ocrx_word' id='word_1_680' title='bbox 234 5301 621 5371; x_wconf 88' lang='lat' dir='ltr'><strong>reportabant.</strong></span> <span class='ocrx_word' id='word_1_681' title='bbox 641 5302 901 5358; x_wconf 89' lang='lat' dir='ltr'><strong>Salvator</strong></span> <span class='ocrx_word' id='word_1_682' title='bbox 920 5304 1117 5357; x_wconf 89' lang='lat' dir='ltr'><strong>noster</strong></span> <span class='ocrx_word' id='word_1_683' title='bbox 1154 5302 1304 5357; x_wconf 90' lang='lat' dir='ltr'><strong>inter</strong></span> <span class='ocrx_word' id='word_1_684' title='bbox 1340 5302 1651 5358; x_wconf 90' lang='lat' dir='ltr'><strong>infantium</strong></span> 
     </span>
    </p>
   </div>
   <div class='ocr_carea' id='block_1_86' title="bbox 59 5385 1651 5469">
    <p class='ocr_par' dir='ltr' id='par_1_86' title="bbox 59 5385 1651 5469">
     <span class='ocr_line' id='line_1_87' title="bbox 59 5385 1651 5469; baseline 0.008 -30"><span class='ocrx_word' id='word_1_685' title='bbox 59 5385 229 5445; x_wconf 84' lang='lat' dir='ltr'><strong>funera</strong></span> <span class='ocrx_word' id='word_1_686' title='bbox 274 5395 636 5465; x_wconf 61' lang='lat' dir='ltr'><strong>quaarebatur</strong></span> <span class='ocrx_word' id='word_1_687' title='bbox 672 5412 685 5451; x_wconf 87' lang='lat'><strong>:</strong></span> <span class='ocrx_word' id='word_1_688' title='bbox 740 5395 839 5467; x_wconf 91' lang='lat' dir='ltr'><strong>qui</strong></span> <span class='ocrx_word' id='word_1_689' title='bbox 881 5396 955 5451; x_wconf 90' lang='lat' dir='ltr'><strong>ad</strong></span> <span class='ocrx_word' id='word_1_690' title='bbox 998 5397 1108 5451; x_wconf 90' lang='lat' dir='ltr'><strong>hoc</strong></span> <span class='ocrx_word' id='word_1_691' title='bbox 1148 5396 1411 5469; x_wconf 88' lang='lat' dir='ltr'><strong>permisit</strong></span> <span class='ocrx_word' id='word_1_692' title='bbox 1443 5414 1547 5469; x_wconf 90' lang='lat' dir='ltr'><strong>pro</strong></span> <span class='ocrx_word' id='word_1_693' title='bbox 1591 5414 1651 5452; x_wconf 92' lang='lat' dir='ltr'><strong>se</strong></span> 
     </span>
    </p>
   </div>
   <div class='ocr_carea' id='block_1_87' title="bbox 60 5474 1648 5561">
    <p class='ocr_par' dir='ltr' id='par_1_87' title="bbox 60 5474 1648 5561">
     <span class='ocr_line' id='line_1_88' title="bbox 60 5474 1648 5561; baseline 0.009 -31"><span class='ocrx_word' id='word_1_694' title='bbox 60 5474 270 5539; x_wconf 85' lang='lat' dir='ltr'><strong>infantes</strong></span> <span class='ocrx_word' id='word_1_695' title='bbox 295 5488 494 5557; x_wconf 89' lang='lat' dir='ltr'><strong>occidi,</strong></span> <span class='ocrx_word' id='word_1_696' title='bbox 526 5492 588 5544; x_wconf 88' lang='lat' dir='ltr'><strong>ut</strong></span> <span class='ocrx_word' id='word_1_697' title='bbox 624 5505 730 5561; x_wconf 93' lang='lat' dir='ltr'><strong>pro</strong></span> <span class='ocrx_word' id='word_1_698' title='bbox 768 5489 890 5561; x_wconf 90' lang='lat' dir='ltr'><strong>ipso</strong></span> <span class='ocrx_word' id='word_1_699' title='bbox 940 5489 1120 5544; x_wconf 88' lang='lat' dir='ltr'><strong>ceteri</strong></span> <span class='ocrx_word' id='word_1_700' title='bbox 1159 5489 1447 5545; x_wconf 90' lang='lat' dir='ltr'><strong>discerent</strong></span> <span class='ocrx_word' id='word_1_701' title='bbox 1480 5489 1648 5545; x_wconf 90' lang='lat' dir='ltr'><strong>mori.</strong></span> 
     </span>
    </p>
   </div>
   <div class='ocr_carea' id='block_1_88' title="bbox 60 5568 1653 5655">
    <p class='ocr_par' dir='ltr' id='par_1_88' title="bbox 60 5568 1653 5655">
     <span class='ocr_line' id='line_1_89' title="bbox 60 5568 1653 5655; baseline 0.006 -27"><span class='ocrx_word' id='word_1_702' title='bbox 60 5568 303 5633; x_wconf 70' lang='lat' dir='ltr'><strong>Natabant</strong></span> <span class='ocrx_word' id='word_1_703' title='bbox 326 5580 528 5637; x_wconf 90' lang='lat' dir='ltr'><strong>domus</strong></span> <span class='ocrx_word' id='word_1_704' title='bbox 555 5582 838 5654; x_wconf 88' lang='lat' dir='ltr'><strong>sanguine</strong></span> <span class='ocrx_word' id='word_1_705' title='bbox 866 5584 1237 5655; x_wconf 86' lang='lat' dir='ltr'><strong>parvulorum</strong></span> <span class='ocrx_word' id='word_1_706' title='bbox 1260 5600 1273 5652; x_wconf 92' lang='lat'><strong>;</strong></span> <span class='ocrx_word' id='word_1_707' title='bbox 1298 5600 1406 5639; x_wconf 91' lang='lat' dir='ltr'><strong>nec</strong></span> <span class='ocrx_word' id='word_1_708' title='bbox 1428 5582 1537 5639; x_wconf 89' lang='lat' dir='ltr'><strong>fuit</strong></span> <span class='ocrx_word' id='word_1_709' title='bbox 1555 5583 1653 5655; x_wconf 89' lang='lat' dir='ltr'><strong>qui</strong></span> 
     </span>
    </p>
   </div>
   <div class='ocr_carea' id='block_1_89' title="bbox 57 5670 1655 5749">
    <p class='ocr_par' dir='ltr' id='par_1_89' title="bbox 57 5670 1655 5749">
     <span class='ocr_line' id='line_1_90' title="bbox 57 5670 1655 5749; baseline 0.009 -33"><span class='ocrx_word' id='word_1_710' title='bbox 57 5670 299 5726; x_wconf 87' lang='lat' dir='ltr'><strong>consolari</strong></span> <span class='ocrx_word' id='word_1_711' title='bbox 308 5674 549 5731; x_wconf 88' lang='lat' dir='ltr'><strong>alterum</strong></span> <span class='ocrx_word' id='word_1_712' title='bbox 578 5680 792 5749; x_wconf 89' lang='lat' dir='ltr'><strong>posset,</strong></span> <span class='ocrx_word' id='word_1_713' title='bbox 813 5676 949 5749; x_wconf 85' lang='lat' dir='ltr'><strong>quia</strong></span> <span class='ocrx_word' id='word_1_714' title='bbox 972 5693 1090 5733; x_wconf 92' lang='lat' dir='ltr'><strong>non</strong></span> <span class='ocrx_word' id='word_1_715' title='bbox 1109 5679 1235 5733; x_wconf 88' lang='lat' dir='ltr'><strong>erat</strong></span> <span class='ocrx_word' id='word_1_716' title='bbox 1254 5675 1352 5749; x_wconf 90' lang='lat' dir='ltr'><strong>qui</strong></span> <span class='ocrx_word' id='word_1_717' title='bbox 1371 5677 1655 5749; x_wconf 85' lang='lat' dir='ltr'><strong>lacrymas</strong></span> 
     </span>
    </p>
   </div>
   <div class='ocr_carea' id='block_1_90' title="bbox 55 5761 1656 5844">
    <p class='ocr_par' dir='ltr' id='par_1_90' title="bbox 55 5761 1656 5844">
     <span class='ocr_line' id='line_1_91' title="bbox 55 5761 1656 5844; baseline 0.009 -33"><span class='ocrx_word' id='word_1_718' title='bbox 55 5773 152 5812; x_wconf 87' lang='lat' dir='ltr'><strong>non</strong></span> <span class='ocrx_word' id='word_1_719' title='bbox 168 5761 408 5822; x_wconf 86' lang='lat' dir='ltr'><strong>haberet.</strong></span> <span class='ocrx_word' id='word_1_720' title='bbox 436 5769 647 5826; x_wconf 82' lang='lat' dir='ltr'><strong>Invicta</strong></span> <span class='ocrx_word' id='word_1_721' title='bbox 680 5770 897 5827; x_wconf 89' lang='lat' dir='ltr'><strong>orbitas</strong></span> <span class='ocrx_word' id='word_1_722' title='bbox 932 5773 1167 5827; x_wconf 87' lang='lat' dir='ltr'><strong>cunctos</strong></span> <span class='ocrx_word' id='word_1_723' title='bbox 1198 5773 1548 5844; x_wconf 83' lang='lat' dir='ltr'><strong>aequaverat,</strong></span> <span class='ocrx_word' id='word_1_724' title='bbox 1596 5773 1656 5825; x_wconf 90' lang='lat' dir='ltr'><strong>et</strong></span> 
     </span>
    </p>
   </div>
   <div class='ocr_carea' id='block_1_91' title="bbox 55 5863 1652 5939">
    <p class='ocr_par' dir='ltr' id='par_1_91' title="bbox 55 5863 1652 5939">
     <span class='ocr_line' id='line_1_92' title="bbox 55 5863 1652 5939; baseline 0.007 -30"><span class='ocrx_word' id='word_1_725' title='bbox 55 5866 325 5914; x_wconf 81' lang='lat' dir='ltr'><strong>commune</strong></span> <span class='ocrx_word' id='word_1_726' title='bbox 337 5863 551 5919; x_wconf 89' lang='lat' dir='ltr'><strong>malum</strong></span> <span class='ocrx_word' id='word_1_727' title='bbox 562 5864 777 5939; x_wconf 90' lang='lat' dir='ltr'><strong>ubique</strong></span> <span class='ocrx_word' id='word_1_728' title='bbox 788 5865 1034 5922; x_wconf 89' lang='lat' dir='ltr'><strong>luctibus</strong></span> <span class='ocrx_word' id='word_1_729' title='bbox 1048 5863 1652 5939; x_wconf 89' lang='lat' dir='ltr'><strong>gerebatur.0ppressi</strong></span> 
     </span>
    </p>
   </div>
   <div class='ocr_carea' id='block_1_92' title="bbox 118 5946 642 6032">
    <p class='ocr_par' dir='ltr' id='par_1_92' title="bbox 118 5946 642 6032">
     <span class='ocr_line' id='line_1_93' title="bbox 118 5946 642 6032; baseline 0.002 -16"><span class='ocrx_word' id='word_1_730' title='bbox 118 5946 183 6019; x_wconf 85' lang='grc' dir='ltr'><strong>(α)</strong></span> <span class='ocrx_word' id='word_1_731' title='bbox 202 5949 333 6010; x_wconf 87' lang='lat' dir='ltr'><strong>Vide</strong></span> <span class='ocrx_word' id='word_1_732' title='bbox 358 5970 491 6032; x_wconf 81' lang='lat' dir='ltr'><strong>pag.</strong></span> <span class='ocrx_word' id='word_1_733' title='bbox 522 5958 642 6019; x_wconf 80' lang='grc'><strong>184.</strong></span> 
     </span>
    </p>
   </div>
   <div class='ocr_carea' id='block_1_93' title="bbox 1749 4734 3393 4806">
    <p class='ocr_par' dir='ltr' id='par_1_93' title="bbox 1749 4734 3393 4806">
     <span class='ocr_line' id='line_1_94' title="bbox 1749 4734 3393 4806; baseline 0.001 -14"><span class='ocrx_word' id='word_1_734' title='bbox 1749 4737 2016 4792; x_wconf 89' lang='lat' dir='ltr'><strong>vinitore.</strong></span> <span class='ocrx_word' id='word_1_735' title='bbox 2046 4737 2175 4790; x_wconf 73' lang='lat' dir='ltr'><strong>Haec</strong></span> <span class='ocrx_word' id='word_1_736' title='bbox 2206 4734 2406 4790; x_wconf 90' lang='lat' dir='ltr'><strong>omnia</strong></span> <span class='ocrx_word' id='word_1_737' title='bbox 2437 4751 2611 4806; x_wconf 90' lang='lat' dir='ltr'><strong>supra</strong></span> <span class='ocrx_word' id='word_1_738' title='bbox 2641 4734 2850 4790; x_wconf 87' lang='lat' dir='ltr'><strong>scribta</strong></span> <span class='ocrx_word' id='word_1_739' title='bbox 2889 4735 3014 4806; x_wconf 89' lang='lat' dir='ltr'><strong>tibi,</strong></span> <span class='ocrx_word' id='word_1_740' title='bbox 3063 4737 3393 4792; x_wconf 91' lang='lat' dir='ltr'><strong>dulcissime</strong></span> 
     </span>
    </p>
   </div>
   <div class='ocr_carea' id='block_1_94' title="bbox 1750 4828 3394 4900">
    <p class='ocr_par' dir='ltr' id='par_1_94' title="bbox 1750 4828 3394 4900">
     <span class='ocr_line' id='line_1_95' title="bbox 1750 4828 3394 4900; baseline 0.001 -15"><span class='ocrx_word' id='word_1_741' title='bbox 1750 4830 1851 4900; x_wconf 82' lang='lat' dir='ltr'><strong>fili,</strong></span> <span class='ocrx_word' id='word_1_742' title='bbox 1879 4847 1947 4884; x_wconf 83' lang='lat' dir='ltr'><strong>ex</strong></span> <span class='ocrx_word' id='word_1_743' title='bbox 1978 4846 2111 4885; x_wconf 90' lang='lat' dir='ltr'><strong>mea</strong></span> <span class='ocrx_word' id='word_1_744' title='bbox 2133 4830 2429 4884; x_wconf 87' lang='lat' dir='ltr'><strong>voluntate</strong></span> <span class='ocrx_word' id='word_1_745' title='bbox 2474 4829 2565 4883; x_wconf 90' lang='lat' dir='ltr'><strong>vel</strong></span> <span class='ocrx_word' id='word_1_746' title='bbox 2615 4845 2682 4883; x_wconf 81' lang='lat' dir='ltr'><strong>ex</strong></span> <span class='ocrx_word' id='word_1_747' title='bbox 2732 4828 3189 4887; x_wconf 90' lang='lat' dir='ltr'><strong>demondatione</strong></span> <span class='ocrx_word' id='word_1_748' title='bbox 3250 4833 3394 4887; x_wconf 67' lang='lat' dir='ltr'><strong>divm</strong></span> 
     </span>
    </p>
   </div>
   <div class='ocr_carea' id='block_1_95' title="bbox 1750 4921 3394 4981">
    <p class='ocr_par' dir='ltr' id='par_1_95' title="bbox 1750 4921 3394 4981">
     <span class='ocr_line' id='line_1_96' title="bbox 1750 4921 3394 4981; baseline 0.001 -2"><span class='ocrx_word' id='word_1_749' title='bbox 1750 4923 2054 4979; x_wconf 84' lang='lat' dir='ltr'><strong>memoriae</strong></span> <span class='ocrx_word' id='word_1_750' title='bbox 2070 4922 2412 4979; x_wconf 90' lang='lat' dir='ltr'><strong>Deorovaldi</strong></span> <span class='ocrx_word' id='word_1_751' title='bbox 2432 4922 2649 4977; x_wconf 90' lang='lat' dir='ltr'><strong>habere</strong></span> <span class='ocrx_word' id='word_1_752' title='bbox 2669 4921 2958 4978; x_wconf 89' lang='lat' dir='ltr'><strong>constitui.</strong></span> <span class='ocrx_word' id='word_1_753' title='bbox 2983 4924 3162 4979; x_wconf 89' lang='lat' dir='ltr'><strong>Vinea</strong></span> <span class='ocrx_word' id='word_1_754' title='bbox 3195 4925 3303 4981; x_wconf 89' lang='lat' dir='ltr'><strong>sita</strong></span> <span class='ocrx_word' id='word_1_755' title='bbox 3334 4927 3394 4981; x_wconf 92' lang='lat' dir='ltr'><strong>in</strong></span> 
     </span>
    </p>
   </div>
   <div class='ocr_carea' id='block_1_96' title="bbox 1749 5016 3397 5091">
    <p class='ocr_par' dir='ltr' id='par_1_96' title="bbox 1749 5016 3397 5091">
     <span class='ocr_line' id='line_1_97' title="bbox 1749 5016 3397 5091; baseline 0.001 -18"><span class='ocrx_word' id='word_1_756' title='bbox 1749 5021 1949 5073; x_wconf 90' lang='lat' dir='ltr'><strong>monte</strong></span> <span class='ocrx_word' id='word_1_757' title='bbox 1976 5016 2169 5091; x_wconf 78' lang='grc'><strong>463</strong></span> <span class='ocrx_word' id='word_1_758' title='bbox 2196 5018 2394 5073; x_wconf 85' lang='lat' dir='ltr'><strong>Me.....</strong></span> <span class='ocrx_word' id='word_1_759' title='bbox 2414 5032 2591 5089; x_wconf 90' lang='lat' dir='ltr'><strong>quem</strong></span> <span class='ocrx_word' id='word_1_760' title='bbox 2622 5016 3069 5073; x_wconf 85' lang='lat' dir='ltr'><strong>Habundancius</strong></span> <span class='ocrx_word' id='word_1_761' title='bbox 3097 5018 3251 5088; x_wconf 88' lang='lat' dir='ltr'><strong>colit,</strong></span> <span class='ocrx_word' id='word_1_762' title='bbox 3277 5036 3397 5075; x_wconf 91' lang='lat' dir='ltr'><strong>me-</strong></span> 
     </span>
    </p>
   </div>
   <div class='ocr_carea' id='block_1_97' title="bbox 1752 5110 3391 5187">
    <p class='ocr_par' dir='ltr' id='par_1_97' title="bbox 1752 5110 3391 5187">
     <span class='ocr_line' id='line_1_98' title="bbox 1752 5110 3391 5187; baseline 0.001 -20"><span class='ocrx_word' id='word_1_763' title='bbox 1752 5112 2030 5167; x_wconf 88' lang='lat' dir='ltr'><strong>dietatem</strong></span> <span class='ocrx_word' id='word_1_764' title='bbox 2056 5114 2269 5167; x_wconf 79' lang='lat' dir='ltr'><strong>sanctae</strong></span> <span class='ocrx_word' id='word_1_765' title='bbox 2300 5111 2619 5167; x_wconf 63' lang='lat' dir='ltr'><strong>ecclesias...</strong></span> <span class='ocrx_word' id='word_1_766' title='bbox 2659 5110 2874 5166; x_wconf 88' lang='lat' dir='ltr'><strong>eliense</strong></span> <span class='ocrx_word' id='word_1_767' title='bbox 2906 5111 3043 5168; x_wconf 92' lang='lat' dir='ltr'><strong>dare</strong></span> <span class='ocrx_word' id='word_1_768' title='bbox 3074 5114 3347 5187; x_wconf 69' lang='lat' dir='ltr'><strong>praecipio</strong></span> <span class='ocrx_word' id='word_1_769' title='bbox 3378 5131 3391 5169; x_wconf 89' lang='lat'><strong>:</strong></span> 
     </span>
    </p>
   </div>
   <div class='ocr_carea' id='block_1_98' title="bbox 1752 5204 3394 5280">
    <p class='ocr_par' dir='ltr' id='par_1_98' title="bbox 1752 5204 3394 5280">
     <span class='ocr_line' id='line_1_99' title="bbox 1752 5204 3394 5280; baseline 0.001 -19"><span class='ocrx_word' id='word_1_770' title='bbox 1752 5206 1928 5261; x_wconf 88' lang='lat' dir='ltr'><strong>aliam</strong></span> <span class='ocrx_word' id='word_1_771' title='bbox 1954 5205 2334 5260; x_wconf 84' lang='lat' dir='ltr'><strong>medietatem</strong></span> <span class='ocrx_word' id='word_1_772' title='bbox 2361 5205 2434 5260; x_wconf 93' lang='lat' dir='ltr'><strong>de</strong></span> <span class='ocrx_word' id='word_1_773' title='bbox 2472 5205 2601 5277; x_wconf 91' lang='lat' dir='ltr'><strong>ipsa</strong></span> <span class='ocrx_word' id='word_1_774' title='bbox 2624 5204 2794 5261; x_wconf 90' lang='lat' dir='ltr'><strong>vinea</strong></span> <span class='ocrx_word' id='word_1_775' title='bbox 2841 5205 3168 5263; x_wconf 85' lang='lat' dir='ltr'><strong>dulcissimo</strong></span> <span class='ocrx_word' id='word_1_776' title='bbox 3196 5208 3394 5280; x_wconf 90' lang='lat' dir='ltr'><strong>nepoti</strong></span> 
     </span>
    </p>
   </div>
   <div class='ocr_carea' id='block_1_99' title="bbox 1751 5297 3393 5373">
    <p class='ocr_par' dir='ltr' id='par_1_99' title="bbox 1751 5297 3393 5373">
     <span class='ocr_line' id='line_1_100' title="bbox 1751 5297 3393 5373; baseline -0.001 -17"><span class='ocrx_word' id='word_1_777' title='bbox 1751 5317 1885 5356; x_wconf 90' lang='lat' dir='ltr'><strong>meo</strong></span> <span class='ocrx_word' id='word_1_778' title='bbox 1939 5297 2260 5370; x_wconf 89' lang='lat' dir='ltr'><strong>Bertigisilo</strong></span> <span class='ocrx_word' id='word_1_779' title='bbox 2302 5299 2520 5354; x_wconf 90' lang='lat' dir='ltr'><strong>habere</strong></span> <span class='ocrx_word' id='word_1_780' title='bbox 2561 5299 2762 5371; x_wconf 90' lang='lat' dir='ltr'><strong>jubeo.</strong></span> <span class='ocrx_word' id='word_1_781' title='bbox 2794 5299 2993 5371; x_wconf 89' lang='lat' dir='ltr'><strong>Vinea,</strong></span> <span class='ocrx_word' id='word_1_782' title='bbox 3028 5318 3203 5373; x_wconf 88' lang='lat' dir='ltr'><strong>quam</strong></span> <span class='ocrx_word' id='word_1_783' title='bbox 3226 5300 3393 5371; x_wconf 83' lang='lat' dir='ltr'><strong>Agila</strong></span> 
     </span>
    </p>
   </div>
   <div class='ocr_carea' id='block_1_100' title="bbox 1752 5391 3387 5466">
    <p class='ocr_par' dir='ltr' id='par_1_100' title="bbox 1752 5391 3387 5466">
     <span class='ocr_line' id='line_1_101' title="bbox 1752 5391 3387 5466; baseline -0.001 -18"><span class='ocrx_word' id='word_1_784' title='bbox 1752 5393 1973 5448; x_wconf 88' lang='lat' dir='ltr'><strong>femina</strong></span> <span class='ocrx_word' id='word_1_785' title='bbox 2004 5391 2226 5461; x_wconf 89' lang='lat' dir='ltr'><strong>tenuit;</strong></span> <span class='ocrx_word' id='word_1_786' title='bbox 2255 5394 2313 5447; x_wconf 92' lang='lat' dir='ltr'><strong>et</strong></span> <span class='ocrx_word' id='word_1_787' title='bbox 2340 5392 2591 5461; x_wconf 88' lang='lat' dir='ltr'><strong>vineam,</strong></span> <span class='ocrx_word' id='word_1_788' title='bbox 2622 5411 2799 5466; x_wconf 88' lang='lat' dir='ltr'><strong>quam</strong></span> <span class='ocrx_word' id='word_1_789' title='bbox 2815 5394 3211 5450; x_wconf 72' lang='lat' dir='ltr'><strong>Imnacharius</strong></span> <span class='ocrx_word' id='word_1_790' title='bbox 3232 5393 3387 5460; x_wconf 90' lang='lat' dir='ltr'><strong>colit,</strong></span> 
     </span>
    </p>
   </div>
   <div class='ocr_carea' id='block_1_101' title="bbox 1756 5486 3389 5561">
    <p class='ocr_par' dir='ltr' id='par_1_101' title="bbox 1756 5486 3389 5561">
     <span class='ocr_line' id='line_1_102' title="bbox 1756 5486 3389 5561; baseline -0.002 -18"><span class='ocrx_word' id='word_1_791' title='bbox 1756 5486 2097 5543; x_wconf 83' lang='lat' dir='ltr'><strong>dulcissimae</strong></span> <span class='ocrx_word' id='word_1_792' title='bbox 2137 5486 2296 5558; x_wconf 88' lang='lat' dir='ltr'><strong>nepti</strong></span> <span class='ocrx_word' id='word_1_793' title='bbox 2334 5504 2481 5543; x_wconf 56' lang='lat' dir='ltr'><strong>mea}</strong></span> <span class='ocrx_word' id='word_1_794' title='bbox 2511 5489 2849 5543; x_wconf 73' lang='lat' dir='ltr'><strong>Deorovaree</strong></span> <span class='ocrx_word' id='word_1_795' title='bbox 2881 5504 3013 5543; x_wconf 89' lang='lat' dir='ltr'><strong>cum</strong></span> <span class='ocrx_word' id='word_1_796' title='bbox 3042 5488 3167 5561; x_wconf 90' lang='lat' dir='ltr'><strong>ipso</strong></span> <span class='ocrx_word' id='word_1_797' title='bbox 3198 5489 3389 5542; x_wconf 89' lang='lat' dir='ltr'><strong>Imna-</strong></span> 
     </span>
    </p>
   </div>
   <div class='ocr_carea' id='block_1_102' title="bbox 1756 5580 3393 5653">
    <p class='ocr_par' dir='ltr' id='par_1_102' title="bbox 1756 5580 3393 5653">
     <span class='ocr_line' id='line_1_103' title="bbox 1756 5580 3393 5653; baseline -0.001 -17"><span class='ocrx_word' id='word_1_798' title='bbox 1756 5580 1950 5636; x_wconf 90' lang='lat' dir='ltr'><strong>chario</strong></span> <span class='ocrx_word' id='word_1_799' title='bbox 1976 5581 2189 5636; x_wconf 90' lang='lat' dir='ltr'><strong>habere</strong></span> <span class='ocrx_word' id='word_1_800' title='bbox 2209 5581 2501 5653; x_wconf 59' lang='lat' dir='ltr'><strong>praecipio.</strong></span> <span class='ocrx_word' id='word_1_801' title='bbox 2520 5581 2947 5653; x_wconf 88' lang='lat' dir='ltr'><strong>Vineaplantas,</strong></span> <span class='ocrx_word' id='word_1_802' title='bbox 2963 5581 3061 5652; x_wconf 90' lang='lat' dir='ltr'><strong>qui</strong></span> <span class='ocrx_word' id='word_1_803' title='bbox 3083 5585 3215 5636; x_wconf 91' lang='lat' dir='ltr'><strong>sunt</strong></span> <span class='ocrx_word' id='word_1_804' title='bbox 3230 5597 3393 5635; x_wconf 89' lang='lat' dir='ltr'><strong>secus</strong></span> 
     </span>
    </p>
   </div>
   <div class='ocr_carea' id='block_1_103' title="bbox 1754 5672 3390 5745">
    <p class='ocr_par' dir='ltr' id='par_1_103' title="bbox 1754 5672 3390 5745">
     <span class='ocr_line' id='line_1_104' title="bbox 1754 5672 3390 5745; baseline -0.001 -16"><span class='ocrx_word' id='word_1_805' title='bbox 1754 5675 1984 5730; x_wconf 90' lang='lat' dir='ltr'><strong>vineam</strong></span> <span class='ocrx_word' id='word_1_806' title='bbox 2019 5674 2288 5744; x_wconf 91' lang='lat' dir='ltr'><strong>Sevilam,</strong></span> <span class='ocrx_word' id='word_1_807' title='bbox 2331 5672 2658 5730; x_wconf 89' lang='lat' dir='ltr'><strong>dulcissimo</strong></span> <span class='ocrx_word' id='word_1_808' title='bbox 2705 5673 2901 5745; x_wconf 89' lang='lat' dir='ltr'><strong>nepoti</strong></span> <span class='ocrx_word' id='word_1_809' title='bbox 2935 5689 3069 5729; x_wconf 89' lang='lat' dir='ltr'><strong>meo</strong></span> <span class='ocrx_word' id='word_1_810' title='bbox 3102 5672 3390 5728; x_wconf 88' lang='lat' dir='ltr'><strong>Berterico</strong></span> 
     </span>
    </p>
   </div>
   <div class='ocr_carea' id='block_1_104' title="bbox 1755 5766 3390 5840">
    <p class='ocr_par' dir='ltr' id='par_1_104' title="bbox 1755 5766 3390 5840">
     <span class='ocr_line' id='line_1_105' title="bbox 1755 5766 3390 5840; baseline -0.004 -16"><span class='ocrx_word' id='word_1_811' title='bbox 1755 5768 1971 5824; x_wconf 90' lang='lat' dir='ltr'><strong>habere</strong></span> <span class='ocrx_word' id='word_1_812' title='bbox 2000 5768 2293 5840; x_wconf 67' lang='lat' dir='ltr'><strong>praecipio.</strong></span> <span class='ocrx_word' id='word_1_813' title='bbox 2327 5768 2508 5823; x_wconf 88' lang='lat' dir='ltr'><strong>Vinea</strong></span> <span class='ocrx_word' id='word_1_814' title='bbox 2536 5783 2709 5839; x_wconf 91' lang='lat' dir='ltr'><strong>quem</strong></span> <span class='ocrx_word' id='word_1_815' title='bbox 2729 5766 3080 5822; x_wconf 88' lang='lat' dir='ltr'><strong>Vincimalus</strong></span> <span class='ocrx_word' id='word_1_816' title='bbox 3106 5766 3167 5820; x_wconf 91' lang='lat' dir='ltr'><strong>in</strong></span> <span class='ocrx_word' id='word_1_817' title='bbox 3188 5768 3390 5818; x_wconf 90' lang='lat' dir='ltr'><strong>monte</strong></span> 
     </span>
    </p>
   </div>
   <div class='ocr_carea' id='block_1_105' title="bbox 1752 5854 3393 5934">
    <p class='ocr_par' dir='ltr' id='par_1_105' title="bbox 1752 5854 3393 5934">
     <span class='ocr_line' id='line_1_106' title="bbox 1752 5854 3393 5934; baseline -0.005 -16"><span class='ocrx_word' id='word_1_818' title='bbox 1752 5859 2104 5919; x_wconf 90' lang='lat' dir='ltr'><strong>Vultoricino</strong></span> <span class='ocrx_word' id='word_1_819' title='bbox 2131 5862 2285 5932; x_wconf 90' lang='lat' dir='ltr'><strong>colit,</strong></span> <span class='ocrx_word' id='word_1_820' title='bbox 2315 5864 2372 5917; x_wconf 88' lang='lat' dir='ltr'><strong>et</strong></span> <span class='ocrx_word' id='word_1_821' title='bbox 2390 5861 2603 5934; x_wconf 89' lang='lat' dir='ltr'><strong>puella,</strong></span> <span class='ocrx_word' id='word_1_822' title='bbox 2637 5858 2878 5916; x_wconf 90' lang='lat' dir='ltr'><strong>nomine</strong></span> <span class='ocrx_word' id='word_1_823' title='bbox 2899 5854 3307 5925; x_wconf 87' lang='lat' dir='ltr'><strong>Sunnechilde,</strong></span> <span class='ocrx_word' id='word_1_824' title='bbox 3333 5858 3393 5910; x_wconf 91' lang='lat' dir='ltr'><strong>et</strong></span> 
     </span>
    </p>
   </div>
  </div>
