  <div class='ocr_page' id='page_1' title='image "/cluster/home/n/w/nwhite01/storage/ocr_20150623/72/uva.x000827084/275.png"; bbox 0 0 4014 6230; ppageno 0'>
   <div class='ocr_carea' id='block_1_1' title="bbox 512 367 615 421">
    <p class='ocr_par' dir='ltr' id='par_1_1' title="bbox 512 367 615 421">
     <span class='ocr_line' id='line_1_1' title="bbox 512 367 615 421; baseline 0 -1"><span class='ocrx_word' id='word_1_1' title='bbox 512 367 615 421; x_wconf 63' lang='lat' dir='ltr'>ars</span> 
     </span>
    </p>
   </div>
   <div class='ocr_carea' id='block_1_2' title="bbox 1310 318 3101 425">
    <p class='ocr_par' dir='ltr' id='par_1_2' title="bbox 1310 318 3101 425">
     <span class='ocr_line' id='line_1_2' title="bbox 1310 318 3101 425; baseline 0 -3"><span class='ocrx_word' id='word_1_2' title='bbox 1310 318 1643 422; x_wconf 48' lang='grc' dir='ltr'>ᾹΡΡΕΝΒΙΧ</span> <span class='ocrx_word' id='word_1_3' title='bbox 1679 365 1767 419; x_wconf 81' lang='grc' dir='ltr'>ΑΙ)</span> <span class='ocrx_word' id='word_1_4' title='bbox 1803 366 2023 419; x_wconf 73' lang='lat' dir='ltr'><strong>OPERA</strong></span> <span class='ocrx_word' id='word_1_5' title='bbox 2061 366 2295 422; x_wconf 81' lang='lat' dir='ltr'>SANCTI</span> <span class='ocrx_word' id='word_1_6' title='bbox 2335 368 2635 424; x_wconf 77' lang='lat' dir='ltr'><strong>GERMANI</strong></span> <span class='ocrx_word' id='word_1_7' title='bbox 2673 368 3101 425; x_wconf 78' lang='lat' dir='ltr'>PARlSlENSlS.</span> 
     </span>
    </p>
   </div>
   <div class='ocr_carea' id='block_1_3' title="bbox 3779 375 3873 431">
    <p class='ocr_par' dir='ltr' id='par_1_3' title="bbox 3779 375 3873 431">
     <span class='ocr_line' id='line_1_3' title="bbox 3779 375 3873 431; baseline 0.021 -2"><span class='ocrx_word' id='word_1_8' title='bbox 3779 375 3873 431; x_wconf 64' lang='grc'>436</span> 
     </span>
    </p>
   </div>
   <div class='ocr_carea' id='block_1_4' title="bbox 515 470 3879 559">
    <p class='ocr_par' dir='ltr' id='par_1_4' title="bbox 515 470 3879 559">
     <span class='ocr_line' id='line_1_4' title="bbox 515 470 3879 559; baseline 0.003 -30"><span class='ocrx_word' id='word_1_9' title='bbox 515 472 723 530; x_wconf 84' lang='lat' dir='ltr'>ancilla</span> <span class='ocrx_word' id='word_1_10' title='bbox 747 472 988 529; x_wconf 85' lang='lat' dir='ltr'>nomine</span> <span class='ocrx_word' id='word_1_11' title='bbox 1007 472 1221 543; x_wconf 67' lang='lat' dir='ltr'>Iverite,</span> <span class='ocrx_word' id='word_1_12' title='bbox 1245 488 1376 528; x_wconf 90' lang='lat' dir='ltr'>cum</span> <span class='ocrx_word' id='word_1_13' title='bbox 1396 471 1514 527; x_wconf 84' lang='lat' dir='ltr'>ﬁlio</span> <span class='ocrx_word' id='word_1_14' title='bbox 1526 470 1785 527; x_wconf 90' lang='lat' dir='ltr'>Leudino</span> <span class='ocrx_word' id='word_1_15' title='bbox 1807 470 2154 529; x_wconf 73' lang='lat' dir='ltr'>dulcissimae</span> <span class='ocrx_word' id='word_1_16' title='bbox 2174 483 2235 559; x_wconf 75' lang='grc' dir='ltr'>Α</span> <span class='ocrx_word' id='word_1_17' title='bbox 2253 474 2451 531; x_wconf 85' lang='lat' dir='ltr'>harius</span> <span class='ocrx_word' id='word_1_18' title='bbox 2483 474 2745 531; x_wconf 82' lang='lat' dir='ltr'>similiter</span> <span class='ocrx_word' id='word_1_19' title='bbox 2769 491 2901 532; x_wconf 92' lang='lat' dir='ltr'>cum</span> <span class='ocrx_word' id='word_1_20' title='bbox 2931 476 3108 532; x_wconf 87' lang='lat' dir='ltr'>boves</span> <span class='ocrx_word' id='word_1_21' title='bbox 3138 477 3202 531; x_wconf 90' lang='lat' dir='ltr'>ut</span> <span class='ocrx_word' id='word_1_22' title='bbox 3219 476 3487 533; x_wconf 88' lang='lat' dir='ltr'>laborent</span> <span class='ocrx_word' id='word_1_23' title='bbox 3503 477 3708 550; x_wconf 85' lang='lat' dir='ltr'>jubeo,</span> <span class='ocrx_word' id='word_1_24' title='bbox 3736 482 3879 539; x_wconf 89' lang='lat' dir='ltr'>unde</span> 
     </span>
    </p>
   </div>
   <div class='ocr_carea' id='block_1_5' title="bbox 515 565 2149 636">
    <p class='ocr_par' dir='ltr' id='par_1_5' title="bbox 515 565 2149 636">
     <span class='ocr_line' id='line_1_5' title="bbox 515 565 2149 636; baseline -0.001 -10"><span class='ocrx_word' id='word_1_25' title='bbox 515 585 673 626; x_wconf 62' lang='lat' dir='ltr'>noras</span> <span class='ocrx_word' id='word_1_26' title='bbox 696 584 847 624; x_wconf 68' lang='lat' dir='ltr'>mem</span> <span class='ocrx_word' id='word_1_27' title='bbox 867 569 1189 623; x_wconf 65' lang='lat' dir='ltr'>Bertovaraa</span> <span class='ocrx_word' id='word_1_28' title='bbox 1204 567 1418 621; x_wconf 90' lang='lat' dir='ltr'>habere</span> <span class='ocrx_word' id='word_1_29' title='bbox 1434 565 1634 636; x_wconf 86' lang='lat' dir='ltr'>jubeo.</span> <span class='ocrx_word' id='word_1_30' title='bbox 1657 567 1800 621; x_wconf 86' lang='lat' dir='ltr'>Item</span> <span class='ocrx_word' id='word_1_31' title='bbox 1822 566 2149 624; x_wconf 89' lang='lat' dir='ltr'>dulcissimo</span> 
     </span>
    </p>
   </div>
   <div class='ocr_carea' id='block_1_6' title="bbox 516 658 2146 736">
    <p class='ocr_par' dir='ltr' id='par_1_6' title="bbox 516 658 2146 736">
     <span class='ocr_line' id='line_1_6' title="bbox 516 658 2146 736; baseline -0.002 -17"><span class='ocrx_word' id='word_1_32' title='bbox 516 663 714 736; x_wconf 81' lang='lat' dir='ltr'>nepoti</span> <span class='ocrx_word' id='word_1_33' title='bbox 737 679 869 718; x_wconf 89' lang='lat' dir='ltr'>meo</span> <span class='ocrx_word' id='word_1_34' title='bbox 896 660 1231 732; x_wconf 83' lang='lat' dir='ltr'>Bertegisilo</span> <span class='ocrx_word' id='word_1_35' title='bbox 1257 658 1525 715; x_wconf 86' lang='lat' dir='ltr'>ichriario</span> <span class='ocrx_word' id='word_1_36' title='bbox 1553 663 1858 731; x_wconf 79' lang='lat' dir='ltr'>argenteo,</span> <span class='ocrx_word' id='word_1_37' title='bbox 1892 662 1951 715; x_wconf 91' lang='lat' dir='ltr'>et</span> <span class='ocrx_word' id='word_1_38' title='bbox 1978 677 2146 716; x_wconf 91' lang='lat' dir='ltr'>man-</span> 
     </span>
    </p>
   </div>
   <div class='ocr_carea' id='block_1_7' title="bbox 516 753 2147 830">
    <p class='ocr_par' dir='ltr' id='par_1_7' title="bbox 516 753 2147 830">
     <span class='ocr_line' id='line_1_7' title="bbox 516 753 2147 830; baseline -0.001 -18"><span class='ocrx_word' id='word_1_39' title='bbox 516 758 665 830; x_wconf 90' lang='lat' dir='ltr'>cipia</span> <span class='ocrx_word' id='word_1_40' title='bbox 694 756 782 812; x_wconf 88' lang='lat' dir='ltr'>his</span> <span class='ocrx_word' id='word_1_41' title='bbox 813 754 1177 821; x_wconf 91' lang='lat' dir='ltr'>nominebus,</span> <span class='ocrx_word' id='word_1_42' title='bbox 1207 753 1532 823; x_wconf 88' lang='lat' dir='ltr'>Sunniulfo,</span> <span class='ocrx_word' id='word_1_43' title='bbox 1566 756 1625 808; x_wconf 89' lang='lat' dir='ltr'>et</span> <span class='ocrx_word' id='word_1_44' title='bbox 1664 770 1861 810; x_wconf 85' lang='lat' dir='ltr'>sorore</span> <span class='ocrx_word' id='word_1_45' title='bbox 1906 754 2030 826; x_wconf 86' lang='lat' dir='ltr'>ejus</span> <span class='ocrx_word' id='word_1_46' title='bbox 2055 754 2147 811; x_wconf 89' lang='lat' dir='ltr'>Gi-</span> 
     </span>
    </p>
   </div>
   <div class='ocr_carea' id='block_1_8' title="bbox 515 852 2151 922">
    <p class='ocr_par' dir='ltr' id='par_1_8' title="bbox 515 852 2151 922">
     <span class='ocr_line' id='line_1_8' title="bbox 515 852 2151 922; baseline -0.001 -10"><span class='ocrx_word' id='word_1_47' title='bbox 515 855 821 922; x_wconf 91' lang='lat' dir='ltr'>bethrude,</span> <span class='ocrx_word' id='word_1_48' title='bbox 850 857 909 909; x_wconf 90' lang='lat' dir='ltr'>et</span> <span class='ocrx_word' id='word_1_49' title='bbox 937 853 1083 909; x_wconf 89' lang='lat' dir='ltr'>ﬁlias</span> <span class='ocrx_word' id='word_1_50' title='bbox 1119 852 1440 921; x_wconf 79' lang='lat' dir='ltr'>Anthimio,</span> <span class='ocrx_word' id='word_1_51' title='bbox 1474 857 1533 908; x_wconf 92' lang='lat' dir='ltr'>et</span> <span class='ocrx_word' id='word_1_52' title='bbox 1558 852 1677 908; x_wconf 87' lang='lat' dir='ltr'>ﬁlio</span> <span class='ocrx_word' id='word_1_53' title='bbox 1707 853 2030 910; x_wconf 88' lang='lat' dir='ltr'>The.........</span> <span class='ocrx_word' id='word_1_54' title='bbox 2060 871 2151 911; x_wconf 70' lang='lat' dir='ltr'>nm</span> 
     </span>
    </p>
   </div>
   <div class='ocr_carea' id='block_1_9' title="bbox 508 947 2150 1024">
    <p class='ocr_par' dir='ltr' id='par_1_9' title="bbox 508 947 2150 1024">
     <span class='ocr_line' id='line_1_9' title="bbox 508 947 2150 1024; baseline -0.002 -17"><span class='ocrx_word' id='word_1_55' title='bbox 508 951 741 1024; x_wconf 88' lang='lat' dir='ltr'>juniore</span> <span class='ocrx_word' id='word_1_56' title='bbox 789 950 1005 1004; x_wconf 90' lang='lat' dir='ltr'>habere</span> <span class='ocrx_word' id='word_1_57' title='bbox 1051 947 1357 1003; x_wconf 88' lang='lat' dir='ltr'>constituo.</span> <span class='ocrx_word' id='word_1_58' title='bbox 1404 947 1572 1020; x_wconf 89' lang='lat' dir='ltr'>Nepti</span> <span class='ocrx_word' id='word_1_59' title='bbox 1621 964 1770 1003; x_wconf 58' lang='lat' dir='ltr'>meas</span> <span class='ocrx_word' id='word_1_60' title='bbox 1812 950 2150 1004; x_wconf 65' lang='lat' dir='ltr'>Deorovaraa</span> 
     </span>
    </p>
   </div>
   <div class='ocr_carea' id='block_1_10' title="bbox 515 1041 2149 1114">
    <p class='ocr_par' dir='ltr' id='par_1_10' title="bbox 515 1041 2149 1114">
     <span class='ocr_line' id='line_1_10' title="bbox 515 1041 2149 1114; baseline -0.002 -13"><span class='ocrx_word' id='word_1_61' title='bbox 515 1046 751 1102; x_wconf 89' lang='lat' dir='ltr'>scutella</span> <span class='ocrx_word' id='word_1_62' title='bbox 782 1045 1062 1114; x_wconf 84' lang='lat' dir='ltr'>argentea</span> <span class='ocrx_word' id='word_1_63' title='bbox 1091 1041 1420 1111; x_wconf 90' lang='lat' dir='ltr'>cruciolata,</span> <span class='ocrx_word' id='word_1_64' title='bbox 1450 1045 1509 1097; x_wconf 89' lang='lat' dir='ltr'>et</span> <span class='ocrx_word' id='word_1_65' title='bbox 1527 1041 1818 1113; x_wconf 90' lang='lat' dir='ltr'>mancipia</span> <span class='ocrx_word' id='word_1_66' title='bbox 1844 1041 1933 1097; x_wconf 87' lang='lat' dir='ltr'>his</span> <span class='ocrx_word' id='word_1_67' title='bbox 1959 1042 2149 1098; x_wconf 90' lang='lat' dir='ltr'>nomi-</span> 
     </span>
    </p>
   </div>
   <div class='ocr_carea' id='block_1_11' title="bbox 514 1136 2147 1209">
    <p class='ocr_par' dir='ltr' id='par_1_11' title="bbox 514 1136 2147 1209">
     <span class='ocr_line' id='line_1_11' title="bbox 514 1136 2147 1209; baseline -0.002 -14"><span class='ocrx_word' id='word_1_68' title='bbox 514 1140 715 1206; x_wconf 89' lang='lat' dir='ltr'>nebus,</span> <span class='ocrx_word' id='word_1_69' title='bbox 750 1136 1160 1194; x_wconf 88' lang='lat' dir='ltr'>Tanechildem</span> <span class='ocrx_word' id='word_1_70' title='bbox 1204 1137 1671 1207; x_wconf 82' lang='lat' dir='ltr'>Imnegunthem,</span> <span class='ocrx_word' id='word_1_71' title='bbox 1714 1136 2147 1209; x_wconf 86' lang='lat' dir='ltr'>lmnegisilum;</span> 
     </span>
    </p>
   </div>
   <div class='ocr_carea' id='block_1_12' title="bbox 511 1219 2149 1301">
    <p class='ocr_par' dir='ltr' id='par_1_12' title="bbox 511 1219 2149 1301">
     <span class='ocr_line' id='line_1_12' title="bbox 511 1219 2149 1301; baseline -0.002 -12"><span class='ocrx_word' id='word_1_72' title='bbox 511 1237 572 1290; x_wconf 89' lang='lat' dir='ltr'>et</span> <span class='ocrx_word' id='word_1_73' title='bbox 594 1232 832 1288; x_wconf 87' lang='lat' dir='ltr'>lectaria</span> <span class='ocrx_word' id='word_1_74' title='bbox 858 1231 933 1287; x_wconf 88' lang='lat' dir='ltr'>ad</span> <span class='ocrx_word' id='word_1_75' title='bbox 958 1231 1108 1286; x_wconf 89' lang='lat' dir='ltr'>lecto</span> <span class='ocrx_word' id='word_1_76' title='bbox 1136 1246 1252 1286; x_wconf 92' lang='lat' dir='ltr'>uno</span> <span class='ocrx_word' id='word_1_77' title='bbox 1280 1229 1377 1301; x_wconf 91' lang='lat' dir='ltr'>qui</span> <span class='ocrx_word' id='word_1_78' title='bbox 1405 1230 1617 1286; x_wconf 87' lang='lat' dir='ltr'>melior</span> <span class='ocrx_word' id='word_1_79' title='bbox 1640 1230 1833 1299; x_wconf 87' lang='lat' dir='ltr'>fuerit,</span> <span class='ocrx_word' id='word_1_80' title='bbox 1869 1233 1927 1285; x_wconf 89' lang='lat' dir='ltr'>et</span> <span class='ocrx_word' id='word_1_81' title='bbox 1968 1219 2149 1301; x_wconf 70' lang='lat' dir='ltr'>puero</span> 
     </span>
    </p>
   </div>
   <div class='ocr_carea' id='block_1_13' title="bbox 513 1324 2148 1395">
    <p class='ocr_par' dir='ltr' id='par_1_13' title="bbox 513 1324 2148 1395">
     <span class='ocr_line' id='line_1_13' title="bbox 513 1324 2148 1395; baseline -0.002 -12"><span class='ocrx_word' id='word_1_82' title='bbox 513 1326 752 1383; x_wconf 86' lang='lat' dir='ltr'><strong>nomine</strong></span> <span class='ocrx_word' id='word_1_83' title='bbox 791 1324 1186 1392; x_wconf 87' lang='lat' dir='ltr'>Gundofredo,</span> <span class='ocrx_word' id='word_1_84' title='bbox 1221 1325 1280 1378; x_wconf 90' lang='lat' dir='ltr'>et</span> <span class='ocrx_word' id='word_1_85' title='bbox 1325 1324 1535 1379; x_wconf 85' lang='lat' dir='ltr'>ancilla</span> <span class='ocrx_word' id='word_1_86' title='bbox 1580 1324 1818 1379; x_wconf 86' lang='lat' dir='ltr'>nomine</span> <span class='ocrx_word' id='word_1_87' title='bbox 1860 1324 2148 1395; x_wconf 86' lang='lat' dir='ltr'>Theigun-</span> 
     </span>
    </p>
   </div>
   <div class='ocr_carea' id='block_1_14' title="bbox 515 1417 2151 1489">
    <p class='ocr_par' dir='ltr' id='par_1_14' title="bbox 515 1417 2151 1489">
     <span class='ocr_line' id='line_1_14' title="bbox 515 1417 2151 1489; baseline -0.002 -12"><span class='ocrx_word' id='word_1_88' title='bbox 515 1421 673 1489; x_wconf 90' lang='lat' dir='ltr'>dem,</span> <span class='ocrx_word' id='word_1_89' title='bbox 729 1436 956 1475; x_wconf 87' lang='lat' dir='ltr'><strong>necnon</strong></span> <span class='ocrx_word' id='word_1_90' title='bbox 989 1423 1048 1474; x_wconf 90' lang='lat' dir='ltr'>et</span> <span class='ocrx_word' id='word_1_91' title='bbox 1084 1418 1276 1489; x_wconf 87' lang='lat' dir='ltr'>puella</span> <span class='ocrx_word' id='word_1_92' title='bbox 1317 1418 1552 1473; x_wconf 87' lang='lat' dir='ltr'>nomine</span> <span class='ocrx_word' id='word_1_93' title='bbox 1580 1417 1999 1473; x_wconf 81' lang='lat' dir='ltr'>Andechildem</span> <span class='ocrx_word' id='word_1_94' title='bbox 2025 1418 2151 1474; x_wconf 88' lang='lat' dir='ltr'>dari</span> 
     </span>
    </p>
   </div>
   <div class='ocr_carea' id='block_1_15' title="bbox 513 1510 2149 1583">
    <p class='ocr_par' dir='ltr' id='par_1_15' title="bbox 513 1510 2149 1583">
     <span class='ocr_line' id='line_1_15' title="bbox 513 1510 2149 1583; baseline -0.001 -14"><span class='ocrx_word' id='word_1_95' title='bbox 513 1514 821 1571; x_wconf 88' lang='lat' dir='ltr'>constituo.</span> <span class='ocrx_word' id='word_1_96' title='bbox 852 1510 1192 1569; x_wconf 89' lang='lat' dir='ltr'>Dulcissimo</span> <span class='ocrx_word' id='word_1_97' title='bbox 1232 1512 1430 1583; x_wconf 88' lang='lat' dir='ltr'>nepoti</span> <span class='ocrx_word' id='word_1_98' title='bbox 1465 1528 1597 1567; x_wconf 89' lang='lat' dir='ltr'>meo</span> <span class='ocrx_word' id='word_1_99' title='bbox 1625 1511 1931 1579; x_wconf 88' lang='lat' dir='ltr'>Berterico,</span> <span class='ocrx_word' id='word_1_100' title='bbox 1970 1529 2149 1583; x_wconf 89' lang='lat' dir='ltr'>puero</span> 
     </span>
    </p>
   </div>
   <div class='ocr_carea' id='block_1_16' title="bbox 514 1604 1560 1677">
    <p class='ocr_par' dir='ltr' id='par_1_16' title="bbox 514 1604 1560 1677">
     <span class='ocr_line' id='line_1_16' title="bbox 514 1604 1560 1677; baseline -0.006 -12"><span class='ocrx_word' id='word_1_101' title='bbox 514 1607 751 1665; x_wconf 88' lang='lat' dir='ltr'>nomine</span> <span class='ocrx_word' id='word_1_102' title='bbox 778 1605 1092 1677; x_wconf 82' lang='lat' dir='ltr'>Medigisilo</span> <span class='ocrx_word' id='word_1_103' title='bbox 1125 1606 1340 1661; x_wconf 87' lang='lat' dir='ltr'>habere</span> <span class='ocrx_word' id='word_1_104' title='bbox 1361 1604 1560 1675; x_wconf 89' lang='lat' dir='ltr'>jubeo.</span> 
     </span>
    </p>
   </div>
   <div class='ocr_carea' id='block_1_17' title="bbox 584 1697 2153 1765">
    <p class='ocr_par' dir='ltr' id='par_1_17' title="bbox 584 1697 2153 1765">
     <span class='ocr_line' id='line_1_17' title="bbox 584 1697 2153 1765; baseline -0.002 -8"><span class='ocrx_word' id='word_1_105' title='bbox 584 1700 851 1757; x_wconf 89' lang='lat' dir='ltr'>Baselicis</span> <span class='ocrx_word' id='word_1_106' title='bbox 880 1698 1200 1755; x_wconf 85' lang='lat' dir='ltr'>constitutis</span> <span class='ocrx_word' id='word_1_107' title='bbox 1218 1698 1485 1765; x_wconf 90' lang='lat' dir='ltr'>Parisius,</span> <span class='ocrx_word' id='word_1_108' title='bbox 1513 1698 1573 1752; x_wconf 90' lang='lat' dir='ltr'>id</span> <span class='ocrx_word' id='word_1_109' title='bbox 1610 1702 1697 1752; x_wconf 89' lang='lat' dir='ltr'>est</span> <span class='ocrx_word' id='word_1_110' title='bbox 1729 1697 1995 1754; x_wconf 66' lang='lat' dir='ltr'>baselicaa</span> <span class='ocrx_word' id='word_1_111' title='bbox 2028 1716 2153 1754; x_wconf 88' lang='lat' dir='ltr'>san-</span> 
     </span>
    </p>
   </div>
   <div class='ocr_carea' id='block_1_18' title="bbox 514 1792 2151 1863">
    <p class='ocr_par' dir='ltr' id='par_1_18' title="bbox 514 1792 2151 1863">
     <span class='ocr_line' id='line_1_18' title="bbox 514 1792 2151 1863; baseline -0.004 -10"><span class='ocrx_word' id='word_1_112' title='bbox 514 1796 588 1852; x_wconf 90' lang='lat' dir='ltr'>cti</span> <span class='ocrx_word' id='word_1_113' title='bbox 607 1794 783 1862; x_wconf 90' lang='lat' dir='ltr'>Petri,</span> <span class='ocrx_word' id='word_1_114' title='bbox 811 1793 970 1848; x_wconf 91' lang='lat' dir='ltr'>urcio</span> <span class='ocrx_word' id='word_1_115' title='bbox 992 1794 1269 1863; x_wconf 80' lang='lat' dir='ltr'>argenteo</span> <span class='ocrx_word' id='word_1_116' title='bbox 1291 1793 1518 1847; x_wconf 87' lang='lat' dir='ltr'>valente</span> <span class='ocrx_word' id='word_1_117' title='bbox 1542 1792 1772 1847; x_wconf 90' lang='lat' dir='ltr'>soledus</span> <span class='ocrx_word' id='word_1_118' title='bbox 1788 1792 2066 1860; x_wconf 89' lang='lat' dir='ltr'>duodece,</span> <span class='ocrx_word' id='word_1_119' title='bbox 2092 1796 2151 1847; x_wconf 89' lang='lat' dir='ltr'>et</span> 
     </span>
    </p>
   </div>
   <div class='ocr_carea' id='block_1_19' title="bbox 2253 569 3965 647">
    <p class='ocr_par' dir='ltr' id='par_1_19' title="bbox 2253 569 3965 647">
     <span class='ocr_line' id='line_1_19' title="bbox 2253 569 3965 647; baseline 0.004 -20"><span class='ocrx_word' id='word_1_120' title='bbox 2253 571 2446 627; x_wconf 90' lang='lat' dir='ltr'>oblata</span> <span class='ocrx_word' id='word_1_121' title='bbox 2484 571 2557 625; x_wconf 89' lang='lat' dir='ltr'>ad</span> <span class='ocrx_word' id='word_1_122' title='bbox 2598 569 2847 626; x_wconf 86' lang='lat' dir='ltr'>baselica</span> <span class='ocrx_word' id='word_1_123' title='bbox 2886 570 3067 627; x_wconf 80' lang='lat' dir='ltr'>sancti</span> <span class='ocrx_word' id='word_1_124' title='bbox 3114 569 3435 627; x_wconf 86' lang='lat' dir='ltr'>Sinsuriani</span> <span class='ocrx_word' id='word_1_125' title='bbox 3473 589 3579 644; x_wconf 91' lang='lat' dir='ltr'>pro</span> <span class='ocrx_word' id='word_1_126' title='bbox 3622 575 3877 647; x_wconf 85' lang='lat' dir='ltr'>requiem</span> <span class='ocrx_word' id='word_1_127' title='bbox 3964 576 3965 581; x_wconf 59' lang='grc'><em>“</em></span> 
     </span>
    </p>
   </div>
   <div class='ocr_carea' id='block_1_20' title="bbox 2251 663 3882 739">
    <p class='ocr_par' dir='ltr' id='par_1_20' title="bbox 2251 663 3882 739">
     <span class='ocr_line' id='line_1_20' title="bbox 2251 663 3882 739; baseline 0.003 -18"><span class='ocrx_word' id='word_1_128' title='bbox 2251 665 2595 721; x_wconf 86' lang='lat' dir='ltr'>Deorovaldi</span> <span class='ocrx_word' id='word_1_129' title='bbox 2642 664 2934 721; x_wconf 81' lang='lat' dir='ltr'>offeretur.</span> <span class='ocrx_word' id='word_1_130' title='bbox 2967 663 3153 721; x_wconf 90' lang='lat' dir='ltr'>Simili</span> <span class='ocrx_word' id='word_1_131' title='bbox 3178 666 3357 722; x_wconf 90' lang='lat' dir='ltr'>modo</span> <span class='ocrx_word' id='word_1_132' title='bbox 3381 666 3565 723; x_wconf 76' lang='lat' dir='ltr'>vineae</span> <span class='ocrx_word' id='word_1_133' title='bbox 3605 669 3882 739; x_wconf 84' lang='lat' dir='ltr'>pedatura</span> 
     </span>
    </p>
   </div>
   <div class='ocr_carea' id='block_1_21' title="bbox 2252 757 3882 832">
    <p class='ocr_par' dir='ltr' id='par_1_21' title="bbox 2252 757 3882 832">
     <span class='ocr_line' id='line_1_21' title="bbox 2252 757 3882 832; baseline 0.004 -18"><span class='ocrx_word' id='word_1_134' title='bbox 2252 776 2388 827; x_wconf 89' lang='lat' dir='ltr'>una,</span> <span class='ocrx_word' id='word_1_135' title='bbox 2421 759 2529 815; x_wconf 87' lang='lat' dir='ltr'>sita</span> <span class='ocrx_word' id='word_1_136' title='bbox 2555 757 2913 827; x_wconf 89' lang='lat' dir='ltr'>Tauriniaco,</span> <span class='ocrx_word' id='word_1_137' title='bbox 2942 763 2999 814; x_wconf 91' lang='lat' dir='ltr'>et</span> <span class='ocrx_word' id='word_1_138' title='bbox 3024 776 3201 831; x_wconf 87' lang='lat' dir='ltr'>quem</span> <span class='ocrx_word' id='word_1_139' title='bbox 3225 760 3409 832; x_wconf 89' lang='lat' dir='ltr'>Pinpo</span> <span class='ocrx_word' id='word_1_140' title='bbox 3438 762 3594 831; x_wconf 88' lang='lat' dir='ltr'>colit,</span> <span class='ocrx_word' id='word_1_141' title='bbox 3625 762 3882 821; x_wconf 76' lang='lat' dir='ltr'>baselicas</span> 
     </span>
    </p>
   </div>
   <div class='ocr_carea' id='block_1_22' title="bbox 2250 852 3881 930">
    <p class='ocr_par' dir='ltr' id='par_1_22' title="bbox 2250 852 3881 930">
     <span class='ocr_line' id='line_1_22' title="bbox 2250 852 3881 930; baseline 0.002 -20"><span class='ocrx_word' id='word_1_142' title='bbox 2250 853 2549 910; x_wconf 88' lang='lat' dir='ltr'>Domni....</span> <span class='ocrx_word' id='word_1_143' title='bbox 2575 852 2738 924; x_wconf 83' lang='lat' dir='ltr'>eorgi</span> <span class='ocrx_word' id='word_1_144' title='bbox 2765 853 3031 925; x_wconf 82' lang='lat' dir='ltr'>(Georgii)</span> <span class='ocrx_word' id='word_1_145' title='bbox 3060 853 3226 909; x_wconf 91' lang='lat' dir='ltr'>Cal...</span> <span class='ocrx_word' id='word_1_146' title='bbox 3253 852 3426 927; x_wconf 85' lang='lat' dir='ltr'>(Gala)</span> <span class='ocrx_word' id='word_1_147' title='bbox 3447 855 3571 912; x_wconf 82' lang='lat' dir='ltr'>dari</span> <span class='ocrx_word' id='word_1_148' title='bbox 3592 857 3881 930; x_wconf 67' lang='lat' dir='ltr'>praecipio.</span> 
     </span>
    </p>
   </div>
   <div class='ocr_carea' id='block_1_23' title="bbox 2250 946 3883 1025">
    <p class='ocr_par' dir='ltr' id='par_1_23' title="bbox 2250 946 3883 1025">
     <span class='ocr_line' id='line_1_23' title="bbox 2250 946 3883 1025; baseline 0.002 -21"><span class='ocrx_word' id='word_1_149' title='bbox 2250 949 2443 1004; x_wconf 70' lang='lat' dir='ltr'>Vineae</span> <span class='ocrx_word' id='word_1_150' title='bbox 2488 947 2770 1018; x_wconf 88' lang='lat' dir='ltr'>pedatura</span> <span class='ocrx_word' id='word_1_151' title='bbox 2800 964 2937 1015; x_wconf 89' lang='lat' dir='ltr'>una,</span> <span class='ocrx_word' id='word_1_152' title='bbox 2966 946 3074 1003; x_wconf 84' lang='lat' dir='ltr'>sita</span> <span class='ocrx_word' id='word_1_153' title='bbox 3105 947 3166 1025; x_wconf 81' lang='lat' dir='ltr'>in</span> <span class='ocrx_word' id='word_1_154' title='bbox 3211 951 3409 1004; x_wconf 90' lang='lat' dir='ltr'>monte</span> <span class='ocrx_word' id='word_1_155' title='bbox 3450 950 3687 1018; x_wconf 87' lang='lat' dir='ltr'>Buxata,</span> <span class='ocrx_word' id='word_1_156' title='bbox 3720 967 3883 1023; x_wconf 83' lang='lat' dir='ltr'>quem</span> 
     </span>
    </p>
   </div>
   <div class='ocr_carea' id='block_1_24' title="bbox 2248 1040 3881 1109">
    <p class='ocr_par' dir='ltr' id='par_1_24' title="bbox 2248 1040 3881 1109">
     <span class='ocr_line' id='line_1_24' title="bbox 2248 1040 3881 1109; baseline 0.001 -10"><span class='ocrx_word' id='word_1_157' title='bbox 2248 1043 2442 1099; x_wconf 83' lang='lat' dir='ltr'>Juvius</span> <span class='ocrx_word' id='word_1_158' title='bbox 2470 1040 2625 1109; x_wconf 87' lang='lat' dir='ltr'>colit,</span> <span class='ocrx_word' id='word_1_159' title='bbox 2663 1040 2902 1096; x_wconf 63' lang='lat' dir='ltr'>ecclisiae</span> <span class='ocrx_word' id='word_1_160' title='bbox 2932 1040 3361 1097; x_wconf 89' lang='lat' dir='ltr'>Boninsiacinse</span> <span class='ocrx_word' id='word_1_161' title='bbox 3406 1042 3530 1098; x_wconf 88' lang='lat' dir='ltr'>dari</span> <span class='ocrx_word' id='word_1_162' title='bbox 3580 1044 3881 1101; x_wconf 86' lang='lat' dir='ltr'>constituo.</span> 
     </span>
    </p>
   </div>
   <div class='ocr_carea' id='block_1_25' title="bbox 2252 1134 3881 1208">
    <p class='ocr_par' dir='ltr' id='par_1_25' title="bbox 2252 1134 3881 1208">
     <span class='ocr_line' id='line_1_25' title="bbox 2252 1134 3881 1208; baseline 0.002 -17"><span class='ocrx_word' id='word_1_163' title='bbox 2252 1136 2449 1204; x_wconf 88' lang='lat' dir='ltr'>Vinea,</span> <span class='ocrx_word' id='word_1_164' title='bbox 2480 1151 2655 1208; x_wconf 89' lang='lat' dir='ltr'>quem</span> <span class='ocrx_word' id='word_1_165' title='bbox 2681 1134 2915 1191; x_wconf 88' lang='lat' dir='ltr'>Uvassio</span> <span class='ocrx_word' id='word_1_166' title='bbox 2943 1135 3099 1203; x_wconf 86' lang='lat' dir='ltr'>colit,</span> <span class='ocrx_word' id='word_1_167' title='bbox 3130 1151 3261 1191; x_wconf 90' lang='lat' dir='ltr'>cum</span> <span class='ocrx_word' id='word_1_168' title='bbox 3284 1134 3409 1208; x_wconf 86' lang='lat' dir='ltr'>ipso</span> <span class='ocrx_word' id='word_1_169' title='bbox 3439 1137 3773 1194; x_wconf 87' lang='lat' dir='ltr'>Uvassione.</span> <span class='ocrx_word' id='word_1_170' title='bbox 3817 1181 3829 1193; x_wconf 93' lang='lat'>.</span> <span class='ocrx_word' id='word_1_171' title='bbox 3870 1180 3881 1195; x_wconf 91' lang='lat'>.</span> 
     </span>
    </p>
   </div>
   <div class='ocr_carea' id='block_1_26' title="bbox 2253 1323 3886 1396">
    <p class='ocr_par' dir='ltr' id='par_1_26' title="bbox 2253 1323 3886 1396">
     <span class='ocr_line' id='line_1_26' title="bbox 2253 1323 3886 1396; baseline 0.002 -17"><span class='ocrx_word' id='word_1_172' title='bbox 2253 1341 2427 1396; x_wconf 88' lang='lat' dir='ltr'>quem</span> <span class='ocrx_word' id='word_1_173' title='bbox 2463 1365 2477 1379; x_wconf 97' lang='lat'>.</span> <span class='ocrx_word' id='word_1_174' title='bbox 2523 1365 2534 1378; x_wconf 93' lang='lat'>.</span> <span class='ocrx_word' id='word_1_175' title='bbox 2581 1365 2593 1378; x_wconf 94' lang='lat'>.</span> <span class='ocrx_word' id='word_1_176' title='bbox 2641 1365 2653 1377; x_wconf 94' lang='lat'>.</span> <span class='ocrx_word' id='word_1_177' title='bbox 2700 1363 2713 1379; x_wconf 93' lang='lat'>.</span> <span class='ocrx_word' id='word_1_178' title='bbox 2758 1363 2771 1377; x_wconf 91' lang='lat'>.</span> <span class='ocrx_word' id='word_1_179' title='bbox 2818 1363 2830 1377; x_wconf 93' lang='lat'>.</span> <span class='ocrx_word' id='word_1_180' title='bbox 2876 1364 2888 1376; x_wconf 93' lang='lat'>.</span> <span class='ocrx_word' id='word_1_181' title='bbox 2918 1323 3108 1378; x_wconf 90' lang='lat' dir='ltr'>colere</span> <span class='ocrx_word' id='word_1_182' title='bbox 3132 1323 3360 1392; x_wconf 87' lang='lat' dir='ltr'>debeat,</span> <span class='ocrx_word' id='word_1_183' title='bbox 3394 1323 3662 1381; x_wconf 70' lang='lat' dir='ltr'>baselicaa</span> <span class='ocrx_word' id='word_1_184' title='bbox 3693 1326 3886 1383; x_wconf 92' lang='lat' dir='ltr'>domni</span> 
     </span>
    </p>
   </div>
   <div class='ocr_carea' id='block_1_27' title="bbox 2252 1416 3883 1476">
    <p class='ocr_par' dir='ltr' id='par_1_27' title="bbox 2252 1416 3883 1476">
     <span class='ocr_line' id='line_1_27' title="bbox 2252 1416 3883 1476; baseline 0.001 -2"><span class='ocrx_word' id='word_1_185' title='bbox 2252 1416 3883 1476; x_wconf 86' lang='lat' dir='ltr'>Sinsuriani........oblata........dari</span> 
     </span>
    </p>
   </div>
   <div class='ocr_carea' id='block_1_28' title="bbox 2252 1509 3884 1581">
    <p class='ocr_par' dir='ltr' id='par_1_28' title="bbox 2252 1509 3884 1581">
     <span class='ocr_line' id='line_1_28' title="bbox 2252 1509 3884 1581; baseline 0.001 -14"><span class='ocrx_word' id='word_1_186' title='bbox 2252 1512 2557 1568; x_wconf 87' lang='lat' dir='ltr'>constituo.</span> <span class='ocrx_word' id='word_1_187' title='bbox 2572 1509 2764 1565; x_wconf 72' lang='lat' dir='ltr'>Vineae</span> <span class='ocrx_word' id='word_1_188' title='bbox 2780 1509 3064 1581; x_wconf 89' lang='lat' dir='ltr'>pedatura</span> <span class='ocrx_word' id='word_1_189' title='bbox 3075 1526 3210 1577; x_wconf 90' lang='lat' dir='ltr'>una,</span> <span class='ocrx_word' id='word_1_190' title='bbox 3225 1509 3331 1565; x_wconf 89' lang='lat' dir='ltr'>sita</span> <span class='ocrx_word' id='word_1_191' title='bbox 3348 1510 3407 1565; x_wconf 93' lang='lat' dir='ltr'>in</span> <span class='ocrx_word' id='word_1_192' title='bbox 3427 1514 3627 1567; x_wconf 88' lang='lat' dir='ltr'>monte</span> <span class='ocrx_word' id='word_1_193' title='bbox 3656 1512 3884 1580; x_wconf 85' lang='lat' dir='ltr'>Blixata,</span> 
     </span>
    </p>
   </div>
   <div class='ocr_carea' id='block_1_29' title="bbox 2253 1603 3886 1677">
    <p class='ocr_par' dir='ltr' id='par_1_29' title="bbox 2253 1603 3886 1677">
     <span class='ocr_line' id='line_1_29' title="bbox 2253 1603 3886 1677; baseline 0.001 -16"><span class='ocrx_word' id='word_1_194' title='bbox 2253 1623 2429 1677; x_wconf 86' lang='lat' dir='ltr'>quem</span> <span class='ocrx_word' id='word_1_195' title='bbox 2459 1604 2818 1659; x_wconf 87' lang='lat' dir='ltr'>Leudefredo</span> <span class='ocrx_word' id='word_1_196' title='bbox 2848 1603 3002 1670; x_wconf 80' lang='lat' dir='ltr'>colit,</span> <span class='ocrx_word' id='word_1_197' title='bbox 3025 1603 3286 1659; x_wconf 71' lang='lat' dir='ltr'>baselicae</span> <span class='ocrx_word' id='word_1_198' title='bbox 3314 1605 3494 1660; x_wconf 88' lang='lat' dir='ltr'>sancti</span> <span class='ocrx_word' id='word_1_199' title='bbox 3526 1646 3540 1660; x_wconf 95' lang='lat'>.</span> <span class='ocrx_word' id='word_1_200' title='bbox 3587 1647 3599 1661; x_wconf 91' lang='lat'>.</span> <span class='ocrx_word' id='word_1_201' title='bbox 3647 1647 3661 1661; x_wconf 94' lang='lat'>.</span> <span class='ocrx_word' id='word_1_202' title='bbox 3710 1647 3723 1661; x_wconf 93' lang='lat'>.</span> <span class='ocrx_word' id='word_1_203' title='bbox 3769 1648 3780 1661; x_wconf 94' lang='lat'>.</span> <span class='ocrx_word' id='word_1_204' title='bbox 3809 1623 3886 1662; x_wconf 87' lang='lat' dir='ltr'>ar-</span> 
     </span>
    </p>
   </div>
   <div class='ocr_carea' id='block_1_30' title="bbox 2254 1697 3886 1771">
    <p class='ocr_par' dir='ltr' id='par_1_30' title="bbox 2254 1697 3886 1771">
     <span class='ocr_line' id='line_1_30' title="bbox 2254 1697 3886 1771; baseline 0.002 -18"><span class='ocrx_word' id='word_1_205' title='bbox 2254 1699 2358 1754; x_wconf 89' lang='lat' dir='ltr'>tini</span> <span class='ocrx_word' id='word_1_206' title='bbox 2384 1700 2527 1770; x_wconf 86' lang='lat' dir='ltr'>(Leg.</span> <span class='ocrx_word' id='word_1_207' title='bbox 2561 1697 2807 1768; x_wconf 77' lang='lat' dir='ltr'>Martini)</span> <span class='ocrx_word' id='word_1_208' title='bbox 2848 1697 2900 1751; x_wconf 91' lang='lat' dir='ltr'>ci</span> <span class='ocrx_word' id='word_1_209' title='bbox 2929 1700 3174 1768; x_wconf 88' lang='lat' dir='ltr'>perente</span> <span class='ocrx_word' id='word_1_210' title='bbox 3215 1698 3339 1753; x_wconf 84' lang='lat' dir='ltr'>dari</span> <span class='ocrx_word' id='word_1_211' title='bbox 3372 1699 3551 1771; x_wconf 89' lang='lat' dir='ltr'>jubeo</span> <span class='ocrx_word' id='word_1_212' title='bbox 3586 1740 3599 1755; x_wconf 96' lang='lat'>.</span> <span class='ocrx_word' id='word_1_213' title='bbox 3649 1741 3661 1754; x_wconf 94' lang='lat'>.</span> <span class='ocrx_word' id='word_1_214' title='bbox 3710 1741 3725 1755; x_wconf 93' lang='lat'>.</span> <span class='ocrx_word' id='word_1_215' title='bbox 3770 1742 3785 1753; x_wconf 91' lang='lat'>.</span> <span class='ocrx_word' id='word_1_216' title='bbox 3821 1742 3833 1756; x_wconf 93' lang='lat'>.</span> <span class='ocrx_word' id='word_1_217' title='bbox 3874 1741 3886 1756; x_wconf 94' lang='lat'>.</span> 
     </span>
    </p>
   </div>
   <div class='ocr_carea' id='block_1_31' title="bbox 2253 1791 3889 1850">
    <p class='ocr_par' dir='ltr' id='par_1_31' title="bbox 2253 1791 3889 1850">
     <span class='ocr_line' id='line_1_31' title="bbox 2253 1791 3889 1850; baseline 0.002 -3"><span class='ocrx_word' id='word_1_218' title='bbox 2253 1793 2593 1848; x_wconf 88' lang='lat' dir='ltr'>libertorum</span> <span class='ocrx_word' id='word_1_219' title='bbox 2635 1807 2903 1846; x_wconf 88' lang='lat' dir='ltr'>meorum</span> <span class='ocrx_word' id='word_1_220' title='bbox 2944 1808 3202 1847; x_wconf 90' lang='lat' dir='ltr'>nomena</span> <span class='ocrx_word' id='word_1_221' title='bbox 3225 1791 3285 1847; x_wconf 92' lang='lat' dir='ltr'>in</span> <span class='ocrx_word' id='word_1_222' title='bbox 3317 1834 3331 1847; x_wconf 93' lang='lat'>.</span> <span class='ocrx_word' id='word_1_223' title='bbox 3376 1834 3391 1849; x_wconf 92' lang='lat'>.</span> <span class='ocrx_word' id='word_1_224' title='bbox 3436 1834 3450 1849; x_wconf 92' lang='lat'>.</span> <span class='ocrx_word' id='word_1_225' title='bbox 3492 1835 3505 1849; x_wconf 93' lang='lat'>.</span> <span class='ocrx_word' id='word_1_226' title='bbox 3537 1796 3889 1850; x_wconf 86' lang='lat' dir='ltr'>testamento</span> 
     </span>
    </p>
   </div>
   <div class='ocr_carea' id='block_1_32' title="bbox 510 1861 3888 1959">
    <p class='ocr_par' dir='ltr' id='par_1_32' title="bbox 510 1861 3888 1959">
     <span class='ocr_line' id='line_1_32' title="bbox 510 1861 3888 1959; baseline 0 -15"><span class='ocrx_word' id='word_1_227' title='bbox 510 1890 648 1946; x_wconf 87' lang='lat' dir='ltr'>ﬁbla</span> <span class='ocrx_word' id='word_1_228' title='bbox 673 1861 850 1944; x_wconf 88' lang='lat' dir='ltr'>aurea</span> <span class='ocrx_word' id='word_1_229' title='bbox 892 1861 1187 1959; x_wconf 79' lang='lat' dir='ltr'>gemmata</span> <span class='ocrx_word' id='word_1_230' title='bbox 1215 1885 1289 1942; x_wconf 91' lang='lat' dir='ltr'>ad</span> <span class='ocrx_word' id='word_1_231' title='bbox 1314 1888 1514 1940; x_wconf 90' lang='lat' dir='ltr'>mento</span> <span class='ocrx_word' id='word_1_232' title='bbox 1540 1885 1667 1940; x_wconf 86' lang='lat' dir='ltr'>dari</span> <span class='ocrx_word' id='word_1_233' title='bbox 1711 1886 2017 1942; x_wconf 86' lang='lat' dir='ltr'>constituo.</span> <span class='ocrx_word' id='word_1_234' title='bbox 2043 1887 2148 1942; x_wconf 87' lang='lat' dir='ltr'>Ba-</span> <span class='ocrx_word' id='word_1_235' title='bbox 2168 1861 2226 1934; x_wconf 85' lang='lat' dir='ltr'><strong>B</strong></span> <span class='ocrx_word' id='word_1_236' title='bbox 2250 1887 2385 1942; x_wconf 88' lang='lat' dir='ltr'>abin</span> <span class='ocrx_word' id='word_1_237' title='bbox 2418 1927 2430 1942; x_wconf 96' lang='lat'>.</span> <span class='ocrx_word' id='word_1_238' title='bbox 2476 1928 2489 1941; x_wconf 95' lang='lat'>.</span> <span class='ocrx_word' id='word_1_239' title='bbox 2534 1927 2549 1941; x_wconf 93' lang='lat'>.</span> <span class='ocrx_word' id='word_1_240' title='bbox 2594 1925 2606 1940; x_wconf 96' lang='lat'>.</span> <span class='ocrx_word' id='word_1_241' title='bbox 2655 1927 2668 1941; x_wconf 95' lang='lat'>.</span> <span class='ocrx_word' id='word_1_242' title='bbox 2701 1884 2775 1940; x_wconf 88' lang='lat' dir='ltr'>cti</span> <span class='ocrx_word' id='word_1_243' title='bbox 2819 1884 3106 1940; x_wconf 87' lang='lat' dir='ltr'>constituo</span> <span class='ocrx_word' id='word_1_244' title='bbox 3148 1886 3578 1958; x_wconf 82' lang='lat' dir='ltr'>Medibergane,</span> <span class='ocrx_word' id='word_1_245' title='bbox 3613 1889 3888 1955; x_wconf 87' lang='lat' dir='ltr'>Honorio,</span> 
     </span>
    </p>
   </div>
   <div class='ocr_carea' id='block_1_33' title="bbox 512 1980 2144 2051">
    <p class='ocr_par' dir='ltr' id='par_1_33' title="bbox 512 1980 2144 2051">
     <span class='ocr_line' id='line_1_33' title="bbox 512 1980 2144 2051; baseline -0.002 -11"><span class='ocrx_word' id='word_1_246' title='bbox 512 1984 700 2041; x_wconf 70' lang='lat' dir='ltr'>selicm</span> <span class='ocrx_word' id='word_1_247' title='bbox 722 1982 954 2037; x_wconf 74' lang='lat' dir='ltr'>domnae</span> <span class='ocrx_word' id='word_1_248' title='bbox 982 1980 1168 2036; x_wconf 61' lang='lat' dir='ltr'>Mariae</span> <span class='ocrx_word' id='word_1_249' title='bbox 1197 1983 1436 2051; x_wconf 81' lang='lat' dir='ltr'>gravata</span> <span class='ocrx_word' id='word_1_250' title='bbox 1467 1982 1747 2051; x_wconf 87' lang='lat' dir='ltr'>argentea</span> <span class='ocrx_word' id='word_1_251' title='bbox 1781 1981 2009 2035; x_wconf 89' lang='lat' dir='ltr'>valente</span> <span class='ocrx_word' id='word_1_252' title='bbox 2041 1982 2144 2036; x_wconf 92' lang='lat' dir='ltr'>sol.</span> 
     </span>
    </p>
   </div>
   <div class='ocr_carea' id='block_1_34' title="bbox 514 2074 2145 2145">
    <p class='ocr_par' dir='ltr' id='par_1_34' title="bbox 514 2074 2145 2145">
     <span class='ocr_line' id='line_1_34' title="bbox 514 2074 2145 2145; baseline -0.002 -13"><span class='ocrx_word' id='word_1_253' title='bbox 514 2076 794 2145; x_wconf 91' lang='lat' dir='ltr'>duodece,</span> <span class='ocrx_word' id='word_1_254' title='bbox 824 2077 882 2129; x_wconf 90' lang='lat' dir='ltr'>et</span> <span class='ocrx_word' id='word_1_255' title='bbox 910 2091 1076 2129; x_wconf 84' lang='lat' dir='ltr'>cruce</span> <span class='ocrx_word' id='word_1_256' title='bbox 1110 2091 1288 2130; x_wconf 91' lang='lat' dir='ltr'>aurea</span> <span class='ocrx_word' id='word_1_257' title='bbox 1312 2075 1541 2129; x_wconf 90' lang='lat' dir='ltr'>valente</span> <span class='ocrx_word' id='word_1_258' title='bbox 1563 2074 1667 2129; x_wconf 93' lang='lat' dir='ltr'>sol.</span> <span class='ocrx_word' id='word_1_259' title='bbox 1691 2077 1872 2145; x_wconf 89' lang='lat' dir='ltr'>septe,</span> <span class='ocrx_word' id='word_1_260' title='bbox 1905 2074 2030 2128; x_wconf 91' lang='lat' dir='ltr'>dari</span> <span class='ocrx_word' id='word_1_261' title='bbox 2053 2074 2145 2145; x_wconf 88' lang='lat' dir='ltr'>ju-</span> 
     </span>
    </p>
   </div>
   <div class='ocr_carea' id='block_1_35' title="bbox 510 2166 2148 2238">
    <p class='ocr_par' dir='ltr' id='par_1_35' title="bbox 510 2166 2148 2238">
     <span class='ocr_line' id='line_1_35' title="bbox 510 2166 2148 2238; baseline -0.002 -13"><span class='ocrx_word' id='word_1_262' title='bbox 510 2171 641 2227; x_wconf 86' lang='lat' dir='ltr'>beo.</span> <span class='ocrx_word' id='word_1_263' title='bbox 672 2167 938 2224; x_wconf 73' lang='lat' dir='ltr'>Baselicze</span> <span class='ocrx_word' id='word_1_264' title='bbox 964 2166 1164 2223; x_wconf 90' lang='lat' dir='ltr'>domni</span> <span class='ocrx_word' id='word_1_265' title='bbox 1191 2167 1413 2223; x_wconf 85' lang='lat' dir='ltr'>Stefani</span> <span class='ocrx_word' id='word_1_266' title='bbox 1434 2168 1607 2223; x_wconf 90' lang='lat' dir='ltr'>anolo</span> <span class='ocrx_word' id='word_1_267' title='bbox 1644 2183 1820 2222; x_wconf 89' lang='lat' dir='ltr'>aureo</span> <span class='ocrx_word' id='word_1_268' title='bbox 1874 2167 2148 2238; x_wconf 86' lang='lat' dir='ltr'>nigellato</span> 
     </span>
    </p>
   </div>
   <div class='ocr_carea' id='block_1_36' title="bbox 510 2259 2152 2335">
    <p class='ocr_par' dir='ltr' id='par_1_36' title="bbox 510 2259 2152 2335">
     <span class='ocr_line' id='line_1_36' title="bbox 510 2259 2152 2335; baseline -0.002 -17"><span class='ocrx_word' id='word_1_269' title='bbox 510 2265 737 2320; x_wconf 87' lang='lat' dir='ltr'>valente</span> <span class='ocrx_word' id='word_1_270' title='bbox 758 2263 862 2318; x_wconf 91' lang='lat' dir='ltr'>sol.</span> <span class='ocrx_word' id='word_1_271' title='bbox 897 2264 1165 2335; x_wconf 79' lang='lat' dir='ltr'>quatuor,</span> <span class='ocrx_word' id='word_1_272' title='bbox 1194 2261 1320 2316; x_wconf 91' lang='lat' dir='ltr'>dari</span> <span class='ocrx_word' id='word_1_273' title='bbox 1349 2262 1497 2317; x_wconf 94' lang='lat' dir='ltr'>volo.</span> <span class='ocrx_word' id='word_1_274' title='bbox 1527 2259 1778 2316; x_wconf 77' lang='lat' dir='ltr'>Basilicas</span> <span class='ocrx_word' id='word_1_275' title='bbox 1796 2260 1999 2316; x_wconf 91' lang='lat' dir='ltr'>domni</span> <span class='ocrx_word' id='word_1_276' title='bbox 2019 2261 2152 2316; x_wconf 91' lang='lat' dir='ltr'>Ger-</span> 
     </span>
    </p>
   </div>
   <div class='ocr_carea' id='block_1_37' title="bbox 510 2354 2150 2423">
    <p class='ocr_par' dir='ltr' id='par_1_37' title="bbox 510 2354 2150 2423">
     <span class='ocr_line' id='line_1_37' title="bbox 510 2354 2150 2423; baseline -0.001 -12"><span class='ocrx_word' id='word_1_277' title='bbox 510 2357 630 2413; x_wconf 90' lang='lat' dir='ltr'>vasi</span> <span class='ocrx_word' id='word_1_278' title='bbox 664 2359 836 2413; x_wconf 89' lang='lat' dir='ltr'>anolo</span> <span class='ocrx_word' id='word_1_279' title='bbox 877 2372 1076 2423; x_wconf 89' lang='lat' dir='ltr'>aureo,</span> <span class='ocrx_word' id='word_1_280' title='bbox 1126 2371 1347 2411; x_wconf 91' lang='lat' dir='ltr'>nomen</span> <span class='ocrx_word' id='word_1_281' title='bbox 1380 2371 1579 2410; x_wconf 90' lang='lat' dir='ltr'>meum</span> <span class='ocrx_word' id='word_1_282' title='bbox 1626 2354 1685 2409; x_wconf 93' lang='lat' dir='ltr'>in</span> <span class='ocrx_word' id='word_1_283' title='bbox 1725 2371 1785 2409; x_wconf 88' lang='lat' dir='ltr'>se</span> <span class='ocrx_word' id='word_1_284' title='bbox 1834 2354 2150 2409; x_wconf 87' lang='lat' dir='ltr'>habentem</span> 
     </span>
    </p>
   </div>
   <div class='ocr_carea' id='block_1_38' title="bbox 509 2448 2153 2521">
    <p class='ocr_par' dir='ltr' id='par_1_38' title="bbox 509 2448 2153 2521">
     <span class='ocr_line' id='line_1_38' title="bbox 509 2448 2153 2521; baseline -0.002 -14"><span class='ocrx_word' id='word_1_285' title='bbox 509 2452 805 2519; x_wconf 88' lang='lat' dir='ltr'>scribtum,</span> <span class='ocrx_word' id='word_1_286' title='bbox 835 2449 959 2506; x_wconf 90' lang='lat' dir='ltr'>dari</span> <span class='ocrx_word' id='word_1_287' title='bbox 985 2449 1277 2521; x_wconf 66' lang='lat' dir='ltr'>praecipio.</span> <span class='ocrx_word' id='word_1_288' title='bbox 1302 2448 1569 2503; x_wconf 68' lang='lat' dir='ltr'>Baselicm</span> <span class='ocrx_word' id='word_1_289' title='bbox 1610 2448 1792 2503; x_wconf 88' lang='lat' dir='ltr'>sancti</span> <span class='ocrx_word' id='word_1_290' title='bbox 1831 2448 2153 2505; x_wconf 77' lang='lat' dir='ltr'>Sinsuriani</span> 
     </span>
    </p>
   </div>
   <div class='ocr_carea' id='block_1_39' title="bbox 514 2541 2150 2617">
    <p class='ocr_par' dir='ltr' id='par_1_39' title="bbox 514 2541 2150 2617">
     <span class='ocr_line' id='line_1_39' title="bbox 514 2541 2150 2617; baseline -0.001 -17"><span class='ocrx_word' id='word_1_291' title='bbox 514 2545 667 2617; x_wconf 77' lang='lat' dir='ltr'>(Sic),</span> <span class='ocrx_word' id='word_1_292' title='bbox 686 2545 746 2599; x_wconf 92' lang='lat' dir='ltr'>in</span> <span class='ocrx_word' id='word_1_293' title='bbox 777 2560 891 2616; x_wconf 89' lang='lat' dir='ltr'>qua</span> <span class='ocrx_word' id='word_1_294' title='bbox 920 2544 1089 2598; x_wconf 62' lang='lat' dir='ltr'>bona&quot;:</span> <span class='ocrx_word' id='word_1_295' title='bbox 1114 2541 1535 2599; x_wconf 87' lang='lat' dir='ltr'>recordationis</span> <span class='ocrx_word' id='word_1_296' title='bbox 1564 2541 1713 2597; x_wconf 88' lang='lat' dir='ltr'>ﬁlius</span> <span class='ocrx_word' id='word_1_297' title='bbox 1739 2558 1904 2596; x_wconf 89' lang='lat' dir='ltr'>meus</span> <span class='ocrx_word' id='word_1_298' title='bbox 1933 2543 2150 2599; x_wconf 81' lang='lat' dir='ltr'>Deoro-</span> 
     </span>
    </p>
   </div>
   <div class='ocr_carea' id='block_1_40' title="bbox 509 2635 2155 2709">
    <p class='ocr_par' dir='ltr' id='par_1_40' title="bbox 509 2635 2155 2709">
     <span class='ocr_line' id='line_1_40' title="bbox 509 2635 2155 2709; baseline -0.001 -17"><span class='ocrx_word' id='word_1_299' title='bbox 509 2639 708 2694; x_wconf 90' lang='lat' dir='ltr'>valdus</span> <span class='ocrx_word' id='word_1_300' title='bbox 734 2636 1059 2709; x_wconf 88' lang='lat' dir='ltr'>requiescit,</span> <span class='ocrx_word' id='word_1_301' title='bbox 1090 2638 1258 2692; x_wconf 85' lang='lat' dir='ltr'>freno</span> <span class='ocrx_word' id='word_1_302' title='bbox 1286 2636 1513 2695; x_wconf 89' lang='lat' dir='ltr'>valente</span> <span class='ocrx_word' id='word_1_303' title='bbox 1540 2636 1644 2691; x_wconf 91' lang='lat' dir='ltr'>sol.</span> <span class='ocrx_word' id='word_1_304' title='bbox 1680 2635 1959 2702; x_wconf 89' lang='lat' dir='ltr'>duodece,</span> <span class='ocrx_word' id='word_1_305' title='bbox 1988 2639 2047 2690; x_wconf 92' lang='lat' dir='ltr'>et</span> <span class='ocrx_word' id='word_1_306' title='bbox 2066 2653 2155 2691; x_wconf 87' lang='lat' dir='ltr'>ca-</span> 
     </span>
    </p>
   </div>
   <div class='ocr_carea' id='block_1_41' title="bbox 510 2728 2152 2800">
    <p class='ocr_par' dir='ltr' id='par_1_41' title="bbox 510 2728 2152 2800">
     <span class='ocr_line' id='line_1_41' title="bbox 510 2728 2152 2800; baseline -0.002 -13"><span class='ocrx_word' id='word_1_307' title='bbox 510 2732 664 2787; x_wconf 88' lang='lat' dir='ltr'>ballo</span> <span class='ocrx_word' id='word_1_308' title='bbox 692 2734 893 2799; x_wconf 87' lang='lat' dir='ltr'>strato,</span> <span class='ocrx_word' id='word_1_309' title='bbox 923 2734 983 2786; x_wconf 91' lang='lat' dir='ltr'>et</span> <span class='ocrx_word' id='word_1_310' title='bbox 1007 2745 1245 2785; x_wconf 89' lang='lat' dir='ltr'>carruca</span> <span class='ocrx_word' id='word_1_311' title='bbox 1260 2728 1320 2783; x_wconf 88' lang='lat' dir='ltr'>in</span> <span class='ocrx_word' id='word_1_312' title='bbox 1341 2745 1457 2800; x_wconf 92' lang='lat' dir='ltr'>qua</span> <span class='ocrx_word' id='word_1_313' title='bbox 1478 2728 1681 2784; x_wconf 90' lang='lat' dir='ltr'>sedere</span> <span class='ocrx_word' id='word_1_314' title='bbox 1701 2728 1991 2797; x_wconf 88' lang='lat' dir='ltr'>consuevi,</span> <span class='ocrx_word' id='word_1_315' title='bbox 2019 2745 2152 2784; x_wconf 91' lang='lat' dir='ltr'>cum</span> 
     </span>
    </p>
   </div>
   <div class='ocr_carea' id='block_1_42' title="bbox 511 2821 2151 2895">
    <p class='ocr_par' dir='ltr' id='par_1_42' title="bbox 511 2821 2151 2895">
     <span class='ocr_line' id='line_1_42' title="bbox 511 2821 2151 2895; baseline -0.002 -14"><span class='ocrx_word' id='word_1_316' title='bbox 511 2826 684 2881; x_wconf 82' lang='lat' dir='ltr'>boves</span> <span class='ocrx_word' id='word_1_317' title='bbox 706 2841 721 2893; x_wconf 89' lang='lat'><strong>;</strong></span> <span class='ocrx_word' id='word_1_318' title='bbox 745 2826 804 2880; x_wconf 90' lang='lat' dir='ltr'>et</span> <span class='ocrx_word' id='word_1_319' title='bbox 847 2823 1085 2879; x_wconf 87' lang='lat' dir='ltr'>lectaria</span> <span class='ocrx_word' id='word_1_320' title='bbox 1115 2839 1248 2878; x_wconf 91' lang='lat' dir='ltr'>cum</span> <span class='ocrx_word' id='word_1_321' title='bbox 1280 2821 1441 2878; x_wconf 91' lang='lat' dir='ltr'>omni</span> <span class='ocrx_word' id='word_1_322' title='bbox 1476 2824 1727 2877; x_wconf 87' lang='lat' dir='ltr'>stratura</span> <span class='ocrx_word' id='word_1_323' title='bbox 1751 2838 1874 2891; x_wconf 89' lang='lat' dir='ltr'>sua,</span> <span class='ocrx_word' id='word_1_324' title='bbox 1906 2839 2010 2895; x_wconf 93' lang='lat' dir='ltr'>pro</span> <span class='ocrx_word' id='word_1_325' title='bbox 2051 2823 2151 2878; x_wconf 92' lang='lat' dir='ltr'>de-</span> 
     </span>
    </p>
   </div>
   <div class='ocr_carea' id='block_1_43' title="bbox 509 2915 2151 2988">
    <p class='ocr_par' dir='ltr' id='par_1_43' title="bbox 509 2915 2151 2988">
     <span class='ocr_line' id='line_1_43' title="bbox 509 2915 2151 2988; baseline -0.001 -15"><span class='ocrx_word' id='word_1_326' title='bbox 509 2918 741 2975; x_wconf 90' lang='lat' dir='ltr'>votione</span> <span class='ocrx_word' id='word_1_327' title='bbox 769 2933 901 2973; x_wconf 88' lang='lat' dir='ltr'>mea</span> <span class='ocrx_word' id='word_1_328' title='bbox 927 2920 986 2972; x_wconf 92' lang='lat' dir='ltr'>et</span> <span class='ocrx_word' id='word_1_329' title='bbox 1028 2916 1291 2988; x_wconf 89' lang='lat' dir='ltr'>requiem</span> <span class='ocrx_word' id='word_1_330' title='bbox 1324 2915 1666 2971; x_wconf 88' lang='lat' dir='ltr'>Deorovaldi</span> <span class='ocrx_word' id='word_1_331' title='bbox 1696 2915 1820 2971; x_wconf 89' lang='lat' dir='ltr'>dari</span> <span class='ocrx_word' id='word_1_332' title='bbox 1861 2916 2151 2988; x_wconf 62' lang='lat' dir='ltr'>praecipio.</span> 
     </span>
    </p>
   </div>
   <div class='ocr_carea' id='block_1_44' title="bbox 511 3008 2154 3078">
    <p class='ocr_par' dir='ltr' id='par_1_44' title="bbox 511 3008 2154 3078">
     <span class='ocr_line' id='line_1_44' title="bbox 511 3008 2154 3078; baseline -0.001 -10"><span class='ocrx_word' id='word_1_333' title='bbox 511 3013 639 3068; x_wconf 86' lang='lat' dir='ltr'>Alia</span> <span class='ocrx_word' id='word_1_334' title='bbox 668 3026 907 3069; x_wconf 87' lang='lat' dir='ltr'>carruca</span> <span class='ocrx_word' id='word_1_335' title='bbox 933 3025 1066 3065; x_wconf 89' lang='lat' dir='ltr'>cum</span> <span class='ocrx_word' id='word_1_336' title='bbox 1110 3010 1287 3065; x_wconf 89' lang='lat' dir='ltr'>boves</span> <span class='ocrx_word' id='word_1_337' title='bbox 1316 3010 1404 3064; x_wconf 91' lang='lat' dir='ltr'>vel</span> <span class='ocrx_word' id='word_1_338' title='bbox 1432 3008 1595 3065; x_wconf 91' lang='lat' dir='ltr'>omni</span> <span class='ocrx_word' id='word_1_339' title='bbox 1632 3012 1885 3064; x_wconf 84' lang='lat' dir='ltr'>stratura</span> <span class='ocrx_word' id='word_1_340' title='bbox 1911 3027 2032 3078; x_wconf 91' lang='lat' dir='ltr'>sua,</span> <span class='ocrx_word' id='word_1_341' title='bbox 2059 3027 2154 3066; x_wconf 88' lang='lat' dir='ltr'>ec-</span> 
     </span>
    </p>
   </div>
   <div class='ocr_carea' id='block_1_45' title="bbox 512 3102 2155 3173">
    <p class='ocr_par' dir='ltr' id='par_1_45' title="bbox 512 3102 2155 3173">
     <span class='ocr_line' id='line_1_45' title="bbox 512 3102 2155 3173; baseline -0.002 -12"><span class='ocrx_word' id='word_1_342' title='bbox 512 3106 685 3161; x_wconf 70' lang='lat' dir='ltr'>clisiaa</span> <span class='ocrx_word' id='word_1_343' title='bbox 722 3103 830 3160; x_wconf 91' lang='lat' dir='ltr'>vici</span> <span class='ocrx_word' id='word_1_344' title='bbox 874 3102 1279 3159; x_wconf 88' lang='lat' dir='ltr'>Boniciacinsis</span> <span class='ocrx_word' id='word_1_345' title='bbox 1309 3102 1436 3158; x_wconf 89' lang='lat' dir='ltr'>dari</span> <span class='ocrx_word' id='word_1_346' title='bbox 1463 3102 1663 3173; x_wconf 87' lang='lat' dir='ltr'>jubeo.</span> <span class='ocrx_word' id='word_1_347' title='bbox 1691 3102 1968 3158; x_wconf 89' lang='lat' dir='ltr'>Similiter</span> <span class='ocrx_word' id='word_1_348' title='bbox 1995 3103 2155 3159; x_wconf 86' lang='lat' dir='ltr'>villa-</span> 
     </span>
    </p>
   </div>
   <div class='ocr_carea' id='block_1_46' title="bbox 514 3196 2154 3268">
    <p class='ocr_par' dir='ltr' id='par_1_46' title="bbox 514 3196 2154 3268">
     <span class='ocr_line' id='line_1_46' title="bbox 514 3196 2154 3268; baseline -0.001 -15"><span class='ocrx_word' id='word_1_349' title='bbox 514 3216 658 3267; x_wconf 87' lang='lat' dir='ltr'>rem,</span> <span class='ocrx_word' id='word_1_350' title='bbox 706 3198 796 3253; x_wconf 91' lang='lat' dir='ltr'>cui</span> <span class='ocrx_word' id='word_1_351' title='bbox 835 3197 1177 3253; x_wconf 89' lang='lat' dir='ltr'>vocabulum</span> <span class='ocrx_word' id='word_1_352' title='bbox 1215 3200 1303 3251; x_wconf 89' lang='lat' dir='ltr'>est</span> <span class='ocrx_word' id='word_1_353' title='bbox 1334 3197 1617 3263; x_wconf 86' lang='lat' dir='ltr'>Volonno,</span> <span class='ocrx_word' id='word_1_354' title='bbox 1658 3212 1789 3251; x_wconf 90' lang='lat' dir='ltr'>cum</span> <span class='ocrx_word' id='word_1_355' title='bbox 1828 3196 2154 3268; x_wconf 71' lang='lat' dir='ltr'>adiacentia</span> 
     </span>
    </p>
   </div>
   <div class='ocr_carea' id='block_1_47' title="bbox 513 3288 2150 3362">
    <p class='ocr_par' dir='ltr' id='par_1_47' title="bbox 513 3288 2150 3362">
     <span class='ocr_line' id='line_1_47' title="bbox 513 3288 2150 3362; baseline -0.001 -16"><span class='ocrx_word' id='word_1_356' title='bbox 513 3309 636 3360; x_wconf 90' lang='lat' dir='ltr'>sua,</span> <span class='ocrx_word' id='word_1_357' title='bbox 660 3307 833 3362; x_wconf 87' lang='lat' dir='ltr'>supra</span> <span class='ocrx_word' id='word_1_358' title='bbox 866 3290 1090 3345; x_wconf 66' lang='lat' dir='ltr'>scribta:</span> <span class='ocrx_word' id='word_1_359' title='bbox 1125 3288 1364 3345; x_wconf 64' lang='lat' dir='ltr'>ecclisia:</span> <span class='ocrx_word' id='word_1_360' title='bbox 1392 3288 1797 3358; x_wconf 88' lang='lat' dir='ltr'>Bonisiacinse,</span> <span class='ocrx_word' id='word_1_361' title='bbox 1828 3306 1932 3361; x_wconf 90' lang='lat' dir='ltr'>pro</span> <span class='ocrx_word' id='word_1_362' title='bbox 1957 3307 2150 3345; x_wconf 90' lang='lat' dir='ltr'>reme-</span> 
     </span>
    </p>
   </div>
   <div class='ocr_carea' id='block_1_48' title="bbox 514 3383 2151 3455">
    <p class='ocr_par' dir='ltr' id='par_1_48' title="bbox 514 3383 2151 3455">
     <span class='ocr_line' id='line_1_48' title="bbox 514 3383 2151 3455; baseline 0 -15"><span class='ocrx_word' id='word_1_363' title='bbox 514 3385 675 3441; x_wconf 81' lang='lat' dir='ltr'>dium</span> <span class='ocrx_word' id='word_1_364' title='bbox 721 3384 936 3440; x_wconf 69' lang='lat' dir='ltr'>anima:</span> <span class='ocrx_word' id='word_1_365' title='bbox 976 3399 1123 3438; x_wconf 56' lang='lat' dir='ltr'>mea;</span> <span class='ocrx_word' id='word_1_366' title='bbox 1165 3384 1380 3438; x_wconf 89' lang='lat' dir='ltr'>habere</span> <span class='ocrx_word' id='word_1_367' title='bbox 1416 3383 1709 3455; x_wconf 58' lang='lat' dir='ltr'>principio.</span> <span class='ocrx_word' id='word_1_368' title='bbox 1763 3386 2151 3441; x_wconf 63' lang='lat' dir='ltr'>Sacrosanctaa</span> 
     </span>
    </p>
   </div>
   <div class='ocr_carea' id='block_1_49' title="bbox 514 3476 2152 3549">
    <p class='ocr_par' dir='ltr' id='par_1_49' title="bbox 514 3476 2152 3549">
     <span class='ocr_line' id='line_1_49' title="bbox 514 3476 2152 3549; baseline 0 -15"><span class='ocrx_word' id='word_1_369' title='bbox 514 3478 768 3534; x_wconf 80' lang='lat' dir='ltr'>ecclesiae</span> <span class='ocrx_word' id='word_1_370' title='bbox 794 3476 1038 3533; x_wconf 87' lang='lat' dir='ltr'>civitatis</span> <span class='ocrx_word' id='word_1_371' title='bbox 1062 3477 1414 3533; x_wconf 88' lang='lat' dir='ltr'>Parisiorum</span> <span class='ocrx_word' id='word_1_372' title='bbox 1445 3477 1711 3534; x_wconf 90' lang='lat' dir='ltr'>missorio</span> <span class='ocrx_word' id='word_1_373' title='bbox 1739 3481 2039 3549; x_wconf 83' lang='lat' dir='ltr'>argenteo,</span> <span class='ocrx_word' id='word_1_374' title='bbox 2060 3495 2152 3534; x_wconf 86' lang='lat' dir='ltr'>va-</span> 
     </span>
    </p>
   </div>
   <div class='ocr_carea' id='block_1_50' title="bbox 514 3569 2151 3642">
    <p class='ocr_par' dir='ltr' id='par_1_50' title="bbox 514 3569 2151 3642">
     <span class='ocr_line' id='line_1_50' title="bbox 514 3569 2151 3642; baseline -0.001 -15"><span class='ocrx_word' id='word_1_375' title='bbox 514 3573 670 3627; x_wconf 90' lang='lat' dir='ltr'>lente</span> <span class='ocrx_word' id='word_1_376' title='bbox 724 3573 827 3627; x_wconf 91' lang='lat' dir='ltr'>sol.</span> <span class='ocrx_word' id='word_1_377' title='bbox 874 3569 1316 3642; x_wconf 80' lang='lat' dir='ltr'>quinquaginta,</span> <span class='ocrx_word' id='word_1_378' title='bbox 1367 3570 1494 3625; x_wconf 90' lang='lat' dir='ltr'>dari</span> <span class='ocrx_word' id='word_1_379' title='bbox 1550 3570 1840 3642; x_wconf 69' lang='lat' dir='ltr'>prmcipio.</span> <span class='ocrx_word' id='word_1_380' title='bbox 1882 3571 2151 3626; x_wconf 81' lang='lat' dir='ltr'>Baselicae</span> 
     </span>
    </p>
   </div>
   <div class='ocr_carea' id='block_1_51' title="bbox 515 3663 2153 3736">
    <p class='ocr_par' dir='ltr' id='par_1_51' title="bbox 515 3663 2153 3736">
     <span class='ocr_line' id='line_1_51' title="bbox 515 3663 2153 3736; baseline -0.002 -14"><span class='ocrx_word' id='word_1_381' title='bbox 515 3668 726 3722; x_wconf 72' lang='lat' dir='ltr'>sanctae</span> <span class='ocrx_word' id='word_1_382' title='bbox 755 3666 963 3722; x_wconf 87' lang='lat' dir='ltr'>Cruces</span> <span class='ocrx_word' id='word_1_383' title='bbox 994 3666 1082 3719; x_wconf 90' lang='lat' dir='ltr'>vel</span> <span class='ocrx_word' id='word_1_384' title='bbox 1112 3664 1326 3720; x_wconf 90' lang='lat' dir='ltr'>Domni</span> <span class='ocrx_word' id='word_1_385' title='bbox 1349 3663 1611 3719; x_wconf 88' lang='lat' dir='ltr'>Vincenti</span> <span class='ocrx_word' id='word_1_386' title='bbox 1652 3664 1921 3719; x_wconf 87' lang='lat' dir='ltr'>cocliaria</span> <span class='ocrx_word' id='word_1_387' title='bbox 1949 3681 2153 3736; x_wconf 83' lang='lat' dir='ltr'>argen-</span> 
     </span>
    </p>
   </div>
   <div class='ocr_carea' id='block_1_52' title="bbox 516 3757 2153 3830">
    <p class='ocr_par' dir='ltr' id='par_1_52' title="bbox 516 3757 2153 3830">
     <span class='ocr_line' id='line_1_52' title="bbox 516 3757 2153 3830; baseline -0.001 -15"><span class='ocrx_word' id='word_1_388' title='bbox 516 3763 610 3815; x_wconf 87' lang='lat' dir='ltr'>tea</span> <span class='ocrx_word' id='word_1_389' title='bbox 639 3760 778 3815; x_wconf 90' lang='lat' dir='ltr'>dece</span> <span class='ocrx_word' id='word_1_390' title='bbox 805 3758 932 3814; x_wconf 85' lang='lat' dir='ltr'>dari</span> <span class='ocrx_word' id='word_1_391' title='bbox 946 3758 1146 3830; x_wconf 90' lang='lat' dir='ltr'>jubeo.</span> <span class='ocrx_word' id='word_1_392' title='bbox 1168 3757 1429 3813; x_wconf 85' lang='lat' dir='ltr'>Lectaria</span> <span class='ocrx_word' id='word_1_393' title='bbox 1452 3774 1558 3829; x_wconf 91' lang='lat' dir='ltr'>par</span> <span class='ocrx_word' id='word_1_394' title='bbox 1579 3774 1715 3827; x_wconf 92' lang='lat' dir='ltr'>uno,</span> <span class='ocrx_word' id='word_1_395' title='bbox 1742 3761 1802 3813; x_wconf 90' lang='lat' dir='ltr'>et</span> <span class='ocrx_word' id='word_1_396' title='bbox 1825 3757 2153 3814; x_wconf 89' lang='lat' dir='ltr'>vestimenti</span> 
     </span>
    </p>
   </div>
   <div class='ocr_carea' id='block_1_53' title="bbox 514 3851 2155 3925">
    <p class='ocr_par' dir='ltr' id='par_1_53' title="bbox 514 3851 2155 3925">
     <span class='ocr_line' id='line_1_53' title="bbox 514 3851 2155 3925; baseline -0.002 -15"><span class='ocrx_word' id='word_1_397' title='bbox 514 3853 631 3910; x_wconf 91' lang='lat' dir='ltr'>mei</span> <span class='ocrx_word' id='word_1_398' title='bbox 658 3854 891 3925; x_wconf 91' lang='lat' dir='ltr'>pareclo</span> <span class='ocrx_word' id='word_1_399' title='bbox 918 3868 1035 3907; x_wconf 90' lang='lat' dir='ltr'>uno</span> <span class='ocrx_word' id='word_1_400' title='bbox 1064 3851 1339 3907; x_wconf 87' lang='lat' dir='ltr'>fratribus</span> <span class='ocrx_word' id='word_1_401' title='bbox 1366 3851 1441 3906; x_wconf 90' lang='lat' dir='ltr'>ad</span> <span class='ocrx_word' id='word_1_402' title='bbox 1464 3851 1655 3907; x_wconf 91' lang='lat' dir='ltr'>minsa</span> <span class='ocrx_word' id='word_1_403' title='bbox 1684 3851 1949 3907; x_wconf 70' lang='lat' dir='ltr'>baselica:</span> <span class='ocrx_word' id='word_1_404' title='bbox 1971 3852 2155 3907; x_wconf 88' lang='lat' dir='ltr'>sancti</span> 
     </span>
    </p>
   </div>
   <div class='ocr_carea' id='block_1_54' title="bbox 516 3944 2156 4017">
    <p class='ocr_par' dir='ltr' id='par_1_54' title="bbox 516 3944 2156 4017">
     <span class='ocr_line' id='line_1_54' title="bbox 516 3944 2156 4017; baseline -0.002 -14"><span class='ocrx_word' id='word_1_405' title='bbox 516 3947 738 4003; x_wconf 89' lang='lat' dir='ltr'>Dionisi</span> <span class='ocrx_word' id='word_1_406' title='bbox 788 3945 913 4001; x_wconf 88' lang='lat' dir='ltr'>dari</span> <span class='ocrx_word' id='word_1_407' title='bbox 955 3944 1248 4016; x_wconf 75' lang='lat' dir='ltr'>praecipio.</span> <span class='ocrx_word' id='word_1_408' title='bbox 1280 3944 1408 4000; x_wconf 80' lang='lat' dir='ltr'>Alia</span> <span class='ocrx_word' id='word_1_409' title='bbox 1443 3946 1662 4017; x_wconf 89' lang='lat' dir='ltr'>pariclo</span> <span class='ocrx_word' id='word_1_410' title='bbox 1707 3945 2039 4000; x_wconf 86' lang='lat' dir='ltr'>vestimenti</span> <span class='ocrx_word' id='word_1_411' title='bbox 2080 3945 2156 4002; x_wconf 90' lang='lat' dir='ltr'>ad</span> 
     </span>
    </p>
   </div>
   <div class='ocr_carea' id='block_1_55' title="bbox 515 4038 2153 4112">
    <p class='ocr_par' dir='ltr' id='par_1_55' title="bbox 515 4038 2153 4112">
     <span class='ocr_line' id='line_1_55' title="bbox 515 4038 2153 4112; baseline -0.001 -16"><span class='ocrx_word' id='word_1_412' title='bbox 515 4041 640 4096; x_wconf 90' lang='lat' dir='ltr'>vico</span> <span class='ocrx_word' id='word_1_413' title='bbox 671 4038 968 4094; x_wconf 89' lang='lat' dir='ltr'>Bonisiaca</span> <span class='ocrx_word' id='word_1_414' title='bbox 1004 4038 1278 4093; x_wconf 88' lang='lat' dir='ltr'>fratribus</span> <span class='ocrx_word' id='word_1_415' title='bbox 1307 4038 1431 4094; x_wconf 90' lang='lat' dir='ltr'>dari</span> <span class='ocrx_word' id='word_1_416' title='bbox 1461 4038 1653 4112; x_wconf 82' lang='grc'>464</span> <span class='ocrx_word' id='word_1_417' title='bbox 1680 4039 1985 4095; x_wconf 89' lang='lat' dir='ltr'>constituo.</span> <span class='ocrx_word' id='word_1_418' title='bbox 2018 4040 2153 4094; x_wconf 90' lang='lat' dir='ltr'>Ter-</span> 
     </span>
    </p>
   </div>
   <div class='ocr_carea' id='block_1_56' title="bbox 518 4131 2153 4205">
    <p class='ocr_par' dir='ltr' id='par_1_56' title="bbox 518 4131 2153 4205">
     <span class='ocr_line' id='line_1_56' title="bbox 518 4131 2153 4205; baseline -0.001 -16"><span class='ocrx_word' id='word_1_419' title='bbox 518 4134 600 4189; x_wconf 89' lang='lat' dir='ltr'>tio</span> <span class='ocrx_word' id='word_1_420' title='bbox 630 4132 845 4205; x_wconf 89' lang='lat' dir='ltr'>pariclo</span> <span class='ocrx_word' id='word_1_421' title='bbox 883 4131 1212 4188; x_wconf 88' lang='lat' dir='ltr'>vestimenti</span> <span class='ocrx_word' id='word_1_422' title='bbox 1253 4132 1462 4188; x_wconf 88' lang='lat' dir='ltr'>Emilia</span> <span class='ocrx_word' id='word_1_423' title='bbox 1504 4132 1578 4187; x_wconf 89' lang='lat' dir='ltr'>ad</span> <span class='ocrx_word' id='word_1_424' title='bbox 1622 4131 1744 4187; x_wconf 90' lang='lat' dir='ltr'>vico</span> <span class='ocrx_word' id='word_1_425' title='bbox 1786 4132 1911 4188; x_wconf 89' lang='lat' dir='ltr'>dari</span> <span class='ocrx_word' id='word_1_426' title='bbox 1953 4132 2153 4204; x_wconf 91' lang='lat' dir='ltr'>jubeo.</span> 
     </span>
    </p>
   </div>
   <div class='ocr_carea' id='block_1_57' title="bbox 519 4226 2156 4299">
    <p class='ocr_par' dir='ltr' id='par_1_57' title="bbox 519 4226 2156 4299">
     <span class='ocr_line' id='line_1_57' title="bbox 519 4226 2156 4299; baseline -0.001 -16"><span class='ocrx_word' id='word_1_427' title='bbox 519 4230 663 4283; x_wconf 89' lang='lat' dir='ltr'>Item</span> <span class='ocrx_word' id='word_1_428' title='bbox 695 4243 798 4299; x_wconf 91' lang='lat' dir='ltr'>pro</span> <span class='ocrx_word' id='word_1_429' title='bbox 825 4226 1151 4281; x_wconf 90' lang='lat' dir='ltr'>remedium</span> <span class='ocrx_word' id='word_1_430' title='bbox 1183 4243 1405 4281; x_wconf 71' lang='lat' dir='ltr'>anemae</span> <span class='ocrx_word' id='word_1_431' title='bbox 1434 4242 1599 4294; x_wconf 70' lang='lat' dir='ltr'>meae,</span> <span class='ocrx_word' id='word_1_432' title='bbox 1621 4226 1711 4280; x_wconf 90' lang='lat' dir='ltr'>vel</span> <span class='ocrx_word' id='word_1_433' title='bbox 1741 4243 1808 4281; x_wconf 86' lang='lat' dir='ltr'>ex</span> <span class='ocrx_word' id='word_1_434' title='bbox 1837 4226 2156 4281; x_wconf 88' lang='lat' dir='ltr'>demanda-</span> 
     </span>
    </p>
   </div>
   <div class='ocr_carea' id='block_1_58' title="bbox 517 4319 2154 4389">
    <p class='ocr_par' dir='ltr' id='par_1_58' title="bbox 517 4319 2154 4389">
     <span class='ocr_line' id='line_1_58' title="bbox 517 4319 2154 4389; baseline -0.002 -12"><span class='ocrx_word' id='word_1_435' title='bbox 517 4322 682 4377; x_wconf 90' lang='lat' dir='ltr'>cione</span> <span class='ocrx_word' id='word_1_436' title='bbox 698 4322 867 4376; x_wconf 65' lang='lat' dir='ltr'>bones</span> <span class='ocrx_word' id='word_1_437' title='bbox 884 4320 1311 4376; x_wconf 90' lang='lat' dir='ltr'>recordacionis</span> <span class='ocrx_word' id='word_1_438' title='bbox 1330 4319 1411 4374; x_wconf 90' lang='lat' dir='ltr'>ﬁli</span> <span class='ocrx_word' id='word_1_439' title='bbox 1431 4320 1547 4374; x_wconf 90' lang='lat' dir='ltr'>mei</span> <span class='ocrx_word' id='word_1_440' title='bbox 1568 4319 1913 4376; x_wconf 90' lang='lat' dir='ltr'>Deorovaldi</span> <span class='ocrx_word' id='word_1_441' title='bbox 1936 4320 2154 4389; x_wconf 91' lang='lat' dir='ltr'>villam,</span> 
     </span>
    </p>
   </div>
   <div class='ocr_carea' id='block_1_59' title="bbox 519 4407 2159 4477">
    <p class='ocr_par' dir='ltr' id='par_1_59' title="bbox 519 4407 2159 4477">
     <span class='ocr_line' id='line_1_59' title="bbox 519 4407 2159 4477; baseline -0.001 -11"><span class='ocrx_word' id='word_1_442' title='bbox 519 4411 610 4467; x_wconf 90' lang='lat' dir='ltr'>cui</span> <span class='ocrx_word' id='word_1_443' title='bbox 636 4411 977 4467; x_wconf 88' lang='lat' dir='ltr'>vocabulum</span> <span class='ocrx_word' id='word_1_444' title='bbox 1008 4413 1097 4465; x_wconf 89' lang='lat' dir='ltr'>est</span> <span class='ocrx_word' id='word_1_445' title='bbox 1119 4408 1434 4477; x_wconf 86' lang='lat' dir='ltr'>Latiniaco,</span> <span class='ocrx_word' id='word_1_446' title='bbox 1469 4407 1579 4464; x_wconf 88' lang='lat' dir='ltr'>sita</span> <span class='ocrx_word' id='word_1_447' title='bbox 1611 4409 1671 4464; x_wconf 91' lang='lat' dir='ltr'>in</span> <span class='ocrx_word' id='word_1_448' title='bbox 1700 4410 1992 4465; x_wconf 88' lang='lat' dir='ltr'>territurio</span> <span class='ocrx_word' id='word_1_449' title='bbox 2021 4411 2159 4465; x_wconf 85' lang='lat' dir='ltr'>Mel-</span> 
     </span>
    </p>
   </div>
   <div class='ocr_carea' id='block_1_60' title="bbox 518 4502 2156 4576">
    <p class='ocr_par' dir='ltr' id='par_1_60' title="bbox 518 4502 2156 4576">
     <span class='ocr_line' id='line_1_60' title="bbox 518 4502 2156 4576; baseline -0.001 -15"><span class='ocrx_word' id='word_1_450' title='bbox 518 4505 701 4574; x_wconf 91' lang='lat' dir='ltr'>dinse,</span> <span class='ocrx_word' id='word_1_451' title='bbox 724 4522 858 4560; x_wconf 90' lang='lat' dir='ltr'>cum</span> <span class='ocrx_word' id='word_1_452' title='bbox 872 4503 1110 4575; x_wconf 89' lang='lat' dir='ltr'>campis,</span> <span class='ocrx_word' id='word_1_453' title='bbox 1134 4502 1422 4558; x_wconf 89' lang='lat' dir='ltr'>colonecis</span> <span class='ocrx_word' id='word_1_454' title='bbox 1442 4502 1516 4558; x_wconf 87' lang='lat' dir='ltr'>ad</span> <span class='ocrx_word' id='word_1_455' title='bbox 1534 4503 1743 4559; x_wconf 88' lang='lat' dir='ltr'>eadem</span> <span class='ocrx_word' id='word_1_456' title='bbox 1776 4504 2156 4576; x_wconf 90' lang='lat' dir='ltr'>pertinentes,</span> 
     </span>
    </p>
   </div>
   <div class='ocr_carea' id='block_1_61' title="bbox 2248 1978 3890 2049">
    <p class='ocr_par' dir='ltr' id='par_1_61' title="bbox 2248 1978 3890 2049">
     <span class='ocr_line' id='line_1_61' title="bbox 2248 1978 3890 2049; baseline 0.002 -15"><span class='ocrx_word' id='word_1_457' title='bbox 2248 1979 2704 2046; x_wconf 87' lang='lat' dir='ltr'>Gundileubane,</span> <span class='ocrx_word' id='word_1_458' title='bbox 2747 1978 2944 2046; x_wconf 86' lang='lat' dir='ltr'>Piane,</span> <span class='ocrx_word' id='word_1_459' title='bbox 2988 1978 3318 2035; x_wconf 82' lang='lat' dir='ltr'>Sumthulfo</span> <span class='ocrx_word' id='word_1_460' title='bbox 3362 1980 3720 2049; x_wconf 88' lang='lat' dir='ltr'>Ciuccirane,</span> <span class='ocrx_word' id='word_1_461' title='bbox 3769 1983 3890 2037; x_wconf 84' lang='lat' dir='ltr'>Hic-</span> 
     </span>
    </p>
   </div>
   <div class='ocr_carea' id='block_1_62' title="bbox 2249 2073 3895 2147">
    <p class='ocr_par' dir='ltr' id='par_1_62' title="bbox 2249 2073 3895 2147">
     <span class='ocr_line' id='line_1_62' title="bbox 2249 2073 3895 2147; baseline 0.001 -18"><span class='ocrx_word' id='word_1_462' title='bbox 2249 2074 2529 2140; x_wconf 91' lang='lat' dir='ltr'>chicione,</span> <span class='ocrx_word' id='word_1_463' title='bbox 2550 2074 2709 2128; x_wconf 83' lang='lat' dir='ltr'>Maxa</span> <span class='ocrx_word' id='word_1_464' title='bbox 2760 2089 2935 2128; x_wconf 82' lang='lat' dir='ltr'>uxore</span> <span class='ocrx_word' id='word_1_465' title='bbox 2971 2073 3314 2146; x_wconf 84' lang='lat' dir='ltr'>Chioberga,</span> <span class='ocrx_word' id='word_1_466' title='bbox 3347 2074 3695 2143; x_wconf 89' lang='lat' dir='ltr'>Sinderedo,</span> <span class='ocrx_word' id='word_1_467' title='bbox 3726 2077 3895 2147; x_wconf 80' lang='lat' dir='ltr'>Angi-</span> 
     </span>
    </p>
   </div>
   <div class='ocr_carea' id='block_1_63' title="bbox 2251 2166 3892 2235">
    <p class='ocr_par' dir='ltr' id='par_1_63' title="bbox 2251 2166 3892 2235">
     <span class='ocr_line' id='line_1_63' title="bbox 2251 2166 3892 2235; baseline 0.002 -13"><span class='ocrx_word' id='word_1_468' title='bbox 2251 2169 2405 2235; x_wconf 92' lang='lat' dir='ltr'>lone,</span> <span class='ocrx_word' id='word_1_469' title='bbox 2450 2166 2810 2222; x_wconf 82' lang='lat' dir='ltr'>Leudefredo</span> <span class='ocrx_word' id='word_1_470' title='bbox 2850 2183 2982 2221; x_wconf 89' lang='lat' dir='ltr'>cum</span> <span class='ocrx_word' id='word_1_471' title='bbox 3025 2183 3201 2222; x_wconf 84' lang='lat' dir='ltr'>uxore</span> <span class='ocrx_word' id='word_1_472' title='bbox 3235 2168 3616 2235; x_wconf 86' lang='lat' dir='ltr'>Vuandilone,</span> <span class='ocrx_word' id='word_1_473' title='bbox 3646 2169 3892 2225; x_wconf 83' lang='lat' dir='ltr'>Chaide-</span> 
     </span>
    </p>
   </div>
   <div class='ocr_carea' id='block_1_64' title="bbox 2251 2260 3893 2333">
    <p class='ocr_par' dir='ltr' id='par_1_64' title="bbox 2251 2260 3893 2333">
     <span class='ocr_line' id='line_1_64' title="bbox 2251 2260 3893 2333; baseline 0 -16"><span class='ocrx_word' id='word_1_474' title='bbox 2251 2278 2417 2329; x_wconf 90' lang='lat' dir='ltr'>runa,</span> <span class='ocrx_word' id='word_1_475' title='bbox 2442 2260 2813 2327; x_wconf 87' lang='lat' dir='ltr'>Childeruna,</span> <span class='ocrx_word' id='word_1_476' title='bbox 2844 2261 3284 2333; x_wconf 82' lang='lat' dir='ltr'>Thrasteberga,</span> <span class='ocrx_word' id='word_1_477' title='bbox 3316 2262 3779 2331; x_wconf 88' lang='lat' dir='ltr'>Theodachario,</span> <span class='ocrx_word' id='word_1_478' title='bbox 3806 2263 3893 2317; x_wconf 74' lang='lat' dir='ltr'>Vi-</span> 
     </span>
    </p>
   </div>
   <div class='ocr_carea' id='block_1_65' title="bbox 2253 2354 3895 2427">
    <p class='ocr_par' dir='ltr' id='par_1_65' title="bbox 2253 2354 3895 2427">
     <span class='ocr_line' id='line_1_65' title="bbox 2253 2354 3895 2427; baseline 0.002 -18"><span class='ocrx_word' id='word_1_479' title='bbox 2253 2355 2389 2427; x_wconf 84' lang='lat' dir='ltr'>gilio</span> <span class='ocrx_word' id='word_1_480' title='bbox 2416 2372 2550 2410; x_wconf 91' lang='lat' dir='ltr'>cum</span> <span class='ocrx_word' id='word_1_481' title='bbox 2576 2370 2751 2409; x_wconf 83' lang='lat' dir='ltr'>uxore</span> <span class='ocrx_word' id='word_1_482' title='bbox 2776 2354 3059 2423; x_wconf 90' lang='lat' dir='ltr'>Sunnine,</span> <span class='ocrx_word' id='word_1_483' title='bbox 3087 2355 3309 2426; x_wconf 82' lang='lat' dir='ltr'>Agione</span> <span class='ocrx_word' id='word_1_484' title='bbox 3337 2373 3466 2411; x_wconf 92' lang='lat' dir='ltr'>cum</span> <span class='ocrx_word' id='word_1_485' title='bbox 3484 2356 3602 2412; x_wconf 91' lang='lat' dir='ltr'>ﬁlio</span> <span class='ocrx_word' id='word_1_486' title='bbox 3621 2374 3729 2413; x_wconf 92' lang='lat' dir='ltr'>suo</span> <span class='ocrx_word' id='word_1_487' title='bbox 3746 2358 3895 2413; x_wconf 87' lang='lat' dir='ltr'>Gari-</span> 
     </span>
    </p>
   </div>
   <div class='ocr_carea' id='block_1_66' title="bbox 2252 2448 3894 2518">
    <p class='ocr_par' dir='ltr' id='par_1_66' title="bbox 2252 2448 3894 2518">
     <span class='ocr_line' id='line_1_66' title="bbox 2252 2448 3894 2518; baseline 0.001 -15"><span class='ocrx_word' id='word_1_488' title='bbox 2252 2450 2412 2517; x_wconf 87' lang='lat' dir='ltr'>lulfo,</span> <span class='ocrx_word' id='word_1_489' title='bbox 2439 2448 2759 2504; x_wconf 88' lang='lat' dir='ltr'>Vincimalo</span> <span class='ocrx_word' id='word_1_490' title='bbox 2802 2464 2935 2503; x_wconf 90' lang='lat' dir='ltr'>cum</span> <span class='ocrx_word' id='word_1_491' title='bbox 2982 2464 3154 2505; x_wconf 86' lang='lat' dir='ltr'>uxore</span> <span class='ocrx_word' id='word_1_492' title='bbox 3194 2449 3485 2518; x_wconf 82' lang='lat' dir='ltr'>Maurella,</span> <span class='ocrx_word' id='word_1_493' title='bbox 3513 2450 3732 2506; x_wconf 88' lang='lat' dir='ltr'>Mellita</span> <span class='ocrx_word' id='word_1_494' title='bbox 3767 2467 3894 2505; x_wconf 91' lang='lat' dir='ltr'>cum</span> 
     </span>
    </p>
   </div>
   <div class='ocr_carea' id='block_1_67' title="bbox 2251 2542 3892 2616">
    <p class='ocr_par' dir='ltr' id='par_1_67' title="bbox 2251 2542 3892 2616">
     <span class='ocr_line' id='line_1_67' title="bbox 2251 2542 3892 2616; baseline 0.001 -18"><span class='ocrx_word' id='word_1_495' title='bbox 2251 2544 2369 2599; x_wconf 90' lang='lat' dir='ltr'>ﬁlio</span> <span class='ocrx_word' id='word_1_496' title='bbox 2400 2560 2502 2599; x_wconf 91' lang='lat' dir='ltr'>suo</span> <span class='ocrx_word' id='word_1_497' title='bbox 2523 2542 2777 2613; x_wconf 89' lang='lat' dir='ltr'>juniore,</span> <span class='ocrx_word' id='word_1_498' title='bbox 2808 2542 3088 2598; x_wconf 89' lang='lat' dir='ltr'>Coccione</span> <span class='ocrx_word' id='word_1_499' title='bbox 3115 2559 3248 2598; x_wconf 90' lang='lat' dir='ltr'>cum</span> <span class='ocrx_word' id='word_1_500' title='bbox 3286 2544 3406 2599; x_wconf 89' lang='lat' dir='ltr'>ﬁlio</span> <span class='ocrx_word' id='word_1_501' title='bbox 3455 2561 3556 2599; x_wconf 92' lang='lat' dir='ltr'>suo</span> <span class='ocrx_word' id='word_1_502' title='bbox 3596 2544 3892 2616; x_wconf 83' lang='lat' dir='ltr'>Daigisilo,</span> 
     </span>
    </p>
   </div>
   <div class='ocr_carea' id='block_1_68' title="bbox 2251 2635 3893 2707">
    <p class='ocr_par' dir='ltr' id='par_1_68' title="bbox 2251 2635 3893 2707">
     <span class='ocr_line' id='line_1_68' title="bbox 2251 2635 3893 2707; baseline 0.001 -15"><span class='ocrx_word' id='word_1_503' title='bbox 2251 2637 2536 2693; x_wconf 89' lang='lat' dir='ltr'>Mudilane</span> <span class='ocrx_word' id='word_1_504' title='bbox 2567 2653 2699 2691; x_wconf 89' lang='lat' dir='ltr'>cum</span> <span class='ocrx_word' id='word_1_505' title='bbox 2726 2635 2857 2690; x_wconf 88' lang='lat' dir='ltr'>ﬁliis</span> <span class='ocrx_word' id='word_1_506' title='bbox 2886 2636 3002 2691; x_wconf 89' lang='lat' dir='ltr'>suis</span> <span class='ocrx_word' id='word_1_507' title='bbox 3028 2636 3364 2707; x_wconf 82' lang='lat' dir='ltr'>Munegisilo</span> <span class='ocrx_word' id='word_1_508' title='bbox 3392 2640 3450 2691; x_wconf 89' lang='lat' dir='ltr'>et</span> <span class='ocrx_word' id='word_1_509' title='bbox 3484 2638 3893 2705; x_wconf 81' lang='lat' dir='ltr'>Monechrude,</span> 
     </span>
    </p>
   </div>
   <div class='ocr_carea' id='block_1_69' title="bbox 2251 2730 3893 2803">
    <p class='ocr_par' dir='ltr' id='par_1_69' title="bbox 2251 2730 3893 2803">
     <span class='ocr_line' id='line_1_69' title="bbox 2251 2730 3893 2803; baseline 0.001 -19"><span class='ocrx_word' id='word_1_510' title='bbox 2251 2730 2560 2798; x_wconf 82' lang='lat' dir='ltr'>Acchione,</span> <span class='ocrx_word' id='word_1_511' title='bbox 2594 2731 2849 2794; x_wconf 88' lang='lat' dir='ltr'>Bonane,</span> <span class='ocrx_word' id='word_1_512' title='bbox 2877 2730 3323 2798; x_wconf 90' lang='lat' dir='ltr'>Leubosaintho,</span> <span class='ocrx_word' id='word_1_513' title='bbox 3352 2730 3578 2787; x_wconf 86' lang='lat' dir='ltr'>Gibulfo</span> <span class='ocrx_word' id='word_1_514' title='bbox 3600 2731 3727 2787; x_wconf 88' lang='lat' dir='ltr'>ﬁlio</span> <span class='ocrx_word' id='word_1_515' title='bbox 3746 2732 3893 2803; x_wconf 83' lang='lat' dir='ltr'>Vigi-</span> 
     </span>
    </p>
   </div>
   <div class='ocr_carea' id='block_1_70' title="bbox 2255 2823 3897 2897">
    <p class='ocr_par' dir='ltr' id='par_1_70' title="bbox 2255 2823 3897 2897">
     <span class='ocr_line' id='line_1_70' title="bbox 2255 2823 3897 2897; baseline 0.001 -19"><span class='ocrx_word' id='word_1_516' title='bbox 2255 2824 2351 2879; x_wconf 93' lang='lat' dir='ltr'>lio.</span> <span class='ocrx_word' id='word_1_517' title='bbox 2383 2826 2797 2891; x_wconf 85' lang='lat' dir='ltr'>Dommoruna,</span> <span class='ocrx_word' id='word_1_518' title='bbox 2829 2823 3281 2892; x_wconf 87' lang='lat' dir='ltr'>Childerimane,</span> <span class='ocrx_word' id='word_1_519' title='bbox 3316 2823 3559 2893; x_wconf 86' lang='lat' dir='ltr'>Basone,</span> <span class='ocrx_word' id='word_1_520' title='bbox 3600 2825 3897 2897; x_wconf 86' lang='lat' dir='ltr'>Childegi-</span> 
     </span>
    </p>
   </div>
   <div class='ocr_carea' id='block_1_71' title="bbox 2254 2916 3900 2991">
    <p class='ocr_par' dir='ltr' id='par_1_71' title="bbox 2254 2916 3900 2991">
     <span class='ocr_line' id='line_1_71' title="bbox 2254 2916 3900 2991; baseline 0 -18"><span class='ocrx_word' id='word_1_521' title='bbox 2254 2919 2394 2986; x_wconf 92' lang='lat' dir='ltr'>selo,</span> <span class='ocrx_word' id='word_1_522' title='bbox 2428 2917 2872 2989; x_wconf 83' lang='lat' dir='ltr'>Childegunthe.</span> <span class='ocrx_word' id='word_1_523' title='bbox 2906 2917 3221 2974; x_wconf 85' lang='lat' dir='ltr'>Chrodulfo</span> <span class='ocrx_word' id='word_1_524' title='bbox 3251 2959 3265 2973; x_wconf 92' lang='lat'>.</span> <span class='ocrx_word' id='word_1_525' title='bbox 3311 2959 3324 2973; x_wconf 94' lang='lat'>.</span> <span class='ocrx_word' id='word_1_526' title='bbox 3371 2961 3387 2974; x_wconf 93' lang='lat'>.</span> <span class='ocrx_word' id='word_1_527' title='bbox 3432 2960 3445 2973; x_wconf 94' lang='lat'>.</span> <span class='ocrx_word' id='word_1_528' title='bbox 3470 2916 3666 2991; x_wconf 80' lang='grc'>465</span> <span class='ocrx_word' id='word_1_529' title='bbox 3702 2919 3900 2975; x_wconf 87' lang='lat' dir='ltr'>Sinde-</span> 
     </span>
    </p>
   </div>
   <div class='ocr_carea' id='block_1_72' title="bbox 2254 3009 3899 3082">
    <p class='ocr_par' dir='ltr' id='par_1_72' title="bbox 2254 3009 3899 3082">
     <span class='ocr_line' id='line_1_72' title="bbox 2254 3009 3899 3082; baseline 0.002 -17"><span class='ocrx_word' id='word_1_530' title='bbox 2254 3011 2542 3082; x_wconf 66' lang='lat' dir='ltr'>bergane,’</span> <span class='ocrx_word' id='word_1_531' title='bbox 2589 3009 2969 3078; x_wconf 87' lang='lat' dir='ltr'>Monechilde,</span> <span class='ocrx_word' id='word_1_532' title='bbox 3021 3013 3293 3079; x_wconf 66' lang='lat' dir='ltr'>Eterno,</span> <span class='ocrx_word' id='word_1_533' title='bbox 3347 3012 3742 3079; x_wconf 89' lang='lat' dir='ltr'>Bauderuna;</span> <span class='ocrx_word' id='word_1_534' title='bbox 3799 3013 3899 3068; x_wconf 90' lang='lat' dir='ltr'>hos</span> 
     </span>
    </p>
   </div>
   <div class='ocr_carea' id='block_1_73' title="bbox 2256 3104 3897 3176">
    <p class='ocr_par' dir='ltr' id='par_1_73' title="bbox 2256 3104 3897 3176">
     <span class='ocr_line' id='line_1_73' title="bbox 2256 3104 3897 3176; baseline 0 -16"><span class='ocrx_word' id='word_1_535' title='bbox 2256 3121 2463 3160; x_wconf 89' lang='lat' dir='ltr'>omnes</span> <span class='ocrx_word' id='word_1_536' title='bbox 2514 3120 2647 3160; x_wconf 90' lang='lat' dir='ltr'>cum</span> <span class='ocrx_word' id='word_1_537' title='bbox 2677 3104 2839 3159; x_wconf 90' lang='lat' dir='ltr'>omni</span> <span class='ocrx_word' id='word_1_538' title='bbox 2887 3104 3179 3176; x_wconf 87' lang='lat' dir='ltr'>peculiare</span> <span class='ocrx_word' id='word_1_539' title='bbox 3220 3121 3441 3173; x_wconf 90' lang='lat' dir='ltr'>eorum,</span> <span class='ocrx_word' id='word_1_540' title='bbox 3488 3108 3612 3160; x_wconf 87' lang='lat' dir='ltr'>tam</span> <span class='ocrx_word' id='word_1_541' title='bbox 3651 3108 3897 3174; x_wconf 87' lang='lat' dir='ltr'>areolas,</span> 
     </span>
    </p>
   </div>
   <div class='ocr_carea' id='block_1_74' title="bbox 2255 3197 3901 3271">
    <p class='ocr_par' dir='ltr' id='par_1_74' title="bbox 2255 3197 3901 3271">
     <span class='ocr_line' id='line_1_74' title="bbox 2255 3197 3901 3271; baseline 0.002 -18"><span class='ocrx_word' id='word_1_542' title='bbox 2255 3198 2547 3270; x_wconf 86' lang='lat' dir='ltr'>hospitio],</span> <span class='ocrx_word' id='word_1_543' title='bbox 2572 3199 2907 3266; x_wconf 87' lang='lat' dir='ltr'>ahortellus,</span> <span class='ocrx_word' id='word_1_544' title='bbox 2935 3199 3023 3253; x_wconf 90' lang='lat' dir='ltr'>vel</span> <span class='ocrx_word' id='word_1_545' title='bbox 3044 3197 3318 3267; x_wconf 88' lang='lat' dir='ltr'>vineolas,</span> <span class='ocrx_word' id='word_1_546' title='bbox 3348 3201 3407 3254; x_wconf 88' lang='lat' dir='ltr'>et</span> <span class='ocrx_word' id='word_1_547' title='bbox 3425 3215 3557 3254; x_wconf 89' lang='lat' dir='ltr'>cum</span> <span class='ocrx_word' id='word_1_548' title='bbox 3577 3199 3640 3255; x_wconf 89' lang='lat' dir='ltr'>id</span> <span class='ocrx_word' id='word_1_549' title='bbox 3654 3201 3819 3271; x_wconf 92' lang='lat' dir='ltr'>quod</span> <span class='ocrx_word' id='word_1_550' title='bbox 3844 3200 3901 3255; x_wconf 89' lang='lat' dir='ltr'>in</span> 
     </span>
    </p>
   </div>
   <div class='ocr_carea' id='block_1_75' title="bbox 2255 3291 3897 3364">
    <p class='ocr_par' dir='ltr' id='par_1_75' title="bbox 2255 3291 3897 3364">
     <span class='ocr_line' id='line_1_75' title="bbox 2255 3291 3897 3364; baseline 0.001 -17"><span class='ocrx_word' id='word_1_551' title='bbox 2255 3291 2600 3364; x_wconf 87' lang='lat' dir='ltr'>quibuslibet</span> <span class='ocrx_word' id='word_1_552' title='bbox 2626 3292 2799 3347; x_wconf 88' lang='lat' dir='ltr'>rebus</span> <span class='ocrx_word' id='word_1_553' title='bbox 2828 3292 3043 3347; x_wconf 88' lang='lat' dir='ltr'>habere</span> <span class='ocrx_word' id='word_1_554' title='bbox 3073 3291 3358 3360; x_wconf 89' lang='lat' dir='ltr'>videntur,</span> <span class='ocrx_word' id='word_1_555' title='bbox 3391 3292 3605 3348; x_wconf 90' lang='lat' dir='ltr'>liberos</span> <span class='ocrx_word' id='word_1_556' title='bbox 3657 3293 3897 3349; x_wconf 88' lang='lat' dir='ltr'>liberas-</span> 
     </span>
    </p>
   </div>
   <div class='ocr_carea' id='block_1_76' title="bbox 2252 3384 3899 3457">
    <p class='ocr_par' dir='ltr' id='par_1_76' title="bbox 2252 3384 3899 3457">
     <span class='ocr_line' id='line_1_76' title="bbox 2252 3384 3899 3457; baseline 0.002 -17"><span class='ocrx_word' id='word_1_557' title='bbox 2252 3403 2362 3457; x_wconf 87' lang='lat' dir='ltr'>que</span> <span class='ocrx_word' id='word_1_558' title='bbox 2394 3403 2519 3440; x_wconf 88' lang='lat' dir='ltr'>esse</span> <span class='ocrx_word' id='word_1_559' title='bbox 2543 3385 2846 3457; x_wconf 53' lang='lat' dir='ltr'>praecipio;</span> <span class='ocrx_word' id='word_1_560' title='bbox 2880 3389 2938 3440; x_wconf 91' lang='lat' dir='ltr'>et</span> <span class='ocrx_word' id='word_1_561' title='bbox 2954 3384 3236 3457; x_wconf 88' lang='lat' dir='ltr'>quidquid</span> <span class='ocrx_word' id='word_1_562' title='bbox 3263 3385 3469 3441; x_wconf 77' lang='lat' dir='ltr'>exinde</span> <span class='ocrx_word' id='word_1_563' title='bbox 3500 3387 3693 3443; x_wconf 84' lang='lat' dir='ltr'>facere</span> <span class='ocrx_word' id='word_1_564' title='bbox 3714 3389 3899 3443; x_wconf 83' lang='lat' dir='ltr'>volue-</span> 
     </span>
    </p>
   </div>
   <div class='ocr_carea' id='block_1_77' title="bbox 2250 3478 3345 3551">
    <p class='ocr_par' dir='ltr' id='par_1_77' title="bbox 2250 3478 3345 3551">
     <span class='ocr_line' id='line_1_77' title="bbox 2250 3478 3345 3551; baseline 0.001 -18"><span class='ocrx_word' id='word_1_565' title='bbox 2250 3479 2387 3547; x_wconf 89' lang='lat' dir='ltr'>rint,</span> <span class='ocrx_word' id='word_1_566' title='bbox 2414 3479 2670 3534; x_wconf 90' lang='lat' dir='ltr'>habeant</span> <span class='ocrx_word' id='word_1_567' title='bbox 2698 3478 2945 3533; x_wconf 87' lang='lat' dir='ltr'>liberam</span> <span class='ocrx_word' id='word_1_568' title='bbox 2976 3482 3345 3551; x_wconf 89' lang='lat' dir='ltr'>potestatem.</span> 
     </span>
    </p>
   </div>
   <div class='ocr_carea' id='block_1_78' title="bbox 2324 3572 3897 3644">
    <p class='ocr_par' dir='ltr' id='par_1_78' title="bbox 2324 3572 3897 3644">
     <span class='ocr_line' id='line_1_78' title="bbox 2324 3572 3897 3644; baseline 0.001 -15"><span class='ocrx_word' id='word_1_569' title='bbox 2324 3572 2603 3629; x_wconf 86' lang='lat' dir='ltr'>Similiter</span> <span class='ocrx_word' id='word_1_570' title='bbox 2641 3572 2969 3628; x_wconf 89' lang='lat' dir='ltr'>Mumolane</span> <span class='ocrx_word' id='word_1_571' title='bbox 3005 3590 3136 3627; x_wconf 90' lang='lat' dir='ltr'>cum</span> <span class='ocrx_word' id='word_1_572' title='bbox 3169 3573 3330 3628; x_wconf 92' lang='lat' dir='ltr'>omni</span> <span class='ocrx_word' id='word_1_573' title='bbox 3356 3572 3651 3644; x_wconf 86' lang='lat' dir='ltr'>peculiare</span> <span class='ocrx_word' id='word_1_574' title='bbox 3681 3591 3784 3631; x_wconf 88' lang='lat' dir='ltr'>suo</span> <span class='ocrx_word' id='word_1_575' title='bbox 3810 3575 3897 3630; x_wconf 90' lang='lat' dir='ltr'>in-</span> 
     </span>
    </p>
   </div>
   <div class='ocr_carea' id='block_1_79' title="bbox 2255 3666 3902 3738">
    <p class='ocr_par' dir='ltr' id='par_1_79' title="bbox 2255 3666 3902 3738">
     <span class='ocr_line' id='line_1_79' title="bbox 2255 3666 3902 3738; baseline 0.001 -17"><span class='ocrx_word' id='word_1_576' title='bbox 2255 3683 2512 3738; x_wconf 84' lang='lat' dir='ltr'>genuum</span> <span class='ocrx_word' id='word_1_577' title='bbox 2536 3683 2660 3722; x_wconf 88' lang='lat' dir='ltr'>esse</span> <span class='ocrx_word' id='word_1_578' title='bbox 2675 3666 2947 3738; x_wconf 63' lang='lat' dir='ltr'>praecipio</span> <span class='ocrx_word' id='word_1_579' title='bbox 2972 3683 2985 3721; x_wconf 93' lang='lat'>:</span> <span class='ocrx_word' id='word_1_580' title='bbox 3007 3666 3320 3722; x_wconf 87' lang='lat' dir='ltr'>luminaria</span> <span class='ocrx_word' id='word_1_581' title='bbox 3331 3670 3560 3723; x_wconf 87' lang='lat' dir='ltr'>tantum</span> <span class='ocrx_word' id='word_1_582' title='bbox 3573 3669 3633 3723; x_wconf 92' lang='lat' dir='ltr'>in</span> <span class='ocrx_word' id='word_1_583' title='bbox 3662 3670 3902 3725; x_wconf 87' lang='lat' dir='ltr'>ecclesia</span> 
     </span>
    </p>
   </div>
   <div class='ocr_carea' id='block_1_80' title="bbox 2256 3759 3901 3817">
    <p class='ocr_par' dir='ltr' id='par_1_80' title="bbox 2256 3759 3901 3817">
     <span class='ocr_line' id='line_1_80' title="bbox 2256 3759 3901 3817; baseline 0.002 -3"><span class='ocrx_word' id='word_1_584' title='bbox 2256 3759 2553 3815; x_wconf 90' lang='lat' dir='ltr'>Bonisiaca</span> <span class='ocrx_word' id='word_1_585' title='bbox 2599 3759 2929 3815; x_wconf 84' lang='lat' dir='ltr'>ministrare</span> <span class='ocrx_word' id='word_1_586' title='bbox 2979 3759 3225 3816; x_wconf 88' lang='lat' dir='ltr'>stodeat.</span> <span class='ocrx_word' id='word_1_587' title='bbox 3268 3762 3718 3817; x_wconf 88' lang='lat' dir='ltr'>Vualacharium</span> <span class='ocrx_word' id='word_1_588' title='bbox 3771 3780 3901 3817; x_wconf 91' lang='lat' dir='ltr'>cum</span> 
     </span>
    </p>
   </div>
   <div class='ocr_carea' id='block_1_81' title="bbox 2256 3852 3906 3927">
    <p class='ocr_par' dir='ltr' id='par_1_81' title="bbox 2256 3852 3906 3927">
     <span class='ocr_line' id='line_1_81' title="bbox 2256 3852 3906 3927; baseline 0.001 -19"><span class='ocrx_word' id='word_1_589' title='bbox 2256 3853 2419 3908; x_wconf 89' lang='lat' dir='ltr'>omni</span> <span class='ocrx_word' id='word_1_590' title='bbox 2452 3852 2740 3925; x_wconf 88' lang='lat' dir='ltr'>peculiare</span> <span class='ocrx_word' id='word_1_591' title='bbox 2764 3870 2888 3921; x_wconf 92' lang='lat' dir='ltr'>suo,</span> <span class='ocrx_word' id='word_1_592' title='bbox 2904 3856 3115 3908; x_wconf 90' lang='lat' dir='ltr'>etcum</span> <span class='ocrx_word' id='word_1_593' title='bbox 3132 3854 3308 3908; x_wconf 88' lang='lat' dir='ltr'>boves</span> <span class='ocrx_word' id='word_1_594' title='bbox 3329 3870 3474 3925; x_wconf 90' lang='lat' dir='ltr'>quos</span> <span class='ocrx_word' id='word_1_595' title='bbox 3488 3855 3732 3926; x_wconf 79' lang='lat' dir='ltr'>bajolat,</span> <span class='ocrx_word' id='word_1_596' title='bbox 3748 3856 3906 3927; x_wconf 82' lang='lat' dir='ltr'>inge—</span> 
     </span>
    </p>
   </div>
   <div class='ocr_carea' id='block_1_82' title="bbox 2256 3946 3904 4019">
    <p class='ocr_par' dir='ltr' id='par_1_82' title="bbox 2256 3946 3904 4019">
     <span class='ocr_line' id='line_1_82' title="bbox 2256 3946 3904 4019; baseline 0.001 -17"><span class='ocrx_word' id='word_1_597' title='bbox 2256 3964 2438 4002; x_wconf 88' lang='lat' dir='ltr'>nuum</span> <span class='ocrx_word' id='word_1_598' title='bbox 2462 3963 2531 4002; x_wconf 88' lang='lat' dir='ltr'>ea</span> <span class='ocrx_word' id='word_1_599' title='bbox 2561 3946 2902 4003; x_wconf 89' lang='lat' dir='ltr'>condicione</span> <span class='ocrx_word' id='word_1_600' title='bbox 2929 3963 3053 4002; x_wconf 90' lang='lat' dir='ltr'>esse</span> <span class='ocrx_word' id='word_1_601' title='bbox 3075 3946 3276 4019; x_wconf 88' lang='lat' dir='ltr'>jubeo,</span> <span class='ocrx_word' id='word_1_602' title='bbox 3305 3950 3369 4003; x_wconf 90' lang='lat' dir='ltr'>ut</span> <span class='ocrx_word' id='word_1_603' title='bbox 3393 3948 3549 4019; x_wconf 82' lang='lat' dir='ltr'>ligna</span> <span class='ocrx_word' id='word_1_604' title='bbox 3569 3952 3805 4005; x_wconf 89' lang='lat' dir='ltr'>tantum</span> <span class='ocrx_word' id='word_1_605' title='bbox 3834 3950 3904 4004; x_wconf 87' lang='lat' dir='ltr'>ad</span> 
     </span>
    </p>
   </div>
   <div class='ocr_carea' id='block_1_83' title="bbox 2258 4040 3905 4113">
    <p class='ocr_par' dir='ltr' id='par_1_83' title="bbox 2258 4040 3905 4113">
     <span class='ocr_line' id='line_1_83' title="bbox 2258 4040 3905 4113; baseline 0.001 -16"><span class='ocrx_word' id='word_1_606' title='bbox 2258 4042 2450 4097; x_wconf 84' lang='lat' dir='ltr'>oblata</span> <span class='ocrx_word' id='word_1_607' title='bbox 2474 4041 2810 4097; x_wconf 88' lang='lat' dir='ltr'>faciendum</span> <span class='ocrx_word' id='word_1_608' title='bbox 2834 4040 3166 4097; x_wconf 89' lang='lat' dir='ltr'>ministrare</span> <span class='ocrx_word' id='word_1_609' title='bbox 3197 4046 3486 4113; x_wconf 88' lang='lat' dir='ltr'>procuret.</span> <span class='ocrx_word' id='word_1_610' title='bbox 3528 4043 3905 4100; x_wconf 86' lang='lat' dir='ltr'>Gundefredo</span> 
     </span>
    </p>
   </div>
   <div class='ocr_carea' id='block_1_84' title="bbox 2258 4134 3908 4207">
    <p class='ocr_par' dir='ltr' id='par_1_84' title="bbox 2258 4134 3908 4207">
     <span class='ocr_line' id='line_1_84' title="bbox 2258 4134 3908 4207; baseline 0.001 -16"><span class='ocrx_word' id='word_1_611' title='bbox 2258 4151 2389 4191; x_wconf 89' lang='lat' dir='ltr'>cum</span> <span class='ocrx_word' id='word_1_612' title='bbox 2414 4135 2589 4191; x_wconf 90' lang='lat' dir='ltr'>boves</span> <span class='ocrx_word' id='word_1_613' title='bbox 2606 4134 2752 4190; x_wconf 89' lang='lat' dir='ltr'>duos</span> <span class='ocrx_word' id='word_1_614' title='bbox 2777 4134 3042 4190; x_wconf 88' lang='lat' dir='ltr'>laborare</span> <span class='ocrx_word' id='word_1_615' title='bbox 3062 4135 3353 4207; x_wconf 74' lang='lat' dir='ltr'>praecipio,</span> <span class='ocrx_word' id='word_1_616' title='bbox 3377 4136 3531 4191; x_wconf 90' lang='lat' dir='ltr'>unde</span> <span class='ocrx_word' id='word_1_617' title='bbox 3559 4153 3694 4192; x_wconf 90' lang='lat' dir='ltr'>cera</span> <span class='ocrx_word' id='word_1_618' title='bbox 3714 4138 3794 4193; x_wconf 85' lang='lat' dir='ltr'>ad</span> <span class='ocrx_word' id='word_1_619' title='bbox 3815 4139 3908 4193; x_wconf 85' lang='lat' dir='ltr'>ba-</span> 
     </span>
    </p>
   </div>
   <div class='ocr_carea' id='block_1_85' title="bbox 2258 4216 3907 4302">
    <p class='ocr_par' dir='ltr' id='par_1_85' title="bbox 2258 4216 3907 4302">
     <span class='ocr_line' id='line_1_85' title="bbox 2258 4216 3907 4302; baseline 0.002 -19"><span class='ocrx_word' id='word_1_620' title='bbox 2258 4229 2431 4284; x_wconf 88' lang='lat' dir='ltr'>selica</span> <span class='ocrx_word' id='word_1_621' title='bbox 2479 4228 2682 4285; x_wconf 92' lang='lat' dir='ltr'>domni</span> <span class='ocrx_word' id='word_1_622' title='bbox 2726 4228 3046 4285; x_wconf 91' lang='lat' dir='ltr'>Sinsuriani</span> <span class='ocrx_word' id='word_1_623' title='bbox 3091 4216 3479 4302; x_wconf 84' lang='lat' dir='ltr'>comparetur.</span> <span class='ocrx_word' id='word_1_624' title='bbox 3532 4230 3907 4299; x_wconf 82' lang='lat' dir='ltr'>Martiniano,</span> 
     </span>
    </p>
   </div>
   <div class='ocr_carea' id='block_1_86' title="bbox 2258 4310 3908 4397">
    <p class='ocr_par' dir='ltr' id='par_1_86' title="bbox 2258 4310 3908 4397">
     <span class='ocr_line' id='line_1_86' title="bbox 2258 4310 3908 4397; baseline 0.002 -20"><span class='ocrx_word' id='word_1_625' title='bbox 2258 4310 2639 4378; x_wconf 88' lang='lat' dir='ltr'>Theoderuna</span> <span class='ocrx_word' id='word_1_626' title='bbox 2678 4339 2811 4378; x_wconf 91' lang='lat' dir='ltr'>cum</span> <span class='ocrx_word' id='word_1_627' title='bbox 2848 4322 2966 4378; x_wconf 83' lang='lat' dir='ltr'>filio</span> <span class='ocrx_word' id='word_1_628' title='bbox 3011 4340 3111 4378; x_wconf 91' lang='lat' dir='ltr'>suo</span> <span class='ocrx_word' id='word_1_629' title='bbox 3148 4323 3397 4391; x_wconf 90' lang='lat' dir='ltr'>seniore,</span> <span class='ocrx_word' id='word_1_630' title='bbox 3430 4341 3562 4380; x_wconf 90' lang='lat' dir='ltr'>cum</span> <span class='ocrx_word' id='word_1_631' title='bbox 3610 4326 3908 4397; x_wconf 89' lang='lat' dir='ltr'>peculiare</span> 
     </span>
    </p>
   </div>
   <div class='ocr_carea' id='block_1_87' title="bbox 2260 4416 3908 4490">
    <p class='ocr_par' dir='ltr' id='par_1_87' title="bbox 2260 4416 3908 4490">
     <span class='ocr_line' id='line_1_87' title="bbox 2260 4416 3908 4490; baseline 0.003 -20"><span class='ocrx_word' id='word_1_632' title='bbox 2260 4433 2484 4483; x_wconf 89' lang='lat' dir='ltr'>eorum,</span> <span class='ocrx_word' id='word_1_633' title='bbox 2506 4416 2652 4471; x_wconf 88' lang='lat' dir='ltr'>sicut</span> <span class='ocrx_word' id='word_1_634' title='bbox 2668 4433 2840 4488; x_wconf 89' lang='lat' dir='ltr'>supra</span> <span class='ocrx_word' id='word_1_635' title='bbox 2863 4417 3451 4486; x_wconf 88' lang='lat' dir='ltr'>scribtibenemereti,</span> <span class='ocrx_word' id='word_1_636' title='bbox 3473 4418 3770 4490; x_wconf 84' lang='lat' dir='ltr'>ingenuos</span> <span class='ocrx_word' id='word_1_637' title='bbox 3784 4437 3908 4475; x_wconf 88' lang='lat' dir='ltr'>esse</span> 
     </span>
    </p>
   </div>
   <div class='ocr_carea' id='block_1_88' title="bbox 2252 4509 3909 4582">
    <p class='ocr_par' dir='ltr' id='par_1_88' title="bbox 2252 4509 3909 4582">
     <span class='ocr_line' id='line_1_88' title="bbox 2252 4509 3909 4582; baseline 0 -17"><span class='ocrx_word' id='word_1_638' title='bbox 2252 4510 2452 4581; x_wconf 88' lang='lat' dir='ltr'>jubeo.</span> <span class='ocrx_word' id='word_1_639' title='bbox 2485 4509 2669 4565; x_wconf 92' lang='lat' dir='ltr'>Simili</span> <span class='ocrx_word' id='word_1_640' title='bbox 2694 4510 2869 4565; x_wconf 93' lang='lat' dir='ltr'>modo</span> <span class='ocrx_word' id='word_1_641' title='bbox 2900 4526 3004 4582; x_wconf 90' lang='lat' dir='ltr'>pro</span> <span class='ocrx_word' id='word_1_642' title='bbox 3050 4510 3375 4565; x_wconf 90' lang='lat' dir='ltr'>remedium</span> <span class='ocrx_word' id='word_1_643' title='bbox 3405 4510 3620 4567; x_wconf 66' lang='lat' dir='ltr'>animae</span> <span class='ocrx_word' id='word_1_644' title='bbox 3649 4529 3825 4581; x_wconf 70' lang='lat' dir='ltr'>mese,</span> <span class='ocrx_word' id='word_1_645' title='bbox 3854 4518 3909 4567; x_wconf 87' lang='lat' dir='ltr'>et</span> 
     </span>
    </p>
   </div>
   <div class='ocr_carea' id='block_1_89' title="bbox 517 4595 3911 4679">
    <p class='ocr_par' dir='ltr' id='par_1_89' title="bbox 517 4595 3911 4679">
     <span class='ocr_line' id='line_1_89' title="bbox 517 4595 3911 4679; baseline 0.002 -24"><span class='ocrx_word' id='word_1_646' title='bbox 517 4616 649 4655; x_wconf 90' lang='lat' dir='ltr'>cum</span> <span class='ocrx_word' id='word_1_647' title='bbox 679 4600 860 4672; x_wconf 89' lang='lat' dir='ltr'>pratis</span> <span class='ocrx_word' id='word_1_648' title='bbox 890 4596 1132 4669; x_wconf 88' lang='lat' dir='ltr'>pascuis,</span> <span class='ocrx_word' id='word_1_649' title='bbox 1162 4595 1333 4665; x_wconf 88' lang='lat' dir='ltr'>silvis,</span> <span class='ocrx_word' id='word_1_650' title='bbox 1357 4598 1445 4652; x_wconf 91' lang='lat' dir='ltr'>vel</span> <span class='ocrx_word' id='word_1_651' title='bbox 1474 4597 1637 4664; x_wconf 80' lang='lat' dir='ltr'>omni</span> <span class='ocrx_word' id='word_1_652' title='bbox 1655 4597 1789 4669; x_wconf 90' lang='lat' dir='ltr'>jure</span> <span class='ocrx_word' id='word_1_653' title='bbox 1819 4601 1878 4654; x_wconf 91' lang='lat' dir='ltr'>et</span> <span class='ocrx_word' id='word_1_654' title='bbox 1907 4599 2157 4655; x_wconf 88' lang='lat' dir='ltr'>termino</span> <span class='ocrx_word' id='word_1_655' title='bbox 2177 4605 2238 4679; x_wconf 87' lang='lat' dir='ltr'><strong>D</strong></span> <span class='ocrx_word' id='word_1_656' title='bbox 2262 4620 2330 4657; x_wconf 86' lang='lat' dir='ltr'>ex</span> <span class='ocrx_word' id='word_1_657' title='bbox 2354 4602 2808 4658; x_wconf 87' lang='lat' dir='ltr'>demandatione</span> <span class='ocrx_word' id='word_1_658' title='bbox 2838 4603 2919 4657; x_wconf 88' lang='lat' dir='ltr'>ﬁli</span> <span class='ocrx_word' id='word_1_659' title='bbox 2936 4604 3051 4659; x_wconf 91' lang='lat' dir='ltr'>mei</span> <span class='ocrx_word' id='word_1_660' title='bbox 3077 4603 3436 4672; x_wconf 89' lang='lat' dir='ltr'>Deorovaldi,</span> <span class='ocrx_word' id='word_1_661' title='bbox 3468 4605 3731 4677; x_wconf 85' lang='lat' dir='ltr'>Gygone,</span> <span class='ocrx_word' id='word_1_662' title='bbox 3776 4606 3911 4677; x_wconf 87' lang='lat' dir='ltr'>Sep-</span> 
     </span>
    </p>
   </div>
   <div class='ocr_carea' id='block_1_90' title="bbox 518 4690 2156 4764">
    <p class='ocr_par' dir='ltr' id='par_1_90' title="bbox 518 4690 2156 4764">
     <span class='ocr_line' id='line_1_90' title="bbox 518 4690 2156 4764; baseline 0 -15"><span class='ocrx_word' id='word_1_663' title='bbox 518 4711 642 4763; x_wconf 90' lang='lat' dir='ltr'>suo,</span> <span class='ocrx_word' id='word_1_664' title='bbox 675 4693 809 4764; x_wconf 91' lang='lat' dir='ltr'>quia</span> <span class='ocrx_word' id='word_1_665' title='bbox 828 4691 889 4747; x_wconf 89' lang='lat' dir='ltr'>in</span> <span class='ocrx_word' id='word_1_666' title='bbox 915 4690 1182 4763; x_wconf 90' lang='lat' dir='ltr'>portione</span> <span class='ocrx_word' id='word_1_667' title='bbox 1210 4707 1383 4763; x_wconf 89' lang='lat' dir='ltr'>supra</span> <span class='ocrx_word' id='word_1_668' title='bbox 1407 4691 1719 4748; x_wconf 90' lang='lat' dir='ltr'>memorati</span> <span class='ocrx_word' id='word_1_669' title='bbox 1743 4691 1845 4747; x_wconf 91' lang='lat' dir='ltr'>ﬁlii</span> <span class='ocrx_word' id='word_1_670' title='bbox 1872 4692 1988 4747; x_wconf 92' lang='lat' dir='ltr'>mei</span> <span class='ocrx_word' id='word_1_671' title='bbox 2010 4693 2156 4749; x_wconf 91' lang='lat' dir='ltr'>Deo-</span> 
     </span>
    </p>
   </div>
   <div class='ocr_carea' id='block_1_91' title="bbox 516 4784 2157 4856">
    <p class='ocr_par' dir='ltr' id='par_1_91' title="bbox 516 4784 2157 4856">
     <span class='ocr_line' id='line_1_91' title="bbox 516 4784 2157 4856; baseline -0.001 -14"><span class='ocrx_word' id='word_1_672' title='bbox 516 4786 739 4844; x_wconf 89' lang='lat' dir='ltr'>rovaldi</span> <span class='ocrx_word' id='word_1_673' title='bbox 786 4784 1046 4854; x_wconf 88' lang='lat' dir='ltr'>obvenit,</span> <span class='ocrx_word' id='word_1_674' title='bbox 1096 4802 1229 4839; x_wconf 92' lang='lat' dir='ltr'>cum</span> <span class='ocrx_word' id='word_1_675' title='bbox 1275 4784 1438 4841; x_wconf 90' lang='lat' dir='ltr'>omni</span> <span class='ocrx_word' id='word_1_676' title='bbox 1494 4785 1827 4856; x_wconf 80' lang='lat' dir='ltr'>integritate</span> <span class='ocrx_word' id='word_1_677' title='bbox 1894 4785 2157 4842; x_wconf 82' lang='lat' dir='ltr'>baselicae</span> 
     </span>
    </p>
   </div>
   <div class='ocr_carea' id='block_1_92' title="bbox 519 4877 2156 4951">
    <p class='ocr_par' dir='ltr' id='par_1_92' title="bbox 519 4877 2156 4951">
     <span class='ocr_line' id='line_1_92' title="bbox 519 4877 2156 4951; baseline 0 -16"><span class='ocrx_word' id='word_1_678' title='bbox 519 4879 705 4937; x_wconf 85' lang='lat' dir='ltr'>sancti</span> <span class='ocrx_word' id='word_1_679' title='bbox 729 4877 1069 4948; x_wconf 89' lang='lat' dir='ltr'>Sinsuriani,</span> <span class='ocrx_word' id='word_1_680' title='bbox 1103 4878 1200 4933; x_wconf 91' lang='lat' dir='ltr'>ubi</span> <span class='ocrx_word' id='word_1_681' title='bbox 1234 4880 1528 4951; x_wconf 88' lang='lat' dir='ltr'>sepultura</span> <span class='ocrx_word' id='word_1_682' title='bbox 1556 4880 1775 4935; x_wconf 89' lang='lat' dir='ltr'>habere</span> <span class='ocrx_word' id='word_1_683' title='bbox 1819 4879 2156 4948; x_wconf 89' lang='lat' dir='ltr'>dinuscitur,</span> 
     </span>
    </p>
   </div>
   <div class='ocr_carea' id='block_1_93' title="bbox 518 4972 2157 5046">
    <p class='ocr_par' dir='ltr' id='par_1_93' title="bbox 518 4972 2157 5046">
     <span class='ocr_line' id='line_1_93' title="bbox 518 4972 2157 5046; baseline 0.001 -17"><span class='ocrx_word' id='word_1_684' title='bbox 518 4990 625 5046; x_wconf 88' lang='lat' dir='ltr'>pro</span> <span class='ocrx_word' id='word_1_685' title='bbox 654 4972 916 5043; x_wconf 88' lang='lat' dir='ltr'>requiem</span> <span class='ocrx_word' id='word_1_686' title='bbox 940 4972 1063 5043; x_wconf 89' lang='lat' dir='ltr'>ejus</span> <span class='ocrx_word' id='word_1_687' title='bbox 1091 4972 1219 5028; x_wconf 89' lang='lat' dir='ltr'>dari</span> <span class='ocrx_word' id='word_1_688' title='bbox 1238 4973 1528 5045; x_wconf 83' lang='lat' dir='ltr'>praecipio.</span> <span class='ocrx_word' id='word_1_689' title='bbox 1559 4972 1839 5029; x_wconf 90' lang='lat' dir='ltr'>Similiter</span> <span class='ocrx_word' id='word_1_690' title='bbox 1870 4973 2157 5045; x_wconf 88' lang='lat' dir='ltr'>porcario,</span> 
     </span>
    </p>
   </div>
   <div class='ocr_carea' id='block_1_94' title="bbox 520 5064 2158 5139">
    <p class='ocr_par' dir='ltr' id='par_1_94' title="bbox 520 5064 2158 5139">
     <span class='ocr_line' id='line_1_94' title="bbox 520 5064 2158 5139; baseline 0.001 -18"><span class='ocrx_word' id='word_1_691' title='bbox 520 5064 757 5121; x_wconf 91' lang='lat' dir='ltr'>nomine</span> <span class='ocrx_word' id='word_1_692' title='bbox 786 5065 1086 5134; x_wconf 91' lang='lat' dir='ltr'>Gudilane,</span> <span class='ocrx_word' id='word_1_693' title='bbox 1133 5082 1265 5121; x_wconf 89' lang='lat' dir='ltr'>cum</span> <span class='ocrx_word' id='word_1_694' title='bbox 1298 5066 1524 5139; x_wconf 80' lang='lat' dir='ltr'>gregim</span> <span class='ocrx_word' id='word_1_695' title='bbox 1557 5083 1885 5138; x_wconf 89' lang='lat' dir='ltr'>porcorum,</span> <span class='ocrx_word' id='word_1_696' title='bbox 1919 5070 1978 5122; x_wconf 89' lang='lat' dir='ltr'>et</span> <span class='ocrx_word' id='word_1_697' title='bbox 2015 5068 2158 5123; x_wconf 88' lang='lat' dir='ltr'>Bau-</span> 
     </span>
    </p>
   </div>
   <div class='ocr_carea' id='block_1_95' title="bbox 521 5158 2158 5233">
    <p class='ocr_par' dir='ltr' id='par_1_95' title="bbox 521 5158 2158 5233">
     <span class='ocr_line' id='line_1_95' title="bbox 521 5158 2158 5233; baseline 0.001 -17"><span class='ocrx_word' id='word_1_698' title='bbox 521 5162 763 5217; x_wconf 89' lang='lat' dir='ltr'>domere</span> <span class='ocrx_word' id='word_1_699' title='bbox 786 5177 918 5216; x_wconf 89' lang='lat' dir='ltr'>cum</span> <span class='ocrx_word' id='word_1_700' title='bbox 941 5159 1167 5232; x_wconf 81' lang='lat' dir='ltr'>gregim</span> <span class='ocrx_word' id='word_1_701' title='bbox 1192 5158 1404 5228; x_wconf 89' lang='lat' dir='ltr'>ovium,</span> <span class='ocrx_word' id='word_1_702' title='bbox 1429 5164 1487 5215; x_wconf 91' lang='lat' dir='ltr'>et</span> <span class='ocrx_word' id='word_1_703' title='bbox 1506 5163 1713 5233; x_wconf 88' lang='lat' dir='ltr'>troppo</span> <span class='ocrx_word' id='word_1_704' title='bbox 1733 5162 2158 5233; x_wconf 85' lang='lat' dir='ltr'>jumentorum,</span> 
     </span>
    </p>
   </div>
   <div class='ocr_carea' id='block_1_96' title="bbox 520 5252 2159 5329">
    <p class='ocr_par' dir='ltr' id='par_1_96' title="bbox 520 5252 2159 5329">
     <span class='ocr_line' id='line_1_96' title="bbox 520 5252 2159 5329; baseline -0.001 -19"><span class='ocrx_word' id='word_1_705' title='bbox 520 5254 620 5328; x_wconf 88' lang='lat' dir='ltr'>qui</span> <span class='ocrx_word' id='word_1_706' title='bbox 651 5258 784 5310; x_wconf 92' lang='lat' dir='ltr'>sunt</span> <span class='ocrx_word' id='word_1_707' title='bbox 814 5255 886 5310; x_wconf 90' lang='lat' dir='ltr'>ad</span> <span class='ocrx_word' id='word_1_708' title='bbox 919 5270 1093 5326; x_wconf 87' lang='lat' dir='ltr'>supra</span> <span class='ocrx_word' id='word_1_709' title='bbox 1135 5252 1347 5326; x_wconf 78' lang='lat' dir='ltr'>scripta</span> <span class='ocrx_word' id='word_1_710' title='bbox 1376 5253 1509 5310; x_wconf 90' lang='lat' dir='ltr'>villa</span> <span class='ocrx_word' id='word_1_711' title='bbox 1542 5254 1856 5325; x_wconf 89' lang='lat' dir='ltr'>Latiniaco,</span> <span class='ocrx_word' id='word_1_712' title='bbox 1898 5255 2159 5329; x_wconf 87' lang='lat' dir='ltr'>supradi-</span> 
     </span>
    </p>
   </div>
   <div class='ocr_carea' id='block_1_97' title="bbox 519 5346 1924 5422">
    <p class='ocr_par' dir='ltr' id='par_1_97' title="bbox 519 5346 1924 5422">
     <span class='ocr_line' id='line_1_97' title="bbox 519 5346 1924 5422; baseline 0.001 -19"><span class='ocrx_word' id='word_1_713' title='bbox 519 5352 625 5405; x_wconf 69' lang='lat' dir='ltr'>ctae</span> <span class='ocrx_word' id='word_1_714' title='bbox 644 5348 911 5405; x_wconf 78' lang='lat' dir='ltr'>baselicae</span> <span class='ocrx_word' id='word_1_715' title='bbox 936 5347 1117 5404; x_wconf 91' lang='lat' dir='ltr'>sancti</span> <span class='ocrx_word' id='word_1_716' title='bbox 1149 5346 1471 5404; x_wconf 90' lang='lat' dir='ltr'>Sinsuriani</span> <span class='ocrx_word' id='word_1_717' title='bbox 1492 5348 1707 5405; x_wconf 90' lang='lat' dir='ltr'>habere</span> <span class='ocrx_word' id='word_1_718' title='bbox 1724 5349 1924 5422; x_wconf 90' lang='lat' dir='ltr'>jubeo.</span> 
     </span>
    </p>
   </div>
   <div class='ocr_carea' id='block_1_98' title="bbox 592 5443 2158 5517">
    <p class='ocr_par' dir='ltr' id='par_1_98' title="bbox 592 5443 2158 5517">
     <span class='ocr_line' id='line_1_98' title="bbox 592 5443 2158 5517; baseline 0.001 -18"><span class='ocrx_word' id='word_1_719' title='bbox 592 5444 873 5501; x_wconf 90' lang='lat' dir='ltr'>Goderico</span> <span class='ocrx_word' id='word_1_720' title='bbox 903 5447 962 5499; x_wconf 89' lang='lat' dir='ltr'>et</span> <span class='ocrx_word' id='word_1_721' title='bbox 983 5443 1307 5500; x_wconf 89' lang='lat' dir='ltr'>Gunderico</span> <span class='ocrx_word' id='word_1_722' title='bbox 1334 5444 1394 5499; x_wconf 91' lang='lat' dir='ltr'>in</span> <span class='ocrx_word' id='word_1_723' title='bbox 1423 5460 1597 5516; x_wconf 89' lang='lat' dir='ltr'>supra</span> <span class='ocrx_word' id='word_1_724' title='bbox 1622 5444 1898 5517; x_wconf 90' lang='lat' dir='ltr'>scriptam</span> <span class='ocrx_word' id='word_1_725' title='bbox 1944 5446 2158 5514; x_wconf 89' lang='lat' dir='ltr'>villam,</span> 
     </span>
    </p>
   </div>
   <div class='ocr_carea' id='block_1_99' title="bbox 521 5537 2162 5611">
    <p class='ocr_par' dir='ltr' id='par_1_99' title="bbox 521 5537 2162 5611">
     <span class='ocr_line' id='line_1_99' title="bbox 521 5537 2162 5611; baseline 0 -18"><span class='ocrx_word' id='word_1_726' title='bbox 521 5553 694 5610; x_wconf 91' lang='lat' dir='ltr'>quem</span> <span class='ocrx_word' id='word_1_727' title='bbox 723 5538 987 5594; x_wconf 66' lang='lat' dir='ltr'>baselicae</span> <span class='ocrx_word' id='word_1_728' title='bbox 1009 5538 1212 5595; x_wconf 89' lang='lat' dir='ltr'>domni</span> <span class='ocrx_word' id='word_1_729' title='bbox 1237 5537 1559 5595; x_wconf 88' lang='lat' dir='ltr'>Sinsuriani</span> <span class='ocrx_word' id='word_1_730' title='bbox 1587 5537 1856 5611; x_wconf 81' lang='lat' dir='ltr'>deligavi,</span> <span class='ocrx_word' id='word_1_731' title='bbox 1890 5538 2162 5611; x_wconf 87' lang='lat' dir='ltr'>itajuheo</span> 
     </span>
    </p>
   </div>
   <div class='ocr_carea' id='block_1_100' title="bbox 521 5630 2164 5703">
    <p class='ocr_par' dir='ltr' id='par_1_100' title="bbox 521 5630 2164 5703">
     <span class='ocr_line' id='line_1_100' title="bbox 521 5630 2164 5703; baseline 0.002 -18"><span class='ocrx_word' id='word_1_732' title='bbox 521 5634 584 5687; x_wconf 91' lang='lat' dir='ltr'>ut</span> <span class='ocrx_word' id='word_1_733' title='bbox 613 5631 898 5702; x_wconf 90' lang='lat' dir='ltr'>laborent,</span> <span class='ocrx_word' id='word_1_734' title='bbox 933 5633 1087 5688; x_wconf 92' lang='lat' dir='ltr'>unde</span> <span class='ocrx_word' id='word_1_735' title='bbox 1122 5632 1197 5688; x_wconf 89' lang='lat' dir='ltr'>ad</span> <span class='ocrx_word' id='word_1_736' title='bbox 1248 5631 1373 5703; x_wconf 87' lang='lat' dir='ltr'>ipsa</span> <span class='ocrx_word' id='word_1_737' title='bbox 1416 5630 1667 5687; x_wconf 88' lang='lat' dir='ltr'>basileca</span> <span class='ocrx_word' id='word_1_738' title='bbox 1704 5632 1899 5689; x_wconf 89' lang='lat' dir='ltr'>oblata</span> <span class='ocrx_word' id='word_1_739' title='bbox 1940 5632 2164 5689; x_wconf 67' lang='lat' dir='ltr'>cotidiaa</span> 
     </span>
    </p>
   </div>
   <div class='ocr_carea' id='block_1_101' title="bbox 520 5724 2167 5799">
    <p class='ocr_par' dir='ltr' id='par_1_101' title="bbox 520 5724 2167 5799">
     <span class='ocr_line' id='line_1_101' title="bbox 520 5724 2167 5799; baseline 0 -17"><span class='ocrx_word' id='word_1_740' title='bbox 520 5724 898 5782; x_wconf 88' lang='lat' dir='ltr'>ministretur.</span> <span class='ocrx_word' id='word_1_741' title='bbox 922 5726 1201 5782; x_wconf 87' lang='lat' dir='ltr'>Leudulfo</span> <span class='ocrx_word' id='word_1_742' title='bbox 1220 5742 1352 5780; x_wconf 92' lang='lat' dir='ltr'>cum</span> <span class='ocrx_word' id='word_1_743' title='bbox 1369 5724 1558 5795; x_wconf 87' lang='lat' dir='ltr'>vinea,</span> <span class='ocrx_word' id='word_1_744' title='bbox 1587 5742 1761 5799; x_wconf 90' lang='lat' dir='ltr'>quem</span> <span class='ocrx_word' id='word_1_745' title='bbox 1785 5727 2054 5783; x_wconf 88' lang='lat' dir='ltr'>Sabucito</span> <span class='ocrx_word' id='word_1_746' title='bbox 2075 5743 2167 5782; x_wconf 89' lang='lat' dir='ltr'>co-</span> 
     </span>
    </p>
   </div>
   <div class='ocr_carea' id='block_1_102' title="bbox 516 5818 2166 5891">
    <p class='ocr_par' dir='ltr' id='par_1_102' title="bbox 516 5818 2166 5891">
     <span class='ocr_line' id='line_1_102' title="bbox 516 5818 2166 5891; baseline 0.003 -20"><span class='ocrx_word' id='word_1_747' title='bbox 516 5819 599 5885; x_wconf 88' lang='lat' dir='ltr'>lit,</span> <span class='ocrx_word' id='word_1_748' title='bbox 630 5819 703 5872; x_wconf 89' lang='lat' dir='ltr'>ad</span> <span class='ocrx_word' id='word_1_749' title='bbox 735 5819 1010 5887; x_wconf 88' lang='lat' dir='ltr'>oraturio,</span> <span class='ocrx_word' id='word_1_750' title='bbox 1041 5819 1141 5891; x_wconf 92' lang='lat' dir='ltr'>qui</span> <span class='ocrx_word' id='word_1_751' title='bbox 1170 5821 1257 5874; x_wconf 89' lang='lat' dir='ltr'>est</span> <span class='ocrx_word' id='word_1_752' title='bbox 1281 5818 1342 5873; x_wconf 92' lang='lat' dir='ltr'>in</span> <span class='ocrx_word' id='word_1_753' title='bbox 1372 5819 1505 5875; x_wconf 87' lang='lat' dir='ltr'>villa</span> <span class='ocrx_word' id='word_1_754' title='bbox 1537 5819 1850 5887; x_wconf 87' lang='lat' dir='ltr'>Latiniaco,</span> <span class='ocrx_word' id='word_1_755' title='bbox 1884 5820 2039 5876; x_wconf 89' lang='lat' dir='ltr'>unde</span> <span class='ocrx_word' id='word_1_756' title='bbox 2065 5820 2166 5877; x_wconf 88' lang='lat' dir='ltr'>ibi-</span> 
     </span>
    </p>
   </div>
   <div class='ocr_carea' id='block_1_103' title="bbox 521 5909 2168 5981">
    <p class='ocr_par' dir='ltr' id='par_1_103' title="bbox 521 5909 2168 5981">
     <span class='ocr_line' id='line_1_103' title="bbox 521 5909 2168 5981; baseline 0.005 -18"><span class='ocrx_word' id='word_1_757' title='bbox 521 5911 656 5965; x_wconf 88' lang='lat' dir='ltr'>dem</span> <span class='ocrx_word' id='word_1_758' title='bbox 691 5909 885 5965; x_wconf 89' lang='lat' dir='ltr'>oblata</span> <span class='ocrx_word' id='word_1_759' title='bbox 907 5914 1190 5981; x_wconf 85' lang='lat' dir='ltr'>occurrat,</span> <span class='ocrx_word' id='word_1_760' title='bbox 1220 5911 1346 5967; x_wconf 88' lang='lat' dir='ltr'>dari</span> <span class='ocrx_word' id='word_1_761' title='bbox 1369 5913 1518 5969; x_wconf 91' lang='lat' dir='ltr'>volo.</span> <span class='ocrx_word' id='word_1_762' title='bbox 1546 5912 1878 5981; x_wconf 85' lang='lat' dir='ltr'>Baudulfus,</span> <span class='ocrx_word' id='word_1_763' title='bbox 1903 5913 2168 5971; x_wconf 85' lang='lat' dir='ltr'>Sumtha-</span> 
     </span>
    </p>
   </div>
   <div class='ocr_carea' id='block_1_104' title="bbox 2258 4696 3912 4767">
    <p class='ocr_par' dir='ltr' id='par_1_104' title="bbox 2258 4696 3912 4767">
     <span class='ocr_line' id='line_1_104' title="bbox 2258 4696 3912 4767; baseline 0.002 -17"><span class='ocrx_word' id='word_1_764' title='bbox 2258 4696 2460 4752; x_wconf 91' lang='lat' dir='ltr'>teredo</span> <span class='ocrx_word' id='word_1_765' title='bbox 2478 4712 2609 4751; x_wconf 92' lang='lat' dir='ltr'>cum</span> <span class='ocrx_word' id='word_1_766' title='bbox 2636 4713 2811 4752; x_wconf 86' lang='lat' dir='ltr'>uxore</span> <span class='ocrx_word' id='word_1_767' title='bbox 2837 4697 3165 4766; x_wconf 87' lang='lat' dir='ltr'>Goderuna,</span> <span class='ocrx_word' id='word_1_768' title='bbox 3192 4698 3603 4767; x_wconf 89' lang='lat' dir='ltr'>Theodonivia,</span> <span class='ocrx_word' id='word_1_769' title='bbox 3628 4700 3912 4756; x_wconf 53' lang='lat' dir='ltr'>Baudoni.</span> 
     </span>
    </p>
   </div>
   <div class='ocr_carea' id='block_1_105' title="bbox 2258 4789 3911 4865">
    <p class='ocr_par' dir='ltr' id='par_1_105' title="bbox 2258 4789 3911 4865">
     <span class='ocr_line' id='line_1_105' title="bbox 2258 4789 3911 4865; baseline 0.005 -23"><span class='ocrx_word' id='word_1_770' title='bbox 2258 4789 2369 4858; x_wconf 86' lang='lat' dir='ltr'>via,</span> <span class='ocrx_word' id='word_1_771' title='bbox 2397 4790 2638 4858; x_wconf 89' lang='lat' dir='ltr'>Carane,</span> <span class='ocrx_word' id='word_1_772' title='bbox 2668 4790 2914 4845; x_wconf 86' lang='lat' dir='ltr'>Patricio</span> <span class='ocrx_word' id='word_1_773' title='bbox 2950 4807 3082 4846; x_wconf 89' lang='lat' dir='ltr'>cum</span> <span class='ocrx_word' id='word_1_774' title='bbox 3114 4809 3288 4848; x_wconf 85' lang='lat' dir='ltr'>uxore</span> <span class='ocrx_word' id='word_1_775' title='bbox 3325 4792 3591 4861; x_wconf 89' lang='lat' dir='ltr'>Eusebia,</span> <span class='ocrx_word' id='word_1_776' title='bbox 3627 4794 3911 4865; x_wconf 85' lang='lat' dir='ltr'>Dagarico</span> 
     </span>
    </p>
   </div>
   <div class='ocr_carea' id='block_1_106' title="bbox 2260 4884 3911 4953">
    <p class='ocr_par' dir='ltr' id='par_1_106' title="bbox 2260 4884 3911 4953">
     <span class='ocr_line' id='line_1_106' title="bbox 2260 4884 3911 4953; baseline 0.002 -15"><span class='ocrx_word' id='word_1_777' title='bbox 2260 4900 2391 4939; x_wconf 89' lang='lat' dir='ltr'>cum</span> <span class='ocrx_word' id='word_1_778' title='bbox 2418 4900 2593 4939; x_wconf 76' lang='lat' dir='ltr'>uxore</span> <span class='ocrx_word' id='word_1_779' title='bbox 2628 4884 2936 4952; x_wconf 85' lang='lat' dir='ltr'>Aurovefa,</span> <span class='ocrx_word' id='word_1_780' title='bbox 2968 4884 3322 4953; x_wconf 90' lang='lat' dir='ltr'>Ciuneileno,</span> <span class='ocrx_word' id='word_1_781' title='bbox 3364 4884 3755 4942; x_wconf 89' lang='lat' dir='ltr'>Blidemundo</span> <span class='ocrx_word' id='word_1_782' title='bbox 3780 4904 3911 4942; x_wconf 87' lang='lat' dir='ltr'>cum</span> 
     </span>
    </p>
   </div>
   <div class='ocr_carea' id='block_1_107' title="bbox 2260 4976 3911 5047">
    <p class='ocr_par' dir='ltr' id='par_1_107' title="bbox 2260 4976 3911 5047">
     <span class='ocr_line' id='line_1_107' title="bbox 2260 4976 3911 5047; baseline 0.002 -15"><span class='ocrx_word' id='word_1_783' title='bbox 2260 4978 2377 5032; x_wconf 86' lang='lat' dir='ltr'>ﬁlia</span> <span class='ocrx_word' id='word_1_784' title='bbox 2416 4976 2787 5045; x_wconf 90' lang='lat' dir='ltr'>Blidechilde,</span> <span class='ocrx_word' id='word_1_785' title='bbox 2818 4978 3162 5047; x_wconf 85' lang='lat' dir='ltr'>Manileubo,</span> <span class='ocrx_word' id='word_1_786' title='bbox 3214 4979 3527 5047; x_wconf 88' lang='lat' dir='ltr'>Trasilane,</span> <span class='ocrx_word' id='word_1_787' title='bbox 3574 4981 3911 5047; x_wconf 84' lang='lat' dir='ltr'>Eumundo,</span> 
     </span>
    </p>
   </div>
   <div class='ocr_carea' id='block_1_108' title="bbox 2261 5070 3911 5144">
    <p class='ocr_par' dir='ltr' id='par_1_108' title="bbox 2261 5070 3911 5144">
     <span class='ocr_line' id='line_1_108' title="bbox 2261 5070 3911 5144; baseline 0.003 -19"><span class='ocrx_word' id='word_1_788' title='bbox 2261 5070 2566 5126; x_wconf 90' lang='lat' dir='ltr'>lmneredo</span> <span class='ocrx_word' id='word_1_789' title='bbox 2625 5087 2755 5126; x_wconf 90' lang='lat' dir='ltr'>cum</span> <span class='ocrx_word' id='word_1_790' title='bbox 2799 5087 2974 5126; x_wconf 85' lang='lat' dir='ltr'>uxore</span> <span class='ocrx_word' id='word_1_791' title='bbox 3021 5072 3271 5144; x_wconf 81' lang='lat' dir='ltr'>Torigia,</span> <span class='ocrx_word' id='word_1_792' title='bbox 3330 5073 3637 5141; x_wconf 89' lang='lat' dir='ltr'>Chadulfo,</span> <span class='ocrx_word' id='word_1_793' title='bbox 3688 5075 3911 5142; x_wconf 82' lang='lat' dir='ltr'>Aridia,</span> 
     </span>
    </p>
   </div>
   <div class='ocr_carea' id='block_1_109' title="bbox 2216 5163 3913 5235">
    <p class='ocr_par' dir='ltr' id='par_1_109' title="bbox 2216 5163 3913 5235">
     <span class='ocr_line' id='line_1_109' title="bbox 2216 5163 3913 5235; baseline 0.004 -17"><span class='ocrx_word' id='word_1_794' title='bbox 2216 5172 2233 5183; x_wconf 89' lang='lat'><strong><em>’</em></strong></span> <span class='ocrx_word' id='word_1_795' title='bbox 2260 5165 2605 5232; x_wconf 86' lang='lat' dir='ltr'>Rocculane,</span> <span class='ocrx_word' id='word_1_796' title='bbox 2637 5163 2977 5234; x_wconf 89' lang='lat' dir='ltr'>Babiccono,</span> <span class='ocrx_word' id='word_1_797' title='bbox 2995 5166 3343 5222; x_wconf 89' lang='lat' dir='ltr'>Gunthivera</span> <span class='ocrx_word' id='word_1_798' title='bbox 3367 5184 3380 5235; x_wconf 88' lang='lat'>;</span> <span class='ocrx_word' id='word_1_799' title='bbox 3405 5168 3511 5223; x_wconf 91' lang='lat' dir='ltr'>hos</span> <span class='ocrx_word' id='word_1_800' title='bbox 3543 5184 3751 5223; x_wconf 90' lang='lat' dir='ltr'>omnes</span> <span class='ocrx_word' id='word_1_801' title='bbox 3780 5186 3913 5224; x_wconf 90' lang='lat' dir='ltr'>cum</span> 
     </span>
    </p>
   </div>
   <div class='ocr_carea' id='block_1_110' title="bbox 2263 5257 3911 5333">
    <p class='ocr_par' dir='ltr' id='par_1_110' title="bbox 2263 5257 3911 5333">
     <span class='ocr_line' id='line_1_110' title="bbox 2263 5257 3911 5333; baseline 0.002 -21"><span class='ocrx_word' id='word_1_802' title='bbox 2263 5257 2424 5312; x_wconf 92' lang='lat' dir='ltr'>omni</span> <span class='ocrx_word' id='word_1_803' title='bbox 2454 5257 2762 5329; x_wconf 88' lang='lat' dir='ltr'>peculiare,</span> <span class='ocrx_word' id='word_1_804' title='bbox 2799 5261 2921 5314; x_wconf 90' lang='lat' dir='ltr'>tam</span> <span class='ocrx_word' id='word_1_805' title='bbox 2957 5260 3198 5328; x_wconf 88' lang='lat' dir='ltr'>areolas,</span> <span class='ocrx_word' id='word_1_806' title='bbox 3248 5277 3425 5331; x_wconf 88' lang='lat' dir='ltr'>quam</span> <span class='ocrx_word' id='word_1_807' title='bbox 3461 5261 3807 5333; x_wconf 88' lang='lat' dir='ltr'>hospiciola,</span> <span class='ocrx_word' id='word_1_808' title='bbox 3836 5262 3911 5316; x_wconf 90' lang='lat' dir='ltr'>vi-</span> 
     </span>
    </p>
   </div>
   <div class='ocr_carea' id='block_1_111' title="bbox 2264 5352 3915 5427">
    <p class='ocr_par' dir='ltr' id='par_1_111' title="bbox 2264 5352 3915 5427">
     <span class='ocr_line' id='line_1_111' title="bbox 2264 5352 3915 5427; baseline 0.003 -21"><span class='ocrx_word' id='word_1_809' title='bbox 2264 5352 2462 5408; x_wconf 90' lang='lat' dir='ltr'>neolas</span> <span class='ocrx_word' id='word_1_810' title='bbox 2488 5352 2576 5406; x_wconf 93' lang='lat' dir='ltr'>vel</span> <span class='ocrx_word' id='word_1_811' title='bbox 2600 5352 2897 5420; x_wconf 88' lang='lat' dir='ltr'>hortellus,</span> <span class='ocrx_word' id='word_1_812' title='bbox 2930 5369 3061 5408; x_wconf 91' lang='lat' dir='ltr'>cum</span> <span class='ocrx_word' id='word_1_813' title='bbox 3079 5353 3139 5409; x_wconf 92' lang='lat' dir='ltr'>id</span> <span class='ocrx_word' id='word_1_814' title='bbox 3166 5354 3321 5425; x_wconf 90' lang='lat' dir='ltr'>quod</span> <span class='ocrx_word' id='word_1_815' title='bbox 3342 5355 3613 5426; x_wconf 59' lang='lat' dir='ltr'>praesenti</span> <span class='ocrx_word' id='word_1_816' title='bbox 3640 5359 3915 5427; x_wconf 86' lang='lat' dir='ltr'>tempore</span> 
     </span>
    </p>
   </div>
   <div class='ocr_carea' id='block_1_112' title="bbox 2264 5445 3914 5518">
    <p class='ocr_par' dir='ltr' id='par_1_112' title="bbox 2264 5445 3914 5518">
     <span class='ocr_line' id='line_1_112' title="bbox 2264 5445 3914 5518; baseline 0.002 -18"><span class='ocrx_word' id='word_1_817' title='bbox 2264 5446 2479 5501; x_wconf 89' lang='lat' dir='ltr'>habere</span> <span class='ocrx_word' id='word_1_818' title='bbox 2509 5445 2797 5511; x_wconf 88' lang='lat' dir='ltr'>videntur,</span> <span class='ocrx_word' id='word_1_819' title='bbox 2824 5446 3114 5518; x_wconf 82' lang='lat' dir='ltr'>ingenuus</span> <span class='ocrx_word' id='word_1_820' title='bbox 3137 5464 3259 5502; x_wconf 90' lang='lat' dir='ltr'>esse</span> <span class='ocrx_word' id='word_1_821' title='bbox 3294 5449 3602 5517; x_wconf 89' lang='lat' dir='ltr'>constituo,</span> <span class='ocrx_word' id='word_1_822' title='bbox 3626 5449 3914 5504; x_wconf 73' lang='lat' dir='ltr'>Baudullo</span> 
     </span>
    </p>
   </div>
   <div class='ocr_carea' id='block_1_113' title="bbox 2264 5540 3917 5614">
    <p class='ocr_par' dir='ltr' id='par_1_113' title="bbox 2264 5540 3917 5614">
     <span class='ocr_line' id='line_1_113' title="bbox 2264 5540 3917 5614; baseline 0.002 -19"><span class='ocrx_word' id='word_1_823' title='bbox 2264 5543 2323 5595; x_wconf 90' lang='lat' dir='ltr'>et</span> <span class='ocrx_word' id='word_1_824' title='bbox 2337 5540 2773 5610; x_wconf 89' lang='lat' dir='ltr'>Sumthahario,</span> <span class='ocrx_word' id='word_1_825' title='bbox 2801 5558 2933 5597; x_wconf 91' lang='lat' dir='ltr'>cum</span> <span class='ocrx_word' id='word_1_826' title='bbox 2964 5541 3139 5597; x_wconf 89' lang='lat' dir='ltr'>boves</span> <span class='ocrx_word' id='word_1_827' title='bbox 3164 5558 3310 5613; x_wconf 89' lang='lat' dir='ltr'>quos</span> <span class='ocrx_word' id='word_1_828' title='bbox 3328 5542 3611 5614; x_wconf 85' lang='lat' dir='ltr'>bajolant,</span> <span class='ocrx_word' id='word_1_829' title='bbox 3638 5542 3917 5599; x_wconf 85' lang='lat' dir='ltr'>laborare</span> 
     </span>
    </p>
   </div>
   <div class='ocr_carea' id='block_1_114' title="bbox 2264 5634 3918 5707">
    <p class='ocr_par' dir='ltr' id='par_1_114' title="bbox 2264 5634 3918 5707">
     <span class='ocr_line' id='line_1_114' title="bbox 2264 5634 3918 5707; baseline -0.001 -16"><span class='ocrx_word' id='word_1_830' title='bbox 2264 5634 2554 5707; x_wconf 64' lang='lat' dir='ltr'>praecipio,</span> <span class='ocrx_word' id='word_1_831' title='bbox 2581 5635 2735 5692; x_wconf 90' lang='lat' dir='ltr'>unde</span> <span class='ocrx_word' id='word_1_832' title='bbox 2757 5635 2951 5691; x_wconf 88' lang='lat' dir='ltr'>oblata</span> <span class='ocrx_word' id='word_1_833' title='bbox 2980 5634 3053 5690; x_wconf 86' lang='lat' dir='ltr'>ab</span> <span class='ocrx_word' id='word_1_834' title='bbox 3077 5635 3331 5692; x_wconf 86' lang='lat' dir='ltr'>baselica</span> <span class='ocrx_word' id='word_1_835' title='bbox 3355 5636 3564 5692; x_wconf 90' lang='lat' dir='ltr'>Domni</span> <span class='ocrx_word' id='word_1_836' title='bbox 3584 5635 3918 5693; x_wconf 84' lang='lat' dir='ltr'>Sinsuriani</span> 
     </span>
    </p>
   </div>
   <div class='ocr_carea' id='block_1_115' title="bbox 2258 5728 3919 5802">
    <p class='ocr_par' dir='ltr' id='par_1_115' title="bbox 2258 5728 3919 5802">
     <span class='ocr_line' id='line_1_115' title="bbox 2258 5728 3919 5802; baseline 0.001 -17"><span class='ocrx_word' id='word_1_837' title='bbox 2258 5728 2480 5801; x_wconf 81' lang='lat' dir='ltr'>jugiter</span> <span class='ocrx_word' id='word_1_838' title='bbox 2506 5729 2885 5786; x_wconf 88' lang='lat' dir='ltr'>ministretur.</span> <span class='ocrx_word' id='word_1_839' title='bbox 2931 5729 3019 5785; x_wconf 87' lang='lat' dir='ltr'>Ita</span> <span class='ocrx_word' id='word_1_840' title='bbox 3060 5729 3155 5797; x_wconf 92' lang='lat' dir='ltr'>do,</span> <span class='ocrx_word' id='word_1_841' title='bbox 3184 5730 3266 5787; x_wconf 89' lang='lat' dir='ltr'>ita</span> <span class='ocrx_word' id='word_1_842' title='bbox 3292 5728 3431 5802; x_wconf 78' lang='lat' dir='ltr'>ligo,</span> <span class='ocrx_word' id='word_1_843' title='bbox 3470 5728 3551 5785; x_wconf 91' lang='lat' dir='ltr'>ita</span> <span class='ocrx_word' id='word_1_844' title='bbox 3596 5733 3811 5799; x_wconf 85' lang='lat' dir='ltr'>testor,</span> <span class='ocrx_word' id='word_1_845' title='bbox 3842 5731 3919 5787; x_wconf 83' lang='lat' dir='ltr'>ita</span> 
     </span>
    </p>
   </div>
   <div class='ocr_carea' id='block_1_116' title="bbox 2266 5821 3965 5896">
    <p class='ocr_par' dir='ltr' id='par_1_116' title="bbox 2266 5821 3965 5896">
     <span class='ocr_line' id='line_1_116' title="bbox 2266 5821 3965 5896; baseline 0.003 -20"><span class='ocrx_word' id='word_1_846' title='bbox 2266 5838 2366 5877; x_wconf 89' lang='lat' dir='ltr'>vos</span> <span class='ocrx_word' id='word_1_847' title='bbox 2395 5822 2540 5879; x_wconf 89' lang='lat' dir='ltr'>mihi</span> <span class='ocrx_word' id='word_1_848' title='bbox 2571 5821 2804 5889; x_wconf 87' lang='lat' dir='ltr'>Quiritis</span> <span class='ocrx_word' id='word_1_849' title='bbox 2842 5822 3242 5880; x_wconf 86' lang='lat' dir='ltr'>testimonium</span> <span class='ocrx_word' id='word_1_850' title='bbox 3279 5822 3673 5896; x_wconf 86' lang='lat' dir='ltr'>perhibetote;</span> <span class='ocrx_word' id='word_1_851' title='bbox 3721 5825 3915 5887; x_wconf 87' lang='lat' dir='ltr'>citeri,</span> <span class='ocrx_word' id='word_1_852' title='bbox 3964 5854 3965 5896; x_wconf 26' lang='grc' dir='ltr'>ἦ</span> 
     </span>
    </p>
   </div>
   <div class='ocr_carea' id='block_1_117' title="bbox 2267 5914 3917 5992">
    <p class='ocr_par' dir='ltr' id='par_1_117' title="bbox 2267 5914 3917 5992">
     <span class='ocr_line' id='line_1_117' title="bbox 2267 5914 3917 5992; baseline 0.002 -22"><span class='ocrx_word' id='word_1_853' title='bbox 2267 5914 2575 5989; x_wconf 65' lang='grc' dir='ltr'>οίιθιιωᾳιιθ</span> <span class='ocrx_word' id='word_1_854' title='bbox 2600 5916 2865 5989; x_wconf 82' lang='lat' dir='ltr'>proximi,</span> <span class='ocrx_word' id='word_1_855' title='bbox 2893 5916 3629 5992; x_wconf 50' lang='lat' dir='ltr'>proximasquemxheredis</span> <span class='ocrx_word' id='word_1_856' title='bbox 3658 5918 3823 5975; x_wconf 88' lang='lat' dir='ltr'>mihi</span> <span class='ocrx_word' id='word_1_857' title='bbox 3844 5936 3917 5976; x_wconf 84' lang='lat' dir='ltr'>es—</span> 
     </span>
    </p>
   </div>
  </div>
