4014 6230
145 345 223 397 i3?
760 338 848 396 AD
892 339 1379 396 PRzECEDENTlA
1420 341 1751 399 LITURGI.E
1790 342 2204 399 MONUMENTA
2243 344 2579 402 APPENDIX
2617 347 2843 404 PRIMA.

3383 356 3486 411 438

138 458 244 513 tote
268 470 281 511 :
313 454 629 528 proculque
655 451 930 509 habetote
962 450 1008 508 si
1036 469 1166 524 qua
1190 451 1376 507 liturae
1400 452 1488 506 vel
1522 468 1752 510 caraxa-

1861 451 2173 508 Germania
2201 454 2383 508 Pratis
2408 469 2561 519 mea,
2589 456 2749 521 ibid.,
2785 458 2845 512 in
2879 455 3039 514 Cana
3071 460 3326 533 Domini).
3359 463 3495 519 Post

142 558 265 607 tura
287 549 345 606 in
376 549 489 605 hoc
515 550 862 604 testamento
892 563 1025 603 meo
1058 550 1211 615 sunt,
1235 564 1345 618 ego
1372 546 1480 603 feci
1512 547 1754 624 fierique

141 642 382 719 pracipi,
426 643 568 698 dum
614 641 759 697 mihi
805 642 1012 714 sapius
1053 641 1207 697 volui
1259 639 1565 697 recenseri.
1606 641 1756 697 Addi

141 740 295 796 etiam
334 737 626 805 constitui,
663 736 709 791 si
744 736 872 809 quis
910 739 1111 791 contra
1150 736 1303 791 hunc
1339 738 1754 792 testamentum

140 833 312 889 venire
330 831 595 899 voluerit,
620 833 720 887 aut
736 832 1098 887 voluntatem
1123 846 1318 885 meam
1340 829 1399 884 in
1421 829 1614 902 aliquo
1637 847 1757 886 cor-

140 942 386 999 rumpere
411 925 803 997 temptaverit,
838 943 872 979 a
898 923 1310 979 communione
1337 924 1601 980 omnium
1622 941 1753 980 san-

140 1026 341 1076 ctorum
367 1022 426 1074 et
455 1037 491 1074 a
516 1018 842 1074 limenebus
868 1018 1238 1073 ecclesiarum
1258 1018 1556 1073 efficeatur
1576 1021 1758 1075 extra-

142 1133 281 1183 neas,
316 1118 373 1169 et
406 1113 647 1185 insuper
680 1116 816 1168 ante
848 1113 1100 1169 tribunal
1126 1113 1337 1169 Christi
1362 1112 1756 1169 anathimatus

140 1210 477 1281 permaneat.
496 1210 701 1262 Actum
721 1206 970 1262 Parisius
990 1207 1095 1262 sub
1113 1205 1206 1261 die
1224 1209 1281 1262 et
1296 1210 1560 1279 tempore
1582 1223 1756 1280 supra

139 1303 344 1374 scripto.
361 1301 609 1373 Signum
621 1310 659 1374 ιι-
676 1300 1160 1357 Erminethrudia
1182 1300 1505 1356 testatricis.
1529 1300 1566 1363 -ἱ-
1580 1303 1756 1359 Mum-

137 1397 302 1451 molus
347 1411 524 1462 com.,
574 1398 819 1467 rogante
864 1399 924 1449 et
968 1397 1255 1466 prasente
1304 1396 1752 1464 Ermenthrude,

138 1491 270 1544 hunc
291 1492 703 1545 testamentum
731 1489 883 1544 subs.
909 1489 1160 1561 Scupilio
1183 1488 1486 1561 spatarius,
1510 1492 1753 1560 rogante

135 1582 619 1651 Erminethrudia,
646 1582 779 1637 huic
808 1585 1224 1636 testamentum
1255 1582 1407 1635 subs.
1437 1599 1534 1636 no.
1568 1581 1660 1637 die
1698 1584 1756 1637 et

136 1693 271 1731 anno
310 1676 517 1747 quibus
557 1692 748 1747 supra.
782 1675 1188 1747 Munegiselus,
1226 1677 1470 1745 rogante
1511 1678 1570 1729 et
1606 1691 1753 1747 pra-

135 1773 275 1824 sente
300 1769 832 1836 Ermminethrude,
857 1770 1011 1824 hunc
1037 1772 1457 1824 testamentum
1478 1770 1609 1824 test.
1629 1810 1641 1822 .
1667 1809 1679 1823 .
1702 1809 1715 1822 .
1738 1810 1751 1823 .

139 1881 217 1918 no.
243 1862 332 1917 die
365 1866 423 1918 et
448 1861 648 1936 466
677 1834 831 1917 anno
865 1862 1072 1935 quibus
1098 1879 1292 1935 supra.
1331 1861 1755 1917 Baudacharius
1776 1834 1832 1906 B

138 1957 385 2012 defensor
417 1958 574 2012 subs.
604 1957 881 2013 Eusebius
921 1960 1158 2029 rogatus
1200 1957 1272 2012 ab
1305 1955 1754 2012 Erminethrude

139 2052 269 2107 hunc
298 2054 711 2108 testamentum
744 2053 963 2124 scripsi,
997 2051 1178 2123 relegi
1207 2053 1265 2106 et
1293 2050 1444 2106 subs.

194 2148 271 2201 Ea:
294 2149 611 2202 testamento
634 2149 812 2203 sancti
837 2148 1068 2214 Remigii
1085 2147 1403 2203 Rhemomm
1426 2146 1681 2216 episcopi.

196 2241 294 2294 Vas
323 2245 672 2312 argenteum
704 2242 909 2296 decem
942 2244 1000 2295 et
1030 2242 1157 2295 octo
1188 2239 1466 2294 librarum
1498 2239 1650 2294 inter
1673 2242 1752 2308 te,

141 2335 283 2389 heres
324 2351 457 2389 mea
499 2335 759 2405 (Ecclesia
802 2334 1131 2404 Rhemensis)
1172 2336 1230 2388 et
1264 2332 1557 2388 diacesim
1594 2337 1755 2388 tuam

144 2428 413 2483 ecclesiam
442 2430 909 2495 Laudunensem,
938 2428 1101 2483 factis
1128 2428 1211 2499 (id
1237 2432 1316 2482 est
1341 2427 1632 2498 faciendis)
1660 2444 1757 2499 pa-

143 2521 266 2575 teuis
288 2524 459 2593 atque
486 2522 762 2578 calicibus
784 2523 857 2577 ad
887 2521 1273 2576 ministerium
1303 2523 1752 2589 sacrosanctum,

143 2618 287 2686 prout
320 2617 492 2683 valui,
537 2619 653 2672 Deo
690 2619 985 2671 annuente
1017 2614 1301 2670 distribui.
1336 2614 1505 2669 Aliud
1535 2631 1633 2669 vas
1661 2630 1752 2669 ar-

143 2713 408 2779 genteum,
442 2711 603 2782 quod
640 2710 786 2765 mihi
824 2712 1078 2766 Domnus
1115 2708 1348 2764 illustris
1377 2707 1756 2765 Chludovicus

142 2806 307 2873 (quem
343 2804 413 2859 de
452 2821 620 2860 sacro
654 2804 1018 2876 baptismatis
1056 2803 1216 2859 fonte
1254 2802 1496 2874 suscepi)
1534 2802 1754 2858 donare

141 2896 383 2967 dignatus
403 2901 512 2966 est,
540 2898 643 2953 tibi
667 2898 870 2953 heredi
893 2914 1039 2952 mea
1068 2896 1322 2951 ecclesia
1344 2912 1516 2968 supra
1536 2912 1757 2952 memo-

141 2990 439 3061 ratajubeo
462 2991 808 3047 turriculum
832 2994 889 3046 et
908 2991 1294 3062 imaginatum
1319 2990 1558 3046 calicem
1582 2990 1656 3062 (a)
1676 2990 1756 3045 fa-

138 3084 342 3140 bricari.
382 3127 395 3140 .
438 3128 452 3140 .
492 3127 509 3141 .
549 3085 811 3153 Vineam,
841 3102 1019 3157 quam
1058 3083 1433 3140 Bebrimodus
1464 3084 1619 3152 facit,
1651 3084 1754 3139 tibi

140 3181 353 3234 eatenus
375 3179 743 3251 derelinquo,
768 3182 831 3233 ut
851 3179 1054 3233 diebus
1079 3178 1238 3234 festis
1265 3181 1323 3233 et
1347 3178 1619 3234 omnibus
1639 3179 1750 3233 Do-
1774 3209 1829 3284 Ο

140 3271 360 3341 minicis,
378 3272 557 3329 sacris
579 3273 856 3329 altaribus
875 3289 1007 3328 mea
1025 3272 1302 3328 offeratur
1322 3271 1535 3327 oblatio
1550 3271 1645 3343 (b).
1664 3313 1677 3326 .
1700 3314 1712 3327 .
1736 3313 1750 3327 .

139 3365 351 3421 Vineam
383 3367 478 3436 do,
518 3382 694 3439 quam
722 3366 889 3439 posui
912 3365 1291 3433 Vindonissa,
1325 3366 1428 3420 sub
1455 3383 1525 3421 ea
1553 3366 1752 3422 condi-

140 3459 294 3527 tione,
321 3464 381 3515 ut
415 3478 448 3516 a
487 3461 754 3533 patribus
784 3461 920 3529 suis,
953 3459 1221 3515 omnibus
1256 3460 1458 3515 diebus
1492 3460 1650 3516 festis
1689 3477 1756 3515 ac

136 3554 438 3622 Dominicis,
467 3572 581 3627 pro
613 3554 1172 3610 commemoratione
1203 3570 1335 3610 mea
1365 3554 1540 3611 sacris
1566 3553 1757 3610 altari-

137 3646 225 3701 bus
250 3648 526 3705 otieratur
554 3648 792 3705 oblatio.

445 3767 538 3820 Vl.
581 3781 903 3822 FRAGMENTA
942 3780 1415 3822 caanauonuuuu.

138 3860 198 3911 De
235 3862 480 3928 passione
543 3875 654 3914 non
715 3860 939 3927 legenda
1004 3860 1279 3915 Dominica
1327 3858 1644 3913 Palmamm
1692 3859 1753 3914 in

638 3933 819 3986 missis
856 3933 1094 4000 privatis
1140 3930 1223 4001 (c).

196 4024 484 4085 Dominica
516 4024 575 4079 in
600 4023 831 4080 Palmis.
859 4066 871 4079 .
906 4066 918 4078 .
947 4065 959 4077 .
994 4066 1006 4078 .
1036 4023 1378 4079 Sacerdotes
1403 4022 1477 4077 ad
1503 4022 1753 4094 privatas

140 4117 317 4172 missas
353 4135 537 4173 unam
581 4121 810 4173 tantum
858 4117 1171 4173 Collectam
1220 4116 1443 4183 dicant;
1491 4117 1749 4188 Evange-

138 4209 256 4266 lium
290 4229 304 4266 :
335 4212 468 4268 Cum
505 4214 1038 4283 appropinquasset;
1074 4210 1406 4283 passionem
1445 4211 1634 4265 nullus
1668 4211 1749 4265 le-

138 4308 237 4373 gat,
259 4305 361 4361 nisi
390 4307 603 4362 fratres
629 4306 729 4379 qui
754 4306 815 4361 in
846 4305 1050 4361 formis
1075 4307 1331 4360 cantant.
1361 4304 1749 4375 (Lanfrancus,

140 4399 185 4450 in
210 4401 397 4456 Decret.
420 4417 531 4471 pro
557 4400 675 4456 0rd.
704 4402 883 4456 sancti
903 4400 1128 4461 Bencd.,
1149 4415 1284 4469 pag.
1316 4398 1465 4470 260.)

196 4493 251 4546 ln
270 4494 462 4549 Ramis
480 4495 813 4549 Palmarum
830 4492 903 4548 ad
921 4492 1323 4548 matutinalem
1348 4491 1586 4547 missam
1609 4508 1752 4547 non-

1855 544 2113 625 Primam
2136 545 2402 603 dicentur
2422 552 2645 621 septem
2671 550 2899 623 psalmi,
2925 556 2983 607 et
3002 553 3266 625 Letania;
3290 560 3492 629 postea

1855 639 2150 695 veniemus
2206 658 2425 698 sessum
2478 642 2668 716 467
2720 644 2779 700 in
2833 646 3101 704 claustro.
3153 649 3493 707 Sacerdotes

1855 732 2022 789 ibunt
2056 734 2273 790 dictum
2312 735 2516 792 missas
2552 754 2703 807 suas,
2742 742 2800 793 et
2839 756 3044 797 omnes
3083 742 3300 799 debent.
3343 746 3489 801 cele-

1855 827 2024 883 brare
2053 829 2146 883 die
2177 829 2302 899 illa;
2332 833 2389 886 et
2415 831 2793 889 celebrabunt
2822 832 2945 890 sine
2975 835 3131 908 igne.

1856 945 1966 1001 Vll.
2036 961 2225 1002 PASSIO
2297 963 2729 1006 BEATISSlMORUM
2806 968 3099 1011 nummum

2475 1035 2876 1080 CANTIANORUM.

1926 1113 2015 1167 Ezc
2040 1127 2142 1167 ms.
2172 1112 2362 1168 Codice
2387 1115 2497 1169 viri
2523 1116 2818 1172 clarissimi
2850 1119 3021 1173 Utrici
3051 1119 3302 1177 Obrechti
3324 1120 3419 1194 (ἀ).

1928 1205 2136 1261 Omnia
2166 1206 2231 1278 (θ)
2263 1222 2392 1278 qua
2419 1223 2453 1261 a
2484 1208 2694 1263 sanctis
2720 1213 2883 1280 gesta
2913 1215 3045 1266 sunt
3077 1213 3163 1267 vel
3190 1218 3492 1285 geruntur,

3171 970 3491 1014 SANCTORUM

1858 1297 1903 1353 si
1934 1299 2061 1372 quis
2087 1299 2331 1355 voluerit
2358 1300 2611 1355 studiose
2642 1302 2999 1373 perquirere,
3030 1310 3085 1360 et
3113 1306 3217 1361 sibi
3248 1311 3304 1363 et
3325 1309 3499 1379 pluri-

1855 1392 1964 1447 mis
2005 1392 2402 1449 adiﬁcationis
2435 1394 2667 1451 exhibet
2708 1396 2979 1451 fructum.
3024 1399 3093 1453 Et
3131 1400 3275 1455 sicut
3322 1402 3497 1457 arbor

1858 1486 2154 1542 fructifera
2180 1504 2297 1542 non
2321 1489 2443 1543 sine
2477 1505 2647 1544 causa
2674 1490 2954 1562 probatur
2974 1494 3190 1548 terram
3216 1511 3497 1566 occupare

1856 1581 1994 1636 dum
2015 1580 2168 1651 vivit,
2193 1598 2325 1636 cum
2349 1585 2407 1636 et
2434 1583 2557 1653 ipsa
2585 1583 2700 1637 suis
2726 1584 2917 1655 pomis
2942 1589 3200 1655 ornatur,
3225 1591 3283 1641 et
3306 1588 3496 1643 omnis

1856 1674 1952 1745 qui
1975 1691 2041 1730 ex
2068 1691 2137 1729 eo
2163 1675 2350 1730 fructu
2376 1677 2719 1747 perceperit,
2748 1677 3065 1748 saginatur.
3095 1679 3413 1735 Scribimus
3436 1685 3499 1736 ut

1855 1768 1915 1823 in
1948 1768 2121 1841 gestis
2158 1768 2504 1837 invenimus,
2539 1771 2676 1841 quid
2709 1771 2955 1842 egerint,
2991 1773 3130 1844 quid
3165 1774 3338 1829 locuti
3372 1775 3498 1830 fue-

1856 1863 1993 1931 rint,
2017 1863 2155 1935 quid
2171 1863 2323 1934 passi
2343 1863 2457 1917 sint
2479 1863 2678 1918 sancti.
2710 1864 3022 1921 Ostenditis
3042 1883 3140 1922 vos
3162 1884 3285 1922 esse
3307 1870 3500 1924 catho-

1857 1957 2015 2025 licos,
2048 1956 2145 2029 qui
2182 1956 2449 2012 victorias
2484 1957 2690 2013 Christi
2727 1958 2978 2014 libenter
3010 1960 3218 2031 legitis,
3251 1961 3500 2017 libenter

1858 2051 2085 2105 auditis.
2109 2053 2409 2122 Interrogo
2430 2067 2530 2105 vos
2557 2050 2657 2121 qui
2680 2050 2789 2106 ista
2809 2052 2962 2107 inter
2988 2055 3387 2126 apochryphas
3407 2056 3497 2111 Iit-

1856 2149 2010 2199 teras
2045 2144 2362 2199 exvolanda
2400 2144 2645 2199 censetis
2682 2161 2695 2199 :
2727 2161 2832 2216 per
2872 2162 3016 2217 quos
3050 2151 3275 2202 constat
3309 2165 3496 2205 canon

1856 2238 2280 2309 Scripturarum
2303 2236 2569 2293 omnium
2586 2237 2950 2294 divinarum?
2972 2241 3256 2318 numquid
3276 2258 3381 2312 per
3396 2258 3497 2296 eos

1857 2331 1955 2404 qui
1985 2349 2090 2404 pro
2119 2332 2243 2403 ipso
2272 2347 2497 2387 canone
2526 2331 2709 2386 occidi
2736 2332 2924 2403 magis
2952 2336 3294 2404 optaverant
3320 2352 3496 2407 quam

1856 2427 2043 2483 vinci?
2075 2428 2223 2493 Quid
2259 2444 2399 2499 ergo
2438 2431 2755 2483 tenuerunt
2789 2430 3118 2500 martyres?
3162 2431 3362 2486 Fidem
3405 2448 3499 2486 re-

1856 2525 2032 2591 ctam,
2064 2538 2192 2594 qua
2230 2521 2404 2577 sacris
2441 2522 2832 2577 voluminibus
2872 2526 3029 2578 certo
3071 2523 3353 2579 librorum
3390 2543 3497 2580 nu-

1856 2632 2019 2671 mero
2049 2615 2394 2671 continetur.
2423 2617 2619 2687 Agunt
2644 2615 2753 2671 illis
2779 2616 2996 2688 gratias
3022 2617 3212 2689 apices
3240 2619 3501 2674 sacratis-

1856 2710 2006 2779 simi,
2030 2710 2128 2782 qui
2148 2727 2253 2781 per
2273 2726 2474 2765 eorum
2502 2710 2995 2782 perseverantiam
3023 2716 3414 2782 perseverant.
3430 2715 3502 2768 Et

1856 2803 1987 2859 ideo
2013 2804 2214 2859 volunt
2241 2819 2441 2858 eorum
2480 2807 2642 2875 gesta
2673 2804 2978 2873 conscribi,
3007 2808 3069 2859 ut
3098 2804 3155 2859 in
3184 2811 3497 2878 conspectu

1855 2897 1954 2952 Dei
1993 2900 2052 2951 et
2089 2896 2397 2953 hominum
2442 2913 2676 2968 semper
2711 2898 3021 2953 laudentur
3059 2899 3261 2967 sancti,
3293 2900 3391 2972 qui
3436 2900 3497 2955 in

1856 2993 2163 3062 conspectu
2192 2989 2624 3046 incredulorum
2653 3008 2757 3062 pro
2785 3008 2989 3047 eorum
3016 2992 3357 3049 defensione
3382 2996 3500 3049 tor¢

1856 3087 2053 3139 menta
2073 3084 2355 3140 immania
2374 3086 2755 3156 pertulerunt.
2771 3085 2920 3140 Nihil
2942 3089 3154 3158 praeter
3176 3087 3500 3159 Scripturas

1854 3177 2161 3234 canonicas
2194 3177 2558 3250 recipientes,
2594 3177 2704 3234 ista
2737 3178 2989 3235 studiose
3030 3180 3513 3253 conscripsimus,_

1856 3273 2228 3328 ostendentes
2258 3272 2474 3344 dogma
2499 3272 2848 3328 catholicum
2877 3290 2982 3346 per
3008 3274 3320 3330 catholicos
3346 3292 3501 3331 mar-

1854 3370 2008 3438 tyres
2038 3365 2405 3421 custoditum.
2435 3367 2773 3438 Exemplum
2796 3367 3041 3439 posteris
3067 3367 3292 3437 damus,
3316 3369 3498 3424 adifi-

1856 3460 2145 3515 cationem
2170 3460 2537 3515 credentibus
2568 3461 2869 3529 tradimus,
2898 3465 3084 3517 artem
3114 3462 3251 3517 belli
3288 3462 3499 3519 Christi

1854 3553 2131 3609 militibus
2152 3554 2643 3609 demonstramus.
2674 3556 2912 3611 Constat
2932 3572 3031 3611 eos
3053 3556 3205 3610 nolle
3232 3572 3497 3627 pugnare

1856 3648 1903 3702 si
1928 3664 2161 3703 necesse
2187 3647 2278 3715 sit,
2312 3647 2409 3719 qui
2437 3648 2643 3703 nolunt
2670 3649 2865 3719 legere
2903 3652 3276 3720 pugnaturos.
3304 3652 3494 3722 Impe-

1856 3745 1986 3797 rent
2020 3741 2314 3796 silentium
2346 3740 2707 3809 infidelibus,
2744 3744 3006 3813 spectent
3039 3743 3265 3813 pugiles
3294 3742 3494 3798 diabo-

1854 3836 1991 3891 licos
2017 3835 2115 3906 qui
2142 3835 2388 3890 athletas
2409 3833 2643 3889 Domini
2669 3838 2928 3906 spectare
2955 3838 3358 3891 contemnunt.
3380 3838 3494 3892 Nos

1853 3929 2075 3985 divinas
2109 3928 2346 3983 virtutes
2385 3928 2697 4000 loquimur,
2731 3928 3054 3997 scribimus,
3087 3929 3491 4000 pradicamus.

1852 4022 2202 4079 Prohibeant
2229 4021 2445 4090 amuli,
2477 4020 2772 4093 imperent
2806 4021 3099 4077 silentium
3128 4022 3333 4092 timidi,
3364 4040 3493 4078 ver-

1852 4117 2058 4172 herent
2082 4117 2528 4171 contemnentes
2560 4132 2572 4171 :
2604 4116 2866 4187 legentes
2894 4116 3217 4188 increpent,
3249 4115 3497 4171 libenter

1851 4211 1975 4265 hac
1995 4209 2299 4265 audientes
2316 4211 2605 4277 accusent;
2630 4208 2824 4283 468
2849 4208 3133 4281 gloriosos
3156 4209 3373 4265 facient
3392 4209 3499 4264 mi-

1850 4303 1981 4359 lites
2022 4304 2262 4358 vulnera
2299 4320 2405 4375 pro
2446 4303 2817 4376 imperatoris
2855 4304 3025 4359 laude
3070 4307 3353 4375 suscepta,
3390 4320 3495 4375 pro

1851 4398 2012 4470 cujus
2032 4414 2229 4453 amore
2251 4397 2430 4453 etiam
2452 4398 2677 4453 animas
2694 4414 2913 4470 ponere
2935 4398 3187 4452 libenter
3202 4401 3490 4469 optamus.

1850 4490 2298 4563 Triumphorum
2319 4490 2531 4547 Christi
2553 4508 2617 4546 ac
2642 4490 3012 4546 victoriarum
3040 4490 3267 4545 labores
3288 4490 3497 4545 exerci-

137 4584 228 4640 nisi
252 4604 362 4643 una
381 4589 636 4644 Collecta
653 4591 740 4643 est
760 4586 1035 4654 dicenda;
1060 4603 1167 4641 nec
1185 4585 1375 4658 passio
1398 4585 1628 4658 legitur,
1648 4584 1749 4640 sed
1769 4584 1828 4656 D
1853 4585 2005 4639 tibus
2030 4585 2101 4639 de
2140 4584 2375 4639 occultis
2409 4584 2550 4639 foris
2588 4584 2959 4655 proferimus.
2989 4583 3214 4640 Scimus
3246 4600 3492 4656 pugnas,

136 4676 218 4733 illa
244 4682 465 4737 tantum
499 4682 670 4738 lectio
701 4680 883 4737 sancti
915 4679 1209 4751 Evangelii
1241 4696 1254 4734 :
1285 4679 1418 4735 Cum
1448 4682 1753 4751 appropin-

135 4780 303 4840 quaret
332 4779 502 4832 Iesus.
542 4776 709 4841 Quod
746 4775 924 4831 etiam
956 4774 1174 4830 cunctis
1208 4773 1627 4842 sacerdotibus,
1661 4774 1759 4844 qui

136 4865 357 4934 privatas
386 4871 592 4926 missas
617 4869 997 4936 cantavcrint,
1030 4867 1380 4940 pracipitur,
1414 4869 1478 4921 ut
1503 4866 1617 4921 sint
1652 4883 1759 4939 pa-

137 4959 227 5014 rati
251 4962 320 5017 ad
345 4963 486 5021 duas
510 4963 907 5038 processiones
932 4978 1061 5034 qua
1087 4962 1186 5017 illo
1210 4960 1305 5016 die
1334 4963 1468 5015 sunt
1488 4960 1756 5033 agenda.

139 5050 443 5122 (Udalricus,
469 5062 530 5114 in
557 5059 651 5114 lib.
678 5076 697 5114 1
726 5057 1057 5115 Consuetud.
1088 5056 1363 5120 Cluniac.,
1399 5071 1522 5126 cap.
1559 5054 1670 5127 54.)

199 5147 424 5213 Quando
455 5153 672 5208 erimus
697 5152 848 5208 circa
870 5152 1052 5207 finem
1072 5151 1337 5218 Tractus,
1371 5147 1606 5205 sacrista
1631 5149 1757 5220 pul-

143 5238 265 5296 sabit
280 5262 452 5301 unam
469 5263 710 5318 parvam
728 5261 1075 5317 campanam
1094 5261 1200 5317 pro
1218 5241 1635 5316 congregando
1657 5242 1756 5297 do-

149 5332 310 5391 minos
337 5339 409 5394 ad
435 5339 790 5396 audiendam
815 5338 1170 5411 passionem,
1194 5337 1331 5409 quia
1362 5336 1490 5409 ipsa
1520 5353 1638 5392 non
1665 5335 1759 5390 de-

147 5423 226 5482 bet
254 5429 362 5504 legi
390 5433 501 5489 nisi
533 5434 593 5488 in
632 5449 851 5504 magna
885 5431 1064 5487 missa
1100 5431 1555 5503 (Consuetudines
1583 5431 1762 5486 sancti

223 5544 273 5687 a)
296 5546 431 5603 Vide
460 5565 633 5622 pagg.
665 5551 732 5605 66
764 5550 822 5603 et
846 5550 935 5604 93.

228 5615 254 5669 b
298 5617 431 5674 Vide
462 5636 594 5692 pag.
628 5620 749 5674 184.

228 5688 425 5827 Ἅνὶᾶθ
454 5708 589 5763 pag.
626 5694 747 5746 127.

308 5760 442 5815 Vide
509 5778 601 5834 ag.
638 5764 760 5817 386.

231 5827 272 5897 ε)
283 5779 595 5893 Passiobac
607 5832 760 5903 apud
772 5830 935 5887 Hom]

276 5898 378 5952 hoc
405 5902 564 5952 initio
594 5921 608 5952 ε
642 5906 838 5952 Servus
867 5902 935 5952 Ch

228 5615 273 5692 b)
293 5617 431 5692 Vide
460 5615 607 5692 pag?
628 5620 749 5674 184.

228 5690 273 5763 ο)
292 5688 425 5763 me
454 5688 589 5763 ine
626 5694 747 5746 m.

308 5760 442 5834 Vide
458 5760 601 5834 pa'g.
638 5764 760 5834 386‘.

231 5827 595 5903 e)APassioba'c
607 5832 760 5903 apud
772 5830 1158 5903 Hombritium
1169 5830 1477 5903 Ambrosio
1490 5828 1759 5885 tribuitur

162 5898 248 5952 sub
276 5898 378 5958 hoc
405 5902 564 5963 initio
594 5921 608 5963 ς
641 5898 838 5966 Servus
867 5902 1070 5961 Christi
1102 5902 1423 5960 Ambrosius
1453 5903 1753 5977 episcopus,

1860 4695 2002 4750 quas
2020 4677 2101 4732 illi
2128 4677 2428 4733 visibiliter
2451 4677 2602 4749 passi
2629 4677 2762 4745 sint,
2782 4676 3142 4732 invisibiliter
3166 4677 3334 4733 nobis
3355 4677 3499 4732 exci-

1858 4771 1969 4829 tari
1990 4770 2268 4844 quotidie,
2284 4773 2343 4826 et
2360 4772 2743 4843 neglegenter
2758 4774 3087 4843 pugnantes
3103 4771 3291 4827 acrius
3307 4771 3513 4826 vulne-.

1857 4865 1994 4921 rari.
2008 4867 2158 4938 Ergo
2180 4868 2244 4920 ut
2262 4876 2427 4920 arma
2454 4866 2792 4937 pertractes,
2816 4865 3066 4921 adtende
3086 4866 3401 4934 bellantes;
3423 4864 3499 4921 da

1858 4961 2120 5015 mentem
2146 4958 2365 5027 studiis,
2394 4960 2459 5013 ut
2483 4958 2663 5014 hostis
2686 4957 2923 5031 incipiat
2953 4961 3009 5013 te
3038 4959 3267 5015 timere.

1929 5057 1983 5109 2.
2011 5052 2377 5109 Beatissimos
2399 5055 2685 5125 martyres
2715 5053 3003 5121 Cantium,
3032 5054 3402 5125 Cantianum,
3437 5060 3497 5112 et

1860 5148 2305 5216 Cantianellum,
2337 5164 2371 5202 a
2398 5146 2720 5219 padagogo
2751 5164 2853 5203 suo
2873 5149 3043 5203 Proto
3070 5148 3236 5204 valde
3258 5150 3371 5204 fide
3402 5166 3496 5204 ca-

1859 5241 2073 5297 tholica
2101 5241 2276 5297 fuisse
2307 5241 2561 5297 edoctos.
2595 5283 2608 5295 .
2636 5282 2649 5295 .
2676 5240 2773 5313 qui
2802 5241 2873 5295 de
2893 5256 3107 5313 genere
3135 5242 3494 5309 Aniciorum,

1859 5336 1969 5390 hoc
1991 5337 2079 5389 est.
2094 5334 2237 5389 diva
2252 5333 2551 5390 memoria
2569 5333 2763 5391 Carini
2780 5332 3165 5406 imperatoris,
3182 5337 3499 5389 noscuntur

1860 5427 2171 5500 progeniti,
2196 5431 2253 5483 et
2274 5427 2426 5483 intra
2446 5427 2651 5483 urbem
2672 5428 2942 5496 Romam,
2964 5428 3022 5482 in
3046 5431 3252 5499 quarta
3268 5425 3496 5481 decima

1860 5544 2133 5600 Christum
2154 5547 2324 5600 Deum
2341 5560 2529 5600 verum
2549 5545 2845 5601 colentibus
2869 5544 3141 5613 fratribus
3155 5558 3261 5613 per
3289 5557 3497 5597 omnem

1858 5617 2101 5680 Italiam,
2149 5618 2209 5671 in
2243 5618 2469 5671 Domino
2506 5632 2713 5671 omnem
2755 5617 3002 5670 salutem.
3050 5614 3245 5670 Omnia
3290 5628 3411 5682 qua
3462 5628 3498 5667 a

1857 5689 2095 5751 Sanctis,
2129 5703 2313 5759 usque
2348 5686 2422 5742 ad
2454 5689 2793 5759 sequentem
2825 5686 3416 5759 versur_n,_Scribimus_
3434 5686 3496 5737 ut

1859 5760 1920 5812 in
1953 5761 2117 5826 gestis
2142 5751 2470 5821 inuenimus,
2499 5751 2631 5823 etc.,
2667 5755 2872 5826 quibus
2907 5754 3152 5823 omissis,
3184 5751 3496 5809 resumitur

1862 5829 2031 5886 lectio
2062 5847 2098 5886 a
2128 5828 2391 5902 sequenti
2415 5843 2663 5887 numero
2695 5828 2919 5899 quarto.
