4014 6230
478 324 580 377 439

1263 318 1598 375 ΑΡΡΕΝΒΙΧ
1634 317 1722 373 ΑΙ)
1759 316 1984 371 OPERA
2022 313 2257 371 SANCTI
2295 312 2593 369 GERMANI
2630 311 3058 371 PABlSIENSlS.

3754 319 3877 374 440

478 428 741 501 regione,
789 427 913 484 nati
954 430 1129 500 atque
1170 425 1357 483 edocti
1392 425 1731 497 probantur,
1773 421 2116 479 Dioclitiano
2139 433 2199 510 Α
2292 419 2611 477 Beatissimi
2630 438 2766 477 vero
2787 425 3074 495 martyres
3098 438 3334 480 ascenso
3355 423 3430 496 (α)
3452 423 3719 481 vehiculo
3741 424 3877 497 jun-

480 525 680 580 Romm
723 522 1072 595 imperante,
1118 526 1175 577 et
1208 520 1549 578 Maximiano
1590 516 1849 591 partibus
1886 516 2115 590 Illyrici,

478 617 685 673 Carino
708 634 940 691 quoque
968 616 1122 671 intra
1148 614 1355 671 Gallias
1379 614 1530 670 bene
1561 615 1772 685 agente
1801 628 1942 683 erga
1965 609 2123 667 Chri-

483 712 720 780 stianos,
747 711 844 784 qui
864 702 981 767 non
1004 712 1134 781 post
1158 710 1407 764 multum
1434 710 1668 779 tempus
1687 706 1993 762 defunctus
2013 708 2117 760 est.

478 808 615 861 Post
666 806 825 877 cujus
885 804 1107 860 obitum
1164 801 1587 857 sceleratissimi
1637 800 2013 857 Dioclitianus
2065 802 2124 855 et

478 899 851 959 Maximianus
888 914 994 970 per
1035 913 1238 952 omnes
1278 895 1600 968 provincias
1644 895 1877 951 decreta
1918 911 2123 966 posue-

482 997 637 1062 runt,
677 997 739 1047 ut
772 992 865 1046 ubi
906 990 1214 1047 Christiani
1256 990 1674 1058 invenirentur,
1713 989 1761 1043 si
1802 987 2119 1044 sacriﬁcare

482 1088 943 1153 contemnerent,
959 1084 1194 1139 diversis
1206 1084 1390 1157 poenis
1407 1084 1541 1139 adﬂi
1548 1087 1843 1155 gerentur.
1858 1084 2121 1155 Cumque

481 1182 571 1236 his
588 1180 752 1235 dictis
766 1177 1087 1235 beatissimi
1104 1181 1391 1250 martyres
1408 1177 1678 1234 Cantiani
1692 1176 1754 1232 in
1770 1178 1916 1233 urbe
1938 1178 2123 1232 Roma

480 1265 725 1331 fuissent
750 1274 951 1346 positi,
984 1272 1222 1329 consilio
1250 1272 1447 1327 habito
1476 1289 1608 1327 cum
1635 1272 1807 1327 beato
1836 1273 2031 1337 Proto,
2061 1272 2125 1325 ut

482 1370 743 1441 iniquam
760 1368 1011 1423 vitarent
1031 1366 1401 1434 sententiam,
1424 1365 1645 1439 praedia
1668 1383 1769 1421 sua
1789 1364 2121 1421 suburbano

479 1463 667 1535 posita
700 1462 804 1517 sub
847 1460 1036 1533 specie
1066 1456 1409 1516 visitationis
1444 1459 1684 1515 circuire
1720 1459 2120 1514 decreverunt.

554 1561 606 1613 3.
626 1555 734 1622 Qui
754 1555 963 1611 eodem
986 1556 1252 1626 tempore
1269 1552 1328 1609 in
1351 1554 1557 1609 urbem
1570 1553 2022 1626 Aquilegensem
2038 1569 2126 1607 re-

478 1651 769 1723 pedarunt
791 1666 804 1705 :
828 1649 887 1703 in
911 1665 1027 1720 qua
1045 1651 1184 1703 tunc
1204 1648 1485 1720 temporis
1505 1665 1623 1703 non
1643 1664 1822 1720 parva
1840 1664 1978 1702 rura
1996 1663 2125 1719 pos-

482 1744 768 1801 sidebant.
797 1743 911 1800 Sed
934 1743 1069 1815 quia
1089 1745 1288 1798 lumen
1311 1742 1370 1797 in
1394 1742 1650 1797 tenebris
1674 1743 1856 1797 latere
1878 1758 1996 1796 non
2017 1757 2120 1812 po-

480 1841 650 1907 terat,
671 1854 903 1893 necesse
925 1838 1052 1893 erat
1072 1840 1135 1892 ut
1157 1853 1256 1892 eos
1278 1836 1556 1893 Dominus
1578 1837 1653 1891 ad
1673 1834 1919 1907 gloriam
1941 1833 2125 1891 nomi-
2142 1813 2200 1887 B

483 1932 572 1987 nis
604 1931 692 1987 sui
723 1932 1048 1987 coronaret.
1068 1931 1329 2003 Cumque
1357 1930 1419 1984 in
1447 1928 1895 2001 Aquilegensem
1915 1928 2121 1984 urbem

479 2025 664 2082 sancti
706 2025 950 2080 fuissent
991 2023 1238 2095 ingressi
1261 2066 1275 2093 ,
1323 2022 1618 2079 duriorem
1661 2022 1943 2078 saevitiam
1984 2039 2125 2095 erga

481 2119 835 2175 Christianos
855 2117 1214 2191 repperiunt,
1235 2134 1412 2190 quam
1430 2117 1788 2189 reliquerant
1806 2118 2025 2173 Romae.
2040 2119 2125 2173 Ita

475 2213 635 2268 enim
663 2229 870 2268 omnes
895 2214 1228 2267 sanctorum
1248 2213 1337 2266 vel
1363 2212 1761 2267 confessorum
1782 2227 1887 2283 pro
1910 2210 2123 2267 Christi

478 2306 718 2363 nomine
739 2306 1050 2362 multitudo
1073 2305 1133 2360 in
1161 2304 1402 2361 vinculis
1429 2321 1729 2360 carcerum
1758 2304 2018 2359 custodia
2045 2307 2127 2359 te~

481 2402 789 2468 nebantur,
818 2402 882 2455 ut
912 2398 1247 2454 enumerari
1275 2416 1392 2455 non
1417 2398 1762 2470 potuissent,
1792 2401 2002 2469 agente
2025 2396 2127 2452 sci-

478 2494 615 2551 licet
643 2492 901 2550 Dulcidio
931 2492 1199 2564 praeside,
1226 2509 1343 2547 una
1368 2508 1502 2547 cum
1533 2491 1785 2547 Sisinnio
1816 2491 2050 2546 comite.

552 2589 606 2642 4.
634 2586 951 2642 Audientes
978 2586 1177 2658 itaque
1208 2589 1437 2642 sanctos
1457 2586 1560 2641 Dei
1585 2585 1907 2654 advenisse,
1931 2585 2127 2641 statim

480 2679 730 2737 inveniri
754 2680 826 2736 ab
848 2680 1275 2752 apparitoribus
1299 2680 1804 2752 praecipiuntur,ut
1825 2679 1934 2733 diis
1956 2680 2129 2736 thura

480 2777 787 2847 ponerent.
815 2776 971 2829 Tunc
1008 2774 1331 2829 beatissimi
1364 2777 1650 2845 martyres
1688 2773 2034 2845 aspicientes
2067 2773 2127 2828 in

482 2870 687 2924 caelum
717 2867 1147 2939 responderunt
1174 2883 1187 2922 :
1220 2869 1335 2923 Nos
1366 2866 1668 2922 daemoniis
1694 2883 1812 2922 non
1843 2866 2127 2921 sacriﬁca-

482 2979 632 3031 mus,
658 2961 795 3034 quia
815 2961 1093 3033 scriptum
1115 2964 1202 3015 est
1223 2977 1236 3016 :
1258 2961 1451 3017 Omnes
1474 2962 1555 3017 dii
1573 2963 1815 3030 gentium
1838 2961 2125 3024 daemonia,

478 3058 742 3114 Dominus
773 3060 957 3111 autem
994 3056 1145 3111 caelos
1178 3057 1329 3139 fecit.
1364 3056 1432 3109 Et
1468 3055 1679 3110 iterum
1714 3072 1728 3110 :
1764 3054 1977 3110 Similes
2013 3055 2127 3109 illis

478 3155 618 3222 ﬁant
643 3151 741 3220 qui
763 3151 981 3218 faciunt
1006 3166 1089 3213 ea,
1121 3153 1173 3205 et
1202 3165 1382 3204 omnes
1408 3151 1507 3219 qui
1529 3148 1808 3218 conﬁdunt
1832 3151 1892 3202 in
1917 3150 2012 3203 eis.
2043 3149 2125 3202 Ite

482 3260 623 3315 ergo
651 3243 915 3298 nuntiate
941 3242 1139 3314 iniquo
1165 3242 1401 3314 prazsidi
1424 3245 1635 3309 vestro,
1655 3258 1761 3297 nos
1781 3259 1887 3314 pro
1915 3241 2126 3297 Christi

480 3337 720 3394 nomine
745 3338 945 3407 Optare
978 3335 1147 3405 mori,
1172 3353 1347 3408 quam
1376 3336 1447 3391 ab
1476 3335 1600 3406 ejus
1620 3335 1913 3391 mandatis
1934 3336 2128 3390 absce-

482 3431 644 3498 dere,
668 3429 804 3502 quia
832 3430 904 3484 ab
928 3429 1065 3501 ipsis
1095 3429 1395 3485 cunabulis
1415 3428 1729 3485 Dominum
1747 3431 1775 3486 J
1782 3446 1943 3484 esum
1970 3427 2128 3485 Chri-

481 3526 638 3579 stum
676 3523 1040 3579 conﬁtemur.
1072 3523 1145 3577 At
1185 3523 1268 3577 illi
1305 3522 1614 3579 redeuntes
1644 3522 1879 3594 praesidi
1906 3523 1995 3577 vel
2025 3538 2124 3577 co-

482 3616 612 3674 miti
643 3617 968 3672 retulerunt
995 3615 1197 3672 omnia
1226 3633 1354 3688 quae
1386 3619 1552 3687 gesta
1576 3617 1827 3672 fuerant.

555 3709 749 3785 469
785 3712 940 3766 Tunc
979 3709 1270 3766 Dulcidius
1300 3727 1513 3782 praeses
1547 3727 1665 3766 una
1703 3726 1835 3769 cum
1874 3708 2126 3765 Sisinnio

481 3805 695 3861 comite
715 3805 883 3861 valde
903 3804 1202 3873 commoti,
1226 3806 1405 3860 talem
1425 3804 1713 3860 dederunt
1729 3804 1911 3876 impio
1929 3804 2129 3860 Diocli-

483 3900 645 3956 tiano
678 3899 1113 3972 suggestionem
1150 3916 1163 3954 :
1198 3898 1472 3966 Piissimi,
1515 3898 1811 3954 subvenite
1851 3897 2128 3953 Romanis

482 3993 729 4065 legibus,
759 4010 865 4065 pro
904 3992 1111 4064 quibus
1152 3991 1349 4047 victrix
1384 3992 1619 4047 dextera
1652 3995 1843 4048 vestra
1871 3992 2128 4048 hostium

484 4087 732 4141 cervices
790 4084 1051 4153 inclinat,
1109 4087 1168 4139 et
1222 4085 1330 4140 diis
1379 4085 1893 4156 omnipotentibus,
1945 4084 2042 4156 qui
2095 4103 2130 4141 a

484 4178 823 4236 Christianis
860 4180 1332 4246 contemnuntur,
1356 4177 1660 4249 juvamina
1698 4179 1971 4250 praebete.
2012 4178 2126 4233 Ad-

485 4275 771 4327 venerunt
809 4270 967 4327 enim
1008 4274 1126 4327 tres
1165 4271 1432 4343 germani
1475 4288 1543 4326 ex
1583 4272 1725 4327 urbe
1766 4273 1969 4341 Roma,
2012 4289 2127 4328 uno

486 4366 687 4423 animo
715 4366 944 4421 fortiter
962 4366 1332 4433 reluctantes,
1353 4368 1411 4420 et
1428 4365 1620 4421 nescio
1644 4382 1817 4438 quem
1838 4366 2130 4422 Christum

485 4463 847 4530 conﬁtentes,
864 4465 923 4516 et
942 4464 1386 4517 contemnentes
1405 4462 1637 4517 decreta
1658 4462 1887 4533 pietatis
1903 4465 2125 4518 vestrae.

2146 3192 2201 3266 C

2222 516 2325 571 ctis
2352 515 2637 584 mulabus,
2662 532 2794 572 cum
2817 517 3090 573 secedere
3113 517 3449 589 voluissent,
3472 522 3529 573 et
3550 536 3671 574 non
3692 520 3876 591 longe

2223 611 2295 666 ab
2326 609 2483 665 urbis
2509 609 2796 666 moenibus
2820 611 2932 666 iter
2963 616 3225 683 agerent,
3254 615 3312 666 et
3337 628 3518 667 unum
3545 613 3776 668 animal
3805 614 3878 669 de

2224 704 2541 777 subjunctis
2561 703 2748 760 subito
2771 704 3080 761 corruisset
3096 706 3154 761 in
3178 707 3305 761 loco
3327 706 3425 778 qui
3443 708 3777 778 appellatur
3793 708 3882 763 Ad

2221 801 2414 871 Aquas
2437 798 2736 869 Gradatas,
2759 799 2842 855 ita
2860 799 3018 855 illinc
3034 802 3168 854 sunt
3183 817 3217 855 a
3237 800 3707 872 persecutoribus
3725 818 3884 857 com-

2222 893 2514 965 prehensi.
2542 892 2709 959 Quod
2735 892 2954 949 factum
2992 910 3169 965 quam
3196 893 3515 965 gloriosum
3545 894 3618 949 sit
3639 898 3703 950 et
3731 913 3769 951 a
3794 896 3878 951 di-

2222 987 2459 1043 vinitate
2510 986 2884 1059 dispositum,
2936 987 3214 1042 debemus
3264 987 3586 1044 advertere.
3629 989 3882 1062 Semper

2225 1080 2382 1136 enim
2412 1082 2562 1137 Deus
2599 1097 2742 1153 quos
2786 1080 2981 1152 elegit,
3018 1081 3181 1154 quasi
3216 1080 3457 1137 victores
3491 1099 3626 1137 cum
3666 1082 3875 1139 subve-

2224 1176 2414 1231 ctione
2444 1174 2674 1230 sublimi
2697 1174 2757 1230 in
2787 1175 2979 1231 aulam
3001 1175 3170 1247 regni
3198 1175 3438 1231 caelestis
3459 1174 3703 1232 inducit.
3729 1178 3875 1233 Nam

2224 1269 2369 1326 sicut
2392 1268 2582 1325 Helias
2607 1285 2741 1324 cum
2771 1268 3061 1342 adplicato
3090 1269 3375 1342 quadriga
3401 1270 3662 1326 ascendit
3679 1270 3743 1326 in
3766 1288 3877 1327 cae-

2224 1365 2366 1432 lum,
2401 1363 2482 1419 ita
2509 1366 2569 1418 et
2593 1363 2687 1418 isti
2706 1363 2969 1419 vehiculo
2991 1366 3190 1419 amoto
3212 1364 3288 1418 ad
3307 1364 3653 1437 martyrium
3676 1382 3878 1437 perve-

2227 1459 2469 1525 nerunt;
2504 1460 2563 1512 et
2591 1456 2876 1529 quadriga
2907 1458 3053 1512 sicut
3078 1458 3244 1513 illum
3271 1457 3456 1513 evexit
3477 1458 3553 1514 ad
3580 1459 3872 1531 requiem,

2224 1552 2305 1607 ita
2331 1555 2389 1606 et
2412 1552 2519 1606 hos
2538 1550 2789 1623 portavit
2808 1551 2883 1606 ad
2908 1551 3178 1623 gloriam.
3202 1552 3272 1607 Et
3291 1552 3555 1624 quamvis
3575 1552 3678 1608 illa
3698 1553 3877 1625 ignea

2225 1645 2509 1717 quadriga
2546 1645 2739 1715 fuerit,
2781 1646 2903 1700 haec
2944 1648 3144 1704 tamen
3177 1663 3295 1701 non
3328 1646 3571 1702 inferior
3598 1647 3877 1703 habenda

2224 1743 2337 1807 est;
2380 1739 2516 1811 quia
2556 1739 2654 1795 illa
2692 1756 2873 1795 unum
2916 1740 3163 1810 gestavit
3196 1741 3565 1812 prophetam,
3598 1742 3727 1796 haec
3760 1745 3876 1798 tres

2224 1836 2511 1905 martyres
2549 1833 2909 1889 sustentavit.
2942 1834 3056 1890 Sed
3098 1833 3236 1889 dicit
3267 1834 3473 1906 aliquis
3509 1851 3523 1890 :
3556 1833 3875 1891 Gloriosius

2222 1928 2468 2000 gestavit
2512 1927 2796 2000 quadriga
2835 1928 3028 1999 ignea,
3081 1944 3259 2000 quam
3304 1931 3555 1984 terrena.
3598 1931 3717 1985 Nec
3766 1929 3875 1985 hoc

2222 2024 2394 2095 plane
2427 2022 2611 2077 defuit
2648 2022 2860 2077 sanctis
2891 2021 3043 2076 viris.
3076 2023 3221 2077 Nam
3251 2022 3398 2077 sicut
3434 2022 3657 2078 Heliam
3697 2024 3873 2095 ignea

2224 2116 2508 2189 quadriga
2535 2116 2803 2189 portavit,
2835 2116 2917 2171 ita
2946 2118 3006 2171 et
3036 2118 3321 2189 martyres
3351 2116 3495 2171 fides
3527 2117 3703 2188 ignea
3741 2118 3871 2189 jam

2224 2210 2465 2266 ferebat.
2496 2210 2741 2265 Ferebat
2766 2210 2916 2278 illos,
2945 2209 3209 2282 inquam,
3239 2210 3515 2280 Christus,
3541 2212 3639 2283 qui
3671 2213 3871 2267 lumen

2226 2308 2331 2373 est,
2367 2303 2464 2377 qui
2494 2304 2648 2376 ignis
2677 2306 2781 2373 est,
2806 2304 2877 2359 de
2909 2320 3023 2375 quo
3053 2304 3328 2376 scriptum
3357 2308 3444 2359 est
3473 2322 3485 2360 :
3516 2309 3657 2361 Deus
3690 2310 3875 2362 noster

2224 2401 2367 2468 ignis
2395 2414 2711 2455 consumens
2744 2404 2839 2454 est.
2870 2399 3021 2470 Ergo
3052 2415 3182 2453 cum
3212 2398 3416 2455 beatos
3447 2399 3517 2454 de
3551 2399 3762 2471 quibus
3790 2401 3870 2456 lo-

2227 2492 2461 2565 quimur
2485 2492 2819 2564 persecutor
2848 2495 3142 2563 urgueret,
3167 2492 3493 2547 vehiculum
3515 2494 3872 2549 conscende-

2225 2590 2378 2642 runt.
2413 2586 2539 2651 Qua
2562 2586 2775 2641 causa?
2804 2589 2867 2640 ut
2903 2586 3217 2657 fugerent?
3253 2586 3434 2653 absit;
3466 2602 3583 2641 non
3613 2590 3681 2642 ut
3705 2588 3871 2659 fuge-

2226 2684 2377 2748 rent,
2411 2680 2514 2735 sed
2545 2682 2609 2734 ut
2639 2679 2714 2735 ad
2743 2679 3089 2751 martyrium
3118 2679 3282 2734 citius
3314 2679 3720 2751 pervenirent;
3755 2698 3871 2736 non

2227 2777 2291 2829 ut
2326 2775 2642 2842 latitarent,
2688 2772 2883 2846 470
2921 2772 3023 2828 sed
3059 2777 3123 2827 ut
3162 2790 3222 2827 se
3261 2773 3616 2829 Christianos
3654 2774 3872 2829 cunctis

2228 2866 2659 2923 transeuntibus
2689 2865 3153 2922 manifestarent.
3181 2867 3451 2922 Ceterum
3486 2868 3765 2924 occultius
3794 2868 3871 2923 in-

2228 2964 2317 3016 ter
2350 2962 2545 3033 plures
2568 2960 2629 3015 in
2660 2960 2887 3015 civitate
2926 2961 3105 3015 latere
3140 2962 3439 3033 poterant;
3467 2961 3568 3016 sed
3595 2963 3707 3018 hoc
3737 2979 3867 3035 ege-

2226 3058 2383 3124 runt,
2416 3058 2481 3111 ut
2516 3054 2692 3110 totius
2726 3054 2926 3127 populi
2965 3054 3159 3122 corda,
3203 3055 3342 3110 dum
3376 3071 3482 3127 per
3520 3054 3747 3112 diversa
3783 3058 3867 3111 fu-

2228 3149 2413 3221 giunt,
2447 3147 2656 3204 Christi
2686 3165 2882 3204 amore
2920 3147 3317 3204 ﬂammentur.
3349 3150 3424 3204 At
3451 3166 3587 3206 vero
3620 3150 3721 3205 ubi
3749 3151 3871 3222 quis

2226 3243 2474 3298 vehiculi
2502 3243 2784 3314 adparato
2812 3241 3109 3314 disposito,
3134 3259 3240 3314 per
3268 3258 3547 3315 aggerem
3575 3244 3865 3315 publicum

2228 3336 2523 3409 graditur;
2552 3336 2669 3391 illic
2705 3353 2824 3391 non
2854 3337 2994 3407 fuga
3020 3335 3267 3392 dicenda
3294 3340 3398 3404 est,
3432 3338 3531 3392 sed
3558 3340 3864 3410 profectus.

2227 3430 2418 3487 Sancti
2439 3430 2598 3485 enim
2618 3429 2725 3484 viri
2751 3431 2860 3485 hoc
2881 3431 3052 3498 facto,
3076 3431 3233 3484 velut
3254 3430 3315 3485 in
3336 3431 3674 3504 triumphali
3698 3450 3858 3487 curru

2226 3524 2421 3597 positi,
2465 3524 2939 3579 contestabantur
2976 3524 3233 3579 dicentes
3267 3541 3280 3579 :
3309 3525 3473 3593 Ecce,
3515 3530 3861 3598 persecutor,

2228 3635 2357 3674 ecce
2384 3618 2820 3690 proﬁciscimur,
2847 3634 2977 3673 ecce
3008 3616 3407 3689 praecedimus.
3433 3618 3583 3683 Quid
3614 3619 3863 3676 resides?

2229 3712 2369 3785 quid
2396 3712 2681 3768 moraris?
2707 3713 3059 3784 subsequere
3088 3714 3285 3767 nostra
3306 3712 3565 3785 vestigia.
3591 3714 3861 3769 Nolumus

2230 3806 2387 3862 enim
2422 3805 2602 3862 videri
2633 3806 2795 3861 inviti
2837 3804 2970 3861 duci
3006 3805 3080 3860 ad
3118 3822 3372 3878 poenam,
3406 3806 3503 3880 qui
3542 3808 3862 3880 praecedere

2229 3918 2334 3956 nos
2363 3900 2707 3973 profitemur
2730 3900 2804 3955 ad
2835 3898 3105 3971 gloriam.

2298 3996 2453 4050 Tunc
2486 3992 2768 4050 Sisinnius
2798 3993 2979 4048 comis
3013 3993 3134 4048 haec
3172 3992 3434 4062 audiens,
3460 3993 3633 4065 jussit
3666 3994 3860 4050 beatos

2228 4090 2513 4160 martyres
2542 4087 2988 4159 comprehendi;
3018 4086 3118 4159 qui
3150 4086 3331 4158 judex
3364 4088 3631 4142 hortatur
3657 4105 3777 4155 eos,
3806 4089 3864 4142 ut

2227 4182 2350 4238 Jovi
2376 4183 2548 4237 thura
2572 4180 2868 4237 offerrent.
2900 4180 3224 4236 Beatissimi
3252 4198 3386 4237 vero
3412 4181 3618 4236 famuli
3645 4182 3749 4237 Dei
3774 4198 3865 4236 ex-

2229 4278 2520 4332 secrantes
2548 4274 2817 4330 dixerunt
2842 4292 2901 4330 se
2929 4291 3252 4346 numquam
3281 4275 3585 4331 daemoniis
3610 4274 3866 4331 immola-

2229 4372 2408 4437 turos,
2434 4369 2535 4424 sed
2558 4367 2947 4440 omnipotenti
2965 4368 3209 4424 Domino
3237 4368 3334 4441 qui
3354 4368 3494 4424 fecit
3518 4370 3744 4437 czelum,
3766 4372 3865 4424 ter-

2229 4479 2375 4531 ram,
2414 4479 2576 4518 mare
2612 4464 2672 4517 et
2700 4461 2900 4518 omnia
2930 4479 3057 4533 qua:
3096 4462 3156 4516 in
3192 4461 3274 4517 eis
3310 4466 3461 4517 sunt.
3495 4463 3641 4517 Nam
3678 4462 3865 4518 omnia

484 4557 649 4613 Unde
690 4556 828 4628 quid
857 4556 1118 4627 jussione
1153 4558 1342 4612 vestra
1382 4555 1768 4625 decreveritis,
1812 4556 2126 4611 decernite.
2150 4569 2210 4641 D
2233 4556 2407 4624 idola,
2432 4555 2546 4611 sive
2567 4556 2667 4628 qui
2685 4573 2754 4611 ea
2774 4557 2989 4624 colunt,
3013 4573 3145 4610 cum
3167 4555 3387 4611 eisdem
3408 4556 3574 4611 ibunt
3594 4556 3653 4611 in
3676 4557 3862 4628 ignem

485 4651 583 4706 His
608 4650 817 4706 auditis
838 4650 1310 4706 sceleratissimus
1338 4649 1709 4706 Dioclitianus
1728 4649 2132 4705 vehementius

487 4746 574 4799 est
598 4747 948 4811 commotus,
973 4746 1033 4799 et
1056 4744 1207 4800 hanc
1229 4743 1392 4799 dedit
1415 4743 1846 4811 auctoritatem,
1874 4746 1939 4797 ut
1967 4743 2015 4797 si
2039 4759 2129 4798 sa-

486 4836 742 4892 crificare
771 4835 1110 4905 noluissent,
1135 4836 1368 4909 capitali
1395 4837 1688 4891 sententia
1712 4837 2129 4908 plecterentur.

484 4931 745 5001 Cumque
766 4928 968 5001 iniqua
990 4930 1276 4986 sententia
1296 4929 1651 5002 pervenisset
1672 4929 1747 4984 ad
1763 4928 2132 4985 beatissimos

487 5026 792 5095 martyres,
823 5039 1061 5079 ascenso
1092 5024 1354 5079 vehiculo
1385 5040 1499 5078 una
1524 5039 1654 5078 cum
1683 5023 2007 5095 paedagogo
2028 5040 2130 5078 suo

486 5119 657 5173 Proto
700 5134 765 5172 ex
807 5117 948 5173 urbe
991 5117 1378 5189 Aquilegense
1421 5117 1636 5188 egressi
1674 5120 1827 5185 sunt,
1874 5116 2131 5173 divinam

487 5211 844 5284 Scripturam
886 5211 1169 5267 habentes
1210 5227 1329 5283 prae
1364 5210 1562 5279 oculis,
1606 5226 1734 5283 quae
1772 5210 1911 5267 dicit
1950 5227 1963 5267 :
1999 5211 2132 5267 Cum

475 5312 876 5377 persequentur
893 5321 985 5361 vos
1008 5308 1067 5360 in
1093 5307 1314 5361 civitate
1340 5307 1467 5369 ista,
1488 5307 1667 5374 fugite
1687 5307 1745 5361 in
1768 5307 1955 5362 aliam.
1979 5306 2133 5360 Nun-

484 5399 661 5455 tiatur
688 5417 829 5471 ergo
863 5398 1239 5471 iniquissimis
1271 5399 1564 5471 judicibus
1594 5402 1824 5455 sanctos
1859 5399 1963 5455 Dei
1994 5415 2130 5470 pro-

483 5509 737 5565 perasse.
761 5496 916 5550 Tunc
945 5492 1230 5550 Sisinnius
1256 5494 1438 5549 comis
1462 5510 1579 5549 una
1606 5510 1738 5549 cum
1767 5491 2127 5566 spiculatori-

482 5586 589 5641 bus
621 5603 689 5643 ex
714 5591 1005 5661 praecepto
1037 5587 1368 5662 impiissimi
1401 5585 1726 5644 Dioclitiani
1762 5587 2130 5665 imperatoris

483 5681 869 5756 subsequitur.

555 5825 627 5895 (α)
658 5827 788 5880 Haec
811 5824 983 5881 verba
1009 5842 1050 5881 u

486 5894 850 5951 Ambrosium
875 5900 934 5952 et
952 5894 1117 5969 apud
1126 5894 1529 5971 Augustinum.

2230 4653 2597 4723 perpetuum.
2610 4651 2765 4705 Tunc
2780 4649 2994 4722 impius
3012 4650 3296 4706 Sisinnius
3313 4650 3513 4719 comis,
3528 4651 3637 4706 hoc
3654 4650 3861 4715 audito,

2230 4743 2396 4799 valde
2436 4743 2615 4800 iratus
2659 4746 2764 4812 est,
2808 4746 2865 4798 et
2910 4743 3185 4815 praecepit
3228 4743 3686 4815 spiculatoribus,
3728 4747 3789 4799 ut
3823 4741 3860 4796 si

2229 4840 2255 4895 ,Ι
2262 4838 2351 4894 ovi
2373 4838 2544 4893 thura
2563 4854 2682 4893 non
2707 4836 3003 4906 offerrent,
3028 4837 3222 4910 capita
3240 4839 3648 4910 plecterentur.
3665 4837 3866 4893 Beatis-

2230 4926 2362 4982 simi
2391 4942 2528 4982 vero
2561 4928 2844 4997 martyres
2876 4925 3143 4981 Cantiani
3172 4944 3289 4982 una
3315 4944 3448 4982 cum
3478 4930 3649 4983 Proto
3678 4926 3859 5000 paeda-

2230 5037 2383 5093 gogo
2416 5037 2518 5076 suo
2550 5020 2870 5092 gaudentes
2895 5023 2953 5075 et
2980 5022 3290 5093 psallentes
3317 5021 3678 5076 ducebantur
3704 5039 3737 5076 a
3762 5019 3857 5091 spi-

2231 5114 2600 5172 culatoribus.
2622 5114 2778 5168 Tunc
2798 5114 2956 5170 beati
2978 5114 3182 5169 famuli
3203 5114 3301 5170 Dei
3324 5114 3588 5186 expansis
3603 5114 3857 5170 manibus

2231 5208 2305 5265 ad
2339 5209 2540 5263 caelum
2571 5206 2894 5263 orationem
2924 5207 3201 5263 fuderunt
3235 5208 3310 5263 ad
3340 5208 3654 5264 Dominum
3680 5208 3857 5264 dicen-

2230 5305 2349 5359 tes:
2373 5300 2615 5358 Domine
2634 5302 2662 5357 J
2666 5318 2767 5356 esu
2787 5301 3029 5371 Christe,
3055 5301 3153 5374 qui
3168 5302 3672 5374 perseverantibus
3692 5302 3749 5357 in
3771 5305 3857 5356 tuo

2231 5395 2471 5452 nomine
2505 5399 2565 5451 te
2606 5397 2832 5467 patrem
2866 5398 2924 5450 et
2961 5398 3214 5451 matrem
3259 5395 3447 5451 dixisti
3490 5413 3633 5465 esse,
3671 5399 3729 5450 et
3766 5410 3857 5467 pro

2230 5490 2645 5564 temporalibus
2682 5490 2898 5558 futura,
2936 5492 2995 5545 et
3032 5507 3137 5561 pro
3176 5489 3445 5562 perituris
3483 5492 3781 5562 perpetua,
3810 5490 3859 5542 et

2230 5602 2335 5659 pro
2349 5583 2561 5641 divitiis
2578 5582 2823 5639 terrenis
2840 5583 3235 5655 incorruptam
3248 5582 3427 5639 vitam
3440 5586 3721 5639 aeternam
3739 5596 3859 5637 cum

2230 5679 2504 5735 felicitate
2547 5677 2685 5734 dare
2726 5676 3041 5750 promisisti
3081 5692 3096 5733 :
3127 5680 3185 5733 te
3212 5677 3605 5747 obsecramus,
3635 5676 3862 5733 Amator

1159 5843 1191 5884 e
1225 5827 1297 5884 ad
1329 5828 1665 5907 sequentem
1700 5827 2025 5899 sectionem,
2057 5822 2254 5901 paucis
2291 5820 2713 5898 praetermissis,
2743 5823 3018 5895 leguntur
3059 5821 3121 5879 in
3156 5822 3385 5896 vulgato
3426 5836 3687 5879 sermone
3721 5815 3860 5893 apud
