4014 6230
172 370 252 422 441
770 365 855 417 AD
892 361 1380 417 PR/ECEDENTIA
1419 363 1751 417 LITURCIAS
1790 361 2202 416 MONUMENTA
2241 360 2577 417 APPENDIX
2617 363 2899 418 ALTERA.

3431 369 3532 422 442

170 489 310 548 purae
325 470 704 537 conscientiae,
726 475 793 526 ut
806 471 1071 541 respicias
1087 471 1156 524 de
1176 469 1502 526 summitate
1519 471 1787 526 ccelorum
1807 482 1868 556 Α
1887 469 1923 526 li
1931 486 2070 541 gens
2097 469 2551 525 beatissimorum
2571 475 2889 541 martyrum
2914 487 3169 544 corpora,
3199 473 3447 531 condivit
3467 492 3532 531 ea

169 569 226 623 ad
254 568 392 622 hanc
419 566 642 634 horam,
672 568 739 620 ut
765 564 1033 636 suscipias
1057 564 1278 618 animas
1297 569 1518 620 nostras
1540 565 1599 620 in
1628 583 1786 639 pace,

171 669 216 718 et
240 662 378 716 inter
407 662 631 714 sanctos
655 659 874 714 Electos
901 663 1028 714 tuos
1057 658 1337 714 conlocari
1372 659 1686 730 praecipias,
1726 666 1790 716 ut

170 757 485 826 cognoscant
511 769 709 806 omnes
746 752 878 824 quia
905 757 966 807 tu
993 768 1051 807 es
1088 753 1236 807 Deus
1273 751 1424 806 solus
1464 757 1520 806 et
1553 753 1785 808 benedi-

169 855 274 904 ctus
297 847 352 901 in
376 847 605 902 sawula.
637 848 856 900 Etcum
897 846 1273 917 complessent
1308 845 1640 915 orationem,
1680 864 1787 917 po-

168 948 343 997 nentes
389 957 577 1012 genua
621 945 990 1012 susceperunt
1040 940 1314 1011 gladium,
1357 944 1414 995 et
1451 943 1790 1010 acceperunt

168 1051 374 1091 coronas
398 1033 814 1105 sempiternas:
860 1039 917 1088 et
961 1050 1087 1090 ecce
1128 1033 1362 1104 sanguis
1401 1049 1598 1089 eorum
1640 1037 1786 1088 tam-

167 1146 316 1201 quam
339 1129 420 1183 lac
445 1127 712 1183 omnibus
738 1127 1061 1183 videntibus
1088 1128 1369 1198 apparuit.

224 1225 333 1287 Quo
361 1226 619 1294 tempore
662 1221 996 1279 venerabilis
1020 1222 1106 1277 vir
1133 1222 1328 1278 Zoelus
1356 1222 1653 1294 presbyter
1681 1223 1790 1278 col-

1890 565 2238 620 aromatibus
2276 563 2560 634 pretiosis,
2597 569 2653 619 et
2677 565 2736 620 in
2760 565 2944 620 loculo
2970 567 3298 623 conlocavit.
3345 569 3450 633 Qui
3476 575 3534 626 et

1888 659 2008 730 ipse
2034 662 2257 713 sanctus
2284 658 2481 714 Zoelus
2505 662 2634 730 post
2657 659 3013 730 aliquantum
3045 665 3270 731 tempus
3300 680 3530 735 suscep-

1888 752 2056 806 tionis
2093 768 2208 806 sum
2255 752 2360 806 hoc
2397 752 2593 809 ordine
2631 753 2882 824 perrexit
2916 754 2987 808 ad
3029 754 3350 810 Dominum.
3379 757 3531 812 Passi

1889 850 2021 900 sunt
2049 850 2240 900 autem
2265 845 2568 900 beatissimi
2585 852 2865 918 martyres
2881 848 3130 918 Cantius,
3151 850 3456 906 Cantianus
3477 856 3534 907 et

1888 938 2264 1006 Cantianella,
2316 940 2498 1010 pridie
2543 942 2660 995 Kal.
2703 941 2924 1011 lunias,
2977 949 3252 1014 regnante
3293 945 3529 1000 Domino

1888 1037 2083 1087 nostro
2130 1035 2257 1088 Jesu
2303 1033 2544 1103 Christo,
2591 1034 2682 1088 cui
2718 1040 2800 1089 est
2843 1035 3039 1107 gloria,
3085 1037 3267 1093 honor
3319 1041 3376 1094 et
3422 1055 3526 1109 po-

1889 1131 2058 1184 testas
2085 1127 2147 1182 in
2173 1127 2376 1183 saecula
2395 1127 2754 1195 saeculorum,
2781 1145 2969 1185 amen.

912 1580 1862 1697 APPENDIX
1977 1582 2778 1698 ALTERA.

162 1794 266 1892 In
369 1822 564 1924 quo
681 1793 1198 1895 variantes
1299 1795 1846 1924 scripturae
1947 1823 2275 1893 sacra?
2379 1795 2850 1894 lectiones
2952 1796 3527 1927 praecipua:

715 1969 842 2036 eae
929 1935 1562 2036 Lectionario
1661 1932 2191 2036 Gallicana
2291 1935 2932 2037 etv/libentur.

221 2260 390 2332 471
417 2258 700 2325 Quoniam
719 2273 1065 2330 magnopere
1080 2257 1466 2315 interestscire
1484 2258 1780 2330 antiquam
1799 2271 1856 2344 B
1879 2260 2023 2330 ﬁlias
2041 2260 2336 2328 pharetras,
2368 2259 2576 2330 Graece,
2609 2267 2727 2323 ἰοὺς.
2758 2259 3030 2329 Lection.,
3057 2259 3280 2330 phialas
3319 2259 3522 2329 phare-

162 2355 440 2426 Scripturee
467 2371 646 2409 sacra:
671 2353 1011 2422 versionem,
1043 2369 1158 2424 qua
1184 2351 1389 2424 primis
1424 2353 1779 2424 temporibus

161 2466 242 2503 usa
258 2453 334 2504 est
359 2447 646 2503 Gallicana
671 2447 925 2515 ecclesia,
957 2446 1082 2502 ideo
1111 2446 1202 2501 hic
1240 2447 1344 2501 sub
1377 2463 1493 2501 uno
1538 2463 1776 2519 conSpe-

161 2548 238 2596 ctu
264 2542 544 2597 variantes
569 2541 902 2598 Lectionarii
927 2540 1304 2612 antiquissimi
1329 2540 1598 2596 lectiones
1635 2540 1774 2595 insi-

162 2637 360 2708 gniores
385 2637 602 2691 referre
632 2636 814 2690 visum
841 2641 925 2690 est
950 2652 1138 2706 operte
1163 2635 1434 2707 pretium,
1484 2640 1550 2690 ut
1584 2651 1654 2690 ex
1689 2636 1778 2690 his

158 2731 246 2784 viri
270 2731 413 2784 docti
438 2746 606 2784 suam
633 2730 702 2785 de
732 2730 824 2784 illa
851 2729 1110 2784 versione
1155 2730 1491 2786 sententiam
1531 2734 1776 2785 statuere

158 2826 366 2897 possint.

216 2923 275 2974 Et
304 2919 487 2992 primo
534 2919 767 2991 quidem
817 2917 1132 2989 generatim
1175 2917 1590 2974 observandum
1625 2919 1774 2974 anti-

159 3031 307 3087 quam
333 3014 488 3070 illam
509 3013 832 3068 versionem
852 3012 1103 3084 Vulgata:
1128 3015 1336 3067 nostrae
1366 3012 1575 3084 passim
1601 3012 1779 3068 inhie-

158 3123 283 3178 rere,
311 3113 365 3163 et
386 3108 691 3180 plerasque
721 3106 992 3162 lectiones
1035 3105 1312 3162 variantes
1349 3107 1543 3177 potius
1587 3123 1656 3162 ex
1701 3107 1774 3161 1i-

156 3202 452 3258 bmriorum
477 3201 650 3274 genio
668 3201 756 3257 vel
780 3216 993 3269 errore,
1023 3217 1195 3272 quam
1221 3217 1292 3255 ex
1307 3199 1576 3256 versionis
1599 3201 1777 3272 ipsius

155 3297 509 3368 discrepantia
555 3294 906 3368 repetendas.
955 3293 1166 3350 Deinde
1192 3295 1291 3349 ubi
1328 3294 1508 3349 versio
1544 3294 1775 3367 antiqua

158 3390 322 3444 differt
364 3408 395 3443 a
438 3393 634 3444 nostra
687 3388 945 3459 Vulgata,
995 3404 1119 3442 eam
1160 3388 1387 3460 saepius,
1443 3405 1559 3443 non
1585 3392 1774 3444 tamen

157 3487 427 3555 perpetuo,
475 3499 613 3537 cum
665 3481 920 3537 versione
973 3483 1162 3536 Graeca
1212 3482 1534 3537 convenire.
1588 3483 1774 3538 Tertio

158 3576 435 3648 Scriptura:
473 3575 672 3643 libros,
705 3591 774 3630 ex
827 3575 1031 3646 quibus
1074 3575 1338 3630 lectiones
1381 3576 1442 3630 in
1481 3575 1770 3631 Lectionac

159 3671 286 3725 rium
314 3675 573 3726 nostrum
594 3673 837 3742 acceptas
865 3673 1016 3737 sunt,
1038 3669 1140 3724 hos
1157 3669 1390 3724 omnino
1410 3685 1550 3740 esse,
1569 3686 1774 3741 nempe
1795 3640 1849 3715 C

159 3765 409 3836 Genesim,
448 3765 732 3834 Exodum,
771 3765 958 3833 Iosue,
998 3763 1250 3833 Tobiam,
1297 3763 1509 3834 Judith,
1552 3763 1770 3834 Esther,

161 3875 333 3914 omnes
370 3859 700 3931 prophetas,
754 3858 1004 3928 majores
1051 3873 1114 3911 ac
1159 3856 1429 3927 minores,
1477 3873 1546 3911 ex
1588 3857 1774 3913 Veteri

159 3953 526 4023 Testamento;
574 3969 643 4008 ex
689 3953 840 4007 Novo
893 3955 1104 4021 autem,
1162 3955 1406 4024 quatuor
1449 3951 1772 4022 Evangelia,

159 4049 304 4101 Actus
338 4048 742 4119 apostolorum,
791 4061 987 4101 omnes
1028 4045 1186 4099 Pauli
1225 4044 1521 4117 Epistolas,
1568 4049 1775 4116 praeter

158 4154 309 4195 unam
330 4142 397 4196 ad
422 4140 832 4212 Philippenses,
862 4153 1060 4194 omnes
1084 4138 1416 4209 Catholicas,
1463 4142 1520 4193 et
1552 4140 1771 4210 Apoca-

157 4231 334 4304 lypsin.
368 4235 634 4307 Singulos
663 4250 733 4289 ex
760 4233 956 4288 ordine
979 4248 1398 4304 percurramus.

522 4334 588 4386 IN
626 4333 873 4387 VETERI
911 4330 1377 4386 TESTAMEN‘TO.

217 4420 399 4476 erss.
431 4438 528 4492 v11,
562 4425 646 4484 16,
678 4421 773 4475 ubi
801 4420 1013 4491 legitur
1037 4419 1098 4474 in
1125 4420 1379 4491 Vulgata,
1411 4421 1632 4476 inclusit
1654 4437 1775 4477 eum

158 4514 386 4569 Dominus
413 4517 641 4584 deforis,
662 4513 820 4569 addit
836 4512 1253 4568 Lectionarium
1274 4515 1477 4582 deforis
1488 4517 1546 4570 in
1566 4531 1771 4578 arcam,

160 4608 289 4675 quod
330 4609 531 4664 melius
573 4610 762 4664 Graeco
811 4607 994 4664 textui
1029 4607 1352 4679 respondet,
1379 4616 1460 4663 καὶ
1484 4615 1666 4664 ἔκλεισε
1691 4616 1773 4671 τήν

159 4699 339 4748 κιϐωτὸν
359 4702 525 4758 ἔξωθεν
555 4699 724 4750 αὐτοῦ.

218 4787 371 4843 Josu:
409 4805 485 4857 iv,
542 4792 624 4856 19,
674 4789 874 4842 decimo
912 4788 1000 4842 die
1039 4789 1236 4842 mensis
1269 4788 1460 4856 primi,
1493 4786 1774 4841 Lectiona-

160 4878 288 4933 rium
323 4881 489 4938 habet
540 4883 741 4937 decimo
781 4897 980 4945 mense,
1022 4883 1209 4952 prima
1253 4881 1340 4935 die
1388 4882 1604 4939 mensis.
1651 4879 1774 4934 LXX

164 4971 387 5045 Vulgata:
412 4977 624 5032 favent.

223 5068 364 5124 [sane
393 5087 535 5138 xxv1,
579 5073 632 5139 6,
660 5086 779 5140 pes,
812 5070 978 5140 pedes
999 5070 1282 5138 pauperis.
1330 5065 1600 5134 Lection.,
1646 5063 1772 5119 abs-

165 5175 256 5229 que
289 5164 679 5234 geminatione,
706 5179 805 5234 pes
834 5165 1118 5234 pauperis.
1171 5162 1314 5230 LXX,
1359 5167 1516 5226 πόδες,
1575 5158 1771 5214 semel.

165 5252 304 5322 Ibid.,
336 5273 477 5314 vers.
521 5261 605 5328 18,
646 5263 697 5313 et
733 5259 1046 5328 peperimus
1081 5257 1381 5327 spiritum:
1428 5255 1630 5309 salutes
1669 5269 1776 5308 non

165 5348 380 5421 fecimus,
408 5355 467 5408 in
493 5358 659 5407 terra.
689 5352 938 5406 Lection.
988 5367 1138 5420 vero,
1188 5349 1310 5404 sine
1357 5347 1772 5419 dispunctione,

166 5444 387 5508 spiritum
412 5449 605 5502 salutis
630 5463 738 5500 non
789 5449 1015 5514 fecimus
1055 5447 1114 5499 in
1171 5449 1336 5502 terra.
1386 5443 1542 5510 LXX,
1589 5445 1778 5510 πνεῦμα

167 5544 371 5608 σωτηρίας
395 5563 483 5596 σου
513 5547 824 5610 ἐποιησαμεν.
874 5538 1180 5611 Complut.,
1213 5545 1239 5593 ὃ
1263 5543 1492 5602 ἐποίησας
1517 5567 1586 5576 --
1637 5537 1772 5606 Cap.

169 5641 246 5696 ιιι,
276 5632 352 5700 14,
381 5635 454 5688 sic
483 5634 751 5702 inglorius
781 5635 903 5688 erit.
934 5632 1204 5703 Lection.,
1245 5634 1322 5688 sic
1347 5632 1633 5702 gloriosior
1651 5631 1772 5686 erit.

169 5717 291 5790 LXX,
317 5741 440 5782 cum
466 5727 728 5798 Vulgata,
755 5733 998 5792 ἀδοξήσει.

229 5814 404 5893 472
427 5821 622 5877 lenam.
647 5837 744 5889 x11,
779 5825 831 5888 7,
857 5824 914 5876 in
931 5838 1101 5877 manu
1127 5823 1467 5878 inimicorum
1496 5820 1635 5889 ejus.
1653 5818 1776 5875 LXX

174 5912 312 5976 αὐτῆς.
337 5913 603 5988 Lection.,
621 5917 962 5974 inimicorum
981 5932 1238 5976 meorum.
1261 5948 1330 5958 —
1348 5915 1554 5973 Thren.
1578 5930 1660 5987 ιιι,
1687 5916 1773 5985 13,

1795 5019 1854 5090 Ι)

1880 2358 1996 2420 trav,
2020 2352 2163 2408 forte
2192 2352 2479 2408 mendose.

1950 2447 2150 2501 Ezscu.
2206 2463 2356 2514 LXIII,
2411 2449 2500 2514 20,
2561 2451 2610 2502 et
2663 2461 2828 2515 super
2875 2461 3126 2501 coronam
3169 2448 3228 2500 in
3269 2448 3520 2510 circuitu,

1878 2540 2085 2607 Graace,
2125 2550 2282 2611 βασιν.
2330 2539 2599 2605 Lection.,
2637 2544 2688 2594 et
2733 2555 2897 2609 super
2928 2556 3132 2595 cornua
3170 2541 3230 2594 in
3267 2541 3518 2595 circuitu.

1877 2663 1946 2674 -—
1972 2634 2106 2706 Cap.
2135 2650 2280 2701 xuv,
2318 2637 2371 2701 3,
2403 2635 2457 2702 4,
2487 2634 2810 2702 egredietur.
2845 2635 2915 2688 Et
2967 2635 3213 2689 adduxit
3245 2650 3348 2697 me,
3391 2651 3523 2688 cum

1877 2729 2022 2783 LXX.
2063 2728 2333 2796 Lection.,
2377 2729 2703 2796 egredietur.
2739 2728 2829 2782 Sic
2870 2728 3010 2782 sicut
3049 2732 3126 2781 est
3165 2729 3374 2791 clausa,
3410 2730 3524 2783 Rea:

1879 2824 2135 2877 transivit
2153 2838 2256 2891 per
2285 2838 2421 2876 eam.
2450 2825 2520 2877 Et
2543 2821 2783 2876 adduxit
2810 2837 2912 2875 me.

1949 2916 2157 2970 DANIEL
2195 2932 2276 2977 111,
2328 2919 2378 2978 1,
2422 2915 2914 2973 Nabuchodonosor
2956 2930 3054 2970 rea:
3070 2916 3220 2982 fecit.
3249 2913 3520 2984 Lection.,

1877 3025 2008 3064 cum
2051 3010 2196 3078 LXX,
2245 3024 2389 3063 anno
2423 3013 2608 3063 octavo
2655 3009 2856 3063 decimo
2895 3009 3386 3065 Nabuchodonosor
3426 3024 3525 3063 rea:

1875 3105 2022 3170 fecit.
2059 3101 2222 3171 Ibid.,
2254 3117 2398 3157 vers.
2424 3105 2476 3168 6,
2514 3105 2600 3169 15,
2628 3103 2716 3172 20,
2757 3105 3034 3170 fornacem
3074 3104 3218 3169 ignis
3253 3102 3522 3165 ardentis,

1877 3197 2146 3265 Lection.,
2184 3212 2315 3250 cum
2355 3195 2499 3265 LXX,
2529 3193 2743 3267 ubique
2785 3195 2959 3250 habet
2997 3196 3298 3250 ardentem.
3357 3195 3520 3261 Ibid.,

1874 3306 2018 3345 vers.
2061 3290 2150 3357 94,
2189 3290 2482 3347 Sarabala.
2527 3289 2800 3356 Lection.,
2853 3305 2985 3344 cum
3031 3289 3178 3358 LXX,
3229 3289 3519 3344 sarabara.

1874 3383 2038 3453 Ibid.,
2083 3399 2227 3439 vers.
2275 3386 2362 3452 96,
2396 3386 2636 3454 positum
2677 3389 2756 3438 est
2787 3385 2883 3438 hoc
2912 3384 3203 3439 decretum.
3241 3382 3520 3452 Lection.,

1874 3493 2006 3532 cum
2029 3477 2174 3544 LXX,
2210 3479 2550 3548 propositum
2574 3482 2653 3533 est
2679 3478 2970 3532 decretum.
3024 3476 3187 3543 Ibid.,
3231 3492 3378 3532 vers.
3427 3480 3518 3546 97,

1875 3573 1964 3634 98,
1993 3573 2050 3625 in
2069 3573 2355 3641 provincia
2376 3571 2689 3638 Babylonis.
2711 3571 3225 3628 Nabuchodonosor.
3243 3570 3520 3637 Lection.,

1874 3667 1933 3719 in
1954 3667 2297 3734 provinciam
2323 3665 2643 3733 Babylonis,
2673 3669 2723 3720 et
2741 3667 2961 3735 scripsit
2988 3664 3281 3734 epistulam
3307 3666 3384 3718 sic
3401 3680 3524 3719 con-

1874 3761 2148 3814 tinentem.
2186 3758 2693 3826 Nabuchodonosor,
2719 3774 2848 3830 quas
2889 3757 3058 3812 verba
3101 3756 3274 3811 etiam
3317 3757 3524 3812 desunt

1873 3852 2024 3923 apud
2048 3852 2194 3906 LXX.
2225 3882 2294 3892 -~
2314 3851 2449 3923 Cap.
2483 3868 2556 3920 1x,
2589 3852 2675 3918 14,
2708 3855 2758 3905 et
2784 3851 3036 3918 vigilavit
3061 3851 3323 3904 Dominus
3359 3865 3523 3919 super

1872 3947 2160 4000 malitiam.
2195 3945 2359 4001 Deest
2377 3961 2542 4015 super
2566 3945 2837 3999 malitiam
2868 3943 2927 3997 in
2951 3942 3324 3998 Lectionario.
3354 3943 3519 4012 Ibid.,

1873 4055 2017 4094 vers.
2072 4042 2164 4107 25,
2213 4040 2344 4093 scito
2388 4055 2512 4105 ergo
2553 4042 2605 4092 et
2640 4038 3032 4092 animadverte.
3077 4035 3332 4092 Lection.
3377 4037 3521 4092 Scito

1875 4148 2018 4200 ergo,
2047 4137 2096 4187 et
2118 4133 2320 4201 planta
2345 4147 2552 4195 aurem,
2581 4136 2632 4186 et
2663 4131 3056 4186 animadverte.

1945 4227 2086 4281 Ossa
2111 4243 2186 4288 1v,
2213 4229 2298 4290 17,
2327 4226 2537 4281 dimitte
2566 4241 2705 4281 eum.
2733 4225 3000 4294 Lection.,
3031 4225 3267 4280 dimittet
3292 4241 3428 4280 eum.
3453 4255 3520 4266 —
3545 4203 3552 4222 ’

1873 4321 2004 4391 Cap.
2034 4337 2110 4388 v1,
2134 4324 2187 4390 6,
2217 4324 2266 4376 et
2291 4335 2401 4376 non
2419 4322 2764 4390 sacriﬁcium,
2785 4336 2917 4374 cum
2945 4319 3069 4374 LXX
3093 4319 3340 4375 Lection.
3364 4335 3518 4389 vero,

1875 4419 1926 4469 et
1952 4430 2059 4469 non
2075 4415 2375 4483 judicium.

1943 4509 2076 4563 JOEL
2103 4525 2141 4577 1,
2176 4511 2260 4576 13,
2296 4508 2505 4562 libatio.
2537 4507 2810 4576 Lection.,
2831 4508 3051 4561 oblatio.
3075 4535 3143 4544 —
3169 4505 3304 4575 Cap.
3336 4521 3396 4574 11,
3427 4508 3515 4574 23,

1873 4603 2167 4656 serotinum
2211 4602 2351 4654 sicut
2390 4603 2450 4654 in
2492 4602 2786 4670 principio.
2839 4601 2953 4653 Vox
3008 4600 3149 4652 sicut
3193 4598 3350 4652 deest
3399 4614 3519 4652 non

1872 4695 2045 4750 semel
2070 4694 2130 4748 in
2159 4692 2525 4749 Lectionario.
2557 4693 2718 4761 Ibid.,
2747 4708 2892 4747 vers.
2921 4694 3011 4761 28,
3045 4694 3300 4761 spiritum
3320 4708 3516 4747 meum.

1873 4788 2144 4855 Lection.,
2173 4788 2237 4842 de
2263 4788 2466 4856 spiritu
2491 4802 2625 4852 meo,
2654 4802 2785 4841 cum
2811 4785 2957 4854 LXX,
2983 4789 3040 4841 et
3067 4784 3146 4840 sic
3170 4785 3312 4858 legit
3340 4786 3516 4841 Lucas

1873 4885 1992 4937 Act.
2022 4899 2083 4949 11,
2113 4882 2202 4936 47.

1948 4978 2101 5031 A1103
2131 4991 2250 5043 vm,
2282 4979 2335 5045 5,
2379 4974 2600 5044 quando
2644 4975 2901 5030 transibit
2936 4976 3156 5045 mensis,
3196 4990 3327 5029 cum
3370 4974 3518 5030 LXX.

1876 5070 2152 5139 Lection.,
2179 5071 2385 5138 messis,
2413 5069 2558 5124 forte
2587 5068 2895 5124 mendose.

1945 5164 2189 5220 MALACH.
2247 5180 2330 5233 111,
2377 5167 2429 5232 3,
2477 5163 2680 5218 colabit
2723 5178 2830 5218 eos.
2868 5163 3139 5233 Lection.,
3183 5179 3312 5217 cum
3369 5161 3516 5230 LXX,

1874 5258 2127 5325 conﬂabit
2155 5272 2261 5326 eos,
2317 5256 2540 5312 rectius.
2594 5256 2758 5327 Ibid.,
2806 5272 2950 5311 vers.
2994 5259 3047 5326 8,
3093 5257 3406 5326 conﬁximus
3445 5259 3515 5322 te,

1873 5366 2005 5404 cum
2030 5351 2176 5420 LXX,
2207 5366 2308 5422 pro
2337 5352 2654 5419 conﬁgimus
2707 5357 2773 5418 te,
2817 5349 2968 5420 quod
3022 5352 3102 5403 est
3147 5348 3206 5401 in
3253 5344 3512 5414 Vulgata.

1875 5444 2038 5514 Ibid.,
2070 5460 2212 5499 vers.
2260 5448 2344 5510 17,
2373 5449 2529 5499 erunt
2553 5446 2708 5499 mihi.
2739 5445 3010 5512 Lection.,
3045 5445 3204 5497 erunt
3231 5441 3365 5494 mihi
3395 5455 3517 5495 oves

1873 5555 2020 5595 meae.
2050 5570 2119 5579 —
2151 5539 2288 5610 Cap.
2322 5553 2396 5603 1v,
2439 5541 2489 5601 1,
2529 5538 2758 5607 stipula.
2796 5537 3066 5607 Lection.,
3111 5535 3252 5589 sicut
3286 5536 3514 5606 stipula.

1876 5635 2044 5690 Deest
2069 5636 2264 5688 tamen
2290 5631 2412 5688 haec
2434 5631 2710 5703 particula
2733 5629 2884 5702 apud
2921 5631 3066 5701 LXX,
3092 5629 3224 5684 licet
3235 5627 3508 5684 subintel-

1875 5727 2108 5799 ligatur.

2300 5819 2367 5875 ΙΝ
2405 5817 2588 5874 ΝΟνο
2625 5814 3091 5872 ΤΕ8ΤΑΜΕΝΤΟ.

1949 5915 2160 5971 Mum.
2192 5930 2266 5985 v1,
2308 5915 2360 5968 11
2374 5953 2389 5983 ,
2419 5908 3015 5984 supersubstantialem.
3056 5901 3327 5966 Lection.,
3374 5903 3514 5960 Coti-
