4014 6230
504 286 607 340 427

1299 283 1630 341 APPENDIX
1669 283 1758 338 AD
1795 282 2018 340 OPERA
2055 282 2289 341 SANCTI
2324 281 2626 340 GERMANI
2662 282 3090 341 PARISIENSIS.
3785 278 3876 337 428

573 398 637 450 In
686 396 794 451 ista
834 397 998 451 missa
1035 397 1086 450 et
1118 396 1177 450 in
1223 394 1349 449 aliis
1385 410 1491 448 non
1530 394 1760 449 vertitur
1791 394 2037 449 sacerdos
2069 393 2145 449 ad
2164 407 2224 480 Α
2245 393 2599 464 Sacriﬁcium.
2630 390 2898 450 Parvulas
2927 398 3095 449 natus
3123 396 3207 448 est
3233 389 3415 462 nobis,
3445 394 3500 447 et
3537 388 3698 445 ﬁlius
3725 389 3879 445 datus

492 491 777 561 populum,
803 492 913 544 nisi
936 490 1156 560 quando
1182 488 1385 544 dicem
1411 502 1426 534 -·
1456 487 1731 558 Adjuvate
1752 503 1870 556 me,
1912 487 2139 558 fratres,

496 583 557 638 in
586 583 934 640 orationibus
961 582 1179 638 vestris.

637 679 698 734 ll.
740 694 799 733 IN
836 692 1147 734 marmura
1185 692 1379 731 nouum
1418 691 1604 733 uosrm
1643 691 1766 732 JESU
1804 691 2010 732 cmusrr
2106 698 2111 713 π

998 764 1069 801 ΔΙ)
1108 762 1306 801 ΜΙΞΞΔΠ
1346 763 1618 803 OFFlCIUK.

856 845 941 898 Ea:
966 841 1147 896 eodem
1172 842 1389 897 Missali
1405 842 1782 898 Mozarabum.

569 935 827 1005 Alleluia,
857 934 1191 989 Benedictus
1218 934 1316 1007 qui
1346 935 1520 1006 venit,
1551 934 1796 1003 alleluia,
1828 936 1889 990 In
1909 934 2140 991 nomine

496 1030 739 1098 Domini,
768 1028 1012 1099 alleluia,
1038 1028 1284 1086 alleluia.

568 1132 629 1192 ψ.
657 1125 805 1179 Deus
831 1122 1104 1177 Dominus
1123 1126 1181 1177 et
1208 1123 1397 1178 illuxit
1425 1122 1611 1179 nobis.
1632 1126 1696 1179 P.
1722 1122 1794 1195 (a)
1825 1124 1886 1177 In
1904 1122 2140 1177 nomine

496 1217 741 1272 Domini.
778 1223 839 1285 ψ.
869 1216 1055 1273 Gloria
1089 1220 1145 1271 et
1181 1217 1366 1272 honor
1404 1216 1574 1287 Patri,
1619 1220 1675 1273 et
1715 1215 1877 1283 Filio,
1924 1220 1981 1272 et
2020 1215 2141 1288 Spi-

495 1311 631 1366 ritui
661 1313 852 1366 sancto
875 1310 936 1366 in
972 1311 1180 1367 saecula
1216 1310 1576 1382 saeculorum,
1612 1326 1802 1367 amen.
1842 1312 1904 1365 P.
1945 1310 2007 1365 In
2039 1326 2139 1365 no-

495 1405 650 1460 mine
676 1404 918 1460 Domini.
1536 1412 1547 1421 ’

2244 491 2330 543 est
2351 487 2513 543 nobis
2542 503 2556 542 :
2588 494 2645 543 et
2662 487 2842 544 factus
2868 493 2953 544 est
2974 484 3328 560 principatus
3347 486 3468 557 ejus
3492 499 3677 557 super
3691 483 3881 539 hume-

2242 598 2334 637 ros
2358 581 2499 653 ejus,
2529 581 2772 653 alleluia,
2801 582 3045 638 alleluia.

2932 693 3178 738 MISSA.

2311 768 2450 822 Ecce
2482 782 2633 822 nunc
2672 770 2896 839 tempus
2922 766 3284 838 acceptabile,
3314 780 3442 821 ecce
3463 780 3624 820 nunc
3649 762 3772 819 dies
3799 779 3879 819 sa-

2240 860 2393 917 lutis.
2420 862 2542 916 Lux
2574 878 2609 915 a
2634 865 2784 916 terra
2810 861 3037 933 prodiit,
3084 877 3356 916 exeamus
3391 876 3426 915 a
3465 858 3745 915 tenebris.
3774 859 3879 913 Ad-

2238 958 2465 1010 vocatus
2513 971 2545 1009 e
2594 955 2731 1010 caelo
2779 954 3095 1025 descendit,
3147 954 3303 1027 quod
3351 957 3578 1025 oportet
3625 968 3879 1023 agamus,

2239 1048 2544 1103 Redemtor
2591 1048 2792 1104 mundi
2828 1048 3113 1120 apparuit,
3138 1064 3244 1119 pro
3267 1047 3528 1102 libertate
3549 1046 3879 1101 clamemus.

2239 1141 2403 1197 Venit
2426 1142 2500 1196 ad
2524 1146 2767 1212 aegrotos
2780 1141 3055 1212 medicus,
3070 1142 3307 1197 vulnera
3320 1140 3708 1213 proferamus.
3728 1140 3883 1194 Panis

2237 1234 2396 1289 vivus
2422 1234 2781 1289 credentibus
2806 1235 2973 1289 datus
3016 1238 3119 1298 est,
3168 1236 3323 1290 hunc
3369 1250 3689 1289 sumamus.
3747 1233 3881 1286 Fons

2238 1327 2504 1399 perennis
2528 1326 2789 1383 ﬁdelibus
2818 1332 2976 1384 ortus
3005 1331 3109 1398 est,
3138 1328 3357 1384 animas
3380 1327 3757 1399 impleamus,
3785 1342 3878 1380 cu-

2230 1421 2328 1492 jus
2346 1421 2952 1478 misericordiavirtute
2972 1425 3028 1477 et
3048 1422 3229 1494 gratia
3249 1422 3307 1477 in
3321 1422 3415 1477 illo
3440 1420 3576 1477 ﬁdei
3595 1435 3878 1492 processu,

565 1501 723 1609 D‘icat
774 1498 1087 1609 presbyter:
1142 1499 1249 1553 Per
1287 1498 1477 1553 omnia
1516 1497 1720 1553 secula
1772 1497 2134 1554 saeculorum-
2230 1514 2471 1586 justiﬁes
2507 1516 2685 1584 cultu,
2721 1516 3084 1571 confessionis
3130 1516 3330 1588 gradu,
3372 1514 3648 1571 castitatis
3683 1513 3881 1568 affectu

548 1634 561 1648 .
593 1596 795 1649 Amen.

548 1634 561 1648 .
593 1596 795 1649 Amen.
982 1590 1001 1609 ’

496 1590 540 1655 ἢ)
567 1690 725 1742 Dicat
752 1688 1063 1757 presbyter:
1094 1685 1277 1740 Gloria
1300 1684 1361 1739 in
1388 1685 1619 1741 excelsis
1646 1688 1776 1742 Deo.

2238 1612 2391 1665 stare
2427 1625 2531 1667 nos
2570 1608 2757 1680 faciat,
2802 1610 2865 1665 in
2906 1626 3020 1682 quo
3060 1609 3276 1665 animas
3318 1608 3575 1665 ﬂoruisse
3604 1607 3734 1676 sibi,
3773 1624 3879 1662 non

2238 1702 2452 1759 aruisse
2478 1703 2794 1759 convincat.
2825 1704 3011 1775 Atque
3038 1702 3098 1758 in
3124 1704 3223 1759 illo
3251 1708 3401 1760 statu
3428 1703 3595 1757 illum
3622 1701 3741 1757 vita
3780 1717 3879 1756 no-

444 1854 457 1861 ~
569 1783 757 1837 Postea
786 1782 953 1844 dicta,
986 1781 1170 1836 Gloria
1192 1780 1252 1836 in
1282 1780 1535 1852 excelsis,
1574 1782 1722 1836 dicat
1759 1782 1896 1837 hanc
1934 1782 2137 1837 oratio-
2158 1782 2217 1855 B
2241 1800 2356 1853 sua
2367 1797 2693 1866 delectetur,
2710 1797 2991 1869 nobisque
3008 1796 3331 1865 θυώδεα,
3350 1797 3410 1852 in
3425 1812 3539 1869 quo
3559 1812 3622 1851 se
3636 1796 3879 1868 generis,

496 1890 655 1930 nem:

569 1968 742 2022 Hodie
768 1966 931 2021 nobis
956 1967 1254 2023 thesaurus
1279 1970 1447 2023 natus
1472 1971 1575 2023 est.
1626 1968 1801 2025 Hodie
1840 1969 2003 2026 nobis
2047 1970 2136 2024 lu-

499 2078 666 2117 cerna
698 2060 959 2132 Virginis,
994 2078 1167 2132 quam
1196 2062 1435 2133 Spiritus
1464 2066 1689 2119 sanctus
1712 2063 1916 2136 ignivit
1943 2080 2140 2121 verum

496 2157 693 2211 lumen
721 2155 1002 2228 apparuit.
1039 2156 1213 2211 Hodie
1241 2173 1519 2212 caecorum
1546 2158 1801 2214 medicus
1828 2162 1997 2215 natus
2034 2162 2136 2214 est.

497 2250 673 2305 Hodie
700 2247 1143 2321 paralyticorum
1170 2249 1404 2305 sanitas.
1433 2250 1606 2306 Hodie
1644 2251 1917 2307 debilium
1942 2251 2138 2307 ﬁrma-

496 2348 778 2412 mentum,
795 2340 1210 2397 inﬁrmantium
1227 2343 1429 2398 virtus.
1453 2344 1624 2399 Hodie
1641 2345 1977 2401 resurrectio
1992 2362 2142 2401 mor—

496 2442 729 2492 tuorum
754 2436 1002 2492 Salvator
1034 2439 1228 2491 noster
1263 2436 1510 2491 advenit.
1558 2437 1729 2493 Hodie
1782 2439 1944 2493 nobis
1991 2439 2141 2495 inter

496 2534 727 2586 noctem
762 2529 1004 2600 ignitum
1027 2529 1126 2584 lux
1151 2546 1302 2585 nova
1329 2530 1613 2602 apparuit.
1642 2531 1815 2587 Hodie
1839 2532 2001 2587 nobis
2030 2533 2142 2589 Sal-

499 2628 658 2679 vator
680 2623 927 2693 advenit,
956 2638 1130 2695 quem
1147 2624 1443 2695 prophetae
1457 2623 1844 2696 praedixerant
1872 2643 1941 2682 ex
1970 2626 2141 2682 Maria

500 2717 728 2789 Virgine
763 2717 1139 2772 nasciturum.
1197 2718 1369 2774 Hodie
1415 2718 1578 2773 nobis
1604 2720 1882 2792 praisepio
1927 2720 2141 2792 positus

496 2815 807 2883 perpetuus
829 2810 995 2867 Panis
1018 2810 1159 2866 lucis
1184 2811 1499 2868 ostenditur
1522 2812 1620 2885 qui
1648 2813 1792 2869 dixit
1818 2831 1832 2868 :
1866 2815 1984 2886 Ego
2012 2831 2141 2870 sum

496 2905 659 2977 panis
687 2921 852 2961 verus
878 2904 978 2977 qui
1005 2904 1074 2961 de
1102 2905 1242 2961 caelo
1267 2906 1552 2962 descendi.
1585 2906 1640 2963 Si
1667 2906 1795 2979 quis
1833 2912 2026 2963 autem
2071 2908 2141 2964 de

496 3016 646 3072 pane
687 3000 794 3055 isto
839 2999 1266 3055 manducaverit
1310 3016 1428 3055 non
1475 2999 1686 3057 esuriet
1729 3000 1791 3057 in
1836 3005 2137 3058 aeternum.

497 3095 708 3149 Praesta
732 3093 913 3161 nobis,
944 3093 1199 3164 Domine,
1230 3109 1335 3166 per
1366 3094 1611 3166 gloriam
1640 3095 1948 3152 nativitatis
1970 3099 2083 3152 tuas
2108 3113 2142 3151 a

501 3188 664 3242 malis
714 3158 959 3258 propriis
996 3158 1252 3258 liberari,
1288 3192 1345 3243 et
1367 3158 1437 3242 in
1478 3188 1589 3243 tuis
1621 3189 1884 3246 laudibus
1920 3158 2216 3262 semperC

502 3279 749 3350 gloriari.
779 3278 845 3343 Β).
874 3281 1079 3335 Amen.

570 3374 881 3444 Prophetia.
910 3372 1095 3429 Lectio
1123 3372 1256 3429 libri
1281 3374 1461 3430 Esaias
1486 3377 1805 3449 prophetae.
1840 3380 1974 3449 Cap.
2008 3395 2081 3434 1x.

572 3467 637 3533 nl.
664 3470 776 3522 Deo
804 3466 1030 3539 gratias.

570 3560 761 3615 Primo
784 3565 1038 3632 tempore
1066 3559 1301 3616 allevata
1328 3564 1413 3617 est
1440 3565 1591 3619 terra
1618 3564 1865 3619 Zabulon
1899 3567 1957 3620 et
1990 3569 2143 3620 terra

500 3654 800 3727 Neptalim,
835 3657 967 3724 etc.,
996 3669 1162 3724 usque
1203 3655 1279 3709 ad
1325 3655 1476 3711 zelus
1518 3657 1745 3713 Domini
1788 3658 2142 3715 exercituum

498 3748 664 3804 faciet
688 3748 815 3804 hoc.
846 3745 911 3811 Β).
940 3750 1143 3804 Amen.

569 3845 730 3900 Dicat
764 3843 1046 3914 presbyter
1077 3858 1090 3897 :
1144 3842 1415 3899 Dominus
1461 3842 1535 3899 sit
1572 3862 1796 3919 semper
1827 3846 2138 3903 vobiscum.

500 3941 564 4007 nl.
594 3938 663 3991 Et
685 3953 818 3991 cum
843 3936 1002 4008 spiri.

573 4028 767 4102 454
788 4032 946 4085 Dicat
971 4031 1160 4087 chorus
1179 4033 1466 4103 psallendo
1494 4049 1511 4084 .-

572 4124 843 4178 Dominus
869 4123 1012 4179 dixit
1037 4124 1105 4179 ad
1133 4141 1225 4179 me
1255 4142 1269 4180 :
1298 4125 1469 4179 Filius
1487 4140 1651 4180 meus
1676 4141 1736 4181 es
1752 4128 1833 4193 tu,
1850 4141 1957 4198 ego
1973 4126 2142 4183 hodie

501 4217 677 4289 genui
698 4221 774 4273 te.
808 4214 869 4276 Ῡ.
897 4218 1028 4273 Pete
1054 4233 1220 4285 ame,
1259 4222 1315 4272 et
1352 4217 1494 4271 dabo
1534 4216 1639 4272 tibi
1680 4222 1876 4289 gentes
1912 4218 2140 4274 heredi-

501 4316 677 4367 tatem
703 4315 882 4382 tuam,
910 4316 966 4367 et
988 4310 1400 4383 possessionem
1443 4312 1606 4364 tuam
1637 4310 1912 4365 terminos
1951 4316 2138 4368 terrae.

499 4409 561 4462 P.
593 4407 731 4479 Ego.
761 4408 918 4463 Dicat
938 4404 1224 4476 presbyter
1249 4421 1266 4456 :
1295 4400 1594 4456 Silentium
1622 4402 1809 4460 facite.

573 4521 922 4594 Principium
946 4516 1197 4589 epistolae
1221 4515 1382 4571 Pauli
1417 4518 1658 4587 apostoli
1683 4520 1754 4576 ad
1784 4520 2067 4591 Hebraeos,

576 4694 641 4760 Β).
670 4688 783 4741 Deo
814 4681 1041 4754 gratias.
1220 4612 1353 4682 Cap.
1377 4626 1417 4666 ι.

574 4783 795 4836 Fratres
823 4773 1134 4830 multifaria
1160 4775 1470 4848 multisque
1488 4777 1692 4851 modis,
1720 4783 1852 4851 etc.,
1880 4797 2046 4854 usque
2069 4783 2145 4840 ad

502 4880 559 4933 et
598 4871 733 4927 anni
758 4870 843 4926 tui
868 4887 985 4925 non
1012 4868 1295 4927 deﬁcient.
1323 4873 1662 4943 Respondeat
1685 4875 1910 4932 chorus:
1937 4878 2139 4934 Amen.

538 4978 727 5038 Lectio
754 4979 935 5035 sancti
964 4977 1254 5048 Evangelii
1277 4979 1592 5035 secundum
1620 4981 1854 5040 Lucam.
1882 4986 2013 5056 Cap.
2043 5003 2106 5043 ιι.

574 5084 810 5138 Factum
835 5087 920 5138 est
944 5084 1138 5137 autem
1157 5096 1289 5136 cum
1311 5086 1498 5139 essent
1512 5082 1592 5139 ibi
1618 5083 1837 5157 impleti
1866 5092 1999 5143 sunt
2024 5088 2144 5145 dies

499 5183 566 5236 ut
592 5182 857 5251 pareret:
891 5180 946 5231 et
988 5174 1209 5246 peperit
1243 5174 1446 5245 ﬁlium,
1497 5181 1628 5247 etc.,
1671 5194 1838 5250 usque
1878 5182 1955 5237 ad
1999 5181 2145 5239 sicut

501 5274 718 5330 dictum
748 5275 831 5327 est
853 5270 925 5325 ad
956 5268 1098 5324 illos.
1130 5272 1194 5339 κ).
1227 5271 1432 5326 Amen.
1458 5272 1672 5328 Lauda.

573 5365 836 5422 Alleluia.
866 5362 925 5424 ᾧ.
952 5362 1380 5419 Hedemtionem
1420 5364 1574 5419 misit
1616 5366 1890 5424 Dominus
1932 5370 2143 5442 populo

502 5476 625 5531 suo,
653 5458 942 5514 mandavit
971 5458 1030 5513 in
1050 5461 1332 5511 aeternum
1359 5461 1759 5516 testamentum
1787 5478 1954 5518 suum
1978 5480 1992 5519 :
2016 5481 2144 5520 san-

499 5559 654 5610 ctum
685 5557 742 5608 et
768 5551 1019 5608 terribile
1055 5565 1265 5604 nomen
1295 5551 1437 5622 ejus.
1465 5555 1529 5609 P.
1547 5553 1804 5612 Alleluia.
1825 5559 1986 5614 Dicat
1994 5575 2145 5629 pres-

504 5649 694 5719 byter:
723 5646 1001 5718 Adiuvate
1028 5658 1143 5714 me,
1183 5642 1404 5717 fratres,
1427 5645 1489 5702 in
1526 5646 1879 5707 orationibus
1921 5653 2139 5711 vestris.

569 5837 645 5910 (a)
673 5822 1009 5893 Praecentor.

2239 1907 2357 1947 non
2378 1891 2630 1947 criminis
2646 1891 2845 1962 nostri,
2868 1908 3210 1963 permanens
3236 1893 3404 1962 Deus,
3433 1891 3492 1946 in
3518 1890 3688 1945 nobis
3714 1890 3885 1943 nasci-

2237 1989 2402 2041 turus
2428 1984 2687 2053 inseruit,
2714 1988 2771 2040 et
2798 2001 2904 2057 pro
2943 1984 3109 2040 nobis
3139 1985 3452 2040 moriturus
3490 1983 3780 2055 apparuit.
3823 1982 3881 2045 ηἲ.

2238 2080 2442 2135 Amen.
2480 2077 2836 2135 Concedente
2869 2077 3054 2150 gratia
3100 2077 3479 2134 miserationis
3516 2077 3693 2144 illius,
3726 2075 3884 2145 cujus
3963 2120 3968 2135 ,

2239 2188 2487 2244 regnum
2527 2176 2585 2228 et
2624 2170 2933 2244 imperium
2966 2172 3113 2244 juge
3145 2177 3203 2227 et
3241 2171 3552 2244 gloriosum
3590 2171 3653 2225 in
3683 2168 3885 2225 saecula

2241 2266 2598 2323 saeculorum.
2628 2268 2693 2334 ιι).
2723 2268 2925 2324 Chorus
2954 2280 2972 2314 :
2998 2268 3201 2322 Amen.

2902 2367 3018 2419 Alia
3048 2368 3234 2418 oratio.
3547 2411 3553 2416 .

2309 2455 2404 2525 Te,
2432 2453 2671 2510 Domine
2693 2454 2824 2509 Jesu
2848 2453 3086 2520 Christe,
3118 2458 3175 2508 te
3219 2455 3398 2508 Deum
3438 2453 3738 2524 pluraliter
3781 2453 3880 2506 ho-

2238 2547 2423 2604 mines
2448 2548 2779 2617 salvantem,
2811 2551 2869 2602 et
2910 2546 3202 2602 hominem
3243 2547 3317 2611 in,
3349 2548 3465 2602 Deo
3511 2545 3883 2617 singulariter

2239 2646 2533 2714 potentem
2556 2642 2904 2712 invocamus,
2942 2641 3261 2709 laudamus,
3304 2657 3575 2713 rogamus
3615 2643 3686 2695 ut
3718 2639 3878 2703 adsis,

2239 2751 2456 2807 parcas,
2483 2735 2822 2806 miserearis,
2846 2735 3121 2806 ignoscas,
3163 2736 3260 2790 des
3306 2735 3365 2789 in
3405 2736 3597 2806 corde,
3645 2738 3881 2805 votaque

2241 2829 2562 2901 compleas;
2610 2830 2707 2884 des
2730 2828 2791 2884 in
2841 2845 2959 2898 ore,
3003 2829 3290 2900 verbaque
3333 2829 3604 2884 exaudias
3627 2872 3642 2897 ,
3694 2828 3795 2883 des
3824 2827 3880 2880 in

2241 2940 2430 2995 opere,
2453 2923 2718 2995 factaque
2743 2922 3064 2979 benedicas.
3091 2923 3213 2977 Non
3236 2922 3487 2994 petimus
3505 2921 3767 2978 renovari
3790 2936 3882 2975 no-

2239 3017 2346 3087 bis,
2377 3016 2521 3073 sicut
2545 3017 2606 3072 in
2630 3017 2735 3072 hac
2763 3016 2855 3072 die
2883 3015 3022 3071 olim
3053 3021 3179 3072 acta
3201 3020 3307 3088 est,
3336 3016 3648 3089 corporalis
3672 3015 3878 3071 nativi-

2241 3114 2329 3166 tas
2356 3115 2487 3181 tua;
2516 3111 2613 3166 sed
2637 3110 2884 3182 petimus
2926 3110 3278 3182 incorporari
3330 3110 3492 3165 nobis
3541 3108 3880 3165 invisibilem

2241 3204 2592 3261 divinitatem
2614 3208 2793 3273 tuam,
2821 3208 2886 3260 ut
2910 3205 3063 3277 quod
3080 3204 3400 3276 praestitum
3434 3209 3520 3259 est
3560 3203 3878 3270 carnaliter,

2242 3297 2434 3371 455
2461 3298 2560 3354 sed
2574 3298 2942 3369 singulariter
2961 3303 3097 3353 tunc
3118 3298 3322 3366 Mariae,
3341 3314 3495 3354 nunc
3515 3296 3882 3369 spiritualiter
3984 3326 3985 3329 η

2239 3396 2542 3466 praestetur
2566 3391 2853 3461 Ecclesiae;
2895 3396 2961 3447 ut
2984 3395 3040 3448 te
3069 3392 3208 3448 ﬁdes
3231 3392 3549 3447 indubitata
3580 3390 3875 3463 concipiat,
3980 3418 3985 3425 -

2239 3492 2296 3543 te
2326 3502 2487 3542 mens
2502 3486 2571 3540 de
2601 3485 2962 3557 corruptione
2987 3485 3225 3541 liberata
3250 3486 3552 3559 parturiat,
3575 3492 3635 3543 te
3663 3498 3879 3556 semper
3982 3514 3985 3517 ›

2239 3580 2432 3636 anima
2452 3580 2660 3636 virtute
2678 3578 2953 3635 Altissimi
2981 3580 3317 3635 obumbrata
3341 3580 3653 3636 contineat.
3674 3580 3752 3635 Ne
3780 3578 3878 3634 dis-
3982 3606 3989 3613 -

2242 3675 2405 3732 cedas
2442 3691 2475 3729 a
2510 3673 2691 3743 nobis,
2737 3674 2835 3730 sed
2878 3674 3145 3746 procedas
3190 3690 3260 3729 ex
3299 3674 3481 3729 nobis.
3527 3674 3616 3731 Sis
3657 3690 3721 3729 re
3756 3690 3878 3729 vera
3980 3674 3989 3708 ’ί

2241 3769 2578 3825 Emmanuel
2610 3772 2804 3825 noster
2831 3768 3125 3823 nobiscum
3152 3768 3318 3823 Deus.
3350 3767 3615 3839 Digneris
3658 3783 3879 3825 manere
3978 3794 3991 3849 ς

2242 3864 2302 3919 in
2321 3863 2506 3933 nobis,
2526 3868 2581 3919 et
2594 3878 2853 3935 pugnare
2871 3879 2978 3934 pro
2990 3861 3182 3932 nobis;
3205 3861 3423 3917 teenim
3440 3868 3763 3934 pugnante,
3786 3878 3879 3917 nos
3982 3886 3993 3897 ε

2242 3964 2537 4020 vincimus.
2568 3963 2726 4019 Solve
2749 3980 2871 4033 nos,
2916 3977 3263 4035 quaesumus,
3314 3977 3349 4015 a
3374 3960 3579 4033 pannis
3622 3961 3878 4034 putribus
3982 3952 3989 3957 ’

2241 4064 2624 4129 peccatorum,
2652 4058 2753 4130 qui
2777 4063 2832 4113 te
2861 4073 2968 4128 pro
3003 4056 3247 4128 peccatis
3273 4056 3481 4110 nostris
3524 4056 3792 4129 dignatus
3827 4069 3880 4108 es
3990 4072 3995 4080 ·

2242 4150 2546 4221 putredine
2569 4151 2738 4221 ligari
2769 4166 3112 4221 pannorum.
3141 4151 3251 4205 Lac
3276 4154 3442 4205 tuum
3482 4150 3747 4229 Ecclesiae
3772 4153 3876 4203 tua:
3986 4168 3997 4177 ~

2242 4243 2505 4315 parvulos
2528 4242 2764 4312 nutriat,
2794 4242 2934 4297 adeo
2964 4241 3220 4297 inﬁrmos
3246 4242 3516 4299 delicatus
3553 4244 3775 4300 olerum
3799 4242 3875 4296 ci-
3972 4232 3989 4241 ”

2243 4337 2349 4393 bus
2373 4341 2584 4408 pascat,
2608 4340 2672 4391 ut
2694 4336 2766 4391 ad
2781 4334 3215 4407 percipiendum
3232 4336 3529 4393 fortiorem
3549 4355 3615 4393 ac
3641 4337 3876 4393 solidum

2242 4431 2433 4486 cibum
2456 4430 2752 4486 validiores
2770 4430 3023 4502 quotidie
3053 4431 3196 4487 vires
3218 4437 3491 4488 crescant.
3524 4434 3590 4488 Et
3612 4433 3693 4488 ita
3717 4445 3877 4487 nove-
3986 4430 4001 4465 4

2158 4532 2219 4606 D
2240 4525 2420 4581 rimus
2445 4524 2754 4581 defecatam
2784 4525 3138 4582 voluntatem
3166 4530 3224 4581 et
3256 4525 3431 4582 ﬁdem
3471 4526 3738 4584 exhibere
3780 4524 3869 4578 ﬁr-

2244 4619 2574 4690 missimam,
2603 4623 2668 4674 ut
2688 4620 2907 4693 jugiter
2933 4620 3219 4676 enitamur
3242 4620 3454 4676 auxilio
3480 4623 3579 4676 tuo
3608 4621 3681 4676 ad
3708 4619 3870 4675 vitam

2242 4714 2537 4787 pervenire
2561 4718 2918 4787 perpetuam.
2951 4713 3016 4779 B).
3047 4718 3249 4771 Amen.

2871 4819 2995 4867 Post
3011 4815 3244 4867 nomina.

2317 4902 2535 4961 Famuli
2558 4903 2644 4959 tui
2668 4901 2891 4975 indigni
2919 4906 2977 4958 et
3004 4902 3201 4975 exigui
3230 4902 3545 4959 sacerdotes
3570 4898 3871 4960 tremendae
3986 4914 4005 4942 πε

2242 4998 2653 5071 majestatituai
2682 4997 2960 5070 spiritales
2984 4997 3237 5053 victimas
3271 4996 3652 5069 immolantes,
3692 4994 3870 5053 oﬁ‘eri-

2243 5109 2371 5149 mus
2395 5093 2517 5164 tibi,
2550 5095 2712 5163 Deus,
2743 5091 2991 5148 hostiam
3013 5091 3460 5162 immaculatam,
3478 5107 3652 5164 quam
3680 5093 3875 5146 mater-

2242 5204 2351 5242 nus
2383 5192 2578 5243 uterus
2623 5186 2927 5259 impolluta
2973 5185 3302 5258 virginitate
3352 5186 3653 5258 produxit,
3697 5182 3873 5257 pudor

2243 5280 2437 5349 edidit,
2457 5280 2822 5337 sanctiﬁcatio
2849 5281 3067 5352 genuit,
3082 5280 3377 5353 integritas
3399 5280 3564 5351 fudit,
3580 5278 3871 5348 hostiaque

2243 5375 2534 5431 immolata
2556 5373 2713 5445 vivit,
2747 5381 2804 5431 et
2830 5375 3023 5431 vivens
3040 5374 3261 5447 jugiter
3298 5374 3664 5443 immolatur;
3692 5369 3871 5429 hostia

2242 5486 2372 5542 quae
2407 5470 2524 5525 sola
2559 5471 2673 5526 Deo
2724 5471 2943 5542 placere
2982 5469 3268 5541 praevalet,
3314 5467 3447 5539 quia
3470 5466 3740 5520 Dominus
3767 5466 3870 5518 est.

2242 5564 2392 5620 Hanc
2415 5564 2539 5635 tibi,
2572 5581 2793 5620 summe
2816 5566 2999 5634 Pater,
3029 5562 3320 5619 offerimus
3345 5575 3449 5631 pro
3470 5562 3661 5615 sancta
3686 5557 3869 5614 Eccle-

2240 5657 2325 5714 sia
2356 5663 2484 5727 tua,
2517 5675 2622 5731 pro
2665 5658 3040 5715 satisfactione
3080 5655 3272 5713 saeculi
3318 5653 3700 5726 delinquentis
3718 5695 3732 5724 ,
3772 5666 3871 5724 pro

2241 5754 2649 5810 emundatione
2665 5754 2987 5809 animarum
3002 5755 3347 5822 nostrarum,
3373 5764 3478 5821 pm
3493 5748 3731 5805 sanitate
3748 5761 3866 5803 om-

2240 5847 2404 5905 nium
2427 5848 2809 5919 inﬁrmorum,
2827 5865 2893 5905 ac
2907 5846 3105 5921 requie
3128 5845 3219 5903 vel
3246 5843 3601 5918 indulgentia
3625 5841 3870 5900 ﬁdelium
