4014 6230
46 368 138 421 429

47 568 183 623 felici
234 567 613 639 perfruantur
661 567 924 623 societate
970 568 1278 639 justorum.
1324 569 1388 633 ηιξ.
1429 569 1630 624 Chorus
1659 587 1677 623 :

49 666 231 719 Amen.

626 732 705 784 Ad
730 745 917 797 pacem
942 732 1124 782 oratio.

110 825 407 882 Excelsum
434 830 490 882 te
516 826 696 882 Deum
722 826 935 898 pariter
972 830 1142 898 atque
1184 826 1465 882 humilem
1494 826 1681 882 homi-

52 937 173 976 nem
197 920 489 975 Christum
526 922 718 976 Jesum
743 919 991 991 :acclives
1029 920 1235 975 servuli
1272 921 1557 993 supplices
1582 920 1682 976 de-

51 1030 356 1087 precamur,
386 1018 457 1069 ut
492 1031 693 1086 pacem
722 1030 895 1086 quam
922 1030 1261 1069 ascensurus
1287 1015 1360 1069 ad
1385 1015 1551 1070 calos
1573 1013 1687 1069 tuis

55 1109 181 1163 caris
201 1106 415 1163 noticia
440 1108 875 1175 commendasti,
907 1108 1101 1175 dones,
1130 1110 1485 1180 augmentes,
1512 1107 1685 1180 perﬁ-

54 1204 152 1256 cias
173 1206 342 1273 atque
374 1201 679 1257 custodias.
710 1206 893 1274 Atque
911 1202 987 1257 ita
1007 1202 1106 1256 ﬂat
1124 1218 1233 1274 pax
1258 1207 1357 1257 tua
1378 1202 1438 1257 in
1456 1201 1685 1272 virtute,

55 1302 104 1351 et
123 1296 471 1351 abundantia
496 1296 558 1351 in
590 1295 846 1351 turribus
878 1295 1014 1365 tuis,
1058 1311 1130 1351 ne
1158 1296 1327 1351 officii
1366 1298 1553 1352 oscula
1578 1296 1691 1351 sint

55 1389 290 1461 tegmina
307 1389 468 1445 virus
496 1389 738 1459 occulti;
763 1390 862 1445 sed
891 1389 990 1461 qui
1016 1389 1447 1446 decantantibus
1471 1390 1691 1462 angelis

54 1499 235 1556 pacem
272 1483 530 1539 tribuisti
562 1483 893 1539 hominibus
931 1483 1095 1538 bona
1133 1484 1459 1551 voluntatis,
1487 1484 1549 1539 in
1585 1483 1692 1539 hoc

56 1579 134 1633 die
179 1577 393 1633 Natalis
450 1578 658 1634 efficias
712 1594 815 1634 nos
864 1577 1098 1633 nuntios
1142 1594 1207 1632 ac
1236 1578 1380 1632 ﬁlios
1425 1579 1597 1649 pacis.
1626 1574 1690 1639 Β).

54 1676 239 1729 Amen.

781 1742 965 1792 Inlatio

116 1836 360 1907 Dignum
386 1842 447 1892 et
465 1837 688 1907 justum
717 1839 801 1891 est
826 1852 927 1890 nos
952 1835 1378 1908 omnipotentiae
1414 1839 1470 1889 et
1498 1834 1695 1906 pietati

62 1936 157 1985 tua
177 1930 391 1985 referre
422 1947 566 2003 quas
594 1946 755 2002 posse
782 1929 1080 1985 donaveris
1131 1929 1325 1984 laudes
1342 1971 1356 1999 ,
1383 1929 1697 1984 clementis-

64 2025 185 2079 sime
208 2025 409 2093 Pater;
437 2024 572 2097 quia
593 2029 723 2096 post
746 2024 928 2079 multa
951 2028 1209 2095 tempora
1237 2022 1297 2077 in
1322 2023 1426 2077 hac
1447 2023 1536 2078 die
1566 2027 1697 2078 ante

66 2136 162 2173 non
198 2118 383 2172 multa
428 2122 711 2190 tempora,
738 2117 836 2190 qui
884 2116 989 2172 tibi
1024 2116 1110 2171 vel
1152 2116 1257 2171 sibi
1295 2132 1521 2188 semper
1553 2121 1695 2187 erat,

67 2212 205 2267 nobis
229 2216 402 2267 natus
424 2216 511 2267 est
524 2210 780 2266 Christus
797 2212 823 2266 J
828 2227 957 2267 esus
976 2210 1308 2283 unigenitus
1327 2214 1459 2265 tuus
1482 2229 1496 2267 :
1520 2210 1699 2265 factus

72 2304 240 2379 456
272 2310 361 2362 est
399 2305 623 2361 ancilla
666 2322 783 2361 sua
814 2304 985 2375 ﬁlius,
1012 2304 1285 2359 Dominus
1321 2304 1521 2360 matris
1547 2321 1695 2375 sua;

71 2405 241 2472 partus
265 2400 481 2471 Maria,
506 2400 726 2455 fructus
748 2399 1029 2470 Ecclesia,
1049 2398 1149 2471 qui
1180 2398 1251 2453 ab
1275 2398 1371 2453 illa
1389 2399 1598 2470 editur,
1629 2399 1699 2454 ab

74 2497 155 2549 ista
182 2494 526 2566 suscipitur;
559 2494 658 2567 qui
682 2510 786 2566 per
809 2493 970 2547 illam
994 2493 1230 2565 pusillus
1255 2492 1566 2565 egreditur,
1598 2509 1702 2565 per

76 2588 212 2642 istam
233 2588 522 2644 mirificus
548 2588 839 2643 dilatatur.
860 2587 954 2642 Ille
970 2588 1211 2643 salutem
1226 2586 1454 2659 populis
1468 2587 1697 2656 creavit,

77 2683 174 2737 haec
208 2682 494 2755 populos;
516 2681 613 2736 illa
640 2698 773 2737 vero
800 2682 978 2736 vitam
1005 2681 1271 2753 portavit,
1296 2682 1418 2735 hac
1444 2680 1697 2752 lavacro;

78 2776 123 2830 in
138 2776 281 2831 illius
304 2777 587 2832 membris
612 2776 869 2833 Christus
890 2774 1111 2832 infusus
1136 2780 1239 2847 est,
1268 2776 1330 2831 in
1358 2775 1519 2831 istius
1541 2776 1702 2848 aquis

81 2870 302 2926 Christus
336 2870 577 2926 indutus
617 2874 722 2927 est.
759 2872 866 2925 Per
902 2870 1079 2942 illam,
1122 2870 1222 2943 qui
1252 2875 1392 2940 erat,
1421 2869 1698 2940 nascitur;

81 2980 160 3036 per
185 2965 347 3020 istam
383 2965 490 3037 qui
522 2964 770 3037 perierat
795 2964 1103 3020 invenitur.
1139 2965 1200 3019 In
1233 2965 1329 3019 illa
1358 2964 1702 3037 Redemptor

85 3059 309 3130 gentium
341 3058 699 3129 vivificatur;
738 3059 798 3114 in
824 3058 931 3114 ista
969 3062 1166 3131 gentes
1198 3058 1571 3114 vivificantur.
1599 3059 1707 3113 Per

83 3153 207 3208 illam
232 3153 391 3210 venit
427 3158 494 3209 ut
525 3158 755 3225 peccata
793 3154 1041 3224 tolleret;
1071 3170 1175 3226 per
1206 3152 1375 3209 istam
1412 3152 1547 3208 tulit
1569 3168 1702 3225 pec-

85 3252 177 3302 cata
202 3252 441 3321 propter
465 3264 595 3321 qua
630 3247 803 3303 venit.
833 3248 941 3303 Per
974 3246 1136 3302 illam
1162 3264 1266 3302 nos
1303 3247 1571 3319 ploravit;

84 3341 219 3397 istam
253 3359 356 3397 nos
393 3342 633 3397 curavit.
668 3343 732 3397 In
765 3341 863 3396 illa
900 3340 1111 3411 infans,
1143 3341 1201 3396 in
1237 3341 1345 3396 ista
1370 3341 1591 3413 gigans.
1623 3341 1705 3395 lbi

86 3436 265 3507 exulat,
295 3437 390 3509 hic
421 3436 761 3508 triumphat.
795 3434 903 3491 Per
926 3435 1084 3490 illam
1110 3435 1421 3508 crepundia
1442 3434 1699 3508 gestavit,

84 3545 166 3599 per
192 3530 355 3586 istam
392 3548 577 3602 regna
610 3530 868 3602 subjecit.
906 3530 1062 3585 Illam
1098 3530 1322 3602 parvuli
1350 3530 1703 3601 jocunditate

87 3622 341 3693 demulsit,
369 3625 557 3696 ipsam
582 3624 778 3697 sponsi
797 3624 1126 3681 credulitate
1152 3623 1471 3697 despondit.
1498 3625 1705 3679 Extant

87 3715 300 3790 denique
315 3718 549 3791 pretiosi
569 3718 780 3774 amoris
804 3719 1136 3791 incorrupta
1162 3718 1521 3775 commercia.
1543 3717 1705 3773 Dedit

89 3827 300 3882 sponsus
344 3830 570 3885 sponsa
618 3829 735 3868 sua
785 3830 1047 3881 munera,
1098 3829 1273 3886 aquas
1318 3812 1488 3883 vivas,
1526 3810 1586 3867 id
1620 3815 1703 3866 est

87 3904 311 3962 Christus
345 3907 632 3977 Ecclesia,
662 3912 718 3963 et
745 3908 953 3980 quibus
989 3904 1164 3964 semel
1190 3906 1264 3962 ad
1288 3906 1551 3979 placendi
1577 3921 1701 3961 me-

92 3997 243 4055 ritum
264 4001 569 4057 lavaretur.
607 4002 771 4058 Dedit
794 4003 986 4058 oleum
1012 4002 1246 4071 latitia,
1277 4018 1391 4075 quo
1423 4000 1703 4056 odorifero

99 4100 354 4164 unguento
368 4095 692 4151 chrismatis
708 4112 789 4151 un
795 4102 1045 4169 geretur.
1065 4096 1291 4152 Vocavit
1306 4112 1432 4152 eam
1447 4095 1517 4150 ad
1538 4110 1700 4150 men-

99 4201 197 4241 sam
220 4205 389 4261 suam,
419 4190 585 4263 adipe
604 4190 881 4247 frumenti
910 4191 1137 4247 satiavit
1161 4191 1340 4261 illam,
1368 4189 1499 4245 vino
1525 4189 1703 4244 suavi-

95 4280 204 4335 tatis
224 4282 490 4355 implevit,
508 4284 744 4356 justitia
767 4285 1043 4358 imposuit
1061 4287 1495 4354 ornamentum;
1526 4284 1702 4339 dona-

95 4373 164 4428 vit
188 4375 507 4435 deauratum
531 4368 809 4435 virtutum
834 4379 1105 4435 varietate
1128 4380 1428 4449 vestitum;
1454 4378 1705 4433 animam

99 4483 235 4524 suam
249 4489 347 4544 pro
373 4473 470 4528 illa
490 4472 710 4546 posuit;
736 4479 1011 4546 suscepta
1035 4478 1092 4530 et
1115 4475 1338 4530 calcata
1358 4472 1556 4529 mortis
1571 4488 1702 4545 spo-

101 4559 160 4616 lia
172 4564 223 4619 in
237 4565 419 4623 dotem
437 4567 531 4624 ille
551 4572 898 4641 regnaturus
916 4568 1096 4624 victor
1122 4567 1409 4639 exhibuit;
1429 4583 1489 4623 se
1514 4568 1705 4640 ipsum

686 368 774 421 AD
812 363 1306 421 PRZECEDENTIA
1343 365 1677 422 LI'I'URGMZ

1812 366 2133 423 NUMENTA
2171 367 2503 423 APPENDIX
2543 367 2769 424 PRIMA.

46 474 463 543 defunetorum,
499 478 566 529 ut
591 477 809 529 mutata
838 478 987 529 sorte
1016 472 1266 529 tristium
1294 474 1680 544 mansionum,
1705 487 1765 559 Α
1786 475 1950 530 Dedit
1974 476 2057 529 illi
2083 480 2373 547 tamquam
2401 492 2556 530 rosas
2581 481 2880 548 martyres,
2927 476 3080 531 velut
3101 475 3217 531 lilia
3244 475 3419 547 virgi-

3314 372 3418 425 430

1781 585 1903 636 nes,
1926 568 2087 640 quasi
2112 569 2286 624 violas
2315 569 2694 625 continentes.
2727 570 2851 624 Hac
2878 570 2951 625 ad
2975 569 3129 624 illam
3165 585 3269 642 per
3306 570 3419 624 mi-

1780 664 1989 720 nistros
2016 662 2317 719 voluntatis
2345 664 2468 735 ejus
2511 664 2793 735 apostolos
2828 664 3082 719 conferta
3114 664 3299 736 operis
3337 664 3425 719 sui

1782 758 2041 828 impensa
2065 756 2397 813 transmisit.
2421 757 2578 813 Unde
2609 773 2763 813 nunc
2796 775 2831 812 a
2858 758 3073 813 dextris
3115 758 3238 829 ejus
3277 757 3425 813 felici

1784 855 1841 907 et
1870 850 2113 922 gloriosa
2132 850 2487 922 perennitate
2514 852 2844 921 consistens,
2874 861 3010 907 eum
3044 857 3256 920 tecum,
3297 867 3422 905 om-

1783 945 2046 1016 nipotens
2066 946 2252 1015 Pater,
2271 948 2329 1000 et
2353 961 2483 1000 cum
2498 950 2689 1001 sancto
2718 946 2929 1017 Spiritu
2948 951 3284 1018 regnantem
3296 962 3425 999 cum

1785 1038 2050 1094 omnibus
2090 1038 2307 1109 angelis
2349 1038 2669 1094 conﬁtendo
2717 1040 3017 1096 conlaudat
3054 1045 3111 1096 et
3151 1039 3307 1095 dicit.
3357 1036 3422 1101 κ).

1787 1133 1991 1189 Chorus
2021 1151 2038 1187 :
2063 1133 2320 1202 Sanctus,
2353 1132 2608 1201 Sanctus,
2637 1133 2889 1189 Sanctus.

1860 1229 2018 1282 Dicat
2032 1227 2321 1297 presbyter
2343 1231 2469 1297 post
2497 1227 2735 1282 Sanctus
2764 1245 2779 1283 :

1861 1322 2001 1375 Vere
2061 1325 2314 1389 sanctus,
2377 1335 2507 1376 vere
2553 1320 2885 1376 benedictus
2917 1322 3190 1377 Dominus
3238 1325 3429 1378 noster

1789 1415 1946 1469 Jesus
1970 1414 2222 1470 Christus
2248 1413 2438 1487 457
2471 1413 2623 1470 filius
2650 1418 2804 1485 tuus,
2831 1414 2932 1486 qui
2956 1416 3164 1471 venite
3189 1416 3340 1471 calis
3364 1420 3430 1471 ut

1793 1512 2220 1564 conversaretur
2247 1508 2306 1563 in
2334 1508 2531 1564 terris:
2566 1524 2697 1563 caro
2721 1508 2901 1563 factus
2930 1513 3033 1579 est,
3058 1513 3125 1563 ut
3149 1509 3430 1568 habitaret

1795 1602 1855 1657 in
1882 1602 2045 1657 nobis
2067 1601 2323 1658 Christus
2348 1602 2620 1657 Dominus
2645 1617 2710 1657 ac
2735 1602 3022 1659 redemtor
3047 1607 3312 1659 atemus.

1868 1699 2028 1751 Dicat
2037 1697 2326 1767 presbyter
2344 1701 2470 1767 post
2498 1696 2683 1751 Pridie
2708 1712 2722 1751 :

1871 1791 1998 1845 Haec
2046 1789 2282 1845 Domine
2326 1790 2472 1845 dona
2505 1793 2604 1845 tua
2647 1794 2705 1845 et
2730 1794 3012 1862 pracepta
3038 1794 3343 1859 servantes,
3374 1791 3434 1845 in

1630 1882 1695 1957 ξ’
1713 1882 1771 1954 Β
1793 1884 1969 1940 altare
1989 1889 2155 1940 tuum
2181 1883 2343 1956 panis
2365 1900 2429 1939 ac
2457 1883 2572 1938 vini
2596 1883 2921 1940 holocausta
2942 1884 3436 1957 prOponimus,ro-

1800 1984 1997 2051 gantes
2023 1978 2469 2050 profusissimam
2500 1980 2612 2034 tua
2636 1978 3038 2034 misericordia
3054 1978 3345 2050 pietatem,
3373 1984 3438 2034 ut

1796 2073 1857 2128 in
1887 2073 2085 2129 eodem
2113 2072 2335 2144 spiritu,
2364 2088 2478 2144 quo
2519 2076 2577 2127 te
2617 2072 2676 2127 in
2708 2088 2877 2128 carne
2911 2072 3206 2145 virginitas
3242 2073 3433 2128 incor-

1798 2171 1968 2239 rupta
1991 2166 2266 2237 concepit,
2298 2166 2400 2220 has
2425 2166 2636 2221 hostias
2672 2166 2912 2221 Trinitas
2948 2165 3189 2222 indivisa
3225 2167 3432 2222 sancti-

1798 2260 1965 2330 ﬁcet;
1994 2264 2058 2315 ut
2080 2275 2212 2314 cum
2237 2275 2273 2313 a
2295 2259 2461 2314 nobis
2486 2259 2663 2315 fuerit
2685 2276 2804 2314 non
2828 2258 3038 2314 minori
3060 2258 3434 2331 trepidatione

1799 2370 1975 2426 quam
1997 2352 2360 2409 veneratione
2376 2357 2663 2426 percepta,
2685 2352 2958 2425 quicquid
2973 2358 3168 2409 contra
3184 2354 3434 2409 animam

1800 2448 1947 2503 male
1993 2448 2131 2503 vivit
2168 2447 2440 2517 intereat;
2477 2447 2749 2521 quicquid
2783 2447 3077 2504 interierat
3118 2448 3439 2506 nullatenus

1800 2541 2111 2598 reviviscat.
2141 2542 2206 2608 κ).
2234 2543 2435 2598 Amen.

1872 2638 2030 2693 Dicat
2051 2636 2337 2707 presbyter
2361 2636 2437 2691 ad
2458 2638 2757 2692 orationem
2784 2639 3150 2693 Dominicam:

1872 2731 2032 2796 Quod
2064 2730 2164 2785 Via
2198 2733 2261 2784 ut
2298 2746 2671 2803 sequeremur
2705 2731 2966 2802 ostendit,
3018 2731 3171 2803 quod
3220 2732 3342 2789 Vita
3374 2736 3441 2788 ut

1801 2826 2169 2897 loqueremur
2192 2824 2435 2894 edocuit,
2464 2825 2620 2896 quod
2645 2824 2858 2881 Veritas
2881 2829 2947 2880 ut
2983 2830 3310 2882 teneremus
3335 2827 3437 2883 cin-

1803 2918 2005 2986 stituit,
2030 2917 2155 2986 tibi,
2185 2933 2408 2973 summe
2434 2920 2620 2986 Pater,
2652 2935 2784 2975 cum
2809 2924 3054 2975 tremore
3088 2915 3271 2976 cordis
3305 2937 3439 2992 pro-

1804 3013 2111 3068 clamemus
2136 3028 2167 3066 e
2192 3010 2378 3067 terris.
2406 3013 2573 3069 Pater
2599 3016 2812 3070 noster.

1875 3109 2033 3164 Dicat
2049 3106 2338 3175 presbyter
2366 3106 2786 3163 benedictionem
2818 3130 2835 3164 :

1876 3200 2152 3255 Dominus
2180 3201 2338 3256 Jesus
2360 3199 2617 3255 Christus
2642 3200 2742 3273 qui
2768 3201 2906 3256 olim
2946 3218 3051 3274 pro
3079 3202 3242 3258 nobis
3274 3203 3442 3260 hodie

1722 3264 1778 3339 C
1803 3294 2068 3366 dignatus
2092 3298 2177 3350 est
2200 3294 2373 3365 nasci,
2400 3294 2521 3366 ipse
2544 3311 2642 3350 vos
2657 3263 2758 3350 sua
2772 3263 3064 3352 nativitate
3091 3296 3355 3353 viviﬁcet.
3376 3303 3440 3369 Β).

1803 3391 2004 3445 Amen.
2037 3390 2105 3442 Et
2128 3388 2226 3461 qui
2249 3388 2547 3444 infantiam
2576 3405 2808 3445 sumens
2824 3390 3213 3463 humanitatis,
3243 3391 3445 3447 vilibus

1804 3483 2037 3539 indutus
2063 3486 2147 3539 est
2170 3482 2394 3554 pannis,
2441 3482 2749 3539 calestium
2788 3483 3068 3541 virtutum
3104 3502 3203 3540 vos
3244 3484 3447 3542 vestiat

1802 3576 2170 3633 indumentis.
2207 3582 2271 3649 ιι).
2306 3577 2461 3632 Chor.
2494 3580 2696 3633 Amen.
2728 3577 2920 3649 Sitque
2967 3584 3285 3634 vestrorum
3329 3596 3448 3635 cor-

1803 3672 1963 3728 dium
1990 3672 2229 3728 interior
2252 3676 2464 3744 pastus,
2491 3671 2591 3744 qui
2609 3671 2668 3726 in
2689 3672 2964 3743 prasepio
2981 3673 3197 3745 positus
3216 3674 3446 3729 creden—

1803 3767 1953 3822 tibus
2000 3783 2059 3822 se
2102 3767 2280 3822 voluit
2332 3765 2633 3822 monstrari
2684 3766 3011 3821 vescendus.
3070 3764 3134 3830 ﬂ}.
3196 3767 3401 3822 Chorus
3429 3789 3445 3824 :

1804 3863 2001 3917 Amen.
2033 3863 2140 3917 Per
2164 3860 2611 3917 misericordiam
2648 3858 2822 3932 ipsius
2864 3860 2964 3915 Dei
3006 3860 3187 3916 nostri
3227 3860 3326 3933 qui
3362 3866 3446 3917 est

1803 3955 2152 4025 benedictus,
2184 3957 2242 4011 et
2264 3954 2420 4026 vivit,
2448 3958 2505 4010 et
2522 3955 2714 4009 omnia
2734 3953 2883 4026 regit
2906 3954 2967 4010 in
2988 3954 3195 4010 sacula
3220 3956 3445 4011 saculo-

1802 4065 1954 4105 rum.
1983 4047 2049 4114 ιν.
2074 4052 2274 4105 Amen.

1876 4147 2033 4199 Dicat
2067 4145 2384 4214 presbyter:
2433 4143 2709 4199 Dominus
2752 4142 2824 4198 sit
2851 4159 3077 4215 semper
3129 4143 3441 4203 vobiscum.

1803 4240 1907 4293 Hic
1931 4238 2080 4293 dicat
2106 4238 2298 4293 chorus
2325 4252 2343 4286 :
2366 4238 2593 4293 Gustate
2623 4241 2679 4292 et
2706 4236 2907 4293 videte.

2227 4349 2349 4398 Post
2376 4348 2799 4399 communionem
2833 4345 3016 4397 oratio.

1806 4446 1811 4453 '
1878 4439 2092 4495 Gratias
2118 4438 2221 4493 tibi
2244 4438 2487 4511 agimus,
2516 4439 2752 4495 Domine
2779 4439 2943 4509 Deus,
2974 4442 3031 4493 et
3058 4441 3112 4494 te
3137 4439 3315 4496 Deum
3343 4438 3441 4493 beo

1805 4534 2121 4591 nedicimus
2146 4533 2216 4589 de
2245 4533 2334 4589 die
2358 4533 2420 4587 in
2441 4532 2615 4603 diem,
2645 4532 2745 4605 qui
2770 4549 2873 4588 nos
2897 4532 2960 4588 in
2984 4532 3089 4588 hac
3117 4532 3206 4589 die
3234 4536 3440 4588 sancta

106 4653 175 4712 ille
203 4659 257 4714 in
283 4661 405 4717 cibo
433 4679 495 4717 ac
517 4626 657 4735 potu
686 4663 1135 4736 indumentoque
1167 4626 1458 4719 concessit.
1487 4626 1701 4717 Pi‘omi-
1723 4646 1784 4719 Β
1806 4627 2178 4736 €919mf‘ita‘is
2235 4630 2370 4736 ιῗαῗ,
2395 4626 2705 4736 pfrflucere
2752 4627 3018 4736 ‘1‘???“
3065 4644 3145 4733 ei"
3190 4628 3294 4736 Fac
3337 4643 3443 4682 nos

109 4749 161 4805 sit
178 4753 222 4807 ei
244 4771 300 4811 se
318 4756 403 4810 illi
424 4757 691 4813 daturum
718 4774 966 4831 regnum
988 4762 1302 4828 aeternum;
1324 4756 1507 4829 ipsam
1536 4755 1703 4828 polli-

109 4844 220 4901 citus
240 4853 322 4905 est
342 4851 700 4907 statuendam
721 4851 782 4907 in
802 4852 1049 4908 dextera
1075 4868 1192 4907 sua
1210 4855 1369 4924 parte
1386 4849 1701 4923 Reginam;

108 4943 339 4998 concessit
375 4949 432 5000 et
466 4945 574 5017 ipsi
607 4946 759 5018 quod
790 4962 1119 5002 concessum
1160 4951 1246 5001 est
1270 4944 1554 5013 Genitrici,
1595 4943 1707 4998 im-

110 5034 241 5105 pleri,
260 5054 371 5094 non
404 5040 636 5111 violari;
665 5058 884 5113 parere,
913 5058 1032 5097 non
1055 5041 1373 5113 corrumpi;
1401 5040 1487 5096 illi
1511 5039 1706 5107 semel,

115 5125 178 5182 isti
209 5147 440 5204 semper,
490 5134 685 5191 sedere
726 5139 1017 5208 tamquam
1057 5152 1322 5209 sponsam
1364 5135 1426 5190 in
1459 5134 1709 5190 thalamo

118 5222 526 5297 pulchritudinis,
557 5233 615 5284 et
638 5230 1015 5303 multiplicare
1039 5230 1183 5285 ﬁlios
1214 5229 1432 5302 gremio
1459 5227 1707 5302 pietatis,

81 5314 87 5353 ι
120 5312 329 5375 Fctosam
362 5338 482 5377 esse
515 5323 759 5395 prolem,
791 5341 909 5379 non
943 5325 1177 5380 fetidam
1213 5324 1591 5380 voluntatum.
1623 5321 1710 5378 Sic

123 5412 161 5460 et
189 5411 293 5482 ipsa
320 5414 377 5470 in
418 5416 537 5489 ipso
575 5433 683 5490 per
720 5417 910 5491 ipsum
951 5418 1105 5474 dives
1146 5418 1362 5487 eﬂ'ecta,
1408 5434 1613 5491 sponso
1647 5432 1710 5471 ac

88 5560 89 5573 ξ
126 5498 313 5563 Domino
355 5526 456 5566 suo
488 5511 733 5567 humilia
773 5512 949 5569 refert
994 5530 1261 5584 munera;
1291 5513 1399 5568 hoc
1440 5512 1595 5568 enim
1642 5510 1712 5566 de

90 5608 91 5613 “
126 5603 305 5671 Pmpﬁo
332 5622 434 5661 suo
458 5606 746 5663 offerendo
770 5608 923 5681 quod
942 5607 1200 5679 credidit,
1221 5608 1329 5663 hoc
1354 5608 1423 5663 de
1452 5605 1713 5677 exemplo

90 5692 91 5697 “
128 5694 239 5759 quod
259 5714 384 5755 eum
409 5701 737 5774 redamavit,
768 5703 874 5759 hoc
905 5704 975 5760 de
1002 5702 1150 5759 dono
1173 5701 1351 5776 ipsius
1375 5701 1434 5757 id
1459 5701 1639 5774 ipsam
1660 5702 1717 5754 et

130 5789 327 5853 Poluisse
347 5796 499 5869 quod
528 5796 727 5867 voluit,
755 5797 814 5853 id
844 5797 1024 5871 ipsam
1055 5798 1300 5874 voluisse
1327 5797 1480 5872 quod
1510 5794 1713 5870 potuit,

186 5927 242 6003 la)
263 5933 387 5993 Vide
413 5954 544 6012 pag.
576 5941 643 5995 99
669 5943 726 5997 et
754 5955 911 6015 seqq.

1806 4724 1960 4781 diem
1984 4723 2157 4779 istum
2180 4719 2485 4777 nativitatis
2503 4724 2618 4776 tua
2644 4735 2747 4791 per
2765 4721 2943 4777 multa
2972 4721 3252 4777 curricula
3274 4738 3446 4777 anno-

1807 4836 1937 4874 rum
1957 4818 2017 4873 in
2040 4833 2177 4890 pace
2202 4819 2259 4872 et
2277 4814 2686 4887 tranquillitate
2712 4815 2994 4886 suscipere
3012 4831 3143 4871 cum
3160 4815 3315 4871 fideli
3342 4833 3444 4889 po-

1806 4913 1942 4985 pulo
1967 4917 2084 4968 tuo.
2116 4909 2180 4975 Isi.
2212 4911 2457 4969 Chorus:
2500 4911 2702 4965 Amen.
2743 4911 2802 4973 ψ.
2858 4894 2965 4964 Per
2999 4908 3445 4966 misericordiam

1806 5011 1990 5077 tuam,
2045 5007 2192 5062 Deus
2237 5010 2446 5075 noster,
2500 5004 2600 5076 qui
2644 5020 2703 5059 es
2744 5003 3075 5059 benedictus
3120 5008 3176 5059 et
3203 5004 3341 5060 vivis
3393 5011 3449 5061 et

1809 5101 2000 5156 omnia
2018 5100 2169 5172 regis
2193 5099 2254 5154 in
2282 5099 2488 5155 saecula
2502 5097 2859 5153 saeculorum.
2882 5102 2947 5168 ιι).
2970 5101 3170 5153 Amen.
3186 5097 3247 5159 γ.
3265 5099 3448 5154 Domi-

1808 5211 1918 5250 nus
1952 5194 2023 5249 sit
2060 5209 2285 5265 semper
2316 5192 2628 5248 vobiscum.
2670 5196 2735 5260 at.
2764 5192 2835 5247 Et
2873 5207 3022 5247 cum.
3067 5188 3129 5252 Ῠ.
3164 5191 3446 5247 Solemnia

1811 5288 2091 5361 completa
2118 5292 2250 5343 sunt
2272 5287 2332 5342 in
2350 5287 2582 5342 nomine
2600 5284 2822 5341 Domini
2843 5284 3024 5342 nostri
3041 5286 3170 5340 Jesu
3194 5284 3399 5339 Christi
3427 5300 3439 5337 :

1810 5388 2006 5440 votum
2021 5386 2283 5439 nostrum
2296 5381 2368 5437 sit
2376 5386 2672 5454 acceptum
2685 5397 2815 5438 cum
2827 5396 2987 5453 pace.
3002 5376 3047 5443 Β)
3055 5420 3068 5435 .
3084 5379 3197 5433 Deo
3214 5377 3441 5449 gratias.

1814 5517 1903 5572 lll.
1954 5530 2152 5571 INCIPIT
2210 5526 2465 5568 EPISTULA
2515 5524 2703 5565 ssnon
2750 5524 3001 5565 sorsum
3062 5522 3132 5561 AD
3199 5519 3443 5562 summa

1926 5604 2013 5643 DEI
2050 5599 2308 5642 BIBIANL’M
2348 5596 2662 5639 8ΛΝΤΟΝΙΟᾹΞ
2701 5594 2962 5637 CIVITATIS
2998 5591 3345 5633 ANTESTITEM.

1985 5701 2073 5755 Ea:
2095 5713 2195 5754 ms.
2225 5696 2415 5752 Codice
2442 5695 2624 5749 sancti
2637 5694 2788 5748 Petri
2812 5690 3162 5748 Carnutensis
3193 5688 3289 5760 (a).

1887 5791 2081 5869 458
2101 5790 2341 5848 Domino
2364 5804 2496 5845 vere
2519 5789 2735 5857 sancto,
2762 5784 2974 5857 palma
3000 5779 3446 5853 triumphatione
