4014 6230
551 312 645 366 431

1338 307 1672 365 APPENDIX
1711 306 1798 362 AD
1837 306 2060 362 orem
2098 290 2333 363 SANCTl
2368 305 2668 363 canum
2705 303 3135 363 PARISIENSIS.

3833 302 3929 356 «i3?

550 421 832 490 decorato,
863 420 920 474 et
942 417 1251 491 pontiﬁcali
1285 416 1469 471 ofﬁcio
1498 421 1783 487 coronato,
1822 416 2054 472 Bibiano
2090 433 2183 471 or-
2205 428 2265 501 Α
2284 417 2540 488 pleverit.
2572 418 2732 489 Apud
2759 434 2862 473 nos
2889 417 3080 489 itaque
3106 432 3175 471 ex
3203 413 3325 486 ejus
3349 411 3734 470 sollemnitate
3756 412 3929 467 absti-

548 515 780 585 todoxo,
809 514 1123 586 Agustinus
1144 512 1245 567 Dei
1284 526 1575 566 servorum
1621 527 1834 581 servus,
1856 510 1917 565 in
1947 510 2185 568 Domino

548 609 809 664 salutem.
852 608 1085 663 Litteras
1126 605 1470 677 apostolatus
1504 605 1692 674 vestri,
1730 604 2018 659 carissimo
2067 605 2186 660 ﬁlio

545 706 741 758 nostro
764 701 1002 771 Trojano
1030 703 1216 754 vestro
1242 698 1478 753 diacono
1507 698 1812 766 deferente,
1842 699 1913 753 ad
1924 715 2025 753 nos
2052 714 2184 769 per-

543 796 762 853 venisse
808 793 1144 865 comperite;
1199 795 1257 847 et
1308 793 1446 847 dum
1495 792 1730 863 sospitas
1783 796 1970 847 vestra
2021 792 2186 847 nobis

544 888 743 943 fuisset
766 886 1065 943 certiﬁcata
1093 901 1199 958 per
1215 886 1509 957 paginam,
1537 885 1816 942 immensa
1836 886 2185 942 reddidimus

545 983 661 1037 Deo
706 979 885 1035 laudis
928 979 1231 1051 praeconia.
1277 981 1343 1034 Et
1386 980 1641 1052 quamvis
1694 980 1870 1034 simus
1926 980 2185 1036 absentes

546 1090 799 1147 corpore,
830 1078 1138 1145 praesentes
1167 1077 1359 1129 tamen
1386 1073 1655 1145 ﬂorigera
1683 1074 1932 1144 caritate,
1963 1076 2180 1131 exhila-

542 1169 653 1224 rati
680 1184 877 1223 sumus
911 1168 1070 1223 valde
1109 1185 1215 1240 pro
1256 1168 1563 1223 sanctitatis
1602 1184 1857 1238 rumore,
1900 1173 1957 1223 et
1996 1170 2181 1225 excel-

540 1263 692 1319 lente
735 1261 983 1316 culmine
1013 1261 1313 1316 sacerdotii
1341 1262 1530 1331 vestri,
1573 1261 1674 1333 qui
1708 1262 1876 1333 longe
1913 1263 2093 1318 radiat
2120 1263 2183 1317 in

541 1356 698 1426 orbe,
727 1373 842 1411 non
867 1356 1053 1410 solum
1079 1354 1397 1410 Occidentis
1423 1359 1479 1411 et
1516 1355 1728 1422 Galliae,
1770 1372 1969 1410 verum
2008 1356 2181 1411 etiam

541 1449 786 1505 Orientis
815 1453 872 1504 et
896 1448 1133 1520 Ati‘ricae,
1166 1449 1504 1504 meritorum
1547 1448 1762 1504 lumine
1792 1455 2177 1521 percurrente.

539 1544 777 1599 Oramus
804 1546 995 1597 autem
1024 1543 1223 1614 Deum,
1266 1546 1331 1598 ut
1355 1544 1571 1599 bonum
1609 1560 1750 1615 opus
1785 1543 1845 1598 in
1886 1543 2043 1598 vobis
2082 1543 2182 1615 qui

539 1638 726 1709 coepit,
773 1637 893 1708 ipse
939 1642 1120 1709 coepta
1170 1636 1461 1708 perﬁciat;
1507 1637 1789 1709 simulque
1842 1637 2001 1692 vobis
2051 1653 2182 1709 sup-

535 1731 760 1804 pliciter
800 1731 1067 1802 petimus,
1115 1736 1181 1786 ut
1220 1731 1482 1802 precibus
1524 1730 1722 1786 vestris
1760 1731 1941 1802 adjuti
1967 1746 2181 1786 merea-

2283 511 2479 566 nentia
2504 527 2536 565 a
2560 512 2824 566 carnibus
2848 511 2937 566 vel
2962 509 3248 581 conjugali
3282 509 3483 581 copula
3508 508 3640 563 ﬁliis
3668 506 3930 561 Ecclesiae

2285 604 2581 675 indicatur,
2610 607 2675 660 ut
2703 606 2775 659 ad
2802 604 3156 659 Nativitatem
3205 602 3427 657 Domini
3471 601 3728 657 securius
3776 617 3930 655 com-

2285 699 2598 754 municent.
2626 699 2854 753 Rectius
2874 702 3066 754 autem
3082 698 3188 752 hoc
3206 713 3347 768 opus
3367 696 3428 751 in
3452 696 3631 751 sancti
3657 695 3933 750 Johannis

2286 791 2650 864 conceptione
2695 791 3053 847 instituitur:
3103 790 3237 862 quia
3288 789 3409 861 ipse
3460 788 3754 861 praacessit
3807 792 3933 843 ante

2285 885 2610 956 Dominum,
2635 890 2691 941 et
2714 901 2820 957 per
2844 884 3197 957 praeconium
3214 883 3426 955 angeli,
3448 887 3503 937 et
3525 900 3632 955 per
3648 882 3692 938 si
3701 881 3932 954 gniﬁca-

2282 978 2451 1033 tionis
2480 983 2820 1047 contactum,
2854 979 2993 1033 dum
3023 977 3296 1031 Dominus
3331 976 3401 1031 de
3439 976 3693 1048 Virgine,
3736 993 3933 1031 servus

2280 1088 2413 1128 vero
2449 1077 2777 1129 nasceretur
2813 1088 2882 1127 ex
2916 1072 3108 1127 vetula
3144 1074 3202 1125 et
3239 1070 3425 1125 sterile
3463 1075 3677 1140 matre;
3724 1074 3787 1125 et
3817 1069 3935 1141 ipse

2282 1166 2503 1222 clausus
2524 1172 2708 1238 utero,
2738 1167 2998 1222 exultans
3024 1165 3085 1219 in
3112 1164 3338 1236 gaudio,
3361 1164 3617 1219 clausum
3632 1163 3930 1219 Christum

2281 1260 2529 1332 Virginis
2578 1262 2703 1315 alvo
2748 1261 2985 1332 mystico
3028 1258 3285 1314 salutavit
3341 1258 3641 1330 praesagio.
3708 1258 3822 1313 Sed
3879 1263 3932 1312 et

2281 1355 2509 1426 quando
2532 1355 2816 1410 Johannes
2841 1352 3014 1409 sensit
3058 1353 3359 1407 imminere
3396 1352 3545 1407 diem
3589 1351 3783 1407 obitus
3818 1351 3927 1419 sui,

2280 1449 2408 1503 ideo
2437 1449 2595 1503 misit
2619 1448 2689 1503 ad
2717 1449 3025 1503 Dominum
3057 1446 3251 1501 dicens
3282 1463 3295 1500 :
3328 1448 3409 1501 Tu
3434 1462 3489 1501 es
3522 1448 3621 1516 qui
3658 1450 3926 1500 venturus

2281 1558 2355 1606 es,
2385 1558 2459 1597 an
2488 1544 2660 1597 alium
2696 1542 3104 1612 exspectamus?
3130 1539 3293 1611 quasi
3321 1539 3532 1595 diceret
3568 1539 3648 1594 illi
3677 1557 3691 1594 ε
3734 1539 3929 1594 Indica

2278 1636 2424 1691 mihi
2451 1639 2643 1694 utrum
2670 1652 2774 1707 per
2796 1640 2854 1690 te
2873 1635 2944 1689 ad
2972 1633 3183 1689 inferni
3210 1633 3453 1688 claustra
3480 1633 3810 1701 descendas,
3857 1650 3928 1687 an

2278 1730 2349 1784 ad
2376 1729 2734 1785 liberandum
2765 1745 2945 1802 genus
2974 1729 3295 1784 humanum
3320 1727 3497 1782 alium
3525 1728 3717 1784 mittas
3748 1748 3765 1785 :
3796 1728 3932 1800 quia

536 1841 670 1880 mur
693 1826 764 1880 de
799 1825 1015 1896 laqueis
1039 1825 1210 1896 hujus
1235 1825 1425 1879 saaculi
1463 1824 1713 1879 liberari.
1761 1826 1839 1879 De
1883 1841 1949 1880 eo
1986 1828 2178 1880 autem
2198 1807 2261 1881 ΒΔ
2279 1824 2423 1879 sicut
2448 1828 2503 1879 te
2529 1824 2590 1878 in
2616 1824 2782 1879 terris
2808 1823 3024 1896 positus
3051 1823 3306 1878 docendo
3332 1826 3387 1877 et
3410 1820 3749 1893 baptizando
3773 1840 3927 1894 prae-

537 1919 692 1991 quod
730 1918 892 1981 nobis
951 1918 1167 1989 dignati
1208 1918 1395 1972 fuistis
1442 1917 1762 1991 injungere,
1803 1922 1871 1973 ut
1922 1918 2179 1973 ordinem

534 2014 824 2084 Hypponaa
847 2012 1140 2083 Regiensis
1165 2012 1434 2082 ecclesiae,
1477 2012 1720 2084 qualiter
1759 2011 1950 2067 divina
1995 2012 2180 2067 ofﬁcia

534 2122 638 2177 per
661 2106 1005 2161 Testamenti
1031 2110 1087 2161 et
1104 2105 1240 2160 Novi
1260 2110 1318 2161 et
1337 2106 1548 2161 Veteris
1573 2106 1842 2178 paginam
1872 2108 2178 2162 annualem

532 2199 807 2272 persolvit
824 2200 1208 2270 harmoniam,
1224 2199 1384 2255 vobis
1397 2199 1645 2272 dirigere
1663 2201 1999 2256 deberemus
2014 2218 2031 2271 ;
2050 2200 2178 2256 ideo

533 2294 606 2349 ad
634 2310 887 2365 praesens
930 2311 1046 2348 non
1070 2294 1382 2365 potuimus,
1411 2294 1543 2365 quia
1570 2294 1629 2349 in
1671 2294 1816 2349 libro
1863 2296 2179 2350 Exameron

534 2387 1013 2443 nostrosnotarios
1031 2390 1331 2458 occupatos
1356 2387 1729 2442 habebamus.
1748 2388 1855 2443 Sed
1883 2405 2013 2443 cum
2038 2388 2178 2443 illud

536 2498 679 2553 opus
720 2480 912 2549 fuerit,
952 2480 1174 2536 favente
1216 2481 1481 2551 Domino,
1524 2487 2003 2552 consummatum,
2044 2499 2177 2538 mox

536 2574 859 2630 obedientes
916 2579 1101 2645 vestrq
1137 2574 1379 2645 imperio
1432 2591 1537 2647 per
1583 2576 1862 2631 famulum
1905 2580 2173 2645 vestrum,

535 2670 719 2724 ﬁlium
757 2670 818 2724 in
850 2668 1074 2725 Christo
1099 2673 1379 2737 nostrum,
1410 2670 1730 2741 Eugepiunl
1756 2670 2173 2743 presbyterum,

533 2763 690 2818 vobis
724 2762 983 2818 libellum
1012 2762 1325 2834 dirigemus
1354 2780 1367 2818 :
1395 2764 1456 2817 in
1481 2780 1594 2835 quo
1624 2764 1799 2819 totius
1832 2764 1967 2819 anni
2010 2763 2174 2835 opiﬁ-

536 2857 686 2912 cium
704 2857 766 2911 in
778 2856 1113 2912 lectionibus
1127 2857 1338 2912 Divinis
1352 2858 1709 2929 perﬂorando
1719 2857 2173 2929 perstrinximus,

532 2951 865 3022 incipientes
901 2951 1161 3007 ordinem
1194 2952 1482 3008 Adventus
1533 2952 1805 3007 Dominici
1855 2952 1925 3006 ab
1979 2956 2176 3007 octavo

533 3045 801 3101 Calendas
832 3046 1077 3101 octubris
1116 3046 1524 3117 aequinoctium
1564 3046 1913 3116 autumnale,
1968 3062 2073 3117 pro
2111 3063 2177 3103 eo

534 3140 688 3212 quod
713 3141 911 3195 eadem
936 3138 1027 3194 die
1051 3140 1333 3195 Johannes
1358 3157 1675 3211 przecursor
1690 3139 1914 3195 Domini
1936 3157 1969 3194 a
1994 3140 2174 3211 majo-

534 3234 692 3289 ribus
715 3234 922 3288 nostris
946 3233 1189 3289 traditur
1215 3238 1271 3289 et
1286 3235 1503 3305 Angelo
1532 3234 1828 3290 nuntiante
1848 3239 2171 3306 conceptus,

535 3332 593 3382 et
619 3327 850 3383 Herodis
876 3327 1085 3382 funesti
1130 3326 1313 3398 gladio
1349 3328 1681 3383 trucidatus.
1728 3329 1825 3382 Est
1870 3332 1927 3383 et
1968 3332 2176 3399 praater

533 3422 898 3477 Nativitatem
961 3420 1068 3475 alia
1133 3420 1475 3476 sollemnitas
1524 3422 1801 3476 Johannis
1870 3423 2169 3495 Baptistae,

535 3520 738 3588 quarto
765 3515 975 3571 scilicet
1000 3515 1274 3570 Calendas
1298 3514 1663 3586 Septembris,
1703 3515 1931 3587 quando
1970 3516 2171 3571 inven-

536 3615 659 3665 tum
700 3609 911 3682 legitur
963 3611 1132 3681 caput
1170 3607 1437 3663 dominici
1481 3609 1863 3680 praecursoris.
1907 3610 2064 3674 Quod
2111 3615 2176 3665 ut

537 3704 738 3777 opinor
756 3704 1003 3760 decrevit
1027 3703 1156 3759 ideo
1182 3702 1521 3774 dispensatio
1552 3703 1805 3774 Deitatis,
1834 3708 1899 3759 ut
1938 3704 2073 3775 quia
2114 3704 2175 3760 in

538 3801 689 3856 unda
716 3798 1091 3870 baptismatis,
1114 3795 1496 3852 ministerium
1523 3797 1839 3867 dumtaxat,
1871 3798 2023 3869 quod
2043 3801 2175 3854 ante

536 3895 741 3951 faciem
767 3892 973 3949 Christi
1008 3891 1334 3964 praedicavit
1359 3891 1664 3961 Johannes,
1702 3907 1991 3946 sacramur
2031 3908 2178 3947 mer-

540 3987 791 4042 sionibus
815 3986 1002 4056 trinis,
1032 3986 1160 4042 ideo
1186 3985 1434 4041 trifarias
1458 3985 1810 4041 sollemniter
1842 3986 2041 4041 reddat
2082 3988 2179 4042 Ec-

540 4081 706 4136 clesia
730 4080 854 4150 ejus
880 4080 1095 4135 laudes.
1123 4082 1190 4135 Et
1214 4080 1345 4152 quia
1367 4080 1436 4135 de
1454 4079 1553 4134 illo
1581 4079 1854 4151 scriptum
1876 4079 2068 4153 459
2095 4084 2179 4136 est

539 4174 772 4231 vocibus
800 4173 1147 4246 propheticis
1193 4178 1249 4229 et
1276 4172 1614 4227 testimoniis
1658 4174 1957 4230 Salvatoris
1986 4191 2000 4229 :
2045 4177 2178 4230 Ecce

544 4285 636 4339 ego
678 4270 830 4324 mitto
860 4270 1113 4337 angelum
1144 4281 1318 4321 meum
1361 4268 1457 4336 qui
1492 4269 1838 4337 prmparabit
1867 4271 2014 4324 viam
2053 4274 2180 4323 ante

541 4367 739 4435 faciem
764 4368 952 4429 tuam;
981 4361 1107 4415 ideo
1133 4366 1189 4414 et
1211 4359 1281 4413 ab
1303 4359 1425 4430 ejus
1450 4364 1725 4434 conceptu
1752 4363 1838 4417 vel
1863 4362 2020 4417 obitu
2063 4363 2180 4417 Ad-

544 4463 746 4516 ventus
769 4455 975 4514 Christi
991 4454 1324 4509 inchoamus
1353 4454 1625 4511 ofﬁcium.
1654 4456 1997 4527 Dignumest
2022 4474 2181 4512 nam-

2196 3186 2251 3260 C

2278 1934 2512 1973 currens
2537 1917 2718 1991 digito
2732 1917 3033 1973 oriendum
3050 1915 3450 1986 demonstravi,
3471 1915 3547 1971 ita
3565 1916 3695 1971 volo
3711 1916 3931 1989 populo

2277 2012 2338 2067 in
2366 2012 2615 2067 tenebris
2656 2011 2958 2081 resedenti,
2992 2016 3049 2066 et
3093 2014 3150 2066 te
3184 2009 3436 2083 quotidie
3471 1994 3785 2081 postulanti
3828 2011 3929 2066 ad-

2278 2110 2512 2162 ventum
2550 2111 2715 2162 tuum
2754 2106 2948 2177 jussus
2993 2122 3027 2158 a
3068 2109 3146 2173 te,
3199 2103 3456 2171 Domine,
3506 2103 3773 2159 nuntiare
3797 2104 3828 2159 ?
3863 2106 3929 2159 Et.

2279 2200 2444 2255 certis
2471 2200 2561 2254 his
2606 2200 2674 2255 de
2718 2200 2901 2254 causis
2946 2199 3007 2253 in
3044 2197 3365 2253 celebritate
3399 2196 3687 2252 Adventus
3727 2198 3927 2252 Domi-

2277 2292 2409 2364 nici,
2440 2294 2785 2349 sollemnitas
2811 2292 3180 2365 anteponitur
3208 2290 3480 2346 Johannis
3506 2291 3796 2363 Baptistae.
3822 2292 3929 2348 Sed

2278 2392 2335 2443 et
2360 2387 2485 2443 vide
2516 2387 2776 2443 ordinem
2802 2392 3127 2459 temporum
3153 2386 3213 2440 in
3241 2385 3491 2457 idipsum
3516 2402 3770 2457 congrue
3798 2403 3929 2441 con-

2277 2481 2623 2537 cordantem.
2658 2482 2719 2536 In
2748 2480 3149 2553 aequinoctium
3188 2481 3471 2551 autumni,
3526 2479 3756 2552 quando
3802 2497 3925 2535 cre-

2278 2579 2442 2630 scunt
2464 2575 2735 2646 tenebrae,
2765 2580 2902 2630 tunc
2927 2574 3170 2629 traditur
3187 2573 3471 2629 Johannes
3494 2573 3664 2629 fuisse
3689 2590 3930 2646 concep-

2276 2672 2401 2738 tus;
2424 2672 2481 2723 et
2509 2668 2612 2723 sub
2633 2672 2826 2725 rotatu
2851 2668 3109 2740 ejusdem
3122 2667 3397 2747 temporis
3413 2684 3632 2739 passus.
3662 2669 3725 2722 In
3749 2666 3925 2740 aequi-

2275 2762 2533 2818 noctium
2563 2764 2790 2835 quando
2814 2764 2913 2817 lux
2942 2762 3288 2831 extenditur,
3311 2765 3367 2816 et
3390 2760 3639 2816 tenebrae
3654 2761 3928 2817 minuun-

2274 2860 2389 2925 tur,
2417 2860 2553 2911 tunc
2577 2856 2819 2912 traditur
2842 2856 3097 2912 Christus
3126 2860 3183 2910 et
3209 2858 3513 2926 conceptus
3537 2859 3701 2910 utero
3728 2856 3921 2927 Virgi-

2275 2950 2399 3020 nis;
2434 2955 2490 3006 et
2510 2951 2613 3005 sub
2640 2951 2842 3007 eodem
2867 2949 3144 3005 curriculo
3174 2948 3393 3005 adﬁxus
3425 2948 3674 3020 patibulo
3715 2950 3924 3005 crucis.

2276 3045 2339 3098 In
2365 3044 2625 3115 solstitio,
2647 3044 2709 3099 in
2734 3061 2846 3117 quo
2870 3044 2992 3099 dies
3016 3043 3217 3115 incipit
3245 3042 3450 3110 minui,
3481 3048 3537 3099 et
3560 3060 3672 3099 nox
3691 3044 3921 3117 augeri,

2275 3137 2558 3194 Johannes
2592 3138 2842 3194 creditur
2880 3142 3069 3205 natus,
3112 3140 3176 3193 ut
3211 3136 3461 3191 famulus
3492 3153 3506 3191 :
3547 3136 3609 3192 in
3644 3138 3740 3193 illo
3784 3156 3923 3194 vero

2276 3231 2533 3302 solstitio,
2564 3249 2635 3288 ex
2661 3249 2772 3305 quo
2797 3232 2916 3288 dies
2948 3228 3212 3305 augetur,
3241 3235 3297 3286 et
3352 3231 3601 3288 tenebrae
3642 3231 3924 3289 minuun-

2274 3328 2387 3395 tur,
2416 3331 2582 3381 natus
2611 3330 2696 3382 est
2711 3326 2904 3400 460
2933 3345 3005 3384 ex
3028 3329 3248 3403 virgine
3289 3334 3463 3391 Maria
3502 3332 3772 3388 Salvator.
3815 3329 3924 3383 Pro

2274 3420 2380 3475 hoc
2410 3420 2806 3493 quatripartito
2835 3424 3072 3481 rotantis
3097 3428 3235 3483 anni
3275 3427 3557 3484 curriculo
3595 3425 3765 3481 etiam
3786 3420 3922 3477 libri

2273 3513 2447 3585 hujus
2473 3514 2646 3569 ﬁdem
2669 3516 3032 3574 terminando
3061 3520 3460 3593 distinximus;
3503 3525 3570 3577 ut
3603 3518 3736 3592 quia
3770 3534 3915 3589 qua-

2273 3612 2404 3663 tuor
2430 3612 2690 3681 tempora
2712 3612 2849 3666 anni
2897 3613 3006 3668 isto
3052 3615 3314 3673 videntur
3367 3617 3566 3672 ordine
3599 3608 3919 3679 terminari,

2274 3702 2351 3758 ita
2375 3704 2549 3758 etiam
2586 3708 2831 3777 quatuor
2864 3708 3172 3765 voluminis
3208 3712 3379 3783 hujus
3414 3710 3549 3766 libri
3591 3707 3924 3765 distinctum

2274 3797 2515 3854 reddent
2549 3798 2800 3856 ofﬁcium
2836 3818 2941 3873 per
2989 3803 3269 3860 circulum
3310 3805 3463 3875 anni,
3511 3804 3688 3858 instar
3739 3797 3926 3855 sancti

2275 3890 2583 3963 Evangelii,
2592 3893 2762 3964 juxta
2775 3896 2927 3966 quod
2947 3902 3074 3953 rota
3087 3898 3325 3954 inferius
3337 3897 3679 3970 prmsignata
3692 3894 3925 3949 videtur

2277 3985 2585 4041 attendere.
2644 3988 2925 4059 Deprecor
2963 3997 3156 4048 autem
3200 3998 3276 4062 te,
3317 3997 3374 4048 et
3418 4007 3614 4047 omnes
3658 3989 3733 4044 ad
3780 4005 3924 4060 quos

2276 4077 2522 4134 formula
2546 4080 2652 4136 ista
2674 4082 2901 4154 legendi
2929 4086 3270 4157 pervenerit,
3298 4091 3365 4141 ut
3389 4083 3768 4156 omnipotenti
3808 4083 3919 4135 Do-

2277 4173 2437 4229 mino
2456 4190 2560 4245 pro
2591 4192 2684 4232 me
2706 4159 2937 4233 exorare
2954 4179 3291 4251 dignemini,
3321 4183 3601 4252 quatenus
3627 4194 3732 4250 pro
3747 4175 3924 4248 hujus
3985 4240 3987 4249 η

2278 4268 2463 4339 operis
2535 4270 2724 4326 labore
2798 4271 3204 4343 aliquantulam
3263 4274 3414 4344 apud
3464 4273 3657 4345 ipsum
3720 4286 3923 4344 capere

2278 4376 2501 4418 merear
2565 4364 2762 4435 gratiae
2810 4365 3151 4435 portionem.
3197 4367 3334 4420 Data
3385 4364 3659 4421 Calendas
3703 4365 3920 4437 Iunias,

2279 4455 2533 4528 Hippone
2560 4458 2758 4528 Regio,
2778 4460 3013 4513 Arcadio
3039 4464 3095 4515 et
3119 4459 3359 4515 honorio
3386 4460 3639 4533 Agustis.

544 4572 677 4628 que,
703 4557 771 4607 ut
793 4551 863 4604 ab
892 4548 1092 4605 eodem
1130 4548 1220 4603 die
1259 4565 1437 4621 usque
1480 4550 1550 4605 ad
1582 4550 1944 4607 Nativitatem
1979 4551 2184 4608 Christi
2202 4567 2262 4638 D
2354 4551 2603 4605 Felieiter
2662 4552 2887 4621 emplicit
2950 4554 3183 4625 epistula
3246 4556 3423 4611 sancti
3486 4555 3751 4625 Agustini
3809 4559 3919 4627 epi-

544 4648 959 4722 prophetarum
1020 4659 1235 4715 organa
1286 4644 1720 4717 tympanizando
1783 4646 2016 4702 resultet
2079 4648 2180 4701 Ec-

547 4742 734 4799 clesia.

619 4836 728 4893 Sed
766 4835 900 4909 quia
939 4839 1072 4891 sunt
1106 4834 1367 4890 nonnulli
1402 4834 1501 4907 qui
1536 4835 1858 4891 Adventum
1899 4834 2120 4890 Domini
2151 4853 2185 4890 a

548 4931 848 4990 festivitate
886 4929 1034 4987 beati
1089 4928 1310 4985 Martini
1358 4929 1693 4984 Turonensis
1737 4929 1891 4985 urbis
1938 4929 2186 5002 episcopi

547 5028 812 5087 videntur
837 5025 1169 5097 insipienter
1193 5023 1467 5094 excolere,
1495 5040 1596 5079 nos
1622 5040 1715 5079 eos
1742 5041 1858 5080 non
1884 5027 2187 5097 reprehen-

552 5125 759 5191 dimus,
788 5121 922 5194 quia
948 5134 1065 5173 non
1084 5133 1283 5173 omnes
1307 5117 1496 5172 omnia
1538 5123 1793 5190 possunt,
1841 5124 1898 5175 et
1938 5121 2186 5176 maxime

553 5237 685 5277 cum
707 5214 1003 5288 Apostolus
1046 5211 1228 5267 dicat:
1281 5214 1581 5282 Unicuique
1623 5215 1763 5267 sicut
1806 5217 1949 5269 Deus
2000 5216 2189 5270 divisit

550 5326 863 5371 mensuram
887 5308 1034 5378 ﬁdei.
1060 5306 1164 5363 Sed
1190 5306 1360 5378 longe
1390 5306 1551 5362 aliter
1572 5312 1655 5363 est
1668 5308 1957 5380 plenitudo
1974 5309 2189 5365 ordinis

552 5415 607 5465 et
635 5402 924 5475 religionis
949 5404 1176 5457 nostrae.
1206 5400 1477 5456 Martinus
1496 5401 1706 5456 etenim
1752 5405 1977 5457 sanctus
2019 5403 2188 5477 longe

552 5504 681 5575 post
707 5496 1088 5553 ascensionem
1126 5494 1373 5564 Domini,
1410 5494 1498 5549 vel
1523 5499 1650 5566 post
1683 5495 2035 5551 nativitatem
2064 5514 2192 5569 pro-

554 5597 676 5664 diit,
708 5592 795 5648 vel
824 5596 950 5664 post
986 5593 1232 5645 mortem
1266 5588 1538 5657 discessit,
1584 5590 1795 5661 quippe
1841 5589 1942 5662 qui
1983 5594 2191 5647 nostris

556 5687 910 5762 temporibus
941 5699 1116 5756 prope
1151 5683 1279 5750 fuit,
1325 5682 1581 5755 quamvis
1619 5683 1678 5737 in
1728 5683 1884 5738 brevi
1934 5687 2191 5758 tempore

553 5786 709 5841 fama
735 5778 1044 5836 sanctitatis
1069 5782 1127 5833 et
1148 5777 1373 5833 virtutis
1397 5775 1551 5832 illius
1577 5780 1762 5833 totum
1789 5777 2072 5834 mundum
2097 5795 2190 5837 re-

632 5878 701 5953 (a)
730 5874 863 5929 Vide
890 5888 1025 5945 pag.
1061 5875 1181 5928 H5.

2282 4664 2450 4704 εςουι.

2410 4666 2450 4704 ι.

2340 4663 2407 4717 0P
2599 4718 2685 4773 IV.
2728 4732 2904 4775 saeuo
2943 4735 2995 4777 IN
3034 4734 3237 4777 VIGILIA
3275 4736 3597 4780 EPIPHANIE.

2527 4821 2614 4874 Ea:
2655 4820 2824 4874 veteri
2862 4820 3202 4876 Lectionario
3243 4821 3526 4878 Gallicana
3576 4822 3670 4895 (a).

2354 4929 2587 4985 Audivit
2625 4930 2920 4986 nobiscum
2958 4932 3161 4989 caritas
3207 4938 3412 5006 vestra,
3450 4935 3809 5008 Evangelista
3845 4934 3926 4990 di-

2286 5028 2444 5079 cente
2489 5040 2502 5079 :
2558 5024 2690 5080 Cum
2729 5028 2893 5081 natus
2937 5042 3067 5095 esse,
3110 5027 3315 5101 inquit,
3368 5032 3509 5085 Deus
3562 5032 3621 5084 in
3657 5031 3924 5085 Bethleem

2286 5118 2484 5173 IudzeaD
2506 5121 2564 5173 in
2595 5119 2783 5174 diebus
2808 5120 3039 5176 Herodis
3057 5125 3200 5191 regis
3226 5141 3245 5175 .-
3270 5139 3381 5179 ecce
3399 5126 3546 5191 magi
3565 5129 3826 5197 venerunt
3853 5124 3923 5178 ab

2290 5210 2504 5266 Oriente
2525 5214 2921 5284 Hyerusolyma
2948 5216 3182 5272 dicentes
3210 5231 3226 5266 :
3264 5216 3368 5272 Ubi
3396 5222 3476 5272 est
3506 5220 3604 5288 qui
3644 5222 3808 5271 natus
3847 5222 3925 5271 est

2287 5307 2402 5361 Rea:
2424 5307 2731 5363 Iudaeorum
2746 5311 2775 5363 ?
2805 5309 3055 5365 Vidimus
3075 5313 3217 5366 enim
3234 5312 3445 5366 stellam
3470 5312 3590 5379 ejus
3608 5314 3665 5365 in
3689 5310 3922 5374 Oriente,

2291 5406 2341 5458 et
2369 5404 2612 5457 venimus
2655 5403 2887 5458 adorare
2935 5420 3075 5460 eum.
3113 5404 3267 5460 Felix
3298 5403 3395 5458 illa
3437 5402 3649 5473 civitas,
3701 5403 3922 5474 fratres,

2290 5496 2382 5552 cui
2404 5496 2537 5551 civis
2575 5502 2740 5552 natus
2778 5501 2862 5553 est
2914 5498 3098 5553 Deus!
3140 5516 3270 5571 quae
3319 5497 3607 5570 singulare
3656 5498 3925 5552 meritum

2290 5596 2439 5665 ante‘
2463 5592 2769 5647 adventum
2805 5592 3100 5648 Salvatoris
3139 5592 3439 5665 accipiens,
3474 5591 3663 5665 prima
3709 5591 3927 5647 laudari

2291 5660 2503 5741 meriiit
2517 5702 2622 5758 per
2634 5685 2989 5758 prophetam,
3013 5702 3185 5757 quam
3201 5660 3443 5742 disceret
3454 5660 3629 5759 quem
3644 5685 3922 5742 sumebat.

2293 5774 2450 5831 Felix
2472 5779 2555 5845 tu,
2587 5774 2777 5830 civitas
2804 5774 3128 5832 Bethleem!
3157 5775 3291 5848 quia
3310 5792 3427 5832 non
3449 5792 3509 5834 es
3522 5775 3925 5834 minimainter
