4014 6230
94 412 170 464 L33
701 407 792 461 AD
830 407 1319 464 PIUECEDENTIA
1356 398 1668 465 LITURGIA

1768 409 2145 467 [ONUMENTA
2181 414 2516 469 APPENDIX
2553 416 2781 472 PRIMA.
3341 422 3445 477 434

87 514 334 593 principes
357 512 527 570 Juda.
558 514 639 570 Ex
680 519 738 570 te
781 516 937 572 enim
978 516 1200 589 prodiet
1233 517 1490 590 Rex‘qui
1542 522 1704 591 reget
1724 531 1783 604 Α
1803 519 2026 591 vagitus
2060 522 2312 593 majores
2354 523 2607 595 gemitus
2652 524 2989 596 exigebant.
3016 526 3183 582 Nulla
3208 526 3438 599 domus,

88 607 332 686 populum
360 623 563 663 meum
583 608 811 664 Israhel.
852 610 998 675 Quid
1023 611 1142 682 agit
1164 611 1326 679 Juda,
1355 627 1557 667 eorum
1594 628 1699 666 ca~
1802 615 1991 669 nullus
2049 615 2283 670 orbitati
2321 620 2638 673 restaverat
2674 620 2851 686 locus,
2880 619 2977 674 ubi
3026 637 3145 675 non
3193 621 3440 693 diligens

89 706 197 761 citas
226 701 524 771 mentium,
568 702 667 774 qui
699 703 1010 759 adventum
1044 704 1350 760 Salvatoris
1386 721 1492 761 nec
1525 705 1694 761 intel-
1796 709 2103 764 crudelitas
2116 710 2239 764 fuit.
2256 712 2533 767 Iacebant
2552 713 2749 768 brevia
2763 714 3435 787 vulneramembrorum,

86 800 232 871 ligere
255 800 610 867 meruerunt,
640 813 747 852 nec
772 798 981 853 nosse?
1005 799 1314 870 Impletum
1352 804 1437 855 est
1478 799 1697 855 cunctis
1798 804 1857 856 et
1893 803 2080 857 velato
2129 804 2286 859 vultu
2330 805 2479 860 tristi
2523 807 2780 862 colorata
2822 808 3043 879 pallore
3093 812 3434 866 cunctorum

86 891 339 965 propheta
369 905 715 961 responsum
745 908 759 945 :
789 891 1136 947 Salvatorem
1160 895 1423 947 nostrum
1448 892 1696 964 prodidit
1795 895 2089 951 mentibus
2119 897 2404 968 lacrymas
2440 898 2677 954 dabant.
2710 900 2939 955 Minutis
2982 902 3266 958 mortibus
3313 907 3438 960 tota

85 986 270 1041 calum.
302 983 537 1047 Quando
557 984 716 1040 enim
734 984 912 1042 latere
936 989 1177 1057 poterat,
1200 1003 1374 1059 quem
1396 987 1546 1043 Deus
1561 991 1693 1043 ante
1795 989 1991 1044 civitas
2020 990 2371 1061 replebatur,
2402 995 2462 1047 et
2492 993 2759 1049 omnium
2788 995 3125 1065 posteritate
3146 1000 3433 1067 truncata,

83 1078 424 1153 praedixerat?
468 1079 763 1135 Bethleem
803 1079 996 1135 civitas
1042 1079 1257 1152 accepit
1294 1081 1364 1136 de
1422 1080 1694 1137 astriferis

80 1172 297 1246 partibus
321 1171 527 1243 civem,
559 1178 615 1228 et
639 1190 744 1245 per
761 1190 975 1229 novum
999 1173 1246 1230 incolam
1270 1175 1485 1247 grande
1525 1174 1693 1232 meri-

80 1272 176 1323 tum
197 1264 403 1334 transit,
427 1266 570 1338 quia
593 1283 710 1323 non
735 1271 918 1340 potest
945 1267 1098 1323 ﬁniri
1127 1268 1280 1341 quod
1316 1268 1545 1325 meruit.
1582 1270 1691 1327 Sed

74 1364 233 1434 postea
272 1375 445 1431 quam
495 1363 696 1431 partus
732 1360 826 1416 ille
870 1362 1079 1418 caelesti
1124 1361 1289 1434 signo
1332 1366 1690 1420 monstrante

75 1458 297 1526 repertus
312 1458 396 1510 est
419 1453 715 1527 visusque,
744 1471 942 1527 magos
968 1456 1290 1511 veneranda
1320 1455 1570 1512 turbavit
1595 1456 1686 1512 in-

74 1547 411 1617 fantia.!Nihil
438 1548 525 1603 ibi
542 1548 777 1607 omnino
791 1548 1178 1605 contemtibile
1198 1549 1259 1604 in
1271 1549 1382 1604 illis
1405 1550 1688 1622 vagitibus

74 1642 175 1709 fuit,
198 1641 327 1713 quia
363 1642 653 1697 humanos
682 1643 829 1698 Deus
864 1659 1061 1698 sensus
1104 1644 1350 1715 aspexit;
1395 1644 1494 1699 sed
1530 1648 1685 1715 post-

73 1752 215 1808 quam
238 1735 537 1806 probatam
568 1735 742 1808 ipsius
767 1736 965 1792 sideris
1002 1737 1194 1807 ﬁdem,
1235 1737 1496 1793 fallentes
1527 1739 1685 1811 magi

74 1828 229 1900 regale
251 1833 631 1901 praceptum,
659 1833 878 1886 exteras
900 1834 1137 1887 tenuere
1165 1831 1464 1902 regiones;
1505 1833 1682 1888 Hero-

1791 1083 1903 1137 hoc
1930 1085 2118 1138 solum
2146 1084 2344 1153 evasit,
2378 1086 2532 1157 quod
2552 1087 2813 1158 vagitum
2832 1088 3047 1144 habere
3066 1106 3183 1145 non
3201 1092 3434 1147 meruit.

1790 1178 1853 1230 In
1900 1177 2001 1231 illa
2042 1180 2260 1232 matres
2299 1177 2550 1233 ﬁliorum
2599 1179 2916 1250 perniciem
2956 1181 3150 1255 462
3194 1183 3438 1241 intenta

1792 1269 2074 1341 grandine
2118 1271 2458 1340 liberorum,
2496 1289 2614 1327 una
2650 1273 2872 1329 femina
2916 1274 3050 1329 felix
3076 1277 3272 1348 evasit,
3302 1295 3433 1350 quae

1789 1363 1898 1418 fuit
1914 1364 2075 1435 virgo
2106 1368 2235 1435 post
2265 1368 2517 1437 partum.
2553 1365 2701 1431 Quid
2711 1366 2862 1438 juvit
2882 1370 3133 1439 replesse
3160 1373 3247 1426 tot
3273 1372 3437 1428 fune-

1787 1457 1946 1512 ribus
1973 1459 2236 1514 terram?
2276 1459 2417 1531 quid
2445 1459 2665 1531 profuit
2692 1463 2856 1516 tanta
2897 1461 3075 1517 ubera
3122 1463 3433 1521 ﬂuentibus

1787 1551 2046 1620 siccasse,
2080 1569 2212 1607 cum
2243 1554 2503 1608 futurum
2536 1555 2758 1609 malum
2783 1557 2931 1610 Deus
2964 1559 3098 1610 ante
3126 1558 3430 1629 pradixit?

1785 1646 2023 1701 Constat
2076 1663 2215 1717 ergo
2251 1646 2550 1702 Judaicam
2607 1651 2844 1719 gentem
2888 1649 3150 1705 nascenti
3181 1652 3428 1707 Domino

1784 1755 2114 1810 praparare
2172 1738 2519 1810 perniciem;
2574 1740 2839 1813 adeoque
2900 1743 3110 1798 eodem
3166 1746 3429 1816 tempore

1785 1833 1942 1888 Deus
1957 1833 2214 1887 Christus
2239 1833 2420 1888 voluit
2448 1834 2677 1903 docere,
2715 1835 2850 1907 quia
2872 1837 3104 1892 Judaus
3123 1854 3241 1894 non
3262 1854 3432 1894 nove-

73 1925 140 1979 dis
186 1923 328 1995 regis
372 1923 620 1979 vitantes
660 1928 973 1996 aspectum,
1019 1925 1325 1981 voluerunt
1370 1929 1684 1984 monstrare
1703 1909 1762 1982 B
1780 1930 1877 1985 rat
1906 1927 2062 1998 quod
2082 1928 2265 1981 fieret.
2292 1927 2406 1982 Sed
2432 1929 2568 2001 quia
2592 1929 2872 1986 Dominus
2893 1931 3150 1987 Christus
3174 1933 3429 2004 passioni

74 2016 261 2090 plenius
280 2015 463 2090 461
496 2018 654 2090 quod
672 2018 1251 2091 timebantltiajorem
1268 2036 1370 2075 rex
1389 2020 1686 2077 stimulum
1784 2020 2107 2092 prohibitus
2154 2021 2242 2074 vel
2278 2020 2487 2075 dilatus
2527 2025 2632 2090 est,
2677 2023 2884 2079 maluit
2911 2024 3216 2081 virtutibus
3264 2027 3425 2096 disci,

74 2112 229 2181 sentit,
270 2111 359 2166 cui
400 2128 523 2167 non
560 2112 879 2168 ostenditur
923 2112 1076 2185 quod
1118 2117 1363 2169 veretur.
1403 2114 1510 2169 Sed
1553 2131 1684 2170 cum
1785 2130 1962 2185 quam
1991 2117 2125 2168 ante
2150 2116 2379 2186 tempus
2400 2114 2604 2169 occidi.

74 2204 299 2261 sollicitus
322 2222 445 2277 rex,
475 2208 760 2262 transacto
797 2211 1057 2280 tempore
1093 2206 1383 2278 veniendi,
1422 2208 1683 2264 fallentes
1834 2209 1897 2261 V.
1931 2223 2318 2264 TESTAMENTUM
2356 2224 2630 2264 ILLUsrms
2669 2225 2933 2267 ιΑτιιοΜς
2971 2227 3367 2270 sanenravms.

72 2316 234 2371 magos
272 2300 525 2356 deviasse
573 2305 957 2373 cognosceret,
1011 2301 1196 2374 adque
1241 2302 1365 2373 ejus
1420 2302 1681 2358 animum
1780 2304 1867 2357 Ea:
1889 2303 2226 2371 autographa
2265 2304 2597 2371 Dionysiano
2633 2305 2693 2358 in
2728 2304 2923 2359 charta
2959 2307 3286 2375 Egyptiaca
3321 2307 3419 2380 (α).

74 2393 351 2465 incognitus
392 2393 628 2450 infantis
673 2398 932 2467 aspectus
977 2394 1210 2451 diversis
1241 2395 1489 2451 motibus
1524 2396 1681 2453 dissi-
1969 2394 2387 2451 sacratissimus
2422 2396 2589 2451 ﬁscus
2626 2396 2944 2469 percipeat.
2969 2399 3030 2454 Si
3054 2416 3190 2455 vero
3222 2402 3423 2457 omnia

75 2492 230 2559 paret;
257 2488 361 2543 hoc
386 2488 648 2561 prodidit
673 2488 909 2545 crudelii
934 2493 1056 2545 arte
1082 2489 1320 2560 consilii,
1347 2494 1414 2545 ut
1437 2491 1509 2545 ad
1529 2490 1682 2547 inve-
1780 2489 1937 2560 quod
1961 2489 2019 2544 in
2043 2490 2195 2544 hunc
2216 2492 2635 2545 testamentum
2667 2490 3019 2547 inserui......
3055 2494 3417 2565 custodieris,

74 2582 300 2637 ciendam
318 2582 659 2639 successoris
683 2583 1005 2654 infantiam,
1051 2584 1358 2641 occidendo
1395 2590 1679 2656 quareret
1780 2582 2063 2655 quidquid
2090 2582 2197 2638 tibi
2223 2584 2487 2656 superius
2514 2584 2798 2656 delegavi,
2819 2585 2878 2640 in
2908 2588 3006 2642 tuo
3022 2586 3155 2665 jure
3176 2589 3420 2660 perenni

74 2677 191 2747 quod
225 2676 447 2747 latebat,
492 2678 642 2732 sicut
681 2677 957 2749 scriptum
1000 2683 1085 2734 est
1114 2695 1127 2733 :
1176 2681 1305 2737 Cum
1345 2679 1552 2735 videret
1574 2682 1679 2736 He-
1775 2680 2043 2749 tempore
2073 2681 2681 2749 permaneant.........
2706 2678 2767 2734 in
2793 2680 2946 2734 hunc
2976 2683 3415 2753 testamentum,

74 2769 211 2833 mdes,
238 2772 379 2841 quod
407 2772 629 2827 delusus
650 2776 787 2827 esset
811 2789 847 2827 a
888 2774 1084 2841 magis,
1129 2774 1306 2829 iratus
1346 2774 1677 2841 vehementer
1776 2770 2114 2843 cuicumque
2137 2789 2256 2826 non
2278 2771 2565 2843 depotavi,
2586 2772 2712 2841 tibi,
2737 2772 3069 2829 dulcissime
3081 2774 3180 2844 ﬁli,
3197 2776 3415 2831 habere

74 2866 191 2918 misit
208 2868 267 2919 ut
291 2865 665 2921 occiderentur
693 2881 876 2921 omnes
905 2868 1148 2934 infantes
1188 2869 1249 2921 in
1296 2868 1582 2932 Bethleem,
1622 2872 1675 2924 et
1774 2863 1963 2935 cupio.
1998 2863 2389 2920 Similiter.....
2424 2865 2883 2921 demandatione
2907 2867 3079 2921 bona
3112 2870 3413 2925 memoria

74 2960 112 3010 in
136 2958 363 3014 omnibus
382 2960 586 3029 ﬁnibus
612 2960 729 3030 ejus
756 2976 792 3015 a
820 2960 1027 3014 bimam
1050 2965 1102 3015 et
1140 2963 1313 3029 infra.
1356 2960 1509 3016 Felix
1552 2966 1673 3018 erat
1772 2956 2114 3012 Deorovaldi
2146 2957 2300 3013 dono
2328 2957 2432 3013 tibi
2472 2975 2664 3013 eanna
2705 2962 2985 3031 argentea
3009 2961 3239 3016 valente
3287 2963 3416 3033 plus

72 3050 200 3106 ludus
221 3053 486 3124 parvulis,
524 3053 803 3109 moriendi
844 3053 1109 3125 conditio,
1151 3054 1251 3126 qui
1284 3071 1389 3127 pro
1426 3054 1667 3120 Christo,

68 3151 362 3203 meruerunt
388 3148 533 3219 pati.
560 3148 819 3204 Furentis
862 3148 1017 3221 regis
1048 3164 1252 3205 vesana
1294 3149 1507 3205 savitia
1541 3166 1666 3204 mo-

68 3239 303 3295 rientibus
343 3241 564 3313 profuit
592 3259 607 3297 :
636 3242 736 3314 qui
773 3242 912 3297 dum
939 3258 1320 3299 successorem
1353 3259 1522 3298 suum
1547 3242 1645 3299 dili

67 3334 191 3403 genti
228 3335 558 3391 crudelitate
590 3336 893 3409 perquirit,
936 3336 1141 3408 dignos
1179 3336 1359 3392 iratus
1390 3340 1668 3409 martyres

65 3426 185 3482 fecit.
217 3429 355 3483 Nam
395 3429 665 3500 Herodes,
711 3446 885 3507 quem
934 3434 1158 3486 tantum
1214 3431 1440 3487 ravidus
1472 3448 1668 3487 sensus

1645 3273 1742 3360 :C

1769 3052 1963 3106 minus
1988 3050 2202 3106 solidos
2240 3068 2367 3106 xxv.
2395 3053 2465 3106 Et
2491 3069 2525 3106 a
2554 3055 2719 3124 parte
2750 3069 2884 3108 mea
2913 3053 3068 3109 dono
3100 3054 3205 3110 tibi
3235 3072 3412 3112 cauco

1770 3148 2049 3215 argenteo
2090 3145 2318 3199 valente
2364 3146 2467 3200 sol.
2506 3161 2634 3215 xxx,
2677 3149 2736 3201 et
2776 3146 3156 3203 medietatem
3192 3149 3408 3220 ovium,

1768 3237 2148 3310 quasVigilius
2157 3237 2575 3306 adtendit,cum
2588 3242 2819 3312 pastore
2831 3240 3070 3296 nomine
3083 3242 3408 3313 Gaugiulfo.

1772 3331 1958 3388 Simili
1986 3332 2163 3387 modo
2194 3332 2265 3386 de
2301 3332 2596 3389 Latiniaco
2627 3337 2687 3389 et
2707 3334 3056 3404 Balbiniaco,
3075 3330 3212 3390 tam
3237 3338 3409 3392 vestis

1772 3442 1948 3497 quam
1976 3442 2231 3481 aramen
2255 3428 2343 3481 vel
2370 3427 2645 3496 utinsilia,
2670 3431 2728 3483 et
2753 3428 2823 3483 de
2842 3429 3098 3484 bovebus
3124 3447 3190 3484 ex
3213 3432 3410 3488 omnia

62 3520 236 3576 furoris
301 3522 521 3577 facibus
585 3504 872 3595 eregebat,
938 3529 1218 3596 quantum
1278 3541 1441 3580 amor
1489 3504 2169 3597 dulcis‘mmedietatem,
2197 3520 2321 3589 tibi,
2345 3521 2675 3577 dulcissime
2712 3513 2814 3590 ﬁli,
2844 3523 3060 3578 habere
3110 3524 3403 3597 pracipio.

1692 3568 1707 3607 ε

62 3615 317 3684 potestatis
343 3616 702 3687 accendebat,
721 3617 1010 3673 carnifices
1023 3634 1155 3674 suos
1175 3618 1247 3674 ad
1261 3602 1668 3691 inquirendum
1766 3613 1897 3668 Pari
1926 3614 2259 3669 conditione
2290 3631 2359 3669 ex
2384 3614 2838 3671 demandatione
2884 3617 3055 3672 bonae
3106 3620 3408 3675 memoria

62 3707 187 3763 misit
235 3709 497 3779 infantes,
557 3710 719 3782 quasi
786 3712 885 3783 qui
931 3712 1111 3767 Deum
1166 3714 1355 3784 posset
1412 3712 1668 3770 invenire
1721 3696 1723 3700 Α

65 3817 168 3856 cum
193 3802 375 3859 vellet.
401 3804 655 3876 Pergunt
678 3804 740 3860 in
766 3805 1052 3862 civitatem
1066 3805 1314 3861 ministri
1341 3805 1514 3878 regis,
1544 3823 1668 3862 cru-

63 3894 167 3949 dele
207 3900 500 3967 portantes
552 3897 887 3970 imperium,
952 3902 1011 3954 et
1058 3900 1268 3954 durum
1310 3903 1665 3972 praeceptum

63 3988 299 4059 ferentes,
315 3990 373 4046 in
391 3991 602 4063 gladiis
614 3993 689 4048 ad
709 3996 965 4048 matrum
992 3995 1274 4065 lacrymas
1291 3993 1660 4050 festinabant.

62 4081 293 4138 Infantile
328 4084 548 4139 bellum
584 4085 644 4140 in
683 4086 949 4141 domibus
999 4086 1337 4159 gerebatur;
1379 4090 1438 4141 et
1470 4104 1663 4142 secum

64 4176 158 4231 sola
182 4182 470 4249 pugnante
497 4179 734 4248 saevitia,
754 4179 1015 4236 orbitatis
1026 4180 1334 4236 crudelitas
1346 4180 1659 4237 eminebat.

62 4268 418 4327 Mactabantur
458 4273 519 4327 in
560 4274 721 4329 cunis
760 4274 1034 4343 infantes,
1061 4274 1122 4329 in
1158 4274 1365 4346 quibus
1401 4275 1663 4330 nondum

65 4365 163 4416 erat
198 4366 467 4422 nascendi
503 4366 856 4424 conscientia
903 4385 917 4422 :
974 4371 1032 4422 et
1078 4367 1219 4423 illud
1264 4368 1661 4424 membrorum

66 4454 255 4512 initium
306 4460 561 4531 primum
604 4462 777 4516 funus
827 4461 994 4516 discit
1032 4478 1153 4516 esse
1198 4479 1373 4534 quam
1430 4478 1656 4534 corpus.

66 4548 447 4609 Occidebantur
486 4554 649 4610 initia
692 4556 1113 4624 membrorum,
1162 4555 1538 4611 minutissimi
1574 4557 1655 4612 la-

1767 3707 2110 3763 Deorovaldi
2152 3707 2307 3763 dono
2351 3708 2476 3777 tibi,
2511 3708 2837 3763 dulcissime
2882 3709 2983 3777 fili,
3019 3710 3089 3764 de
3135 3711 3404 3781 portione

1769 3801 1891 3873 ejus
1907 3804 1965 3856 et
1981 3801 2051 3856 de
2068 3801 2425 3873 proprietate
2448 3819 2584 3857 mea
2609 3801 2898 3873 mancipia
2922 3802 3010 3857 his
3034 3803 3402 3873 nominebus,

1767 3896 2138 3967 Unnegiselo,
2179 3896 2590 3966 Aunemundo,
2636 3899 2695 3951 et
2730 3895 2878 3951 ﬁlias
2912 3896 3179 3967 Patricio,
3223 3897 3286 3953 id
3319 3902 3407 3954 est

1768 3990 2017 4059 Fedane,
2059 3992 2119 4044 et
2154 3989 2525 4061 Ausegunde,
2553 3992 2612 4045 et
2646 3989 2999 4062 Agnechilde
3030 3993 3089 4045 et
3126 3991 3406 4047 Baccione

1766 4101 1897 4139 cum
1927 4083 2155 4156 gregim
2180 4100 2519 4155 porcorum;
2541 4083 2723 4139 vinea
2744 4084 3057 4156 pedaturas
3083 4084 3246 4155 duas,
3266 4086 3404 4142 sitas

1763 4177 1825 4232 in
1868 4180 2068 4233 monte
2108 4177 2449 4247 Maurilioni,
2489 4194 2632 4250 quas
2674 4178 3107 4234 Theodaharius
3144 4182 3203 4234 et
3241 4181 3403 4237 Gari-

1761 4272 2015 4327 mundus
2042 4273 2258 4327 colunt.
2284 4272 2479 4327 Vinea
2498 4271 2782 4344 pedatura
2792 4273 2982 4343 tertia,
3003 4272 3110 4328 sita
3121 4272 3179 4327 in
3202 4278 3401 4329 monte

1761 4366 2110 4434 Metobaure,
2134 4382 2266 4421 cum
2285 4365 2531 4421 vinitore
2560 4366 3066 4422 Guntrachario....
3094 4366 3287 4422 Vinea
3306 4385 3402 4439 pe-

1762 4460 1968 4515 datura
1993 4463 2219 4531 quarta,
2250 4459 2360 4515 sita
2386 4459 2747 4529 Taurimaco,
2776 4476 2952 4532 quem
2972 4461 3277 4515 Imnerdus
3302 4478 3398 4516 co-

1759 4552 1825 4607 lit
1854 4570 1985 4607 cum
2015 4552 2261 4607 vinitore
2279 4552 2636 4624 Munegisilo.
2656 4554 2849 4609 Vineae
2868 4554 3149 4625 pedatura
3176 4552 3397 4626 quinta,

64 4646 266 4713 ctantes,
320 4650 377 4702 et
419 4649 636 4720 accepti
687 4666 721 4704 a
757 4648 1039 4705 matribus
1074 4648 1295 4722 parvuli
1338 4649 1398 4704 in
1443 4648 1863 4735 duritiaDsita
1898 4647 1959 4701 in
1984 4649 2185 4701 monte
2210 4646 2581 4715 Vultoricino,
2612 4664 2787 4718 quem
2839 4647 3025 4703 Sevila
3070 4647 3225 4714 colit,
3266 4665 3399 4703 cum

62 4734 280 4806 lapidum
343 4742 738 4813 vibrabantur,
794 4746 859 4797 ut
895 4743 969 4797 ad
1006 4743 1394 4799 execrandum
1434 4745 1656 4799 malum

63 4844 289 4887 saxorum
316 4851 522 4906 aspera
560 4837 742 4891 moles
777 4839 934 4891 artus
969 4839 1288 4909 spargeret.
1327 4838 1396 4891 Et
1422 4839 1656 4893 necatos

63 4926 248 4996 excepit
280 4930 483 4984 nolens
530 4933 684 4985 terra
726 4929 993 4998 conlisos,
1046 4933 1221 5002 atque
1271 4930 1482 4985 iterum
1532 4931 1657 5003 ipsa

62 5020 362 5077 mortalibus
387 5024 742 5095 sepulturam
780 5024 1045 5096 praebuit,
1079 5024 1177 5096 qui
1220 5024 1445 5096 pridem
1490 5028 1656 5081 natos

62 5109 177 5167 teste
200 5118 457 5189 suscepit.
491 5118 607 5173 Sub
634 5121 945 5190 conspectu
973 5121 1226 5173 matrum
1242 5119 1658 5191 premebantur

64 5206 248 5276 vagitus
288 5210 600 5281 infantum,
653 5215 713 5266 et
761 5213 1046 5284 lacrymas
1096 5229 1226 5267 suas
1264 5212 1323 5267 in
1358 5216 1656 5269 maternos

63 5301 221 5355 oculos
239 5304 627 5376 reportabant.
647 5307 906 5362 Salvator
926 5309 1123 5361 noster
1156 5306 1311 5361 inter
1347 5307 1657 5363 infantium

64 5391 231 5450 funera
278 5399 643 5470 quarebatur
678 5416 691 5454 :
746 5399 846 5472 qui
887 5400 961 5454 ad
1004 5401 1114 5455 hoc
1154 5400 1417 5473 permisit
1448 5418 1553 5473 pro
1596 5418 1657 5457 se

63 5480 273 5544 infantes
299 5492 501 5561 occidi,
531 5496 595 5546 ut
631 5509 736 5564 pro
772 5493 897 5565 ipso
945 5493 1124 5549 ceteri
1164 5494 1452 5550 discerent
1486 5494 1653 5550 mori.

64 5574 307 5639 Natabant
330 5585 535 5641 domus
562 5585 845 5658 sanguine
872 5588 1278 5658 parvulorum;
1305 5603 1411 5642 nec
1434 5586 1543 5642 fuit
1561 5587 1658 5659 qui

63 5675 302 5732 consolari
311 5680 556 5736 alterum
585 5683 799 5752 posset,
819 5680 955 5752 quia
978 5697 1096 5735 non
1115 5682 1240 5736 erat
1260 5678 1358 5752 qui
1377 5680 1660 5751 lacrymas

61 5778 156 5818 non
170 5766 411 5828 haberet.
441 5772 653 5830 Invicta
686 5772 903 5830 orbitas
938 5776 1173 5830 cunctos
1204 5775 1554 5846 aquaverat,
1602 5776 1662 5829 et

60 5872 328 5919 Commune
340 5867 557 5922 malum
570 5867 784 5941 ubique
794 5868 1040 5925 luctibus
1054 5866 1658 5941 gerebatur.0ppressi

123 5952 185 6025 (α)
206 5955 336 6016 Vide
361 5975 497 6035 pag.
528 5961 648 6022 184.

1756 4741 2022 4796 vinitore.
2053 4740 2182 4795 Hac
2213 4739 2413 4794 omnia
2443 4756 2618 4811 supra
2647 4739 2857 4795 scribta
2896 4740 3021 4811 tibi,
3069 4741 3398 4798 dulcissime

1756 4835 1857 4904 fili,
1885 4852 1953 4889 ex
1985 4850 2117 4889 mea
2139 4834 2435 4888 voluntate
2480 4834 2571 4888 vel
2621 4850 2689 4888 ex
2739 4833 3195 4891 demondatione
3255 4837 3399 4892 diva

1757 4928 2060 4984 memoria
2077 4927 2419 4983 Deorovaldi
2439 4927 2655 4982 habere
2675 4926 2965 4983 constitui.
2989 4929 3168 4985 Vinea
3201 4930 3308 4986 sita
3339 4931 3399 4987 in

1756 5025 1955 5078 monte
1982 5020 2175 5095 463
2203 5022 2400 5077 Me.....
2420 5038 2596 5094 quem
2628 5021 3076 5077 Habundancius
3104 5023 3258 5093 colit,
3283 5041 3403 5080 me-

1758 5116 2036 5171 dietatem
2062 5118 2275 5171 sancta
2306 5115 2625 5171 ecclesia...
2665 5116 2881 5170 eliense
2912 5116 3050 5172 dare
3082 5118 3352 5191 pracipio
3383 5136 3396 5175 :

1758 5211 1934 5266 aliam
1960 5209 2340 5266 medietatem
2368 5209 2440 5264 de
2479 5209 2607 5281 ipsa
2630 5210 2801 5265 vinea
2847 5209 3175 5267 dulcissimo
3203 5214 3399 5284 nepoti

1757 5322 1890 5361 meo
1944 5302 2266 5375 Bertigisilo
2309 5303 2527 5359 habere
2567 5303 2767 5375 jubeo.
2799 5303 2999 5373 Vinea,
3034 5321 3211 5376 quam
3233 5304 3399 5375 Agila

1758 5398 1979 5454 femina
2009 5397 2231 5466 tenuit;
2262 5399 2319 5452 et
2346 5396 2597 5465 vineam,
2628 5414 2804 5469 quam
2821 5397 3218 5453 Imnacharius
3239 5397 3395 5464 colit,

1761 5491 2103 5547 dulcissima
2143 5491 2301 5563 nepti
2339 5508 2487 5547 mea
2517 5493 2855 5547 Deorovara
2886 5507 3019 5545 cum
3049 5491 3174 5564 ipso
3206 5492 3396 5546 lmna-

1761 5585 1956 5642 chario
1982 5586 2195 5642 habere
2214 5585 2506 5658 praecipio.
2524 5586 2953 5659 Vineaplantas,
2968 5585 3068 5656 qui
3090 5588 3223 5641 sunt
3238 5601 3400 5640 secus

1758 5680 1989 5735 vineam
2025 5680 2293 5748 Sevilam,
2336 5678 2664 5736 dulcissimo
2710 5678 2907 5750 nepoti
2941 5694 3076 5734 meo
3109 5678 3396 5734 Berterico

1760 5773 1976 5828 habere
2005 5772 2298 5845 pracipio.
2333 5773 2514 5830 Vinea
2541 5789 2715 5846 quem
2735 5771 3086 5827 Vincimalus
3114 5772 3175 5827 in
3195 5773 3395 5826 monte

1759 5863 2291 5957 Vultoricino‘colit,
2321 5870 2378 5924 et
2396 5868 2608 5940 puella,
2642 5864 2884 5922 nomine
2905 5862 3313 5957 Sunnechilde,
3338 5863 3395 5914 et
