4014 6230
536 386 639 441 ωδ

1334 384 1667 440 ΑΡΡΕΝΒΙΧ
1704 383 1791 439 AD
1827 384 2048 438 OPEltA
2086 384 2319 440 SANCTI
2359 387 2657 443 GERMANI
2697 386 3125 443 PARISIENSIS.

3817 390 3926 444 436

540 491 748 550 ancilla
773 492 1012 549 nomine
1032 491 1245 561 Iveriae,
1269 507 1400 547 cum
1420 490 1538 547 ﬁlio
1552 489 1810 546 Leudino
1831 490 2179 547 dulcissimae
2199 502 2260 577 Α
2277 493 2475 550 harius
2507 492 2769 550 similiter
2792 510 2925 551 cum
2955 493 3132 549 boves
3162 495 3226 548 ut
3243 493 3512 551 laborent
3527 495 3734 567 jubeo,
3767 496 3930 553 unde

539 605 697 645 norae
722 604 872 644 meas
892 589 1212 643 Bertovaras
1228 586 1443 640 habere
1458 585 1658 657 jubeo.
1682 586 1825 640 Item
1846 584 2174 643 dulcissimo

541 683 739 756 nepoti
762 698 894 737 meo
921 678 1255 751 Bertegisilo
1282 678 1549 735 ichriario
1579 682 1882 750 argenteo,
1917 682 1976 735 et
2004 696 2171 735 man-

542 776 691 849 cipia
720 776 807 831 his
838 774 1202 841 nominebus,
1232 772 1557 842 Sunniulfo,
1591 775 1650 828 et
1688 789 1886 829 sorore
1931 774 2054 845 ejus
2080 773 2172 830 Gi-

540 874 846 942 bethrude,
875 877 933 928 et
962 872 1107 928 filias
1143 871 1465 941 Anthimio,
1499 875 1557 927 et
1582 872 1702 928 ﬁlio
2085 890 2175 930 nae

533 970 766 1044 juniore
814 969 1030 1024 habere
1076 966 1383 1022 constituo.
1429 966 1595 1039 Nepti
1646 984 1795 1022 meae
1836 969 2175 1023 Deorovaraa

540 1065 776 1120 scutella
806 1063 1087 1133 argentea
1116 1060 1445 1130 cruciolata,
1475 1063 1533 1115 et
1553 1060 1842 1132 mancipia
1870 1061 1958 1115 his
1984 1061 2174 1117 nomi-

540 1159 740 1225 nebus,
776 1155 1184 1212 Tanechildem
1229 1155 1697 1226 Imnegunthem,
1738 1155 2172 1227 lmnegisilum;

537 1255 597 1308 et
619 1250 856 1307 lectaria
883 1250 958 1306 ad
982 1250 1133 1305 lecto
1161 1265 1276 1304 uno
1304 1248 1403 1320 qui
1430 1249 1642 1305 melior
1666 1249 1859 1317 fuerit,
1894 1253 1952 1303 et
1994 1238 2173 1320 puero

538 1344 777 1401 nomine
816 1342 1211 1411 Gundofredo,
1246 1344 1305 1397 et
1350 1341 1559 1398 ancilla
1606 1343 1843 1398 nomine
1885 1342 2172 1413 Theigun-

540 1439 698 1507 dem,
754 1454 981 1494 necnon
1014 1440 1073 1492 et
1109 1437 1301 1508 puella
1342 1437 1578 1491 nomine
1605 1435 2025 1491 Andechildem
2051 1436 2176 1492 dari

539 1532 845 1589 constituo.
878 1529 1218 1587 Dulcissimo
1258 1530 1456 1602 nepoti
1491 1547 1622 1586 meo
1650 1530 1957 1599 Berterico,
1996 1547 2175 1601 puero

538 1625 776 1683 nomine
803 1624 1117 1696 Medigisilo
1150 1624 1366 1680 habere
1386 1624 1586 1695 jubeo.

610 1719 876 1776 Baselicis
905 1718 1225 1774 constitutis
1243 1717 1511 1785 Parisius,
1539 1717 1598 1772 id
1636 1721 1723 1771 est
1754 1716 2019 1772 baselicaa
2053 1734 2178 1773 san-

539 1814 614 1871 cti
632 1813 808 1882 Petri,
836 1812 994 1868 urcio
1017 1814 1295 1882 argenteo
1316 1813 1544 1867 valente
1567 1811 1797 1867 soledus
1814 1811 2092 1879 duodece,
2119 1814 2177 1866 et

2279 589 2470 645 oblata
2509 588 2582 644 ad
2622 587 2871 644 baselica
2910 587 3091 645 sancti
3138 586 3460 644 Sinsuriani
3496 606 3603 661 pro
3646 590 3931 663 requiem

2276 683 2620 740 Deorovaldi
2667 682 2958 739 offeretur.
2992 681 3177 738 Simili
3202 683 3381 739 modo
3406 684 3588 741 vinea:
3629 685 3932 757 pedatura

2277 794 2412 845 una,
2446 777 2553 833 sita
2580 775 2938 845 Tauriniaco,
2966 779 3024 832 et
3049 793 3225 848 quem
3250 777 3433 849 Pinpo
3462 778 3618 848 colit,
3648 778 3934 835 baselica:

2275 871 2575 929 Domni....
2600 870 2763 942 eorgi
2790 870 3055 942 (Georgii)
3084 871 3250 927 Cal...
3277 870 3450 944 (Gala)
3471 872 3596 928 dari
3616 872 3930 946 praecipio.

2275 967 2467 1023 Vineae
2512 965 2794 1037 pedatura
2825 981 2961 1033 una,
2990 964 3099 1020 sita
3130 965 3189 1042 in
3234 968 3434 1021 monte
3475 966 3712 1034 Buxata,
3746 983 3932 1039 quem

2273 1062 2466 1118 Juvius
2494 1058 2649 1128 colit,
2688 1058 2927 1114 ecclisiae
2957 1057 3386 1114 Boninsiacinse
3431 1058 3555 1115 dari
3604 1061 3929 1117 constituo.

2275 1155 2474 1222 Vinea,
2504 1169 2679 1226 quem
2706 1151 2940 1209 Uvassio
2967 1153 3123 1220 colit,
3155 1169 3287 1208 cum
3310 1151 3434 1226 ipso
3464 1154 3806 1211 Uvassione.
3854 1195 3868 1209 .
3915 1195 3928 1210 .

2278 1358 2452 1415 quem
2488 1383 2501 1397 .
2547 1383 2559 1397 .
2606 1383 2619 1396 .
2666 1383 2678 1395 .
2725 1382 2738 1397 .
2783 1381 2797 1395 .
2843 1382 2855 1395 .
2900 1382 2912 1393 .
2943 1341 3132 1395 colere
3157 1340 3385 1409 debeat,
3419 1341 3685 1398 baselica
3716 1342 3931 1399 domni

2277 1434 3927 1493 Sinsuriani........ohlata........dari

2277 1530 2582 1586 constituo.
2596 1528 2789 1583 Vineae
2804 1527 3089 1599 pedatura
3100 1544 3235 1596 una,
3251 1528 3357 1583 sita
3373 1528 3431 1583 in
3452 1532 3652 1585 monte
3678 1529 3926 1596 Blixata,

2278 1641 2453 1696 quem
2483 1621 2844 1678 Leudefredo
2874 1620 3027 1688 colit,
3050 1621 3311 1678 baselicaa
3339 1622 3517 1678 sancti
3551 1664 3565 1677 .
3610 1664 3623 1678 .
3670 1664 3683 1678 .
3733 1665 3747 1677 .
3796 1665 3809 1677 .
3841 1640 3928 1679 ar-

2277 1717 2383 1773 tini
2409 1718 2552 1788 (Leg.
2585 1714 2832 1786 Martini)
2874 1715 2925 1769 ci
2955 1718 3199 1786 perente
3240 1715 3365 1771 dari
3397 1716 3576 1787 jubeo
3610 1757 3623 1772 .
3671 1758 3683 1771 .
3734 1758 3748 1771 .
3799 1758 3812 1770 .
3855 1758 3867 1772 .
3913 1758 3927 1772 .

2279 1811 2618 1866 libertorum
2660 1825 2928 1864 meorum
2970 1825 3227 1865 nomena
3251 1808 3311 1864 in
3342 1850 3356 1865 .
3402 1852 3416 1866 .
3461 1852 3476 1866 .
3517 1852 3530 1866 .
3564 1813 3929 1866 testamento

537 1909 674 1965 fibla
699 1879 875 1963 aurea
918 1879 1213 1978 gemmata
1240 1905 1315 1961 ad
1340 1907 1539 1960 mento
1566 1904 1693 1959 dari
1737 1904 2043 1960 constituo.
2069 1879 2253 1961 Ba-B
2275 1905 2411 1960 abin
2442 1946 2456 1960 .
2501 1946 2514 1959 .
2560 1945 2574 1959 .
2619 1944 2632 1958 .
2680 1945 2693 1959 .
2726 1903 2800 1957 cti
2845 1902 3131 1958 constituo
3173 1902 3602 1976 Medibergane,
3638 1905 3927 1971 Honorio,

539 2002 726 2059 selicaz
748 2001 979 2056 domnae
1007 1998 1195 2055 Maria:
1223 2002 1462 2070 gravata
1493 2001 1772 2069 argentea
1806 2000 2035 2054 valente
2067 2000 2171 2055 sol.

540 2095 820 2164 duodece,
849 2096 908 2147 et
935 2110 1102 2147 cruce
1136 2109 1314 2148 aurea
1338 2094 1567 2148 valente
1589 2093 1692 2148 sol.
1716 2094 1898 2163 septe,
1931 2092 2057 2147 dari
2079 2093 2172 2164 ju-

537 2190 667 2245 beo.
698 2186 964 2243 Baselicze
991 2185 1190 2241 domni
1217 2186 1438 2242 Stefani
1460 2186 1633 2241 anolo
1670 2202 1846 2241 aureo
1900 2185 2175 2257 nigellato

536 2284 763 2338 valente
783 2282 888 2336 sol.
922 2282 1192 2353 quatuor,
1220 2279 1347 2335 dari
1374 2280 1524 2335 volo.
1553 2278 1804 2334 Basilicas
1822 2279 2025 2335 domni
2045 2280 2178 2335 Ger-

536 2377 655 2433 vasi
690 2378 862 2433 anolo
903 2391 1103 2442 aureo,
1154 2390 1373 2430 nomen
1406 2389 1606 2428 meum
1652 2373 1711 2428 in
1751 2389 1811 2428 se
1860 2373 2176 2428 habentem

535 2470 831 2537 scribtum,
861 2468 986 2524 dari
1012 2467 1303 2539 prmcipio.
1328 2466 1595 2521 Baselicaa
1636 2466 1819 2522 sancti
1857 2466 2180 2522 Sinsuriani

540 2563 693 2636 (Sic),
712 2562 771 2617 in
803 2578 918 2634 qua
946 2561 1117 2615 bonas
1142 2559 1562 2616 recordationis
1590 2560 1740 2615 illius
1765 2576 1930 2615 meus
1960 2561 2177 2617 Deoro-

535 2656 735 2712 valdus
759 2653 1086 2727 requiescit,
1116 2655 1285 2709 freno
1313 2654 1539 2713 valente
1566 2654 1670 2709 sol.
1706 2652 1985 2721 duodece,
2014 2657 2073 2708 et
2092 2671 2181 2709 ca-

536 2749 691 2805 ballo
719 2751 920 2815 strato,
950 2751 1009 2803 et
1033 2762 1271 2803 carruca
1287 2746 1345 2801 in
1367 2763 1483 2818 qua
1504 2746 1707 2803 sedere
1727 2746 2017 2815 consuevi,
2045 2764 2178 2802 cum

537 2843 711 2899 boves
733 2859 747 2909 ;
771 2844 831 2897 et
874 2840 1111 2897 lectaria
1142 2857 1275 2897 cum
1307 2839 1466 2896 omni
1503 2843 1754 2895 stratura
1778 2857 1900 2908 sua,
1932 2857 2036 2913 pro
2077 2841 2178 2897 de-

536 2936 767 2993 votione
795 2951 928 2991 mea
953 2938 1012 2990 et
1054 2934 1318 3006 requiem
1351 2933 1693 2990 Deorovaldi
1722 2933 1847 2988 dari
1886 2934 2177 3006 praecipio.

536 3030 666 3086 Alia
695 3044 933 3085 carruca
958 3044 1091 3083 cum
1136 3028 1313 3083 boves
1342 3028 1430 3082 vel
1459 3026 1620 3083 omni
1658 3029 1910 3083 stratura
1937 3045 2059 3097 sua,
2087 3045 2180 3084 ec-

539 3123 711 3179 clisiaa
748 3121 855 3177 vici
900 3120 1306 3177 Boniciacinsis
1335 3121 1462 3176 dari
1489 3120 1688 3192 jubeo.
1717 3120 1994 3177 Similiter
2020 3121 2181 3178 villa-

540 3234 685 3285 rem,
733 3215 822 3271 cui
862 3214 1203 3270 vocabulum
1241 3217 1328 3269 est
1360 3215 1643 3281 Volonno,
1685 3231 1815 3269 cum
1854 3214 2180 3285 adjacentia

539 3326 662 3377 sua,
686 3325 858 3381 supra
892 3307 1116 3363 scribtis
1151 3306 1391 3363 ecclisiae
1418 3307 1823 3375 Bonisiacinse,
1855 3324 1959 3379 pro
1984 3325 2176 3363 reme-

540 3403 701 3459 dium
747 3402 962 3458 animae
1002 3416 1149 3457 mea:
1192 3401 1406 3456 habere
1444 3401 1736 3473 praecipio.
1789 3404 2177 3458 Sacrosanctas

540 3496 794 3552 ecclesiae
820 3494 1064 3551 civitatis
1088 3494 1440 3551 Parisiorum
1471 3495 1738 3552 missorio
1766 3498 2066 3566 argenteo,
2085 3512 2178 3552 va-

538 3592 695 3646 lente
750 3591 852 3645 sol.
900 3587 1342 3660 quinquaginta,
1394 3588 1521 3644 dari
1576 3587 1867 3659 praecipio.
1908 3588 2178 3645 Baselicae

541 3687 753 3740 sanctae
782 3685 990 3740 Cruces
1020 3684 1108 3737 vel
1138 3681 1352 3738 Domni
1374 3681 1637 3737 Vincenti
1679 3682 1949 3737 cocliaria
1975 3699 2179 3754 argen-

541 3781 635 3834 tea
664 3779 804 3833 dece
831 3777 957 3832 dari
973 3776 1172 3847 jubeo.
1194 3775 1455 3831 Lectaria
1478 3792 1585 3847 par
1606 3792 1742 3844 uno,
1769 3779 1828 3831 et
1852 3776 2180 3832 vestimenti

541 3872 657 3928 mei
685 3872 917 3943 pareclo
946 3886 1061 3925 uno
1092 3869 1365 3925 fratribus
1392 3869 1467 3925 ad
1490 3869 1681 3925 minsa
1711 3869 1975 3925 baselica:
1998 3870 2182 3925 sancti

543 3965 765 4021 Dionisi
813 3963 939 4019 dari
981 3963 1274 4035 praecipio.
1306 3963 1434 4018 Alia
1469 3964 1689 4035 pariclo
1733 3963 2067 4020 vestimenti
2107 3963 2182 4019 ad

541 4059 666 4114 vico
696 4057 995 4113 Bonisiaca
1030 4057 1305 4112 fratribus
1334 4056 1459 4112 dari
1487 4056 1680 4130 464
1707 4058 2012 4114 constituo.
2046 4059 2181 4112 Ter-

544 4153 625 4207 tio
656 4150 872 4223 pariclo
908 4150 1239 4206 vestimenti
1281 4150 1488 4206 Emilia
1530 4151 1605 4205 ad
1648 4150 1772 4205 vico
1813 4151 1937 4206 dari
1980 4150 2180 4222 jubeo.

546 4249 690 4302 Item
720 4262 824 4317 pro
851 4244 1179 4301 remedium
1210 4261 1432 4299 anemae
1462 4260 1627 4311 mese,
1649 4245 1738 4297 vel
1769 4261 1835 4298 ex
1864 4242 2184 4298 demanda-

544 4340 708 4396 cionc
723 4340 893 4395 bonae
911 4338 1338 4395 recordacionis
1358 4337 1438 4391 fili
1458 4336 1575 4392 mei
1596 4336 1940 4391 Deorovaldi
1963 4336 2181 4403 villam,

545 4430 635 4486 cui
663 4430 1005 4485 vocabulum
1036 4431 1124 4483 est
1146 4425 1462 4493 Latiniaco,
1496 4424 1606 4479 sita
1638 4424 1699 4479 in
1726 4425 2019 4480 territurio
2048 4425 2185 4480 Mel-

545 4524 729 4593 dinse,
752 4540 886 4578 cum
900 4520 1137 4592 campis,
1162 4519 1449 4574 colonecis
1469 4517 1543 4573 ad
1561 4517 1770 4573 eadem
1804 4518 2182 4591 pertinentes,

2274 1997 2730 2065 Gundileubane,
2772 1996 2968 2065 Piane,
3013 1996 3344 2052 Sumthulfo
3387 1997 3742 2065 Ciuccirane,
3794 1998 3928 2053 Hic-

2276 2092 2555 2158 chicione,
2575 2092 2734 2145 Maxa
2784 2106 2960 2146 uxore
2996 2091 3339 2164 Chioberga,
3372 2091 3716 2160 Sinderedo,
3749 2093 3931 2163 Angi-

2275 2187 2430 2253 lone,
2476 2184 2835 2240 Leudefredo
2875 2201 3007 2239 cum
3050 2201 3225 2240 uxore
3260 2186 3640 2253 Vuandilone,
3668 2186 3928 2242 Chaide-

2276 2296 2443 2348 runa,
2468 2278 2838 2345 Childeruna,
2869 2278 3309 2351 Thrasteberga,
3341 2279 3805 2349 Theodachario,
3834 2280 3927 2335 Vi-

2279 2373 2415 2445 gilio
2441 2390 2577 2428 cum
2602 2388 2777 2427 uxore
2802 2372 3084 2440 Sunnine,
3110 2373 3334 2444 Agione
3361 2391 3491 2429 cum
3509 2374 3626 2429 ﬁlio
3644 2392 3751 2430 suo
3768 2375 3930 2430 Gari-

2278 2468 2438 2535 lulfo,
2466 2466 2785 2522 Vincimalo
2828 2483 2960 2521 cum
3007 2482 3179 2522 uxore
3219 2467 3510 2535 Maurella,
3538 2467 3753 2522 Mellita
3791 2484 3925 2523 cum

2279 2562 2395 2617 ﬁlio
2427 2578 2529 2616 suo
2549 2560 2803 2631 juniore,
2833 2559 3114 2616 Coccione
3140 2577 3270 2615 cum
3312 2561 3431 2616 ﬁlio
3480 2578 3581 2616 suo
3620 2561 3923 2633 Daigisilo,

2277 2655 2562 2711 Mudilane
2593 2670 2725 2709 cum
2752 2653 2883 2708 ﬂliis
2912 2653 3026 2709 suis
3053 2654 3389 2725 Munegisilo
3417 2658 3476 2709 et
3509 2655 3922 2723 Monechrude,

2277 2748 2587 2816 Acchione,
2619 2748 2875 2811 Bonane,
2902 2747 3348 2815 Leubosaintho,
3377 2747 3603 2804 Gibulfo
3625 2748 3747 2804 ﬁlio
3768 2749 3923 2820 Vigi-

2281 2842 2377 2898 lio.
2410 2844 2823 2910 Dommoruna,
2854 2840 3307 2909 Childerimane,
3341 2841 3584 2909 Basone,
3625 2842 3924 2913 Childegi-

2281 2937 2420 3003 selo,
2454 2935 2898 3007 Childegunthe.
2931 2934 3246 2991 Chrodulfo
3276 2977 3290 2990 .
3336 2977 3349 2990 .
3398 2978 3412 2992 .
3458 2977 3471 2991 .
3496 2934 3687 3009 465
3724 2936 3927 2992 Sinde—

2279 3029 2569 3100 bergane,’
2616 3027 2994 3095 Monechilde,
3045 3030 3318 3096 Eterno,
3373 3029 3763 3096 Bauderuna;
3821 3030 3925 3084 hos

2282 3139 2489 3178 omnes
2541 3138 2672 3178 cum
2703 3121 2866 3177 omni
2911 3121 3204 3194 peculiare
3244 3139 3467 3191 eorum,
3514 3126 3636 3178 tam
3674 3124 3922 3190 areolas,

2282 3216 2573 3288 hospitio],
2598 3216 2932 3283 ahortellus,
2959 3216 3047 3271 vel
3069 3215 3344 3285 vineolas,
3374 3219 3432 3271 et
3451 3233 3583 3271 cum
3602 3216 3663 3271 id
3677 3217 3839 3288 quod
3867 3217 3924 3272 in

2281 3309 2626 3382 quibuslibet
2653 3310 2825 3364 rebus
2853 3309 3069 3365 habere
3098 3308 3384 3377 videntur,
3418 3310 3629 3366 liberos
3678 3310 3921 3365 liberas-

2279 3421 2389 3475 que
2420 3420 2545 3459 esse
2570 3402 2871 3474 praecipio;
2905 3406 2963 3457 et
2978 3402 3261 3474 quidquid
3288 3402 3494 3458 exinde
3524 3405 3713 3459 facere
3733 3405 3922 3460 volue-

2277 3497 2413 3565 rint,
2440 3496 2696 3552 habeant
2724 3495 2971 3551 liberam
3002 3499 3370 3567 potestatem.

2350 3590 2630 3647 Similiter
2668 3589 2994 3645 Mumolane
3030 3607 3161 3644 cum
3194 3590 3355 3645 omni
3381 3590 3673 3661 peculiare
3702 3608 3804 3647 suo
3832 3591 3919 3647 in-

2280 3701 2538 3755 genuum
2561 3700 2686 3739 esse
2701 3683 2972 3755 praecipio
2997 3700 3010 3739 :
3031 3684 3344 3738 luminaria
3357 3685 3657 3740 tantumin
3685 3686 3923 3742 ecclesia

2282 3777 2579 3833 Bonisiaca
2626 3776 2955 3832 ministrare
3005 3776 3250 3832 stodeat.
3292 3778 3739 3834 Vualacharium
3791 3796 3921 3834 cum

2282 3871 2445 3927 omni
2476 3870 2766 3943 peculiare
2789 3887 2913 3938 suo,
2929 3873 3140 3925 etcum
3157 3870 3332 3925 boves
3354 3888 3499 3942 quos
3514 3872 3754 3944 bajolat,
3770 3873 3924 3943 inge-

2282 3982 2464 4021 nuum
2488 3982 2557 4021 ea
2587 3963 2927 4020 condicione
2955 3980 3077 4018 esse
3100 3963 3301 4035 jubeo,
3330 3968 3393 4019 ut
3417 3964 3574 4037 ligna
3594 3969 3823 4022 tantum
3850 3967 3923 4022 ad

2285 4060 2476 4114 oblata
2500 4057 2834 4114 faciendum
2860 4057 3190 4113 ministrare
3222 4063 3513 4131 procuret.
3554 4060 3922 4116 Gundefredo

2285 4169 2415 4207 cum
2440 4153 2615 4207 boves
2631 4151 2777 4207 duos
2801 4151 3066 4207 laborare
3087 4152 3378 4224 praecipio,
3403 4153 3557 4209 unde
3584 4171 3717 4210 cera
3737 4155 3812 4210 ad
3830 4155 3926 4210 ba-

2286 4245 2458 4300 selica
2505 4245 2707 4301 domni
2751 4245 3071 4301 Sinsuriani
3116 4250 3504 4318 comparetur.
3558 4247 3922 4315 Martiniano,

2285 4338 2663 4395 Theoderuna
2702 4355 2835 4394 cum
2873 4338 2991 4395 ﬁlio
3035 4356 3136 4395 suo
3173 4340 3423 4409 seniore,
3456 4358 3587 4397 cum
3635 4343 3925 4413 peculiare

2287 4449 2509 4499 eorum,
2532 4432 2676 4488 sicut
2693 4449 2866 4504 supra
2888 4433 3477 4503 scribtibenemereti,
3500 4436 3790 4508 ingenuos
3802 4454 3922 4492 esse

2278 4526 2477 4596 jubeo.
2510 4525 2693 4581 Simili
2718 4526 2895 4582 modo
2924 4543 3029 4598 pro
3074 4527 3400 4583 remedium
3431 4529 3644 4584 animae
3674 4546 3840 4597 mese,
3868 4533 3924 4583 et

545 4634 678 4674 cum
708 4617 887 4689 pratis
917 4613 1160 4687 pascuis,
1190 4611 1361 4679 silvis,
1385 4613 1472 4667 vel
1501 4611 1663 4678 omni
1682 4612 1814 4683 jure
1845 4616 1904 4668 et
1933 4614 2183 4671 termino
2203 4620 2263 4695 D
2287 4635 2355 4674 ex
2380 4618 2833 4675 demandatione
2863 4620 2945 4675 fili
2961 4621 3077 4676 mei
3102 4621 3462 4690 Deorovaldi,
3494 4623 3753 4695 Gygone,
3794 4624 3924 4695 Sep-

546 4729 670 4780 suo,
702 4710 837 4782 quia
856 4709 916 4763 in
942 4705 1210 4779 portione
1238 4721 1411 4777 supra
1434 4706 1745 4761 memorati
1769 4706 1869 4761 ﬁlii
1898 4707 2014 4762 mei
2034 4709 2182 4764 Deo-

545 4803 767 4861 rovaldi
814 4799 1074 4867 obvenit,
1124 4816 1256 4854 cum
1302 4799 1464 4855 omni
1520 4798 1853 4871 integritate
1919 4800 2182 4857 baselica:

548 4896 733 4954 sancti
757 4892 1096 4962 Sinsuriani,
1131 4893 1227 4948 ubi
1259 4895 1553 4966 sepultura
1583 4894 1799 4949 habere
1844 4893 2181 4964 dinuscitur,

546 5006 651 5062 pro
680 4987 943 5060 requiem
966 4987 1089 5059 ejus
1117 4987 1243 5043 dari
1263 4988 1554 5060 praseipio.
1584 4987 1863 5043 Similiter
1894 4988 2182 5059 porcario,

548 5081 784 5138 nomine
813 5081 1111 5151 Gudilane,
1157 5098 1290 5137 cum
1323 5080 1549 5153 gregim
1582 5097 1910 5152 porcorum,
1944 5085 2003 5137 et
2041 5083 2183 5138 Bau-

549 5178 790 5233 domere
813 5193 943 5231 cum
967 5176 1192 5249 gregim
1217 5173 1430 5242 ovium,
1454 5178 1512 5229 et
1530 5178 1738 5247 troppo
1757 5176 2183 5247 jumentorum,

548 5271 645 5344 qui
678 5274 811 5326 sunt
841 5271 913 5326 ad
944 5287 1118 5343 supra
1160 5268 1373 5339 scripta
1401 5267 1534 5323 villa
1568 5268 1881 5339 Latiniaco,
1923 5270 2184 5343 supradi-

547 5368 653 5420 ctae
672 5364 937 5422 baselica:
961 5362 1143 5420 sancti
1174 5359 1496 5416 Sinsuriani
1516 5362 1732 5419 habere
1749 5364 1949 5436 jubeo.

619 5461 899 5518 Goderico
928 5463 987 5514 et
1009 5456 1332 5513 Gunderico
1359 5456 1419 5513 in
1449 5474 1622 5531 supra
1647 5458 1923 5531 scriptam
1968 5460 2184 5529 villam,

547 5572 720 5628 quem
749 5552 1014 5611 baselicm
1035 5550 1236 5606 domni
1262 5550 1583 5608 Sinsuriani
1612 5552 1881 5625 deligavi,
1914 5553 1995 5609 ita
2007 5554 2186 5625 jubeo

546 5653 608 5705 ut
637 5648 925 5714 laborent,
960 5645 1112 5701 unde
1148 5644 1222 5701 ad
1272 5645 1397 5718 ipsa
1439 5645 1691 5702 basileca
1729 5646 1924 5704 oblata
1964 5647 2188 5704 cotidia:

546 5740 923 5798 ministretur.
947 5738 1225 5796 Leudulfo
1242 5756 1377 5795 cum
1392 5739 1582 5810 vinea,
1610 5757 1786 5813 quem
1810 5741 2077 5798 Sabucito
2100 5758 2191 5797 co-

541 5837 625 5901 lit,
655 5833 728 5888 ad
760 5833 1032 5904 oraturio,
1062 5833 1164 5906 qui
1193 5836 1280 5889 est
1305 5833 1365 5888 in
1395 5833 1529 5890 villa
1560 5833 1875 5903 Latiniaco,
1909 5836 2062 5891 unde
2088 5834 2190 5893 ibi-

546 5927 680 5984 dem
715 5927 906 5985 oblata
928 5930 1213 5996 occurrat,
1243 5926 1370 5983 dari
1393 5928 1541 5984 volo.
1571 5927 1901 5997 Baudulfus,
1926 5929 2191 5987 Sumtha-

2284 4712 2485 4767 teredo
2503 4728 2634 4767 cum
2659 4730 2837 4769 uxore
2862 4714 3190 4783 Goderuna,
3217 4715 3629 4785 Theodonivia,
3652 4717 3925 4773 Baudoni-

2283 4805 2394 4874 via,
2422 4807 2663 4874 Carane,
2694 4807 2939 4862 Patricio
2975 4824 3107 4862 cum
3138 4825 3314 4865 uxore
3350 4810 3617 4878 Eusebia,
3651 4811 3921 4882 Dagarico

2285 4916 2416 4955 cum
2442 4916 2617 4955 uxore
2652 4901 2961 4969 Aurovefa,
2993 4900 3348 4971 Ciuncileno,
3391 4902 3777 4960 Blidemundo
3797 4921 3922 4959 cum

2284 4994 2403 5049 ﬁlia
2442 4993 2812 5062 Blidechilde,
2843 4994 3188 5063 Manileubo,
3240 4996 3555 5064 Trasilane,
3600 4997 3921 5063 Eumundo,

2286 5086 2590 5142 lmneredo
2648 5104 2780 5142 cum
2823 5104 2997 5143 uxore
3046 5088 3296 5160 Torigia,
3356 5090 3660 5159 Chadulfo,
3710 5091 3921 5157 Aridia,

2244 5188 2259 5197 ’
2286 5181 2629 5248 Rocculane,
2661 5180 3001 5250 Babiccono,
3019 5182 3369 5239 Gunthivera
3393 5201 3407 5252 ;
3431 5184 3538 5239 hos
3569 5201 3771 5240 omnes
3796 5199 3921 5239 cum

2288 5272 2449 5328 omni
2479 5273 2786 5345 peculiare,
2822 5277 2946 5330 tam
2980 5277 3223 5345 areolas,
3273 5293 3453 5348 quam
3488 5277 3820 5350 hospiciola,
3845 5276 3921 5331 vi-

2289 5367 2485 5423 neolas
2512 5368 2599 5422 vel
2622 5368 2921 5436 hortellus,
2954 5384 3086 5424 cum
3104 5369 3164 5426 id
3192 5370 3345 5442 quod
3368 5372 3639 5443 praesenti
3663 5375 3921 5443 tempore

2288 5460 2503 5516 habere
2532 5460 2821 5527 videntur,
2848 5462 3139 5535 ingenuus
3162 5480 3284 5520 esse
3321 5466 3628 5533 constituo,
3650 5464 3920 5521 Baudulfo

2289 5557 2347 5609 et
2361 5554 2796 5627 Sumthahario,
2825 5574 2957 5614 cum
2988 5557 3165 5614 boves
3190 5575 3336 5631 quos
3353 5559 3636 5632 bajolant,
3664 5559 3922 5615 laborare

2288 5649 2578 5723 principio,
2604 5651 2759 5707 unde
2781 5651 2976 5708 oblata
3005 5652 3078 5707 ab
3102 5652 3356 5709 baselica
3380 5652 3590 5709 Domni
3609 5650 3924 5709 Sinsuriani

2283 5743 2504 5816 jugiter
2529 5745 2910 5802 ministretur.
2956 5747 3045 5801 Ita
3085 5746 3181 5814 do,
3210 5746 3291 5803 ita
3318 5746 3457 5818 ligo,
3496 5746 3576 5802 ita
3622 5749 3822 5814 testor,
3850 5745 3921 5801 ita

2290 5854 2391 5893 vos
2418 5838 2564 5895 mihi
2594 5838 2829 5905 Quiritis
2867 5838 3266 5895 testimonium
3305 5839 3699 5913 perhibetote;
3746 5838 3919 5902 citari,

2290 5931 2599 6005 citeraeque
2622 5932 2889 6005 proximi,
2917 5932 3654 6007 proximaque,‘exheredis
3682 5933 3830 5991 mihi
3849 5950 3919 5990 es-
