4014 6230
136 332 217 384 i3?
776 332 865 389 AD
908 332 1395 390 PRzECEDENTlA
1436 334 1767 391 LITURGIJS
1804 335 2220 393 MONUMENTA
2259 338 2595 395 APPENDIX
2633 340 2859 397 PRIMA.

3398 350 3502 404 438

128 447 238 502 tote
265 460 278 500 :
312 444 646 519 proculque
673 444 947 502 habetote
979 444 1024 501 si
1053 462 1182 518 quae
1205 444 1391 500 litura:
1416 445 1505 500 vel
1537 462 1768 503 caraxa-
1794 453 1854 529 Α
1877 445 2133 501 Germani
2154 462 2189 501 a
2217 447 2399 502 Pratis
2424 463 2577 511 mss.,
2605 449 2765 514 ibid.,
2800 452 2861 505 in
2895 448 3055 507 Coma
3087 454 3342 526 Domini).
3375 456 3511 513 Post

132 545 262 597 tura;
284 538 345 595 in
378 539 497 596 hoc
523 543 879 597 testamento
909 557 1042 596 meo
1074 543 1227 609 sunt,
1250 557 1361 611 ego
1388 540 1496 596 feci
1528 541 1770 617 ﬁerique

132 633 384 709 praecipi,
431 634 581 690 dum
631 635 776 690 mihi
823 635 1029 707 saepius
1070 634 1222 690 volui
1276 633 1581 690 recenseri.
1621 634 1772 691 Addi

133 729 295 785 etiam
334 729 642 799 constitui,
680 730 725 785 si
762 730 888 802 quis
926 732 1127 785 contra
1165 730 1319 784 hunc
1355 732 1770 785 testamentum

130 823 312 879 venire
332 823 612 893 voluerit,
637 827 737 880 aut
753 825 1113 881 voluntatem
1139 839 1335 879 meam
1356 823 1415 878 in
1437 822 1629 896 aliquo
1652 840 1772 879 cor—

129 934 390 989 rumpere
416 918 820 990 temptaverit,
854 936 888 972 a
914 916 1325 973 communione
1353 918 1617 973 omnium
1637 935 1768 973 san-

131 1017 343 1067 ciorum
371 1014 433 1066 et
463 1029 500 1066 a
525 1012 858 1067 limenebus
884 1011 1254 1067 ecclesiarum
1274 1012 1572 1067 efficeatur
1592 1014 1773 1069 extra-

132 1124 280 1174 neus,
317 1109 375 1161 et
411 1105 663 1178 insuper
698 1110 832 1161 ante
864 1106 1117 1162 tribunal
1142 1106 1353 1162 Christi
1378 1105 1772 1163 anathimatus

130 1202 487 1272 permaneat.
506 1202 717 1255 Actum
737 1199 987 1255 Parisius
1006 1200 1110 1256 sub
1130 1199 1222 1254 die
1240 1203 1298 1255 et
1314 1203 1575 1272 tempore
1598 1217 1771 1273 supra

129 1294 349 1365 scripto.
365 1293 675 1367 Signum-l-
691 1293 1175 1350 Erminethrudiaa
1199 1294 1521 1349 testatricis.
1545 1294 1582 1356 -ἱ-
1596 1296 1772 1350 Mum-

129 1387 304 1443 molus
352 1404 538 1455 com.,
590 1391 835 1460 rogante
880 1392 939 1442 et
986 1390 1271 1459 praesente
1320 1389 1768 1457 Ermenthrude,

128 1482 269 1536 hunc
292 1483 720 1537 testamentum
748 1482 899 1537 subs.
925 1482 1177 1554 Scupilio
1199 1481 1503 1554 spatarius,
1526 1485 1769 1553 rogante

130 1573 636 1644 Erminethrudite,
663 1575 795 1630 huic
822 1578 1239 1630 testamentum
1271 1575 1423 1629 subs.
1454 1592 1550 1630 no.
1584 1574 1677 1630 die
1713 1578 1772 1630 et

127 1685 270 1723 anno
313 1669 532 1739 quibus
572 1685 764 1740 supra.
798 1668 1204 1740 Munegiselus,
1241 1671 1485 1739 rogante
1528 1671 1585 1723 et
1622 1684 1769 1740 prte-

128 1765 277 1817 sente
304 1762 849 1829 Ermminethrude,
872 1763 1027 1817 hunc
1056 1764 1474 1817 testamentum
1495 1764 1624 1817 test.
1645 1803 1657 1815 .
1683 1803 1695 1816 .
1718 1802 1731 1816 .
1754 1803 1767 1817 .

130 1872 215 1910 uo.
243 1855 338 1910 die
372 1859 433 1911 et
460 1854 663 1929 466
693 1827 847 1911 anno
882 1855 1087 1928 quibus
1114 1872 1308 1928 supra.
1347 1854 1771 1910 Baudacharius
1792 1827 1848 1900 B

131 1949 395 2004 defensor
428 1951 591 2005 subs.
621 1950 897 2005 Eusebius
938 1953 1174 2022 rogatus
1216 1950 1288 2005 ab
1322 1949 1771 2005 Erminethrude

132 2044 272 2098 hunc
302 2046 725 2101 testamentum
760 2046 978 2117 scripsi,
1013 2044 1195 2116 relegi
1223 2046 1282 2099 et
1308 2043 1460 2099 subs.

193 2140 274 2194 En
300 2141 627 2195 testamento
651 2142 827 2195 sancti
853 2141 1084 2208 Remigii
1100 2140 1420 2195 Rhemorum
1442 2139 1697 2209 episcOpi.

194 2234 301 2287 Vas
330 2237 687 2305 argenteum
721 2235 925 2289 decem
958 2236 1016 2289 et
1046 2235 1174 2288 octo
1204 2232 1483 2287 librarum
1513 2231 1667 2287 inter
1689 2235 1768 2301 te,

135 2327 288 2381 heres
332 2342 471 2382 mea
516 2328 775 2398 (Ecclesia
817 2327 1148 2398 Rhemensis)
1189 2329 1247 2380 et
1280 2325 1575 2381 dimcesim
1610 2329 1771 2382 tuam

139 2421 426 2475 ecclesiam
458 2422 925 2488 Laudunensem,
953 2421 1117 2476 factis
1144 2420 1227 2493 (id
1253 2425 1332 2475 est
1357 2420 1648 2491 faciendis)
1676 2436 1774 2492 pa-

138 2514 270 2567 tenis
295 2516 476 2586 atque
504 2515 777 2570 calicibus
800 2516 873 2570 ad
902 2514 1290 2569 ministerium
1319 2516 1769 2582 sacrosanctum,

139 2611 294 2678 prout
330 2609 510 2677 valui,
553 2612 669 2665 Deo
705 2611 1001 2664 annuente
1033 2607 1317 2663 distribui.
1351 2607 1522 2662 Aliud
1551 2624 1649 2663 vas
1677 2623 1769 2662 ar-

140 2704 422 2771 genteum,
459 2703 619 2774 quod
656 2703 802 2758 mihi
840 2705 1095 2759 Domnus
1132 2701 1364 2756 illustris
1394 2701 1772 2757 Chludovicus

139 2800 318 2865 (quem
354 2796 429 2851 de
470 2814 636 2852 sacro
670 2797 1034 2869 baptismatis
1073 2796 1232 2852 fonte
1270 2795 1513 2867 suscepi)
1551 2795 1770 2851 donare

138 2888 397 2959 dignatus
418 2893 531 2959 est,
556 2890 660 2946 tibi
683 2890 886 2945 heredi
909 2906 1056 2945 mea:
1084 2889 1338 2945 ecclesiae
1360 2906 1532 2962 supra
1552 2905 1773 2945 memo-

138 2982 456 3053 rataejubeo
484 2984 824 3040 turriculum
848 2987 906 3039 et
924 2984 1311 3055 imaginatum
1335 2983 1573 3039 calicem
1598 2983 1673 3056 (a)
1692 2984 1772 3039 fa-

136 3076 354 3132 bricari.
397 3119 409 3132 .
456 3120 474 3133 .
514 3119 528 3133 .
566 3078 827 3147 Vineam,
857 3095 1035 3150 quam
1073 3076 1450 3133 Bebrimodus
1480 3078 1635 3146 facit,
1666 3077 1770 3132 tibi

140 3172 367 3226 eatenus
390 3171 759 3243 derclinquo,
784 3174 847 3226 ut
867 3172 1070 3227 diebus
1095 3170 1254 3226 festis
1281 3174 1339 3226 et
1364 3171 1636 3226 omnibus
1656 3172 1766 3226 Do-
1790 3203 1844 3277 Ο

140 3263 375 3334 minicis,
392 3265 575 3321 sacris
596 3266 873 3321 altaribus
891 3283 1023 3321 mea
1040 3265 1319 3321 offeratur
1338 3264 1552 3321 oblatio
1567 3265 1661 3337 (b).
1681 3306 1693 3319 .
1715 3307 1729 3320 .
1752 3306 1766 3320 .

140 3357 367 3414 Vineam
399 3359 502 3428 do,
535 3375 710 3431 quam
741 3358 904 3432 posui
929 3358 1307 3427 Vindonissae,
1341 3359 1445 3413 sub
1471 3376 1541 3414 ea
1569 3358 1768 3414 condi-

140 3450 308 3521 tione,
336 3457 400 3508 ut
434 3471 473 3509 a
509 3454 769 3525 patribus
800 3454 936 3522 suis,
969 3453 1237 3509 omnibus
1272 3453 1474 3509 diebus
1507 3453 1666 3508 festis
1705 3469 1772 3507 ac

140 3546 463 3615 Dominicis,
492 3564 598 3619 pro
630 3548 1187 3604 commemoratione
1219 3564 1351 3603 mea
1381 3547 1556 3604 sacris
1581 3546 1773 3603 altari-

141 3638 237 3693 bus
264 3640 544 3697 offeratur
571 3641 808 3697 oblatio.

470 3760 555 3813 VI.
597 3774 919 3814 FRAGMENTA
958 3773 1431 3815 causamunam.

144 3852 209 3904 De
249 3854 503 3921 passione
561 3867 672 3907 non
731 3853 957 3920 legenda
1019 3853 1295 3908 Dominica
1344 3852 1659 3906 Palmarum
1709 3852 1770 3906 in

655 3925 834 3979 missis
871 3926 1111 3993 privatis
1157 3923 1239 3994 (c).

208 4016 505 4079 Dominica
535 4017 591 4071 in
618 4016 848 4072 Palmis.
876 4058 888 4072 .
922 4058 935 4071 .
964 4058 976 4071 .
1010 4059 1022 4071 .
1053 4015 1395 4072 Sacerdotes
1419 4015 1493 4071 ad
1520 4015 1769 4087 privatas

150 4109 334 4165 missas
371 4128 555 4166 unam
599 4112 826 4166 tantum
874 4110 1188 4166 Collectam
1236 4109 1459 4177 dicant;
1507 4110 1764 4180 Evange-

150 4202 272 4259 lium
306 4221 320 4259 ε
352 4205 490 4261 Cum
523 4207 1054 4276 appropinquasset;
1092 4203 1423 4276 passionem
1460 4203 1650 4257 nullus
1686 4204 1765 4256 le-

149 4299 252 4365 gat,
274 4298 377 4354 nisi
412 4300 620 4354 fratres
646 4298 745 4371 qui
772 4298 833 4354 in
862 4297 1066 4354 formis
1091 4300 1347 4353 cantant.
1377 4296 1766 4368 (Lanf‘rancus,

150 4392 197 4444 in
222 4393 420 4449 Decret.
443 4409 548 4463 pro
575 4393 692 4448 0rd.
722 4394 899 4448 sancti
919 4393 1144 4454 Bened.,
1164 4408 1299 4462 pag.
1333 4390 1480 4461 260.)

210 4486 266 4540 ln
285 4486 484 4543 Ramis
498 4487 829 4542 Palmarum
847 4486 921 4541 ad
937 4485 1341 4541 matutinalem
1364 4484 1602 4539 missam
1626 4500 1769 4539 non-

1871 538 2129 619 Primam
2152 539 2419 596 dicentur
2438 546 2661 615 septem
2688 543 2915 616 psalmi,
2941 548 2998 601 et
3017 546 3283 618 Letania;
3307 554 3509 622 postea

1870 632 2166 689 veniemus
2222 652 2443 692 sessum
2494 636 2684 711 467
2737 637 2795 693 in
2848 639 3116 697 claustro.
3168 642 3508 701 Sacerdotes

1871 726 2038 783 ibunt
2072 728 2289 784 dictum
2328 729 2533 786 missas
2568 748 2719 801 suas,
2757 735 2816 787 et
2854 750 3059 790 omnes
3099 735 3315 793 debent
3359 740 3505 795 cele-

1871 821 2041 877 brare
2069 822 2162 877 die
2193 822 2318 893 illa;
2347 826 2405 880 et
2431 825 2809 883 celebrabunt
2838 826 2960 883 sine
2990 829 3146 901 igne.

1872 939 1982 994 VII.
2052 955 2241 995 PASSlO
2313 957 2745 999 BEATISSIMORUM
2820 962 3115 1004 murreum

2490 1029 2891 1073 CANTIANORUM.

1942 1107 2031 1161 Em
2056 1121 2158 1161 ms.
2188 1105 2379 1161 Codice
2403 1108 2513 1163 viri
2538 1109 2833 1166 clarissimi
2865 1112 3036 1167 Ulrici
3067 1113 3318 1170 Obrechti
3340 1114 3435 1187 (ά).

1944 1198 2153 1254 Omnia
2182 1200 2247 1271 (θ)
2280 1216 2407 1271 quas
2436 1217 2469 1255 a
2500 1201 2709 1256 sanctis
2734 1207 2898 1273 gesta
2928 1208 3062 1261 sunt
3092 1208 3179 1262 vel
3207 1212 3508 1279 geruntur,

3186 964 3507 1008 SANCTORUM

1873 1291 1919 1346 si
1949 1292 2077 1366 quis
2104 1293 2347 1349 voluerit
2374 1294 2626 1349 studiose
2657 1296 3014 1367 perquirere,
3045 1304 3102 1353 et
3128 1300 3232 1355 sibi
3265 1305 3321 1357 et
3342 1303 3515 1374 pluri-

1872 1386 1980 1441 mis
2021 1387 2417 1443 aadiflcationis
2451 1387 2681 1444 exhibet
2723 1389 2995 1446 fructum.
3040 1393 3109 1446 Et
3146 1394 3291 1449 sicut
3339 1396 3513 1452 arbor

1873 1480 2171 1536 fructifera
2196 1498 2312 1535 non
2337 1482 2458 1537 sine
2492 1499 2663 1537 causa
2688 1483 2969 1555 probatur
2990 1488 3207 1542 terram
3233 1505 3513 1560 occupare

1872 1574 2011 1629 dum
2030 1574 2184 1644 vivit,
2210 1591 2341 1629 cum
2365 1578 2422 1629 et
2449 1576 2573 1647 ipsa
2600 1576 2715 1630 suis
2741 1578 2932 1648 pomis
2957 1582 3216 1648 ornatur,
3241 1585 3299 1635 et
3322 1582 3512 1637 omnis

1872 1667 1967 1738 qui
1991 1684 2056 1724 ex
2084 1684 2152 1723 eo
2179 1669 2365 1723 fructu
2392 1670 2734 1740 perceperit,
2763 1671 3079 1741 saginatur.
3110 1673 3429 1729 Scribimus
3451 1679 3515 1729 ut

1872 1761 1932 1817 in
1963 1762 2137 1833 gestis
2174 1762 2519 1830 invenimus,
2554 1764 2691 1834 quid
2724 1765 2970 1836 egerint,
3006 1766 3145 1837 quid
3181 1768 3352 1822 locuti
3388 1769 3514 1824 fue-

1872 1856 2008 1925 rint,
2033 1856 2169 1928 quid
2187 1856 2337 1927 passi
2358 1856 2472 1911 sint
2493 1857 2693 1911 sancti.
2725 1858 3037 1914 Ostenditis
3056 1877 3155 1915 vos
3178 1878 3300 1915 esse
3322 1864 3515 1918 catho-

1872 1951 2031 2017 licos,
2064 1950 2162 2022 qui
2198 1949 2464 2005 victorias
2499 1950 2707 2006 Christi
2742 1951 2993 2007 libenter
3024 1954 3233 2025 legitis,
3268 1955 3516 2010 libenter

1874 2044 2101 2099 auditis.
2124 2046 2425 2115 Interrogo
2445 2060 2545 2099 vos
2572 2044 2672 2115 qui
2697 2044 2805 2100 ista
2824 2045 2978 2100 inter
3003 2048 3404 2120 apochryphas
3422 2049 3512 2105 Iit-

1872 2141 2025 2192 teras
2061 2138 2377 2192 exvolanda
2416 2137 2660 2193 censetis
2698 2154 2711 2193 :
2741 2155 2848 2210 per
2888 2156 3031 2211 quos
3066 2145 3292 2196 constat
3325 2159 3512 2199 canon

1872 2231 2297 2303 Scripturarum
2318 2230 2584 2286 omnium
2601 2230 2925 2287 divinarum
2938 2233 2965 2287 ‘l
2988 2235 3273 2312 numquid
3292 2251 3397 2307 per
3412 2252 3513 2291 eos

1873 2324 1971 2397 qui
2002 2342 2106 2397 pro
2136 2325 2259 2396 ipso
2288 2341 2512 2380 canone
2541 2324 2726 2380 occidi
2753 2326 2940 2397 magis
2968 2330 3309 2398 optaverant
3336 2346 3513 2401 quam

1872 2421 2059 2477 vinci?
2091 2421 2239 2486 Quid
2276 2437 2415 2492 ergo
2454 2425 2770 2476 tenuerunt
2804 2424 3134 2494 martyres?
3178 2425 3377 2480 Fidem
3420 2442 3515 2481 re-

1872 2517 2048 2584 ctam,
2079 2532 2208 2587 quae
2245 2514 2420 2570 sacris
2457 2515 2847 2572 voluminibus
2887 2519 3044 2572 certo
3086 2518 3369 2574 librorum
3405 2537 3513 2574 nu-

1872 2626 2035 2665 mero
2065 2608 2409 2664 continetur.
2438 2609 2634 2681 Agunt
2660 2608 2769 2664 illis
2795 2610 3011 2682 gratias
3038 2611 3227 2683 apices
3255 2613 3517 2668 sacratis-

1872 2703 2023 2772 simi,
2046 2703 2144 2775 qui
2164 2720 2269 2774 per
2289 2719 2490 2758 eorum
2517 2704 3009 2775 perseverantiam
3038 2709 3429 2777 perseverant.
3446 2708 3517 2762 Et

1872 2796 2003 2852 ideo
2030 2797 2229 2852 volunt
2257 2813 2458 2852 eorum
2495 2800 2658 2869 gesta
2689 2798 2994 2867 conscribi,
3022 2802 3085 2853 ut
3113 2799 3171 2853 in
3200 2805 3513 2872 conspectu

1872 2890 1971 2945 Dei
2009 2893 2068 2945 et
2106 2890 2413 2945 hominum
2458 2907 2691 2962 semper
2726 2891 3037 2947 laudentur
3074 2893 3277 2960 sancti,
3308 2893 3406 2965 qui
3451 2894 3512 2949 in

1872 2986 2179 3056 conspectu
2208 2983 2639 3039 incredulorum
2670 3001 2773 3056 pro
2801 3001 3004 3040 eorum
3033 2985 3373 3042 defensione
3398 2989 3515 3043 tor-

1872 3081 2069 3133 menta
2088 3076 2371 3133 immania
2390 3080 2770 3149 pertulerunt.
2786 3078 2937 3134 Nihil
2959 3082 3170 3151 praeter
3191 3081 3516 3153 Scripturas

1870 3170 2176 3227 canonicas
2208 3170 2573 3243 recipientes,
2610 3171 2719 3227 ista
2752 3172 3005 3228 studiose
3045 3173 3527 3247 conscripsimus,

1872 3265 2244 3321 ostendentes
2274 3266 2489 3337 dogma
2515 3265 2863 3321 catholicum
2892 3283 2997 3339 per
3024 3268 3335 3324 catholicos
3362 3285 3515 3324 mar-

1872 3362 2025 3431 tyres
2053 3359 2420 3414 custoditum.
2451 3360 2789 3431 Exemplum
2812 3360 3057 3433 posteris
3083 3361 3308 3431 damus,
3331 3362 3512 3418 aedifi-

1872 3453 2161 3509 cationem
2186 3452 2553 3508 credentibus
2583 3454 2884 3523 tradimus,
2913 3458 3099 3510 artem
3130 3455 3266 3510 belli
3303 3456 3514 3512 Christi

1871 3546 2148 3602 militibus
2168 3546 2659 3601 demonstramus.
2689 3548 2927 3604 Constat
2947 3565 3047 3603 eos
3069 3550 3221 3603 nolle
3248 3566 3512 3621 pugnare

1872 3641 1918 3695 si
1944 3656 2176 3695 necesse
2203 3639 2294 3708 sit,
2327 3638 2425 3711 qui
2452 3641 2659 3695 nolunt
2687 3642 2881 3712 legere
2918 3644 3291 3712 pugnatores.
3320 3645 3509 3715 Impe-

1872 3737 2002 3789 rent
2036 3733 2330 3789 silentium
2361 3732 2722 3801 infidelibus,
2759 3736 3021 3805 spectent
3055 3735 3280 3806 pugiles
3310 3736 3509 3791 diabo-

1871 3829 2007 3883 licos
2033 3827 2130 3899 qui
2158 3828 2403 3883 athletas
2424 3826 2657 3882 Domini
2684 3830 2943 3899 spectare
2970 3831 3373 3883 contemnunt.
3396 3831 3511 3885 Nos

1869 3921 2090 3978 divinas
2124 3921 2361 3975 virtutes
2400 3920 2713 3993 loquimur,
2746 3921 3070 3990 scribimus,
3102 3922 3507 3993 praedicamus.

1868 4014 2218 4072 Prohibeant
2245 4014 2461 4083 amuli,
2492 4013 2787 4086 imperent
2821 4014 3113 4070 silentium
3142 4015 3349 4085 timidi,
3379 4033 3509 4071 ver-

1868 4110 2074 4165 berent
2098 4110 2543 4163 contemnentes
2575 4125 2587 4163 :
2618 4109 2881 4180 legentes
2910 4108 3232 4181 increpant,
3264 4109 3513 4165 libenter

1868 4203 1991 4258 hinc
2012 4202 2314 4257 audientes
2332 4204 2621 4270 accusent;
2646 4200 2840 4276 468
2864 4202 3149 4274 gloriosos
3171 4203 3388 4258 facient
3407 4203 3514 4258 mi-

1866 4296 1997 4351 lites
2038 4296 2278 4351 vulnera
2315 4312 2420 4367 pro
2462 4295 2832 4368 imperatoris
2871 4296 3040 4351 laude
3086 4301 3369 4368 suscepta,
3406 4313 3511 4368 pro

1867 4390 2028 4462 cujus
2048 4406 2246 4445 amore
2267 4389 2445 4446 etiam
2468 4390 2693 4446 animas
2710 4407 2929 4463 ponere
2950 4390 3202 4445 libenter
3217 4394 3505 4461 optamus.

1866 4483 2313 4555 Triumphorum
2335 4483 2547 4539 Christi
2568 4501 2633 4539 ac
2659 4483 3029 4539 victoriarum
3056 4483 3283 4539 labores
3304 4484 3513 4538 exerci-

148 4575 242 4634 nisi
267 4597 379 4636 una
400 4581 652 4637 Collecta
670 4583 757 4635 est
776 4580 1050 4647 dicenda;
1076 4596 1183 4634 nec
1201 4578 1391 4651 passio
1414 4578 1645 4650 legitur,
1665 4577 1766 4633 sed
1785 4576 1844 4648 D
1868 4577 2020 4632 tibus
2046 4577 2117 4632 de
2156 4577 2391 4632 occultis
2426 4577 2566 4632 foris
2604 4578 2975 4649 proferimus.
3005 4577 3230 4634 Scimus
3262 4594 3508 4650 pugnas,

147 4669 232 4726 illa
258 4675 485 4730 tantum
517 4674 686 4730 lectio
718 4673 899 4729 sancti
932 4672 1225 4744 Evangelii
1257 4689 1270 4727 :
1301 4672 1433 4729 Cum
1463 4674 1770 4743 appropin-

146 4774 317 4833 quaret
346 4771 519 4825 Iesus.
560 4768 726 4834 Quod
763 4768 940 4823 etiam
972 4766 1190 4823 cunctis
1224 4766 1643 4835 sacerdotibus,
1678 4767 1776 4837 qui

147 4858 373 4927 privatas
404 4862 609 4918 missas
634 4862 1013 4930 cantavcrint,
1047 4860 1396 4932 praecipitur,
1430 4861 1494 4914 ut
1519 4859 1634 4914 sint
1669 4876 1775 4932 pa-

148 4952 240 5007 rati
264 4955 331 5010 ad
360 4956 504 5012 duas
526 4954 924 5030 processioncs
948 4971 1077 5027 quin
1103 4954 1201 5010 illo
1226 4953 1320 5009 die
1350 4956 1485 5008 sunt
1504 4952 1772 5025 agendae.

150 5044 460 5114 (Udaln’cus,
486 5053 548 5105 in
574 5051 668 5105 lib.
696 5067 713 5106 ι
743 5049 1074 5106 Consuetud.
1104 5049 1379 5112 Cluniac.,
1415 5063 1538 5118 cap.
1576 5047 1686 5118 54.)

210 5141 441 5206 Quando
472 5144 688 5200 erimus
713 5143 864 5198 circa
887 5143 1067 5198 finem
1088 5143 1352 5210 Tractus,
1387 5139 1623 5197 sacrista
1647 5141 1774 5212 pul-

153 5232 277 5291 sabit
291 5255 467 5293 unam
486 5254 727 5309 parvam
746 5253 1092 5309 campanam
1110 5253 1215 5308 pro
1234 5234 1652 5308 congregando
1674 5235 1773 5290 do-

158 5326 320 5386 minos
348 5331 423 5388 ad
451 5331 808 5387 audiendam
832 5330 1186 5403 passionem,
1211 5329 1347 5401 quia
1378 5328 1506 5401 ipsa
1537 5345 1655 5385 non
1682 5327 1775 5383 de-

155 5417 236 5477 bet
263 5424 375 5499 legi
404 5425 517 5481 nisi
550 5425 610 5480 in
648 5441 869 5496 magna
903 5423 1080 5479 missa
1117 5422 1572 5496 (Consuetudines
1600 5423 1779 5478 sancti

232 5539 281 5682 et)
304 5541 445 5596 Vide
475 5557 650 5614 pagg.
681 5543 749 5597 66
780 5543 839 5595 et
863 5541 952 5596 93.

236 5610 262 5663 b
306 5612 445 5667 Vide
477 5629 611 5682 pag.
645 5612 766 5667 184.

236 5610 281 5685 ὁ)
306 5612 445 5685 Vide
476 5610 620 5685 pag:
645 5612 766 5667 184.

234 5682 278 5756 c)
300 5683 439 5756 Vide
468 5682 606 5756 pag.
643 5686 765 5739 l27.

237 5752 287 5826 d)
314 5754 455 5809 Vide
472 5752 618 5826 ‘pa'g.
655 5756 777 5826 386,

236 5818 279 5894 ο)
288 5818 611 5887 Ραθεὶίώεῖο
624 5825 777 5896 apud
788 5822 1175 5896 Hombritium
1186 5820 1494 5896 Ambrosio
1507 5818 1776 5896 tribuitur

165 5892 386 5954 sub'hoc
414 5896 581 5955 initio
611 5914 625 5955 :
658 5892 855 5958 Smus
884 5892 1087 5953 Christi
1119 5894 1440 5952 Ambrosius
1470 5892 1770 5966 episcopus,

1876 4687 2018 4743 quas
2037 4670 2117 4725 illi
2143 4670 2443 4725 visibiliter
2467 4670 2619 4742 passi
2646 4672 2778 4738 sint,
2798 4671 3159 4727 invisibiliter
3182 4671 3350 4727 nobis
3372 4671 3515 4726 exci-

1874 4764 1985 4822 tari
2006 4763 2285 4836 quotidie,
2300 4766 2359 4819 et
2376 4765 2759 4835 neglegenter
2774 4769 3103 4836 pugnantes
3120 4766 3307 4821 acrius
3323 4765 3529 4820 vulne-.

1874 4858 2174 4930 rari.Ergo
2197 4859 2261 4912 ut
2279 4873 2443 4913 arma
2470 4859 2807 4929 pertractes,
2832 4858 3083 4913 adtende
3103 4860 3418 4927 bellantes;
3440 4858 3516 4914 da

1876 4954 2137 5007 mentem
2162 4949 2381 5019 studiis,
2410 4953 2475 5005 ut
2499 4950 2679 5005 hostis
2702 4949 2939 5022 incipiat
2968 4953 3026 5005 te
3054 4951 3283 5007 timere.

1945 5049 1998 5100 2.
2026 5044 2393 5101 Beatissimos
2416 5047 2701 5116 martyres
2729 5044 3019 5113 Cantium,
3048 5046 3418 5118 Cantianum,
3454 5052 3513 5105 et

1876 5139 2321 5208 Cantianellum,
2353 5156 2388 5194 a
2414 5138 2735 5212 paedagogo
2766 5156 2868 5194 suo
2889 5141 3059 5195 Proto
3086 5141 3252 5197 valde
3274 5143 3387 5197 fide
3418 5159 3511 5197 ca-

1876 5233 2088 5289 tholica
2117 5233 2293 5289 fuisse
2324 5233 2576 5289 edoctos.
2610 5275 2623 5288 .
2652 5275 2665 5289 .
2691 5233 2787 5305 qui
2817 5234 2889 5289 de
2910 5249 3124 5306 genere
3152 5236 3510 5304 Aniciorum,

1875 5328 1985 5383 hoc
2007 5330 2094 5381 est
2109 5326 2253 5382 diva!
2268 5326 2567 5383 memoria:
2586 5326 2779 5385 Carini
2795 5325 3181 5400 imperatoris,
3199 5331 3515 5383 noscuntur

1874 5420 2187 5493 progeniti,
2211 5424 2270 5475 et
2288 5419 2443 5476 intra
2463 5420 2667 5476 urbem
2687 5422 2958 5489 Romam,
2981 5421 3040 5475 in
3063 5425 3269 5492 quarta
3285 5420 3513 5477 decima

1876 5536 2148 5593 Christum
2169 5540 2341 5593 Deum
2358 5553 2544 5593 verum
2565 5538 2861 5593 colentibus
2885 5536 3158 5605 fratribus
3172 5553 3278 5606 per
3305 5551 3515 5592 omnem

1873 5609 2116 5673 Italiam,
2165 5610 2225 5663 in
2259 5611 2485 5664 Domino
2522 5625 2729 5664 omnem
2771 5609 3018 5663 salutem.
3066 5606 3263 5662 Omnia
3307 5622 3427 5676 qua:
3479 5624 3515 5662 a

1873 5680 2111 5743 Sanctis,
2144 5695 2329 5750 usque
2365 5680 2439 5735 ad
2470 5682 2811 5750 sequentem
2841 5678 3431 5750 versum,_ScribimusA
3451 5682 3514 5732 ut

1875 5751 1936 5803 in
1969 5753 2133 5817 gestis
2158 5745 2487 5815 inuenimus,
2515 5745 2646 5816 etc.,
2682 5750 2889 5820 quibus
2925 5747 3170 5817 omissis,
3202 5745 3514 5804 resumitur

1880 5820 2047 5877 lectio
2078 5838 2114 5877 a
2144 5821 2407 5893 sequenti
2431 5836 2678 5881 numero
2710 5823 2937 5892 quarto.
