4014 6230
464 334 566 389 439

1249 331 1584 387 ΑΡΡΕΝΒΙΧ
1620 330 1708 385 AD
1745 328 1970 383 OPERA
2008 326 2243 383 SANCTI
2280 325 2580 382 GERMANI
2616 325 3044 384 PARISIENSIS.

3746 332 3888 386 440

464 439 726 513 regione,
774 439 897 497 nati
940 442 1114 512 atque
1155 437 1343 495 edocti
1377 437 1718 510 probantur,
1758 433 2101 492 Dioclitiano
2124 446 2185 522 Α
2279 432 2597 490 Beatissimi
2617 450 2752 490 vero
2774 438 3060 507 martyres
3085 451 3321 493 ascenso
3342 436 3416 509 (a)
3438 436 3705 494 vehiculo
3731 436 3887 510 jun-

465 536 665 591 Romae
708 534 1056 607 imperante,
1102 537 1160 589 et
1192 531 1535 590 Maximiano
1576 529 1834 602 partibus
1872 528 2100 602 Illyrici,

464 628 671 685 Carino
694 645 926 702 quoque
954 628 1107 683 intra
1133 626 1341 683 Gallias
1365 626 1516 681 bene
1546 628 1759 697 agente
1787 640 1928 696 erga
1951 622 2108 679 Chri-

468 723 705 792 stianos,
733 722 829 795 qui
849 714 967 778 non
989 724 1118 793 post
1142 721 1392 775 multum
1420 722 1653 791 tempus
1673 719 1978 775 defunctus
1999 720 2102 773 est.

464 819 601 873 Post
651 817 811 888 cujus
870 816 1091 871 obitum
1149 813 1573 869 sceleratissimi
1622 812 1999 869 Dioclitianus
2050 814 2110 867 et

464 910 836 967 Maximianus
874 924 979 981 per
1020 924 1223 964 omnes
1262 906 1585 979 provincias
1629 908 1863 963 decreta
1903 923 2108 978 posue-

467 1007 623 1072 runt,
662 1008 725 1058 ut
756 1003 852 1057 ubi
891 1001 1199 1058 Christiani
1241 1000 1660 1070 invenirentur,
1699 1000 1747 1055 si
1788 999 2105 1056 sacrificare

466 1098 929 1165 contemnerent,
945 1095 1179 1151 diversis
1191 1096 1375 1167 pmnis
1393 1095 1828 1167 adﬁigerentur.
1844 1096 2106 1166 Cumque

466 1193 556 1247 his
573 1190 738 1246 dictis
750 1188 1072 1246 beatissimi
1090 1192 1376 1261 martyres
1393 1189 1663 1245 Cantiani
1678 1187 1739 1243 in
1755 1189 1901 1244 urbe
1924 1189 2108 1243 Roma

465 1276 709 1342 fuissent
736 1284 936 1356 positi,
969 1283 1208 1340 consilio
1235 1282 1432 1339 habito
1461 1300 1594 1338 cum
1620 1283 1792 1338 beato
1821 1285 2016 1349 Proto,
2046 1284 2109 1337 ut

466 1380 728 1452 iniquam
744 1379 996 1434 vitarent
1016 1377 1385 1447 sententiam,
1409 1377 1631 1450 praedia
1653 1394 1755 1433 sua
1775 1376 2106 1432 suburbano

465 1474 652 1546 posita
685 1472 789 1529 sub
832 1471 1019 1544 specie
1050 1468 1393 1527 visitationis
1428 1470 1670 1526 circuire
1706 1470 2105 1526 decreverunt.

538 1572 591 1624 3.
611 1566 719 1633 Qui
739 1566 949 1622 eodem
971 1567 1236 1637 tempore
1254 1563 1313 1620 in
1335 1565 1541 1620 urbem
1555 1564 2007 1637 Aquilegensem
2024 1580 2111 1618 re-

462 1662 753 1734 pedarunt
775 1677 789 1716 :
812 1659 871 1714 in
896 1676 1011 1731 qua
1029 1662 1168 1714 tunc
1188 1658 1469 1731 temporis
1489 1676 1607 1715 non
1627 1676 1806 1732 parva
1826 1675 1962 1714 rura
1981 1674 2110 1730 pos-

466 1755 753 1811 sidebant.
781 1754 896 1810 Sed
918 1754 1053 1826 quia
1072 1755 1273 1809 lumen
1295 1753 1355 1808 in
1377 1753 1635 1809 tenebris
1659 1754 1841 1808 latere
1863 1769 1982 1807 non
2002 1769 2105 1824 po-

2208 528 2312 584 etis
2338 528 2622 597 mulabus,
2648 544 2781 584 cum
2804 530 3076 586 secedere
3100 530 3434 602 voluissent,
3458 534 3515 585 et
3535 548 3656 587 non
3678 533 3887 603 longe

2209 623 2281 678 ab
2311 622 2469 677 urbis
2495 622 2782 678 moenibus
2806 623 2919 679 iter
2948 629 3210 696 agerent,
3238 628 3298 679 et
3322 642 3503 680 unum
3530 625 3773 681 animal
3804 626 3889 681 de

2210 717 2527 790 subjunctis
2547 716 2734 773 subito
2757 717 3066 773 corruisset
3082 719 3139 773 in
3164 720 3290 774 loco
3312 718 3412 791 qui
3428 721 3773 791 appellatur
3790 720 3892 775 Ad

2206 813 2400 883 Aquas
2421 811 2722 881 Gradatas,
2745 812 2827 868 ita
2846 812 3004 868 illinc
3019 814 3154 867 sunt
3169 830 3202 867 a
3221 813 3691 885 persecutoribus
3711 831 3895 870 com-

2207 905 2499 978 prehensi.
2528 905 2695 971 Quod
2720 905 2940 961 factum
2978 923 3155 978 quam
3182 906 3501 978 gloriosum
3529 907 3603 962 sit
3623 912 3687 963 et
3719 926 3763 963 a
3791 908 3887 964 di-

2207 999 2444 1055 vinitate
2496 998 2869 1071 dispositum,
2921 1000 3199 1055 debemus
3249 1000 3571 1057 advertere.
3613 1001 3891 1074 Semper

2211 1093 2366 1149 enim
2397 1094 2548 1149 Deus
2584 1110 2728 1165 quos
2771 1093 2967 1165 elegit,
3004 1094 3166 1166 quasi
3201 1094 3443 1150 victores
3477 1112 3610 1150 cum
3651 1096 3882 1151 subve-

2209 1188 2399 1243 ctione
2429 1186 2659 1243 sublimi
2682 1187 2742 1243 in
2773 1188 2965 1243 aulam
2986 1188 3155 1259 regni
3182 1188 3422 1244 caelestis
3443 1187 3687 1245 inducit.
3714 1191 3882 1246 Nam

2210 1280 2354 1338 sicut
2377 1281 2567 1337 Helias
2593 1297 2726 1336 cum
2756 1281 3047 1354 adplicato
3075 1282 3360 1355 quadriga
3386 1283 3646 1339 ascendit
3663 1283 3729 1339 in
3756 1301 3881 1339 caa-

2208 1377 2351 1445 lum,
2386 1375 2467 1430 ita
2495 1378 2554 1430 et
2578 1375 2672 1430 isti
2690 1376 2955 1431 vehiculo
2976 1379 3176 1432 amoto
3198 1376 3272 1431 ad
3291 1378 3636 1449 martyrium
3660 1395 3883 1450 perve-

2211 1471 2455 1537 nerunt;
2489 1472 2547 1524 et
2576 1469 2861 1541 quadriga
2892 1470 3038 1525 sicut
3064 1470 3229 1525 illum
3256 1470 3440 1525 evexit
3461 1471 3538 1526 ad
3564 1471 3876 1545 requiem,

2209 1564 2290 1619 ita
2316 1567 2374 1618 et
2397 1563 2504 1618 hos
2523 1562 2774 1635 portavit
2793 1564 2867 1619 ad
2893 1563 3163 1635 gloriam.
3187 1565 3256 1619 Et
3276 1564 3540 1636 quamvis
3560 1565 3661 1621 illa
3680 1566 3883 1638 ignea

2210 1657 2493 1729 quadriga
2531 1658 2723 1726 fuerit,
2764 1658 2889 1712 hac
2928 1661 3129 1715 tamen
3161 1675 3279 1713 non
3311 1658 3556 1715 inferior
3583 1660 3880 1716 habenda

2209 1754 2321 1819 est;
2365 1750 2501 1823 quia
2542 1750 2639 1807 illa
2677 1768 2857 1807 unum
2900 1752 3147 1822 gestavit
3180 1753 3549 1825 prophetam,
3584 1754 3711 1808 haec
3745 1757 3878 1810 tres

465 1852 634 1918 terat,
655 1865 887 1904 necesse
910 1824 1036 1904 erat
1056 1850 1121 1903 ut
1141 1864 1240 1903 eos
1260 1847 1540 1904 Dominus
1563 1848 1637 1902 ad
1658 1845 1905 1917 gloriam
1926 1845 2109 1902 nomi—
2126 1824 2184 1898 B
2209 1848 2495 1917 martyres
2533 1844 2893 1901 sustentavit.
2926 1846 3042 1901 Sed
3082 1844 3221 1901 dicit
3251 1824 3458 1918 aliquis
3494 1863 3507 1903 :
3541 1846 3877 1903 Gloriosius

468 1943 557 1998 nis
588 1942 676 1998 sui
707 1943 1032 1998 coronaret.
1052 1942 1314 2013 Cumque
1342 1940 1403 1995 in
1431 1939 1879 2012 Aquilegensem
1901 1939 2107 1995 urbem

464 2036 648 2092 sancti
690 2036 934 2091 fuissent
974 2034 1260 2106 ingressi,
1308 2033 1602 2089 duriorem
1646 2034 1927 2089 saevitiam
1968 2051 2109 2106 erga

465 2129 820 2186 Christianos
839 2128 1198 2201 repperiunt,
1219 2144 1397 2201 quam
1414 2128 1772 2200 reliquerant
1792 2129 2009 2184 Romae.
2025 2130 2109 2184 Ita

460 2223 619 2278 enim
648 2239 855 2279 omnes
879 2225 1213 2278 sanctorum
1231 2224 1321 2277 vel
1347 2222 1746 2278 confessorum
1767 2239 1872 2294 pro
1894 2221 2106 2278 Christi

462 2316 702 2374 nomine
722 2316 1035 2372 multitudo
1056 2316 1116 2371 in
1145 2315 1386 2372 vinculis
1413 2332 1713 2371 carcerum
1741 2315 2002 2371 custodia
2028 2318 2111 2371 te-

466 2412 773 2479 nebantur,
801 2413 867 2467 ut
896 2410 1231 2465 enumerari
1259 2426 1377 2465 non
1401 2409 1747 2481 potuissent,
1775 2411 1986 2480 agente
2008 2407 2111 2464 sci-

463 2505 599 2561 licet
626 2503 885 2561 Dulcidio
914 2503 1183 2574 praeside,
1210 2520 1326 2559 una
1352 2519 1486 2558 cum
1517 2502 1769 2559 Sisinnio
1800 2502 2034 2558 comite.

536 2600 590 2652 4.
617 2596 934 2653 Audientes
962 2597 1160 2669 itaque
1192 2599 1420 2653 sanctos
1440 2597 1543 2652 Dei
1569 2596 1891 2666 advenisse,
1914 2596 2111 2653 statim

463 2690 713 2748 inveniri
737 2691 809 2746 ab
832 2690 1258 2763 apparitoribus
1283 2690 1787 2765 prmcipiuntur,ut
1808 2690 1918 2745 diis
1940 2691 2113 2748 thura

463 2787 770 2858 ponerent.
799 2786 955 2840 Tunc
992 2784 1314 2841 beatissimi
1348 2788 1633 2856 martyres
1671 2784 2018 2857 aspicientes
2051 2784 2110 2839 in

466 2880 671 2934 caalum
700 2878 1130 2950 responderunt
1158 2894 1171 2934 :
1204 2879 1318 2933 Nos
1350 2877 1651 2933 daemoniis
1677 2894 1795 2933 non
1827 2876 2110 2932 sacriﬁca-

466 2990 616 3042 mus,
641 2972 778 3045 quia
798 2971 1076 3044 scriptum
1099 2974 1220 3027 est:
1241 2972 1435 3028 Omnes
1457 2973 1539 3028 dii
1556 2974 1799 3041 gentium
1822 2973 2108 3036 daemonia,

462 3069 726 3124 Dominus
756 3072 939 3122 autem
976 3067 1129 3121 czelos
1161 3067 1312 3149 fecit.
1346 3067 1416 3120 Et
1451 3066 1663 3120 iterum
1698 3082 1711 3121 :
1747 3066 1961 3120 Similes
1996 3066 2111 3121 illis

2206 1940 2453 2011 gestavit
2497 1939 2780 2012 quadriga
2818 1939 3012 2010 ignea,
3065 1956 3242 2011 quam
3288 1943 3539 1997 terrena.
3583 1944 3700 1997 Nec
3752 1942 3877 1997 hoc

2207 2035 2379 2106 plane
2411 2033 2596 2089 defuit
2633 2033 2844 2089 sanctis
2874 2032 3027 2088 viris.
3060 2034 3205 2089 Nam
3235 2033 3381 2090 sicut
3418 2035 3642 2090 Heliam
3680 2036 3875 2107 ignea

2208 2128 2493 2201 quadriga
2519 2127 2788 2200 portavit,
2820 2127 2901 2183 ita
2931 2129 2989 2183 et
3020 2130 3305 2201 martyres
3335 2128 3480 2183 fides
3511 2129 3687 2201 ignea
3724 2131 3872 2201 jam

2208 2222 2450 2278 ferebat.
2479 2222 2724 2277 Ferebat
2749 2221 2899 2291 illos,
2928 2221 3193 2294 inquam,
3223 2222 3500 2292 Christus,
3526 2224 3625 2296 qui
3653 2225 3869 2279 lumen

2210 2320 2315 2386 est,
2351 2315 2449 2388 qui
2477 2315 2631 2387 ignis
2660 2319 2764 2384 est,
2790 2315 2861 2371 de
2892 2332 3007 2387 quo
3037 2316 3312 2388 scriptum
3341 2320 3428 2371 est
3457 2333 3470 2372 :
3500 2321 3642 2374 Deus
3672 2322 3875 2375 noster

2208 2413 2351 2480 ignis
2378 2425 2695 2466 consumens
2728 2414 2822 2466 est.
2854 2411 3006 2481 Ergo
3036 2427 3166 2464 cum
3196 2411 3400 2467 beatos
3432 2411 3502 2466 de
3535 2412 3747 2484 quibus
3778 2414 3868 2468 lo-

2210 2503 2444 2576 quimur
2467 2502 2803 2576 persecutor
2831 2505 3126 2575 urgueret,
3152 2503 3479 2559 vehiculum
3500 2507 3871 2562 conscende-

2209 2601 2362 2653 runt.
2397 2597 2522 2663 Qua
2546 2597 2759 2653 causa?
2787 2601 2850 2652 ut
2886 2598 3201 2669 fugerent?
3237 2598 3418 2666 absit;
3450 2615 3568 2654 non
3598 2602 3664 2654 ut
3689 2601 3869 2672 fuge-

2209 2694 2360 2760 rent,
2394 2691 2497 2746 sed
2528 2694 2592 2746 ut
2622 2691 2697 2746 ad
2726 2691 3073 2763 martyrium
3102 2691 3266 2746 citius
3297 2691 3703 2764 pervenirent;
3740 2711 3870 2749 non

2211 2788 2275 2841 ut
2309 2786 2624 2854 latitarent,
2671 2784 2866 2857 470
2904 2785 3007 2840 sed
3043 2788 3106 2840 ut
3146 2802 3205 2840 se
3245 2785 3600 2842 Christianos
3638 2787 3870 2842 cunctis

2210 2877 2641 2935 transeuntibus
2672 2877 3136 2933 manifestarent.
3164 2879 3435 2934 Ceterum
3470 2880 3750 2937 occultius
3782 2880 3869 2937 in-

2210 2975 2300 3027 ter
2332 2974 2528 3044 plures
2552 2972 2613 3027 in
2643 2971 2870 3027 civitate
2907 2973 3089 3027 latere
3124 2975 3423 3045 poterant;
3451 2974 3552 3029 sed
3578 2975 3689 3031 hoc
3719 2992 3864 3047 ege-

2209 3069 2365 3135 runt,
2400 3069 2463 3122 ut
2498 3065 2674 3122 totius
2708 3065 2908 3138 populi
2947 3066 3142 3135 corda,
3187 3067 3326 3121 dum
3359 3084 3465 3139 per
3504 3067 3730 3125 diversa
3768 3071 3863 3125 fu-

462 3165 601 3232 ﬁant
627 3161 725 3231 qui
746 3162 964 3228 faciunt
989 3176 1073 3223 ea,
1105 3164 1156 3215 et
1185 3175 1365 3215 omnes
1391 3161 1490 3229 qui
1512 3159 1791 3230 conﬁdunt
1816 3161 1875 3213 in
1900 3161 1996 3214 eis.
2027 3160 2108 3213 Ite
2129 3202 2184 3278 Ο
2211 3160 2396 3232 giunt,
2430 3159 2639 3215 Christi
2668 3177 2865 3215 amore
2901 3159 3301 3216 ﬂammentur.
3332 3162 3407 3216 At
3434 3178 3569 3218 vero
3603 3163 3703 3218 ubi
3733 3164 3867 3235 quis

470 3270 601 3278 -..__
634 3254 895 3278 ..--_L:..J.-
925 3252 1119 3278 εκξκ..-
1148 3253 1379 3278 ..-κη-232
1408 3255 1594 3278 -..η-ιη..
1638 3269 1743 3278 ...Αρ-
1764 3269 1867 3278 ...κη
1899 3251 2104 3278 Πιεκξηιζ
2208 3254 2453 3278 -.-ιε,.--ι;
2486 3254 2762 3278 ,Δ--..ιιιη
2799 3253 3066 3278 λε-..,.-ει-
3116 3271 3222 3278 ..--
3253 3271 3522 3278 ......-..-._A
3558 3256 3851 3278 _-_‘LI:____.-

465 3270 605 3325 ergo
634 3254 898 3309 nuntiate
925 3252 1123 3325 iniquo
1148 3253 1385 3324 prazsidi
1408 3255 1618 3321 vestro,
1638 3269 1745 3308 nos
1764 3269 1870 3324 pro
1899 3251 2109 3308 Christi
2130 3251 2184 3278 υ
2208 3254 2456 3309 vehiculi
2484 3254 2767 3326 adparato
2794 3253 3093 3325 disposito,
3116 3271 3223 3326 per
3250 3271 3530 3327 aggerem
3558 3256 3860 3328 publicum

462 3346 703 3404 nomine
728 3349 928 3417 optare
960 3346 1130 3416 mori,
1156 3363 1331 3418 quam
1359 3347 1431 3401 ab
1459 3346 1583 3417 ejus
1603 3345 1896 3401 mandatis
1917 3347 2111 3402 absce-

465 3441 626 3509 dere,
651 3439 786 3512 quia
815 3440 887 3494 ab
913 3439 1049 3512 ipsis
1078 3440 1378 3495 cunabulis
1398 3439 1712 3495 Dominum
1731 3442 1926 3496 Jesum
1953 3438 2110 3496 Chri-

464 3537 620 3589 stum
658 3533 1023 3589 confitemur.
1055 3534 1129 3588 At
1167 3534 1251 3588 illi
1287 3533 1597 3589 redeuntes
1627 3532 1861 3605 praesidi
1890 3534 1978 3589 vel
2008 3550 2106 3589 co-

465 3627 594 3684 miti
625 3628 951 3682 retulerunt
978 3625 1180 3682 omnia
1209 3643 1338 3699 quae
1370 3630 1535 3698 gesta
1558 3627 1809 3683 fuerant.

538 3719 731 3794 469
767 3722 923 3776 Tunc
962 3719 1253 3776 Dulcidius
1283 3737 1495 3792 praeses
1529 3738 1647 3776 una
1685 3737 1819 3777 cum
1856 3719 2109 3776 Sisinnio

464 3814 678 3872 comite
697 3815 865 3871 valde
886 3814 1185 3883 commoti,
1209 3815 1387 3870 talem
1408 3814 1696 3870 dederunt
1710 3814 1893 3887 impio
1910 3815 2111 3871 Diocli-

466 3910 628 3966 tiano
661 3910 1096 3982 suggestionem
1133 3926 1146 3964 :
1180 3907 1455 3978 Piissimi,
1497 3909 1793 3965 subvenite
1832 3908 2110 3964 Romanis

463 4003 712 4075 legibus,
742 4019 848 4075 pro
887 4002 1093 4074 quibus
1135 4002 1331 4057 victrix
1366 4002 1601 4058 dextera
1635 4006 1824 4060 vestra
1853 4002 2110 4058 hostium

466 4096 715 4152 cervices
773 4095 1033 4165 inclinat,
1090 4098 1150 4151 et
1203 4096 1312 4152 diis
1361 4096 1874 4169 omnipotentibus,
1926 4095 2023 4166 qui
2076 4114 2111 4151 a

466 4189 805 4246 Christianis
842 4192 1313 4260 contemnuntur,
1337 4190 1641 4262 juvamina
1678 4189 1953 4261 praebete.
1993 4188 2108 4243 Ad-

466 4286 753 4338 venerunt
790 4283 948 4339 enim
989 4287 1106 4340 tres
1145 4283 1413 4356 germani
1456 4299 1524 4336 ex
1565 4282 1705 4336 urbe
1747 4282 1950 4348 Roma,
1994 4298 2108 4336 uno

468 4377 669 4434 animo
698 4378 925 4433 fortiter
944 4380 1313 4445 reluctantes,
1334 4378 1393 4430 et
1409 4374 1602 4429 nescio
1625 4390 1799 4445 quem
1820 4373 2110 4430 Christum

467 4474 828 4542 conﬁtentes,
845 4477 903 4529 et
923 4474 1368 4531 contemnentes
1386 4470 1619 4524 decreta
1638 4468 1868 4540 pietatis
1884 4473 2106 4526 vestrae.

2211 3347 2506 3420 graditur;
2534 3347 2651 3402 illic
2687 3364 2805 3402 non
2834 3349 2976 3419 fuga
3003 3347 3250 3404 dicenda
3276 3352 3380 3417 est,
3415 3350 3515 3405 sed
3541 3352 3858 3422 profectus.

2209 3441 2401 3498 Sancti
2421 3441 2580 3496 enim
2600 3440 2707 3495 viri
2733 3442 2842 3497 hoc
2863 3442 3035 3510 facto,
3058 3443 3216 3497 velut
3237 3442 3297 3497 in
3319 3442 3655 3516 triumphali
3679 3462 3853 3500 curru

2209 3535 2402 3608 positi,
2448 3535 2921 3590 contestabantur
2958 3536 3216 3591 dicentes
3250 3553 3262 3591 :
3292 3538 3456 3606 Ecce,
3497 3543 3855 3611 persecutor,

2210 3646 2339 3685 ecce
2366 3629 2802 3701 proﬁciscimur,
2829 3646 2959 3685 ecce
2989 3629 3389 3701 praecedimus.
3415 3631 3566 3697 Quid
3596 3633 3857 3688 resides?

2211 3723 2351 3795 quid
2377 3723 2663 3778 moraris?
2689 3724 3041 3795 subsequere
3069 3727 3267 3779 nostra
3286 3725 3548 3797 vestigia.
3573 3727 3853 3782 Nolumus

2212 3816 2369 3873 enim
2403 3815 2584 3872 videri
2614 3817 2777 3872 inviti
2819 3816 2951 3872 duci
2988 3817 3063 3872 ad
3100 3835 3354 3890 poenam,
3388 3819 3485 3892 qui
3523 3821 3853 3893 princedere

2210 3928 2316 3967 nos
2344 3911 2689 3983 proﬁtemur
2712 3910 2787 3966 ad
2817 3911 3087 3982 gloriam.

2280 4006 2435 4060 Tunc
2467 4004 2750 4061 Sisinnius
2780 4004 2961 4059 comis
2994 4005 3116 4060 haec
3153 4005 3416 4075 audiens,
3441 4005 3614 4078 jussit
3646 4007 3852 4063 beatos

2209 4101 2494 4170 martyres
2524 4098 2969 4171 comprehendi;
3000 4099 3099 4171 qui
3131 4098 3312 4171 judex
3345 4100 3610 4155 hortatur
3638 4117 3759 4169 eos,
3792 4101 3855 4155 ut

2208 4192 2331 4247 Jovi
2356 4193 2529 4248 thura
2554 4193 2850 4248 offerrent.
2882 4192 3205 4248 Beatissimi
3233 4210 3367 4249 vero
3393 4194 3598 4249 famuli
3626 4194 3729 4249 Dei
3757 4211 3856 4250 ex-

2211 4289 2502 4341 secrantes
2530 4286 2798 4342 dixerunt
2822 4303 2882 4341 se
2910 4303 3232 4358 numquam
3262 4287 3566 4342 dmmoniis
3590 4286 3857 4343 immola-

2210 4381 2389 4448 turos,
2415 4380 2515 4434 sed
2538 4379 2928 4452 omnipotenti
2945 4380 3190 4435 Domino
3217 4380 3314 4452 qui
3334 4380 3474 4436 fecit
3498 4382 3724 4450 caelum,
3745 4385 3857 4438 ter-

2209 4489 2356 4543 ram,
2394 4490 2557 4529 mare
2593 4477 2653 4528 et
2681 4473 2880 4529 omnia
2910 4490 3038 4545 quae
3076 4474 3137 4528 in
3173 4473 3254 4528 eis
3289 4477 3441 4529 sunt.
3474 4475 3621 4529 Nam
3657 4475 3855 4531 omnia

465 4568 631 4624 Unde
671 4567 809 4640 quid
838 4568 1099 4639 jussione
1133 4568 1323 4619 vestra
1364 4562 1749 4632 decreveritis,
1793 4563 2108 4620 decernite.
2130 4578 2190 4651 D
2214 4566 2388 4635 idola,
2412 4566 2526 4622 sive
2548 4567 2648 4639 qui
2665 4584 2734 4622 ea
2753 4568 2969 4635 colunt,
2993 4584 3124 4622 cum
3147 4566 3367 4622 eisdem
3387 4568 3555 4623 ibunt
3573 4569 3632 4623 in
3654 4568 3852 4640 ignem

468 4662 564 4717 His
590 4661 799 4718 auditis
819 4657 1292 4717 sceleratissimus
1319 4654 1691 4712 Dioclitianus
1710 4657 2112 4714 vehementius

468 4757 554 4810 est
579 4757 929 4821 commotus,
954 4756 1013 4807 et
1037 4753 1189 4805 hanc
1211 4749 1374 4806 dedit
1396 4749 1826 4819 auctoritatem,
1854 4754 1919 4806 ut
1947 4752 1995 4806 si
2019 4769 2109 4808 sa-

467 4848 722 4906 criﬁcare
751 4845 1091 4913 noluissent,
1116 4844 1348 4917 capitali
1375 4844 1667 4899 sententia
1691 4845 2108 4916 plecterentur.

465 4943 724 5014 Cumque
746 4938 948 5009 iniqua
969 4937 1256 4994 sententia
1275 4936 1631 5010 pervenisset
1652 4937 1727 4993 ad
1743 4938 2111 4995 beatissimos

467 5038 772 5105 martyres,
803 5048 1041 5089 ascenso
1072 5032 1333 5087 vehiculo
1364 5049 1479 5087 una
1505 5048 1635 5086 cum
1662 5031 1985 5104 paedagogo
2007 5050 2109 5088 suo

467 5130 638 5183 Proto
680 5142 748 5180 ex
788 5125 928 5181 urbe
972 5125 1358 5198 Aquilegense
1401 5125 1615 5196 egressi
1653 5128 1806 5194 sunt,
1854 5126 2111 5182 divinam

468 5219 825 5291 Scripturam
866 5220 1150 5276 habentes
1190 5235 1309 5291 prae
1344 5219 1541 5288 oculis,
1584 5235 1713 5291 quae
1751 5218 1890 5275 dicit
1929 5236 1942 5277 :
1978 5220 2111 5276 Cum

457 5320 856 5385 persequentur
874 5332 966 5371 cos
987 5317 1047 5370 in
1073 5315 1295 5369 civitate
1318 5315 1447 5378 ista,
1467 5315 1646 5382 fugite
1666 5316 1724 5370 in
1746 5314 1933 5370 aliam.
1959 5315 2111 5369 Nun-

466 5408 643 5464 tiatur
670 5426 809 5481 ergo
843 5406 1219 5480 iniquissimis
1250 5407 1543 5479 judicibus
1572 5412 1802 5464 sanctos
1836 5408 1941 5464 Dei
1972 5425 2108 5479 pro-

465 5519 718 5574 perasse.
742 5505 896 5559 Tunc
925 5500 1210 5558 Sisinnius
1235 5501 1416 5557 comis
1440 5519 1556 5559 una
1584 5501 2105 5575 cum-spiculatori-

462 5596 570 5652 bus
602 5614 669 5653 ex
695 5599 985 5669 praecepto
1017 5594 1347 5669 impiissimi
1378 5595 1704 5654 Dioclitiani
1739 5595 2107 5675 imperatoris

463 5689 851 5764 subsequitur.

535 5834 607 5905 (a)
638 5835 768 5905 Haec
791 5834 959 5891 verba
986 5852 1026 5892 u

466 5904 827 5964 Ambrosium
852 5911 910 5965 et
927 5904 1093 5982 apud
1102 5904 1506 5981 Augustinum.

2210 4663 2577 4734 perpetuum.
2590 4661 2745 4716 Tunc
2760 4660 2974 4733 impius
2992 4660 3275 4717 Sisinnius
3293 4661 3493 4730 comis,
3508 4663 3617 4718 hoc
3633 4662 3853 4729 audito,

2209 4753 2377 4809 valde
2415 4754 2594 4811 iratus
2639 4756 2744 4824 est,
2787 4756 2844 4809 et
2889 4754 3164 4827 praecepit
3208 4754 3665 4827 spiculatoribus,
3707 4760 3773 4811 ut
3812 4754 3851 4810 si

2208 4850 2235 4905 «Ι
2241 4848 2331 4904 ovi
2352 4849 2524 4904 thura
2544 4865 2662 4904 non
2687 4847 2983 4917 offerrent,
3008 4848 3199 4921 capita
3218 4850 3627 4921 plecterentur.
3644 4850 3858 4905 Beatis-

2210 4937 2341 4993 simi
2371 4954 2507 4993 vero
2540 4940 2823 5009 martyres
2854 4936 3121 4993 Cantiani
3151 4955 3268 4993 una
3293 4955 3425 4993 cum
3456 4941 3628 4994 Proto
3657 4939 3850 5011 paeda-

2209 5048 2362 5104 gogo
2395 5049 2497 5087 suo
2529 5031 2849 5103 gaudentes
2874 5034 2932 5087 et
2958 5033 3269 5103 psallentes
3296 5031 3658 5088 ducebantur
3684 5050 3717 5088 a
3745 5033 3849 5105 spi-

2210 5125 2579 5182 culatoribus.
2601 5125 2756 5179 Tunc
2776 5124 2935 5181 beati
2955 5125 3161 5180 famuli
3182 5125 3281 5181 Dei
3302 5126 3568 5198 expansis
3583 5126 3847 5182 manibus

2209 5219 2283 5275 ad
2317 5219 2518 5274 caelum
2549 5216 2872 5273 orationem
2902 5218 3180 5274 fuderunt
3213 5219 3288 5275 ad
3317 5219 3633 5276 Dominum
3659 5220 3848 5276 dicen-

2207 5314 2295 5368 tes
2314 5330 2327 5369 :
2351 5310 2593 5369 Domine
2612 5313 2640 5367 Ι
2645 5328 2746 5367 esu
2765 5312 3007 5382 Christe,
3032 5313 3131 5385 qui
3147 5314 3651 5385 perseverantibus
3672 5314 3732 5369 in
3753 5317 3848 5370 tuo

2210 5406 2449 5463 nomine
2483 5410 2542 5462 te
2584 5408 2810 5478 patrem
2843 5409 2901 5461 et
2939 5410 3193 5462 matrem
3236 5406 3425 5462 dixisti
3467 5424 3612 5476 esse,
3650 5411 3709 5462 et
3748 5424 3848 5480 pro

2207 5501 2622 5575 temporalibus
2660 5501 2875 5570 futura,
2913 5504 2972 5556 et
3009 5518 3114 5573 pro
3154 5500 3422 5573 perituris
3461 5503 3763 5574 perpetua,
3797 5504 3851 5556 et

2207 5612 2312 5669 pro
2327 5594 2538 5650 divitiis
2555 5593 2799 5650 terrenis
2816 5594 3211 5667 incorruptam
3225 5593 3404 5651 vitam
3418 5598 3700 5650 aeternam
3720 5611 3850 5651 cum

2207 5689 2481 5746 felicitate
2524 5688 2663 5745 dare
2703 5688 3019 5762 promisisti
3058 5704 3072 5744 :
3103 5691 3162 5744 te
3188 5688 3583 5759 obsecramus,
3614 5690 3853 5745 Amator

1136 5852 1168 5892 e
1203 5835 1274 5892 ad
1308 5837 1643 5910 sequentem
1677 5835 2002 5908 sectionem,
2034 5832 2231 5910 paucis
2269 5831 2690 5908 praetermissis,
2720 5834 2994 5906 leguntur
3035 5832 3097 5889 in
3133 5832 3361 5907 vulgate
3402 5848 3665 5890 sermone
3701 5830 3851 5906 apud
