4014 6230
211 373 305 427 441
841 374 927 426 AD
963 371 1453 426 PR/ECEDENTIA
1493 371 1824 426 LlTURGl/E
1862 370 2276 425 MONUMENTA
2312 369 2650 426 APPENDIX
2689 371 2971 426 ALTERA.

3503 376 3606 430 442

207 496 371 552 purse
386 479 777 547 conscientias,
799 482 865 535 ut
879 479 1143 550 respicias
1159 479 1228 534 de
1249 478 1575 534 summitate
1591 480 1859 536 caelorum
1880 491 1940 564 Α
1959 479 2141 550 ligens
2169 477 2622 534 beatissimorum
2643 484 2962 549 martyrum
2986 495 3241 552 corpora,
3271 481 3519 538 condivit
3539 499 3604 538 ea

209 575 278 629 ad
309 575 461 628 hanc
489 574 716 643 horam,
744 576 811 628 ut
836 573 1105 645 suscipias
1130 573 1350 628 animas
1369 577 1590 628 nostras
1613 574 1672 628 in
1699 591 1858 647 pace,

213 673 266 723 et
294 668 448 723 inter
477 671 704 723 sanctos
729 668 946 722 Electos
973 672 1101 722 tuos
1129 667 1409 722 conlocari
1444 667 1759 738 praecipias,
1797 675 1863 725 ut

212 767 558 833 cognoscant
585 778 782 816 omnes
819 761 952 832 quia
977 766 1039 816 tu
1065 777 1124 816 es
1161 763 1308 816 Deus
1345 760 1497 815 solus
1537 765 1593 816 et
1625 761 1858 817 benedi-

209 859 335 910 ctus
361 855 422 910 in
447 855 678 910 saecula.
709 857 775 910 Et
799 871 930 909 cum
969 855 1346 926 complessent
1381 853 1713 924 orationem,
1752 873 1859 926 po-

208 955 413 1005 nentes
459 965 650 1020 genua
693 953 1062 1020 susceperunt
1113 949 1386 1020 gladium,
1430 953 1487 1004 et
1525 953 1864 1019 acceperunt

208 1060 445 1098 coronas
470 1043 886 1115 sempiternas:
933 1048 990 1098 et
1034 1059 1160 1098 ecce
1201 1043 1435 1114 sanguis
1474 1058 1670 1098 eorum
1713 1046 1859 1097 tam-

206 1153 383 1208 quam
409 1138 494 1192 lac
520 1137 785 1192 omnibus
809 1136 1133 1192 videntibus
1161 1137 1442 1207 apparuit.

277 1232 401 1295 Quo
431 1237 692 1303 tempore
733 1230 1068 1287 venerabilis
1092 1230 1179 1286 vir
1205 1231 1402 1287 Zoelus
1428 1230 1726 1303 presbyter
1753 1231 1863 1286 col-

1963 573 2310 629 aromatibus
2349 572 2632 643 pretiosis,
2669 577 2725 628 et
2748 572 2809 627 in
2833 573 3016 628 loculo
3042 575 3370 631 conlocavit.
3417 577 3523 640 Qui
3549 582 3606 633 et

1960 667 2080 738 ipse
2106 670 2328 722 sanctus
2356 666 2554 722 Zoelus
2577 670 2707 738 post
2730 666 3084 738 aliquantum
3115 672 3342 740 tempus
3372 687 3602 743 suscep-

1960 759 2129 814 tionis
2165 777 2280 815 suae
2327 760 2433 815 hoc
2469 760 2666 818 ordine
2703 761 2954 831 perrexit
2988 763 3059 816 ad
3102 762 3421 818 Dominum.
3451 765 3603 820 Passi

1962 859 2094 908 sunt
2121 858 2313 909 autem
2337 853 2640 909 beatissimi
2658 860 2938 926 martyres
2953 856 3202 926 Cantius,
3224 858 3528 913 Cantianus
3549 863 3605 914 et

1960 947 2336 1015 Cantianella,
2388 948 2571 1019 pridie
2615 949 2732 1003 Kal.
2776 949 2996 1018 lunias,
3049 956 3324 1021 regnante
3364 953 3601 1008 Domino

1961 1046 2154 1096 nostro
2202 1043 2330 1096 Jesu
2375 1041 2617 1111 Christo,
2664 1042 2754 1096 cui
2791 1047 2872 1097 est
2915 1043 3111 1114 gloria,
3158 1045 3339 1101 honor
3391 1050 3448 1102 et
3493 1063 3598 1116 po-

1961 1139 2130 1192 testas
2157 1135 2218 1190 in
2245 1135 2448 1190 szecula
2467 1135 2826 1203 saeculorum,
2854 1152 3042 1192 amen.

985 1589 1935 1706 APPENDIX
2049 1591 2852 1706 ALTERA.

194 1802 328 1901 In
441 1831 638 1933 quo
753 1801 1271 1904 variantes
1373 1803 1919 1932 scripturae
2019 1831 2347 1901 sacrte
2452 1803 2922 1902 lectiones
3024 1803 3599 1935 praecipua;

788 1978 916 2045 ea:
1004 1943 1634 2045 Lectionario
1734 1940 2264 2044 Gallicano
2363 1943 3004 2045 eat/libentur.

278 2268 467 2341 471
495 2267 773 2334 Quoniam
792 2282 1138 2340 magnopere
1152 2265 1539 2323 interestscire
1557 2266 1852 2338 antiquam
1871 2279 1928 2352 B
1952 2268 2096 2338 ﬁlias
2113 2267 2410 2336 pharetrae,
2441 2267 2648 2337 Graece,
2681 2275 2800 2331 ἰοὺς.
2829 2266 3103 2336 Lection.,
3130 2267 3352 2338 phialas
3390 2267 3596 2337 phare-

195 2364 518 2436 Scripturae
545 2379 719 2417 sacrae
743 2362 1084 2430 versionem,
1117 2377 1231 2433 qua
1257 2360 1462 2432 primis
1496 2361 1852 2433 temporibus

191 2475 302 2512 usa
323 2461 409 2512 est
435 2457 720 2512 Gallicana
744 2455 998 2522 ecclesia,
1030 2454 1155 2510 ideo
1184 2455 1275 2510 hic
1313 2455 1417 2509 sub
1451 2471 1566 2510 uno
1611 2471 1849 2528 conspe-

193 2557 300 2606 ctu
330 2551 618 2606 variantes
643 2549 974 2606 Lectionarii
999 2549 1378 2620 antiquissimi
1403 2549 1671 2605 lectiones
1709 2548 1847 2604 insi-

194 2646 438 2718 gniores
462 2645 677 2700 referre
705 2645 888 2699 visum
915 2648 998 2699 est
1023 2661 1212 2715 operte
1236 2644 1508 2715 pretium,
1558 2649 1624 2699 ut
1657 2660 1728 2699 ex
1762 2645 1850 2699 his

189 2739 310 2795 viri
340 2740 493 2794 docti
518 2755 680 2793 suam
706 2738 776 2794 de
804 2737 897 2792 illa
924 2738 1184 2793 versione
1229 2738 1565 2794 sententiam
1604 2742 1850 2793 statuere

188 2835 444 2907 possint.

275 2932 347 2985 Et
381 2927 567 3000 primo
608 2927 840 2999 quidem
890 2925 1206 2998 generatim
1248 2925 1664 2982 observandum
1698 2927 1847 2982 anti-

189 3041 384 3097 quam
410 3023 566 3078 illam
585 3021 906 3076 versionem
924 3021 1178 3092 Vulgata:
1201 3023 1410 3075 nostrae
1440 3020 1649 3092 passim
1673 3020 1853 3076 inhae-

191 3133 357 3188 rere,
387 3122 444 3172 et
465 3117 765 3188 plerasque
795 3114 1066 3170 lectiones
1109 3113 1386 3170 variantes
1424 3114 1616 3186 potius
1661 3131 1730 3170 ex
1774 3115 1847 3170 li-

187 3213 532 3268 brariorum
557 3209 725 3282 genio
743 3210 829 3266 vel
853 3225 1067 3277 errore,
1097 3225 1269 3280 quam
1295 3225 1365 3263 ex
1381 3207 1649 3263 versionis
1673 3208 1850 3280 ipsius

187 3305 583 3378 discrepantia
628 3303 981 3376 repetendas.
1029 3302 1239 3358 Deinde
1265 3303 1364 3357 ubi
1402 3302 1581 3357 versio
1617 3302 1848 3375 antiqua

190 3400 400 3456 differt
443 3416 474 3451 a
517 3401 710 3452 nostra
760 3397 1019 3468 Vulgata,
1068 3412 1194 3451 eam
1233 3397 1460 3468 saepius,
1517 3413 1632 3451 non
1657 3400 1848 3452 tamen

191 3496 506 3566 perpetuo,
555 3507 688 3546 cum
738 3490 993 3546 versione
1046 3490 1236 3545 Graeca
1286 3491 1607 3545 convenire.
1661 3491 1848 3545 Tertio

194 3587 515 3658 Scriptura:
551 3585 746 3652 libros,
779 3601 849 3639 ex
900 3583 1105 3655 quibus
1148 3583 1412 3639 lectiones
1454 3584 1516 3638 in
1554 3583 1843 3639 Lectiona-

192 3683 362 3737 rium
390 3683 647 3734 nostrum
668 3682 911 3750 acceptae
939 3681 1090 3746 sunt,
1112 3677 1213 3732 hos
1231 3677 1464 3732 omnino
1484 3693 1623 3747 esse,
1642 3694 1847 3748 nempe
1868 3648 1922 3723 Ο

195 3775 490 3844 Genesim,
527 3774 806 3842 Exodum,
845 3773 1032 3842 Josue,
1072 3771 1324 3841 Tobiam,
1371 3771 1582 3842 Judith,
1625 3771 1842 3842 Esther,

200 3885 410 3925 omnes
448 3869 773 3940 prophetas,
828 3865 1078 3937 majores
1125 3882 1188 3919 ac
1232 3865 1502 3935 minores,
1550 3881 1619 3919 ex
1661 3865 1847 3921 Veteri

197 3967 600 4031 Testamento;
648 3977 718 4018 ex
764 3961 914 4015 Novo
967 3963 1178 4029 autem,
1237 3964 1480 4032 quatuor
1522 3958 1845 4030 Evangelia,

197 4062 376 4113 Actus
414 4056 816 4128 apostolorum,
866 4069 1060 4109 omnes
1101 4052 1261 4108 Pauli
1300 4053 1594 4126 Epistolas,
1640 4057 1848 4124 praeter

197 4167 381 4206 unam
405 4151 475 4205 ad
501 4148 907 4220 Philippenses,
937 4162 1134 4202 omnes
1158 4146 1490 4217 Catholicas,
1536 4150 1593 4202 et
1626 4149 1843 4219 Apoca-

194 4245 410 4317 lypsin.
445 4243 708 4316 Singulos
737 4259 808 4297 ex
835 4240 1030 4296 ordine
1053 4256 1471 4312 percurramus.

595 4342 661 4395 IN
700 4341 948 4395 VETERI
986 4339 1450 4394 TESTAMENTO.

271 4432 476 4487 Gsxss.
509 4446 602 4500 v11,
636 4432 721 4493 l6,
753 4429 848 4483 ubi
875 4429 1087 4499 legitur
1112 4427 1173 4482 in
1200 4428 1453 4499 Vulgata,
1485 4429 1706 4484 inclusit
1727 4445 1847 4485 eum

192 4528 462 4580 Dominus
491 4525 716 4592 deforis,
737 4523 894 4578 addit
910 4520 1326 4577 Lectionarium
1348 4522 1550 4589 deforis
1561 4525 1620 4577 in
1639 4538 1844 4586 arcam,

195 4619 356 4690 quod
404 4618 606 4673 melius
648 4619 837 4673 Graeco
887 4616 1069 4672 textui
1104 4615 1426 4687 respondet,
1453 4624 1534 4670 καὶ
1557 4623 1739 4672 ἔκλεισε
1763 4623 1846 4679 τήν

194 4711 412 4759 κιϐωτὸν
433 4711 600 4766 ἔξωθεν
630 4708 778 4758 αὐτοῦ
788 4746 799 4757 .

271 4799 446 4852 Josvs
486 4813 560 4865 1v,
615 4800 698 4863 19,
749 4797 949 4850 decimo
987 4796 1073 4850 die
1112 4796 1310 4850 mensis
1343 4796 1534 4864 primi,
1566 4794 1848 4848 Lectiona-

192 4893 354 4947 rium
393 4891 564 4946 habet
614 4891 815 4945 decimo
855 4905 1054 4953 mense,
1097 4891 1284 4960 prima
1327 4889 1414 4944 die
1462 4890 1678 4945 mensis.
1723 4888 1847 4942 LXX

199 4987 462 5057 Vulgata:
489 4985 700 5040 favent.

279 5081 437 5134 [sane
468 5095 610 5146 XXVI,
654 5081 707 5147 6,
734 5093 852 5148 pes,
886 5078 1052 5148 pedes
1074 5078 1356 5147 pauperis.
1402 5073 1673 5143 Lection.,
1719 5073 1846 5127 abs-

197 5190 314 5246 que
352 5171 753 5244 geminatione,
779 5187 878 5242 pes
907 5172 1192 5242 pauperis.
1244 5171 1387 5240 LXX,
1432 5175 1590 5235 πόδες,
1649 5167 1844 5223 semel.

200 5268 369 5334 Ibid.,
405 5283 552 5322 vers.
595 5269 680 5336 18,
722 5271 772 5321 et
807 5268 1120 5336 peperimus
1156 5266 1454 5336 spiritum:
1503 5263 1704 5318 salutes
1742 5279 1850 5318 non

196 5364 453 5430 fecimus,
483 5363 543 5416 in
568 5365 734 5415 terra.
763 5360 1012 5416 Lection.
1063 5375 1212 5428 vero,
1262 5357 1384 5412 sine
1431 5357 1846 5428 dispunctione,

199 5458 462 5527 spiritum
486 5457 680 5510 salutis
706 5471 812 5509 non
862 5457 1091 5522 fec-imus
1130 5455 1188 5506 in
1244 5457 1410 5510 terra.
1459 5451 1616 5519 LXX,
1663 5455 1852 5520 πνεῦμα

200 5555 442 5620 σωτηρίας
468 5572 559 5604 σου
588 5555 898 5618 ἐποιησαμεν.
949 5546 1254 5618 Complut.,
1287 5553 1313 5601 ὃ
1337 5552 1566 5610 ἐποίησας
1592 5576 1661 5586 -
1711 5545 1846 5615 Cap.

203 5659 301 5711 LII,
335 5643 422 5710 14,
453 5643 530 5697 sic
558 5642 826 5710 inglorius
855 5643 978 5696 erit.
1009 5639 1278 5711 Lection.,
1319 5642 1397 5696 sic
1421 5641 1707 5710 gloriosior
1725 5641 1846 5694 erit.

202 5736 354 5803 LXX,
382 5751 516 5790 cum
541 5735 802 5807 Vulgata,
829 5741 1074 5800 ἀδοξήσει.

281 5828 478 5902 472
503 5830 698 5886 lanam.
723 5845 819 5896 x11,
854 5833 905 5895 7,
930 5831 989 5883 in
1007 5845 1177 5884 manu
1202 5830 1541 5884 inimicorum
1571 5827 1710 5896 ejus.
1727 5825 1850 5882 LXX

210 5930 376 5991 αὐτῆς.
405 5923 677 5996 Lection.,
696 5924 1039 5981 inimicorum
1057 5939 1313 5983 meorum.
1336 5954 1404 5965 -—
1422 5922 1629 5979 Thren.
1652 5937 1734 5994 ιιι,
1761 5923 1847 5992 13,

1868 5026 1928 5100 D

1953 2366 2068 2428 ira,
2093 2361 2236 2416 forte
2264 2360 2552 2416 mendose.

2022 2456 2223 2510 Ezaca.
2278 2471 2429 2522 LXIII,
2483 2457 2573 2522 20,
2633 2459 2684 2509 et
2736 2469 2901 2523 super
2947 2469 3199 2508 coronam
3242 2455 3301 2509 in
3342 2456 3594 2518 circuitu,

1951 2549 2158 2616 Greece,
2198 2559 2355 2620 βασιν.
2401 2547 2672 2614 Lection.,
2710 2552 2760 2602 et
2807 2563 2970 2617 super
3001 2563 3205 2602 cornua
3243 2549 3303 2602 in
3340 2550 3591 2603 circuitu.

1950 2672 2018 2683 --—
2045 2643 2178 2714 Cap.
2207 2659 2353 2710 xuv,
2390 2645 2443 2709 3,
2475 2643 2529 2710 4,
2559 2642 2882 2710 egredietur.
2917 2643 2988 2696 Et
3040 2642 3286 2697 adduxit
3317 2657 3420 2705 me,
3465 2658 3596 2696 cum

1951 2737 2094 2791 LXX.
2136 2736 2406 2804 Lection.,
2449 2736 2776 2804 egredietur.
2812 2736 2902 2790 Sic
2944 2737 3084 2791 sicut
3122 2741 3200 2790 est
3237 2737 3447 2800 clausa,
3482 2738 3597 2791 Rea:

1953 2832 2207 2885 transivit
2224 2846 2329 2900 per
2358 2846 2494 2885 eam.
2521 2833 2592 2885 Et
2616 2829 2856 2884 adduxit
2883 2844 2986 2884 me.

2021 2924 2230 2978 DANIEL
2267 2940 2349 2986 111,
2400 2927 2451 2986 1,
2495 2923 2988 2982 Nabuchodonosor
3028 2938 3128 2978 rem
3143 2924 3292 2990 fecit.
3321 2921 3593 2992 Lection.,

1951 3033 2081 3071 cum
2124 3017 2269 3085 LXX,
2318 3032 2462 3072 anno
2496 3021 2682 3071 octavo
2727 3017 2929 3071 decimo
2968 3016 3458 3072 Nabuchodonosor
3499 3032 3597 3071 rea:

1948 3112 2096 3178 fecit.
2132 3109 2296 3179 Ibid.,
2327 3126 2471 3164 vers.
2497 3113 2549 3177 6,
2588 3113 2674 3176 15,
2701 3111 2790 3179 20,
2831 3112 3107 3177 fornacem
3148 3111 3290 3176 ignis
3326 3110 3595 3172 ardentis,

1951 3204 2218 3273 Lection.,
2257 3219 2388 3257 cum
2427 3204 2572 3272 LXX,
2602 3201 2816 3274 ubique
2858 3203 3032 3258 habet
3071 3204 3371 3258 ardentem.
3429 3202 3593 3269 Ibid.,

1946 3313 2091 3352 vers.
2135 3298 2223 3364 94,
2262 3298 2555 3354 Sarabala.
2601 3296 2874 3364 Lection.,
2927 3313 3059 3352 cum
3105 3297 3251 3366 LXX,
3302 3297 3591 3352 sarabara.

1947 3391 2110 3460 Ibid.,
2156 3406 2300 3446 vers.
2348 3393 2435 3460 96,
2469 3393 2708 3462 positum
2751 3397 2829 3446 est
2860 3393 2956 3446 hoc
2985 3391 3276 3446 decretum.
3315 3391 3592 3460 Lection.,

1947 3501 2078 3539 cum
2101 3484 2248 3551 LXX,
2284 3486 2624 3555 propositum
2647 3489 2726 3539 est
2753 3486 3043 3540 decretum.
3096 3483 3260 3551 Ibid.,
3303 3500 3450 3539 vers.
3500 3488 3591 3552 97,

1948 3581 2036 3641 98,
2066 3580 2124 3632 in
2143 3580 2430 3648 provincia
2449 3579 2763 3646 Babylonis.
2785 3578 3298 3635 Nabuchodonosor.
3317 3578 3591 3644 Lection.,

1947 3675 2007 3727 in
2027 3674 2371 3742 provinciam
2397 3672 2716 3741 Babylonis,
2747 3676 2797 3726 et
2815 3673 3034 3742 scripsit
3061 3671 3353 3740 epistulam
3379 3673 3457 3725 sic
3473 3687 3596 3726 con-

1947 3769 2222 3822 tinentem.
2259 3765 2767 3832 Nabuchodonosor,
2793 3781 2922 3836 quae
2962 3764 3131 3819 verba
3173 3762 3348 3818 etiam
3389 3763 3596 3819 desunt

1946 3859 2098 3930 apud
2122 3859 2267 3913 LXX.
2299 3889 2368 3898 —-
2388 3858 2522 3930 Cap.
2557 3875 2629 3927 1x,
2662 3858 2749 3926 14,
2781 3862 2833 3913 et
2859 3858 3110 3925 vigilavit
3134 3858 3396 3911 Dominus
3432 3872 3595 3926 super

1945 3953 2233 4008 malitiam.
2267 3953 2433 4008 Deest
2451 3968 2616 4023 super
2640 3953 2911 4007 malitiam
2941 3950 3001 4005 in
3025 3949 3397 4006 Lectionario.
3426 3949 3592 4020 Ibid.,

1946 4063 2090 4101 vers.
2145 4049 2236 4115 25,
2286 4047 2418 4101 scito
2463 4062 2586 4114 ergo
2627 4050 2678 4100 et
2715 4045 3106 4101 animadverte.
3151 4042 3404 4100 Lection.
3450 4044 3594 4100 Scito

1948 4155 2091 4208 ergo,
2120 4145 2171 4194 et
2192 4141 2394 4209 planta
2419 4155 2626 4203 aurem,
2657 4144 2707 4194 et
2737 4139 3130 4194 animadverte.

2018 4235 2161 4288 Ossa
2185 4251 2260 4296 1v,
2288 4237 2373 4297 17,
2402 4234 2612 4288 dimitte
2641 4249 2780 4288 eum.
2807 4232 3074 4301 Lection.,
3105 4233 3340 4287 dimittet
3365 4247 3500 4287 eum.
3526 4209 3624 4272 -’

1946 4328 2078 4398 Cap.
2107 4344 2184 4396 v1,
2207 4331 2261 4397 6,
2291 4332 2341 4382 et
2366 4343 2474 4383 non
2493 4328 2838 4397 sacriﬁcium,
2859 4343 2990 4381 cum
3018 4327 3142 4380 LXX
3165 4325 3414 4382 Lection.
3437 4342 3592 4396 vero,

1947 4426 1999 4476 et
2024 4437 2133 4476 non
2149 4422 2450 4490 judicium.

2016 4515 2150 4569 JosL
2176 4532 2214 4583 1,
2250 4517 2335 4582 13,
2371 4515 2579 4569 libatio.
2610 4513 2884 4582 Lection.,
2906 4514 3125 4567 oblatio.
3149 4543 3216 4552 —
3243 4512 3377 4583 Cap.
3410 4528 3468 4581 ιι,
3500 4514 3589 4581 23,

1947 4609 2242 4663 serotinum
2285 4609 2426 4661 sicut
2465 4610 2526 4661 in
2565 4609 2861 4677 principio.
2913 4608 3028 4660 Vox
3083 4607 3223 4660 sicut
3268 4605 3424 4660 deest
3472 4622 3592 4660 non

1946 4703 2119 4758 semel
2144 4701 2204 4755 in
2233 4700 2599 4757 Lectionario.
2631 4700 2793 4769 Ibid.,
2822 4715 2967 4755 vers.
2995 4702 3087 4769 28,
3120 4701 3374 4768 spiritum
3393 4715 3589 4754 meum.

1946 4795 2218 4862 Lection.,
2247 4796 2312 4849 de
2339 4797 2541 4864 spiritu
2566 4809 2699 4860 meo,
2729 4809 2861 4848 cum
2886 4793 3032 4862 LXX,
3058 4797 3115 4848 et
3143 4792 3221 4847 sic
3245 4793 3386 4865 legit
3413 4793 3588 4848 Lucas

1947 4893 2067 4945 Act.
2096 4907 2157 4957 11,
2188 4890 2276 4944 47.

2023 4986 2175 5038 Amos
2205 4999 2325 5051 v111,
2358 4987 2410 5053 5,
2454 4982 2674 5052 quando
2719 4982 2975 5037 transibit
3011 4983 3230 5051 mensis,
3271 4997 3402 5036 cum
3445 4981 3592 5036 LXX.

1950 5078 2226 5147 Lection.,
2253 5078 2461 5145 messis,
2489 5076 2634 5132 forte
2662 5075 2970 5131 mendose;
3227 5146 3229 5149 ι

2019 5173 2263 5228 ΜΑΙιΑεΗ.
2321 5187 2405 5241 1n,
2453 5174 2505 5244 3,
2553 5170 2754 5225 celabit
2797 5185 2904 5225 eos.
2941 5169 3214 5240 Lection.,
3258 5185 3388 5224 cum
3444 5167 3591 5237 LXX,

1947 5266 2200 5334 con/labit
2229 5280 2335 5334 eos,
2391 5263 2617 5319 rectius.
2670 5263 2831 5333 Ibid.,
2880 5279 3023 5317 vers.
3068 5266 3122 5333 8,
3167 5264 3482 5333 conﬁmimus
3521 5266 3590 5328 te,

1947 5375 2078 5414 cum
2103 5359 2249 5427 LXX,
2279 5374 2383 5429 pro
2413 5359 2728 5427 conﬁgimus
2779 5363 2846 5424 te,
2891 5356 3043 5427 quod
3097 5359 3178 5411 est
3223 5356 3282 5409 in
3329 5352 3588 5422 Vulgata.

1949 5453 2112 5522 Ibid.,
2145 5467 2286 5507 vers.
2335 5455 2419 5518 17,
2449 5456 2607 5507 erunt
2628 5452 2781 5506 mihi.
2812 5451 3086 5521 Lection.,
3121 5453 3280 5506 erunt
3307 5448 3441 5502 mihi
3470 5461 3592 5502 oves

1948 5563 2094 5603 meae.
2123 5578 2192 5587 —
2224 5546 2362 5618 Cap.
2396 5561 2472 5612 1v,
2516 5549 2566 5609 1,
2605 5546 2831 5615 stipula.
2869 5545 3142 5614 Lection.,
3187 5544 3328 5597 sicut
3361 5542 3588 5611 stipula.

1951 5643 2118 5697 Deest
2142 5644 2338 5696 tamen
2364 5640 2488 5696 hinc
2509 5638 2785 5710 particula
2808 5637 2958 5710 apud
2993 5637 3140 5708 LXX,
3168 5635 3298 5691 licet
3310 5633 3582 5690 subintel-

1948 5733 2181 5806 ligatur.

2374 5827 2443 5882 ΙΝ
2481 5825 2664 5881 Νονο
2701 5821 3167 5879 TESTAMENTO.

2024 5921 2234 5978 Mum.
2264 5936 2340 5990 γι,
2381 5923 2464 5989 11,
2494 5913 3090 5990 supersubstantialem.
3131 5909 3400 5971 Lection.,
3446 5908 3591 5963 Coti-
