4014 6230
570 328 665 381 431

1358 324 1692 381 APPENDIX
1730 323 1817 378 AD
1855 322 2079 378 OPERA
2117 308 2351 379 SANCTl
2387 322 2688 379 GERMANI
2725 320 3155 379 PARISIENSIS.

3846 320 3937 375 432

570 436 851 505 decorate,
882 434 939 489 et
961 432 1269 506 pontiﬁcali
1304 432 1488 487 ofﬁcio
1517 436 1802 502 coronato,
1839 432 2073 488 Bibiano
2109 449 2202 487 or-
2224 444 2285 517 Α
2303 433 2560 505 pleverit.
2591 434 2752 505 Apud
2779 450 2882 489 nos
2907 434 3100 505 itaque
3125 448 3193 486 ex
3223 430 3344 502 ejus
3369 428 3753 486 sollemnitate
3773 429 3938 485 absti-

567 530 799 600 todoxo,
828 529 1142 600 Agustinus
1164 528 1265 583 Dei
1303 542 1595 581 servorum
1640 543 1853 598 servus,
1875 526 1935 581 in
1964 526 2204 584 Domino

567 624 829 679 salutem.
872 623 1104 677 Litteras
1144 621 1488 692 apostolatus
1523 620 1711 689 vestri,
1749 620 2036 675 carissimo
2087 621 2204 676 ﬁlio

564 720 759 772 nostro
782 714 1021 785 Trojano
1048 718 1235 769 vestro
1262 714 1497 769 diacono
1526 714 1831 782 deferente,
1860 714 2044 769 adnos
2071 732 2202 786 per-

563 810 781 867 venisse
828 807 1163 879 comperite;
1218 809 1275 863 et
1326 808 1464 862 dum
1514 808 1749 879 sospitas
1803 812 1988 863 vestra
2040 809 2205 864 nobis

563 903 762 958 fuisset
785 901 1084 958 certiﬁcata
1111 916 1218 973 per
1234 901 1529 972 paginam,
1558 901 1835 958 immensa
1854 902 2204 959 reddidimus

564 997 679 1051 Deo
725 994 905 1050 laudis
948 994 1249 1065 praeconia.
1297 997 1362 1050 Et
1405 995 1661 1067 quamvis
1713 996 1889 1051 simus
1945 996 2203 1053 absentes

564 1105 817 1161 corpore,
848 1093 1157 1159 praesentes
1186 1091 1377 1145 tamen
1406 1089 1674 1161 ﬂorigera
1702 1089 1951 1160 caritate,
1983 1092 2199 1147 exhila-

560 1183 671 1238 rati
699 1198 896 1238 sumus
930 1183 1089 1238 valde
1128 1200 1234 1254 pro
1275 1184 1582 1239 sanctitatis
1622 1200 1876 1254 rumore,
1920 1189 1975 1239 et
2015 1186 2201 1241 excel-

559 1278 710 1333 lente
754 1276 1003 1331 culmine
1032 1276 1333 1331 sacerdotii
1361 1277 1548 1347 vestri,
1592 1277 1693 1349 qui
1727 1278 1895 1349 longe
1932 1279 2112 1334 radiat
2141 1280 2201 1333 in

560 1370 717 1441 orbe,
745 1388 861 1425 non
886 1370 1073 1425 solum
1099 1370 1416 1426 Occidentis
1442 1375 1499 1426 et
1535 1371 1747 1438 Galliae,
1790 1387 1989 1425 verum
2027 1372 2200 1426 etiam

560 1463 806 1519 Orientis
834 1469 891 1519 et
916 1463 1152 1533 Aﬁ'ricee,
1184 1465 1523 1519 meritorum
1566 1464 1780 1519 lumine
1810 1470 2196 1536 percurrente.

558 1558 797 1613 Oramus
823 1562 1015 1612 autem
1045 1559 1242 1629 Deum,
1285 1563 1350 1614 ut
1374 1559 1589 1614 bonum
1628 1576 1769 1630 opus
1804 1559 1864 1613 in
1904 1560 2062 1615 vobis
2101 1559 2201 1631 qui

559 1652 746 1723 ccepit,
792 1652 913 1723 ipse
959 1656 1139 1723 coepta
1188 1652 1479 1723 perﬁciat;
1525 1652 1808 1724 simulque
1862 1653 2020 1708 vobis
2069 1669 2202 1726 sup-

554 1745 780 1818 pliciter
820 1746 1087 1817 petimus,
1134 1750 1200 1801 ut
1238 1746 1501 1817 precibus
1542 1746 1741 1801 vestris
1779 1746 1961 1817 adjuti
1986 1763 2201 1802 merea-

2302 526 2498 582 nentia
2523 544 2556 581 a
2580 528 2844 582 carnibus
2868 528 2957 583 vel
2981 525 3268 598 conjugali
3301 526 3502 597 copula
3526 524 3660 579 ﬁliis
3689 524 3939 579 Ecclesize

2303 620 2601 691 indicatur,
2630 623 2695 676 ut
2723 622 2794 676 ad
2823 621 3175 676 Nativitatem
3225 619 3447 674 Domini
3490 618 3747 674 securius
3793 634 3939 673 com-

2304 714 2618 770 municent.
2646 715 2872 770 Rectius
2893 720 3084 771 autem
3101 714 3208 769 hoc
3225 730 3366 785 opus
3386 713 3447 767 in
3472 713 3651 767 sancti
3677 712 3941 767 Johannis

2305 808 2670 880 conceptione
2714 808 3072 863 instituitur:
3122 807 3257 879 quia
3307 806 3428 878 ipse
3479 805 3773 878 praecessit
3822 811 3943 861 ante

2305 902 2630 972 Dominum,
2654 906 2710 957 et
2733 918 2839 974 per
2863 900 3216 973 prmconium
3233 900 3445 972 angeli,
3467 904 3522 955 et
3544 916 3651 971 per
3667 899 3712 954 si
3720 899 3941 971 gniﬁca-

2302 995 2471 1050 tionis
2500 1000 2840 1064 contactum,
2873 995 3011 1050 dum
3043 993 3315 1048 Dominus
3350 994 3421 1048 de
3458 993 3713 1065 Virgine,
3753 1010 3943 1049 servus

2299 1105 2433 1144 vero
2469 1094 2797 1145 nasceretur
2832 1105 2901 1144 ex
2934 1089 3127 1143 vetula
3163 1092 3220 1142 et
3258 1087 3445 1142 sterile
3481 1092 3697 1157 matre;
3743 1092 3803 1142 et
3833 1087 3945 1159 ipse

2301 1183 2522 1239 clausus
2544 1188 2727 1254 utero,
2757 1183 3017 1239 exultans
3043 1182 3103 1236 in
3131 1181 3357 1252 gaudio,
3379 1182 3636 1236 clausum
3652 1180 3941 1236 Christum

2301 1277 2549 1348 Virginis
2598 1278 2723 1331 alvo
2766 1277 3004 1349 mystico
3047 1275 3305 1330 salutavit
3360 1275 3659 1346 prasagio.
3729 1275 3838 1330 Sed
3892 1281 3943 1329 et

2300 1371 2528 1442 quando
2552 1371 2835 1426 Iohannes
2860 1369 3034 1426 sensit
3078 1369 3377 1423 imminere
3415 1368 3565 1424 diem
3608 1368 3800 1423 obitus
3834 1369 3938 1437 sui,

2300 1465 2427 1520 ideo
2456 1465 2614 1520 misit
2639 1465 2709 1520 ad
2736 1465 3043 1519 Dominum
3076 1463 3269 1518 dicens
3299 1480 3313 1517 :
3347 1465 3427 1517 Tu
3454 1478 3507 1518 es
3540 1465 3641 1533 qui
3676 1467 3938 1517 venturus

2300 1574 2375 1623 es,
2404 1575 2478 1613 an
2508 1561 2679 1613 alium
2715 1558 3123 1629 emspectamus?
3149 1556 3310 1628 quasi
3340 1556 3551 1612 diceret
3586 1556 3667 1610 illi
3697 1573 3711 1611 :
3752 1555 3942 1610 Indica

2297 1652 2443 1707 mihi
2470 1656 2664 1711 utrum
2689 1669 2793 1724 per
2815 1657 2873 1706 te
2893 1652 2963 1706 ad
2991 1650 3201 1706 inferni
3227 1650 3472 1705 claustra
3498 1650 3825 1719 descendas,
3871 1666 3941 1704 an

2297 1746 2368 1800 ad
2396 1746 2753 1802 liberandum
2785 1762 2964 1818 genus
2994 1746 3312 1800 humanum
3338 1743 3517 1798 alium
3544 1744 3734 1800 mittas
3762 1764 3779 1801 :
3808 1745 3944 1816 quia

555 1856 689 1894 mur
712 1840 783 1895 de
819 1840 1034 1911 laqueis
1058 1840 1229 1910 hujus
1255 1840 1445 1894 saeculi
1482 1839 1732 1895 liberari.
1780 1841 1858 1895 De
1903 1857 1969 1896 eo
2005 1843 2197 1896 autem
2217 1824 2279 1897 Β
2298 1840 2441 1896 sicut
2468 1845 2523 1895 te
2549 1840 2609 1895 in
2634 1840 2801 1895 terris
2828 1839 3044 1912 positus
3069 1839 3324 1894 docendo
3350 1843 3405 1893 et
3428 1837 3763 1909 baptizando
3787 1856 3941 1911 prae-

556 1933 710 2005 quod
749 1933 912 1988 nobis
970 1932 1186 2003 dignati
1227 1933 1414 1987 fuistis
1460 1933 1781 2006 injungere,
1822 1937 1889 1988 ut
1941 1934 2199 1990 ordinem

552 2028 843 2098 Hyppome
866 2026 1160 2097 Regiensis
1185 2027 1453 2097 ecclesiae,
1495 2027 1739 2099 qualiter
1777 2027 1970 2084 divina
2015 2028 2200 2083 ofﬁcia

552 2136 657 2191 per
680 2119 1023 2175 Testamenti
1050 2124 1106 2175 et
1124 2120 1259 2174 Novi
1280 2125 1337 2175 et
1356 2120 1567 2176 Veteris
1592 2121 1860 2193 paginam
1891 2123 2198 2177 annualem

551 2214 826 2286 persolvit
844 2214 1227 2284 harmoniam,
1243 2214 1403 2269 vobis
1416 2214 1664 2287 dirigere
1682 2216 2050 2285 deberemus;
2069 2216 2197 2272 ideo

552 2308 625 2363 ad
653 2324 905 2380 praesens
948 2325 1064 2363 non
1090 2308 1401 2379 potuimus,
1430 2309 1562 2380 quia
1588 2309 1648 2364 in
1690 2309 1835 2364 libro
1881 2312 2199 2365 Exameron

552 2406 774 2457 nostros
784 2402 1032 2457 notarios
1050 2404 1350 2473 occupatos
1374 2402 1747 2457 habebamus.
1767 2403 1874 2459 Sed
1901 2420 2031 2458 cum
2056 2404 2197 2459 illud

554 2512 697 2567 opus
739 2495 931 2564 fuerit,
971 2496 1193 2551 favente
1236 2496 1500 2565 Domino,
1543 2501 2022 2568 consummatum,
2062 2515 2197 2553 mox

554 2588 878 2645 obedientes
934 2594 1121 2662 vestrq
1155 2589 1399 2661 imperio
1451 2607 1555 2661 per
1602 2591 1882 2646 famulum
1924 2595 2193 2660 vestrum,

553 2684 738 2739 ﬁlium
776 2685 838 2739 in
869 2684 1092 2740 Christo
1118 2689 1398 2753 nostrum,
1428 2685 1747 2756 Eugepium
1775 2685 2192 2758 presbyterum,

551 2778 708 2832 vobis
742 2777 1003 2833 libellum
1029 2777 1344 2850 dirigemus
1372 2795 1385 2833 :
1413 2778 1475 2833 in
1500 2795 1614 2849 quo
1643 2778 1817 2834 totius
1852 2779 1986 2835 anni
2030 2779 2193 2851 opifi-

554 2871 704 2927 cium
722 2872 783 2926 in
796 2872 1132 2927 lectionibus
1146 2871 1356 2927 Divinis
1371 2873 1728 2944 perﬂorando
1738 2873 2192 2945 perstrinximus,

550 2965 883 3037 incipientes
919 2966 1179 3021 ordinem
1212 2967 1501 3023 Adventus
1550 2967 1825 3022 Dominici
1875 2969 1945 3022 ab
1999 2972 2195 3022 octavo

550 3060 819 3116 Calendas
850 3060 1095 3116 octubris
1134 3061 1544 3132 aequinoctium
1583 3061 1932 3131 autumnale,
1986 3078 2093 3133 pro
2130 3078 2196 3117 eo

552 3155 706 3227 quod
731 3155 929 3210 eadem
954 3154 1046 3208 die
1069 3154 1353 3210 Johannes
1376 3172 1695 3226 praecursor
1709 3154 1933 3210 Domini
1956 3172 1989 3210 a
2013 3156 2194 3227 majo-

552 3249 710 3303 ribus
733 3248 939 3302 nostris
965 3247 1208 3303 traditur
1235 3253 1290 3304 et
1306 3250 1522 3320 Angelo
1551 3250 1848 3305 nuntiante
1868 3254 2190 3321 conceptus,

553 3346 611 3397 et
636 3341 868 3397 Herodis
895 3342 1104 3396 funesti
1149 3341 1332 3413 gladio
1369 3343 1702 3398 trucidatus.
1748 3344 1844 3398 Est
1890 3348 1946 3399 et
1987 3348 2195 3415 praeter

551 3436 916 3492 Nativitatem
980 3435 1087 3489 alia
1152 3436 1495 3491 sollemnitas
1544 3438 1821 3492 Johannis
1888 3437 2153 3510 Baptistae
2175 3479 2190 3508 ,

553 3534 756 3603 quarto
784 3529 994 3586 scilicet
1019 3530 1292 3585 Calendas
1318 3529 1683 3601 Septembris,
1723 3531 1951 3603 quando
1991 3531 2192 3587 inven-

553 3629 678 3680 tum
719 3624 929 3697 legitur
982 3627 1152 3696 caput
1189 3622 1457 3678 dominici
1501 3626 1883 3696 praecursoris.
1927 3626 2084 3690 Quod
2131 3630 2196 3682 ut

555 3718 757 3791 opinor
775 3719 1022 3775 decrevit
1046 3719 1175 3775 ideo
1201 3717 1542 3790 dispensatio
1572 3720 1825 3791 Deitatis,
1853 3724 1919 3775 ut
1957 3720 2093 3792 quia
2134 3720 2195 3776 in

556 3816 708 3871 unda
735 3814 1110 3886 baptismatis,
1133 3812 1516 3869 ministerium
1543 3813 1858 3884 dumtaxat,
1891 3814 2043 3886 quod
2064 3817 2195 3870 ante

554 3909 760 3966 faciem
785 3908 991 3964 Christi
1027 3907 1353 3980 praedicavit
1379 3908 1683 3979 Johannes,
1722 3924 2011 3963 sacramur
2050 3924 2198 3963 mer-

558 4002 810 4057 sionibus
834 4001 1021 4071 trinis,
1051 4001 1179 4057 ideo
1206 4002 1453 4057 trifarias
1478 4002 1830 4058 sollemniter
1862 4001 2060 4056 reddat
2102 4003 2199 4057 Ec-

559 4097 726 4152 clesia
750 4096 873 4167 ejus
898 4096 1114 4151 laudes.
1142 4097 1209 4151 Et
1232 4096 1364 4169 quia
1386 4097 1455 4153 de
1474 4097 1572 4151 illo
1601 4096 1873 4167 scriptum
1895 4093 2088 4167 459
2115 4098 2199 4150 est

557 4190 790 4247 vocibus
820 4190 1165 4262 propheticis
1211 4195 1269 4246 et
1295 4189 1632 4246 testimoniis
1677 4187 1976 4243 Salvatoris
2005 4205 2019 4243 :
2065 4190 2198 4243 Ecce

562 4302 655 4356 ego
695 4287 849 4341 mitto
878 4286 1131 4353 angelum
1163 4300 1336 4339 meum
1379 4284 1476 4352 qui
1510 4282 1857 4351 praeparabit
1887 4284 2032 4336 viam
2073 4287 2199 4336 ante

558 4384 757 4452 faciem
782 4384 931 4436 tuam
954 4399 971 4447 ;
1000 4380 1125 4433 ideo
1151 4383 1207 4431 et
1229 4376 1299 4429 ab
1322 4375 1443 4444 ejus
1468 4377 1743 4445 conceptu
1771 4375 1856 4429 vel
1882 4374 2039 4430 obitu
2081 4375 2199 4430 Ad-

562 4480 763 4533 ventus
786 4474 993 4531 Christi
1007 4471 1342 4525 inchoamus
1371 4466 1643 4522 ofﬁcium.
1673 4468 2015 4539 Dignumest
2040 4486 2199 4525 nam-

2216 3202 2271 3277 C

2298 1950 2531 1990 currens
2556 1933 2737 2006 digito
2751 1933 3052 1988 oriendum
3069 1932 3468 2002 demonstravi,
3489 1932 3565 1987 ita
3583 1932 3713 1987 volo
3729 1932 3943 2005 populo

2297 2028 2357 2082 in
2385 2028 2635 2083 tenebris
2676 2027 2977 2097 resedenti,
3011 2031 3068 2082 et
3112 2031 3168 2082 te
3201 2026 3454 2099 quotidie
3490 2010 3801 2097 postulanti
3844 2027 3943 2081 ad-

2296 2126 2531 2177 ventum
2569 2127 2734 2177 tuum
2773 2122 2966 2193 jussus
3012 2138 3046 2174 a
3087 2125 3163 2189 te,
3216 2119 3474 2188 Domine,
3522 2119 3789 2175 nuntiare
3813 2120 3843 2174 ?
3877 2122 3941 2175 Et

2298 2215 2463 2271 certis
2490 2216 2580 2270 his
2625 2215 2693 2270 de
2737 2216 2920 2271 causis
2964 2214 3025 2269 in
3062 2213 3383 2269 celebritate
3417 2212 3705 2268 Adventus
3745 2214 3941 2268 Domi-

2296 2308 2428 2380 nici,
2460 2309 2804 2365 sollemnitas
2829 2308 3198 2381 anteponitur
3225 2306 3498 2362 Johannis
3524 2307 3812 2379 Baptista.
3837 2308 3943 2364 Sed

2297 2408 2354 2459 et
2378 2403 2504 2459 vide
2536 2403 2795 2459 ordinem
2820 2408 3146 2475 temporum
3171 2402 3231 2457 in
3258 2401 3509 2473 idipsum
3533 2418 3786 2473 congrue
3814 2419 3943 2457 con-

2297 2497 2642 2553 cordantem.
2676 2499 2738 2552 In
2766 2496 3167 2569 aequinoctium
3206 2496 3489 2567 autumni,
3545 2496 3773 2568 quando
3818 2513 3939 2551 cre—

2298 2595 2462 2645 scunt
2483 2591 2753 2662 tenebrae,
2784 2595 2920 2646 tunc
2944 2590 3188 2645 traditur
3205 2589 3488 2645 Iohannes
3512 2589 3682 2645 fuisse
3708 2607 3944 2663 concep-

2294 2689 2420 2755 tus;
2444 2689 2500 2739 et
2528 2685 2630 2739 sub
2651 2687 2845 2740 rotatu
2870 2684 3127 2756 ejusdem
3141 2683 3414 2763 temporis
3430 2700 3651 2755 passus.
3682 2685 3743 2738 In
3767 2683 3940 2756 aequi-

2294 2778 2551 2833 noctium
2582 2779 2808 2851 quando
2833 2779 2931 2833 lux
2960 2778 3306 2847 extenditur,
3329 2781 3384 2832 et
3407 2776 3657 2833 tenebrae
3673 2778 3942 2833 minuun-

2295 2876 2407 2939 tur,
2436 2876 2572 2927 tunc
2596 2872 2838 2928 traditur
2860 2872 3115 2928 Christus
3144 2876 3201 2927 et
3227 2874 3530 2942 conceptus
3556 2875 3720 2926 utero
3747 2872 3938 2943 Virgi—

2294 2966 2418 3037 nis;
2453 2971 2510 3022 et
2529 2967 2633 3021 sub
2660 2967 2861 3022 eodem
2885 2966 3162 3021 curriculo
3191 2965 3411 3020 adﬁxus
3443 2964 3693 3036 patibulo
3735 2966 3941 3022 crucis.

2297 3061 2359 3113 In
2385 3059 2645 3131 solstitio,
2667 3060 2727 3115 in
2753 3077 2865 3133 quo
2889 3060 3010 3115 dies
3034 3058 3235 3131 incipit
3264 3058 3468 3127 minui,
3498 3064 3555 3115 et
3578 3076 3692 3114 nox
3710 3060 3938 3133 augeri,

2295 3152 2577 3210 Johannes
2611 3154 2861 3210 creditur
2899 3158 3087 3221 natus,
3130 3157 3195 3209 ut
3229 3153 3478 3207 famulus
3510 3169 3524 3207 :
3566 3153 3626 3208 in
3663 3154 3760 3209 illo
3803 3172 3941 3210 vero

2295 3247 2552 3318 solstitio,
2583 3265 2653 3303 ex
2680 3265 2791 3321 quo
2816 3248 2935 3304 dies
2967 3252 3230 3322 augetur,
3260 3251 3315 3302 et
3371 3247 3619 3304 tenebrae
3660 3247 3943 3304 minuun-

2294 3344 2407 3411 tur,
2436 3347 2601 3397 natus
2630 3347 2715 3398 est
2730 3342 2922 3416 460
2951 3361 3023 3400 ex
3046 3345 3265 3419 virgine
3307 3350 3480 3407 Maria
3519 3347 3793 3404 Salvator.
3836 3345 3943 3398 Pro

2295 3435 2400 3490 hoc
2429 3436 2825 3508 quatripartito
2854 3441 3090 3497 rotantis
3114 3444 3252 3499 anni
3293 3443 3574 3500 curriculo
3612 3441 3785 3497 etiam
3806 3436 3941 3493 libri

2294 3529 2467 3601 hujus
2492 3530 2665 3585 ﬁdem
2688 3520 3050 3590 terminando
3079 3536 3478 3609 distinximus;
3520 3542 3587 3593 ut
3621 3534 3754 3608 quia
3790 3549 3935 3605 qua-

2293 3628 2425 3679 tuor
2451 3628 2709 3697 tempora
2731 3627 2867 3682 anni
2916 3628 3025 3685 isto
3069 3631 3332 3688 videntur
3384 3633 3583 3688 ordine
3618 3626 3939 3695 terminari,

2294 3718 2371 3773 ita
2395 3719 2568 3774 etiam
2606 3724 2849 3792 quatuor
2884 3723 3189 3780 voluminis
3226 3727 3397 3799 hujus
3432 3726 3566 3782 libri
3608 3723 3945 3781 distinctum

2295 3812 2535 3869 reddent
2569 3814 2818 3870 ofﬁcium
2854 3833 2960 3888 per
3006 3818 3286 3875 circulum
3327 3820 3482 3891 anni,
3531 3820 3707 3874 instar
3758 3813 3945 3872 sancti

2295 3905 2781 3979 Evangelii,juxta
2794 3911 2946 3981 quod
2966 3916 3091 3967 rota
3106 3913 3342 3969 inferius
3355 3913 3699 3986 praesignata
3714 3910 3945 3965 videtur

2296 4001 2604 4057 attendere.
2663 4003 2944 4074 Deprecor
2982 4011 3174 4062 autem
3218 4013 3293 4078 te,
3335 4013 3391 4064 et
3436 4024 3632 4063 omnes
3678 4006 3750 4061 ad
3797 4021 3945 4077 quos

2296 4091 2541 4149 formula
2566 4095 2670 4150 ista
2692 4096 2920 4169 legendi
2947 4101 3288 4170 pervenerit,
3316 4106 3383 4157 ut
3407 4099 3786 4172 omnipotenti
3827 4100 3942 4153 Do-

2295 4186 2455 4242 mino
2475 4204 2578 4259 pro
2609 4206 2702 4245 me
2723 4174 2955 4247 exorare
2972 4193 3311 4267 dignemini,
3340 4200 3618 4268 quatenus
3643 4210 3748 4266 pro
3763 4192 3947 4265 hujus

2298 4281 2482 4352 operis
2553 4284 2742 4340 labore
2816 4285 3224 4358 aliquantulam
3283 4290 3434 4362 apud
3484 4290 3674 4362 ipsum
3736 4304 3947 4360 capere

2297 4389 2519 4430 merear
2583 4376 2781 4448 gratiae
2829 4380 3173 4451 portionem.
3218 4384 3355 4438 Data
3404 4383 3675 4439 Calendas
3719 4383 3944 4454 lunias,

2297 4468 2552 4541 Hippone
2579 4471 2777 4544 Regio,
2798 4475 3033 4530 Arcadio
3060 4482 3116 4533 et
3140 4478 3378 4533 honorio
3405 4477 3655 4551 Agustis.

561 4588 694 4646 que,
722 4574 788 4625 ut
810 4568 881 4622 ab
910 4565 1109 4621 eodem
1147 4560 1238 4615 die
1276 4576 1455 4633 usque
1498 4562 1569 4616 ad
1600 4562 1962 4619 Nativitatem
1997 4564 2203 4621 Christi
2222 4580 2281 4652 D
2373 4564 2622 4621 Feliciter
2681 4569 2907 4638 emplicit
2970 4572 3205 4642 epistula
3267 4574 3441 4629 sancti
3503 4573 3767 4643 Agustini
3827 4576 3942 4644 epi-

560 4666 977 4740 prophetariun
1037 4672 1254 4728 organa
1304 4655 1739 4728 tympanizando
1800 4659 2033 4715 resultet
2096 4661 2198 4714 Ec-

564 4760 751 4817 clesia.

635 4851 745 4908 Sed
783 4848 917 4921 quia
957 4852 1090 4903 sunt
1124 4847 1384 4903 nonnulli
1419 4846 1519 4920 qui
1554 4848 1875 4904 Adventum
1916 4849 2138 4905 Domini
2169 4867 2203 4905 a

566 4945 866 5004 festivitate
904 4942 1052 4999 beati
1107 4942 1327 4997 Martini
1376 4943 1710 4997 Turonensis
1755 4943 1909 4999 urbis
1956 4943 2204 5017 episcopi

564 5042 830 5099 videntur
855 5037 1187 5110 insipienter
1211 5037 1483 5108 excolere,
1512 5054 1613 5092 nos
1640 5054 1733 5093 eos
1760 5055 1877 5094 non
1902 5041 2204 5112 reprehen-

569 5138 777 5205 dimus,
806 5134 940 5207 quia
966 5148 1084 5187 non
1102 5147 1300 5187 omnes
1325 5130 1514 5185 omnia
1555 5138 1809 5203 possunt,
1858 5138 1915 5190 et
1955 5135 2203 5190 maxime

570 5250 704 5291 cum
724 5229 1021 5302 Apostolus
1064 5226 1246 5280 dicat:
1299 5226 1598 5295 Unicuique
1640 5228 1778 5281 sicut
1824 5230 1966 5283 Deus
2017 5230 2205 5283 divisit

570 5342 880 5386 mensuram
904 5323 1053 5394 ﬁdei.
1078 5319 1182 5376 Sed
1208 5320 1378 5390 longe
1407 5319 1568 5374 aliter
1589 5326 1673 5377 est
1685 5322 1974 5393 plenitudo
1991 5323 2205 5378 ordinis

570 5430 625 5480 et
653 5418 942 5492 religionis
967 5416 1196 5470 nostrae.
1224 5411 1494 5469 Martinus
1514 5415 1722 5469 etenim
1770 5419 1994 5470 sanctus
2035 5417 2205 5489 longe

568 5520 698 5590 post
724 5510 1108 5569 ascensionem
1144 5506 1389 5577 Domini,
1428 5508 1515 5563 vel
1540 5512 1667 5579 post
1699 5508 2052 5564 nativitatem
2080 5526 2208 5582 pro-

571 5612 693 5679 diit,
726 5606 814 5662 vel
843 5608 970 5677 post
1006 5606 1250 5657 mortem
1283 5601 1555 5670 discessit,
1600 5602 1811 5674 quippe
1858 5603 1958 5675 qui
2000 5606 2207 5660 nostris

573 5700 928 5775 temporibus
960 5714 1133 5770 prope
1168 5697 1296 5763 fuit,
1343 5694 1598 5767 quamvis
1636 5696 1695 5750 in
1744 5696 1901 5752 brevi
1950 5701 2207 5770 tempore

571 5800 728 5855 fama
753 5793 1060 5851 sanctitatis
1086 5796 1143 5846 et
1165 5790 1391 5846 virtutis
1414 5790 1568 5845 illius
1593 5793 1779 5847 totum
1806 5792 2088 5848 mundum
2113 5808 2206 5851 re-

649 5893 717 5969 (α)
748 5891 877 5946 Vide
906 5904 1042 5962 pag.
1078 5890 1198 5941 H5.

2302 4679 2469 4719 εοουῑ.

2429 4680 2469 4719 i.

2359 4678 2426 4732 Op
2618 4735 2703 4790 IV.
2747 4750 2923 4792 saeuo
2962 4752 3015 4793 IN
3053 4751 3254 4794 VlGlLlA
3293 4753 3614 4796 serenum.

2546 4837 2633 4890 Ea:
2674 4837 2843 4891 veteri
2881 4837 3220 4891 Lectionario
3260 4836 3541 4894 Gallicana
3592 4840 3688 4911 (α).

2373 4945 2603 5001 Audivit
2644 4946 2938 5001 nobiscum
2976 4947 3178 5002 caritas
3223 4952 3426 5021 vestra,
3464 4952 3827 5024 Evangelista
3864 4953 3950 5008 di-

2304 5043 2462 5094 cente
2506 5056 2520 5094 :
2576 5040 2707 5094 Cum
2747 5043 2909 5095 natus
2953 5056 3084 5110 esse,
3125 5041 3330 5115 inquit,
3383 5047 3525 5100 Deus
3578 5049 3639 5101 in
3674 5049 3947 5103 Bethleem

2303 5133 2502 5187 Iudaea:
2523 5135 2582 5187 in
2613 5133 2800 5187 diebus
2825 5134 3054 5190 Herodis
3073 5139 3216 5205 regis
3243 5156 3262 5189 :
3286 5154 3397 5194 ecce
3415 5142 3563 5207 magi
3581 5148 3845 5196 venerunt
3873 5143 3948 5196 ab

2306 5226 2521 5280 Oriente
2543 5227 2939 5297 Hyerusolyma
2964 5230 3199 5287 dicentes
3227 5247 3242 5282 :
3282 5231 3384 5288 Ubi
3413 5239 3493 5289 est
3522 5237 3619 5305 qui
3661 5240 3826 5289 natus
3866 5241 3949 5290 est

2305 5321 2419 5375 Rea:
2439 5321 2747 5376 Iudaeorum
2763 5325 2791 5377 Σ)
2821 5323 3071 5380 Vidimus
3091 5328 3233 5382 enim
3251 5329 3463 5383 stellam
3486 5329 3605 5397 ejus
3622 5330 3680 5382 in
3704 5327 3947 5393 Oriente,

2308 5420 2358 5472 et
2385 5417 2629 5471 venimus
2672 5417 2904 5472 adorare
2952 5435 3092 5475 eum.
3129 5420 3283 5475 Felix
3315 5420 3413 5475 illa
3456 5420 3666 5492 civitas,
3716 5421 3947 5493 fratres,

2307 5510 2398 5566 cui
2419 5509 2553 5565 civis
2592 5514 2757 5566 natus
2795 5517 2879 5567 est
2932 5513 3113 5569 Deus!
3156 5531 3285 5587 quae
3336 5515 3623 5587 singulare
3672 5515 3951 5571 meritum

2307 5609 2456 5681 ante_
2479 5606 2787 5661 adventum
2821 5606 3116 5663 Salvatoris
3155 5609 3453 5681 accipiens,
3489 5609 3676 5680 prima
3724 5608 3952 5665 laudari

2307 5674 2519 5755 mer'uit
2534 5716 2638 5772 per
2651 5700 3006 5772 prophetam,
3029 5717 3202 5772 quam
3216 5674 3455 5756 disceret
3467 5674 3638 5773 quem
3654 5703 3945 5760 sumebat.

2309 5788 2467 5845 Felix
2488 5793 2571 5859 tu,
2604 5789 2794 5846 civitas
2820 5791 3105 5847 Bethleem
3128 5789 3144 5844 l
3172 5790 3304 5862 quia
3323 5806 3439 5846 non
3460 5806 3519 5847 es
3532 5789 3777 5850 minima
3791 5792 3947 5851 inter
