4014 6230
62 400 142 453 i33

704 402 794 456 AD
833 401 1321 458 ΡΚᾸΞΟΕΒΕΝΤΙΑ
1360 394 1694 459 [1ΤοΚοιῶ
1731 403 2147 463 ΜΟΝΕΜΕΝΤΛ
2184 409 2519 465 ΛΡΡΕΝΙΠΧ
2556 411 2784 466 PRIMA.

3344 416 3409 472 43
3423 418 3447 472 ἓ

52 505 331 581 principes
360 507 532 564 Iuda.
560 508 642 564 Ex
683 514 740 565 te
783 511 938 566 enim
980 511 1203 583 prodiet
1236 513 1371 568 Rex‘
1394 512 1493 585 qui
1545 517 1707 585 reget
1726 525 1785 599 Α
1806 514 2029 586 vagitus
2062 517 2315 588 majores
2357 518 2610 589 gemitus
2656 517 2993 589 exigebant.
3020 520 3186 575 Nulla
3211 521 3441 594 domus,

51 599 330 674 populum
365 618 565 658 meum
585 603 813 659 Israhel.
855 604 1001 669 Quid
1026 605 1145 676 agit
1167 606 1329 673 Juda,
1357 622 1559 663 eorum
1596 622 1702 662 ca-
1804 610 1994 664 nullus
2052 610 2285 665 orbitati
2324 614 2640 666 restaverat
2679 613 2855 680 locus,
2883 612 2981 667 ubi
3030 630 3148 668 non
3198 615 3443 687 diligens

54 697 173 751 citas
205 696 529 767 mentium,
570 697 669 769 qui
701 698 1013 754 adventum
1046 699 1352 755 Salvatoris
1389 716 1495 756 nec
1528 700 1697 756 intel-

50 791 212 860 ligere
240 795 613 861 meruerunt,
643 808 750 847 nec
774 792 984 848 nosse?
1008 793 1315 865 Impletum
1355 798 1439 849 est
1480 795 1699 850 cunctis

50 882 338 955 prophetae
375 900 717 956 responsum
747 902 762 940 :
791 886 1138 942 Salvatorem
1162 891 1425 942 nostrum
1451 887 1699 959 prodidit

50 978 257 1032 calum.
294 978 541 1042 Quando
560 979 718 1034 enim
736 978 915 1036 latere
939 984 1179 1052 poterat,
1202 997 1375 1053 quem
1398 982 1547 1038 Deus
1563 985 1695 1038 ante

1799 704 2106 759 crudelitas
2118 704 2242 759 fuit.
2258 706 2535 760 Iacebant
2555 706 2752 761 brevia
2767 707 3006 761 vulnera
3016 708 3438 781 membrorum,

1801 799 1859 851 et
1894 799 2082 852 velato
2132 799 2289 852 vultu
2334 798 2481 853 tristi
2526 800 2783 855 colorata
2825 802 3046 873 pallore
3096 805 3438 859 cunctorum

1797 890 2091 945 mentibus
2122 892 2407 963 lacrymas
2442 892 2680 948 dabant.
2712 893 2941 949 Minutis
2985 896 3270 951 mortibus
3318 901 3441 954 tota

1797 984 1994 1039 civitas
2024 985 2373 1056 replebatur,
2405 989 2465 1041 et
2495 987 2760 1042 omnium
2791 989 3128 1059 posteritate
3151 994 3436 1061 truncata,

48 1070 432 1143 pradixerat?
476 1074 765 1129 Bethleem
806 1073 999 1129 civitas
1044 1074 1259 1147 accepit
1296 1075 1366 1131 de
1423 1075 1696 1131 astriferis
1795 1077 1905 1131 hoc
1932 1079 2120 1133 solum
2148 1079 2345 1147 evasit,
2380 1080 2535 1151 quod
2555 1081 2816 1151 vagitum
2834 1082 3050 1138 habere
3069 1100 3185 1138 non
3204 1086 3436 1141 meruit.

46 1164 291 1236 [artibus
319 1166 531 1236 civem,
561 1172 618 1223 et
640 1184 747 1239 per
764 1184 977 1223 novum
1002 1168 1246 1225 incolam
1273 1169 1487 1241 grande
1526 1169 1696 1226 meri-
1794 1173 1856 1225 In
1904 1170 2004 1225 illa
2045 1175 2263 1227 matres
2301 1172 2552 1228 ﬁliorum
2602 1174 2918 1245 perniciem
2958 1175 3152 1249 462
3197 1177 3440 1235 intenta

45 1264 150 1314 tum
173 1259 412 1329 transit,
435 1260 571 1333 quia
595 1278 711 1317 non
737 1265 920 1334 potest
947 1261 1100 1317 ﬁniri
1130 1263 1282 1335 quod
1319 1263 1548 1319 meruit.
1584 1264 1693 1321 Sed
1794 1264 2076 1335 grandine
2120 1265 2461 1335 liberorum,
2499 1284 2616 1322 una
2653 1267 2874 1323 femina
2918 1269 3053 1324 felix
3078 1270 3274 1340 evasit,
3304 1289 3436 1344 qua

40 1357 217 1425 postea
264 1370 453 1426 quam
502 1357 699 1426 partus
734 1354 829 1411 ille
873 1356 1082 1417 calesti
1126 1355 1291 1428 signo
1335 1360 1692 1415 monstrante
1790 1358 1900 1413 fuit
1917 1358 2077 1430 virgo
2108 1362 2238 1431 post
2267 1362 2520 1431 partum.
2556 1360 2704 1426 Quid
2714 1362 2864 1433 juvit
2885 1364 3135 1434 replesse
3162 1367 3249 1419 tot
3274 1366 3439 1421 fune-

41 1450 293 1517 repertus
311 1452 405 1503 est
428 1448 717 1521 visusque,
746 1465 944 1521 magos
969 1450 1292 1505 veneranda
1322 1450 1572 1506 turbavit
1598 1451 1688 1507 in-
1790 1451 1948 1506 ribus
1976 1454 2239 1508 terram?
2279 1453 2419 1525 quid
2448 1454 2668 1526 profuit
2696 1458 2858 1510 tanta
2900 1456 3077 1512 ubera
3124 1457 3435 1515 ﬂuentibus

42 1540 421 1611 fantia.ENiliil
446 1542 528 1597 ibi
545 1542 779 1601 omnino
794 1543 1180 1599 contemtibile
1200 1543 1385 1599 inillis
1409 1544 1690 1617 vagitibus
1790 1545 2049 1615 siccasse,
2082 1563 2214 1601 cum
2245 1548 2506 1603 futurum
2539 1550 2759 1604 malum
2786 1552 2933 1605 Deus
2966 1554 3100 1605 ante
3128 1552 3432 1623 pradixit?

42 1634 151 1702 fuit,
178 1634 333 1707 quia
372 1636 655 1691 humanos
683 1638 832 1691 Deus
866 1652 1063 1692 sensus
1106 1638 1353 1709 aspexit;
1397 1639 1496 1693 sed
1533 1642 1687 1709 post-
1787 1641 2025 1696 Constat
2078 1658 2218 1712 ergo
2254 1641 2552 1697 Judaicam
2609 1645 2847 1714 gentem
2890 1644 3152 1700 nascenti
3182 1647 3429 1702 Domino

40 1744 198 1800 quam
226 1730 541 1800 probatam
567 1730 744 1802 ipsius
768 1729 967 1787 sideris
1004 1731 1196 1802 ﬁdem,
1238 1731 1498 1788 fallentes
1530 1733 1687 1804 magi
1786 1749 2116 1804 praparare
2174 1733 2521 1805 perniciem;
2576 1735 2841 1808 adeoque
2902 1738 3112 1792 eodem
3168 1742 3430 1811 tempore

41 1822 216 1894 regale
243 1827 633 1895 praceptum,
662 1827 880 1880 exteras
902 1828 1140 1881 tenuere
1167 1825 1466 1896 regiones;
1507 1827 1683 1882 Hero-
1786 1827 1943 1881 Deus
1959 1828 2216 1881 Christus
2242 1828 2423 1883 voluit
2451 1829 2680 1897 docere,
2716 1830 2852 1901 quia
2874 1832 3105 1887 Judaus
3124 1849 3242 1888 non
3263 1850 3434 1889 nove-

39 1917 110 1971 dis
164 1916 334 1988 regis
382 1917 622 1973 vitantes
662 1923 976 1990 aspectum,
1021 1918 1327 1974 voluerunt
1371 1922 1686 1978 monstrare
1705 1903 1763 1977 B
1784 1924 1878 1979 rat
1908 1921 2065 1992 quod
2085 1922 2267 1976 ﬁeret.
2294 1922 2409 1976 Sed
2435 1923 2569 1995 quia
2596 1923 2874 1979 Dominus
2895 1925 3152 1980 Christus
3176 1927 3430 1998 passioni

39 2010 255 2082 plenius
277 2009 470 2084 461
502 2012 655 2084 quod
673 2012 1252 2084 timebant.Majorem
1270 2029 1371 2069 rex
1391 2014 1688 2071 stimulum
1787 2014 2110 2086 prohibitus
2157 2015 2244 2069 vel
2280 2014 2489 2069 dilatus
2528 2020 2633 2084 est,
2680 2017 2885 2073 maluit
2914 2018 3218 2074 virtutibus
3265 2021 3426 2091 disci,

42 2105 216 2174 sentit,
266 2105 366 2160 cui
408 2122 526 2160 non
562 2106 881 2162 ostenditur
925 2106 1078 2179 quod
1120 2111 1364 2163 veretur.
1405 2108 1511 2163 Sed
1554 2125 1686 2165 cum

41 2197 299 2254 sollicitus
326 2216 453 2271 rex,
480 2202 761 2255 transacto
800 2204 1059 2274 tempore
1095 2200 1385 2272 veniendi,
1423 2201 1685 2259 fallentes

44 2309 223 2364 magos
267 2293 527 2350 deviasse
574 2298 959 2367 cognosceret,
1013 2295 1197 2368 adque
1243 2296 1367 2367 ejus
1422 2296 1683 2353 animum

44 2386 359 2459 incognitus
401 2388 631 2444 infantis
674 2392 934 2461 aspectus
979 2388 1212 2445 diversis
1243 2389 1491 2445 motibus
1525 2391 1682 2447 dissi-

49 2485 216 2551 paret;
248 2482 370 2537 hoc
396 2482 650 2555 prodidit
675 2483 911 2539 crudelii
936 2488 1057 2539 arte
1084 2483 1321 2553 consilii,
1348 2488 1415 2539 ut
1438 2485 1510 2540 ad
1530 2485 1683 2541 inve-

46 2576 298 2631 nieudam
320 2576 661 2633 successoris
685 2577 1007 2648 infantiam,
1053 2578 1359 2635 occidendo
1396 2584 1681 2651 quareret

48 2671 173 2741 quod
212 2670 454 2740 latebat,
496 2671 644 2726 sicut
683 2671 958 2744 scriptum
1002 2676 1129 2728 est:
1177 2675 1306 2731 Cum
1348 2673 1554 2729 videret
1575 2675 1680 2730 He-

50 2764 195 2827 rodes,
227 2766 387 2834 quod
416 2766 632 2821 delusus
653 2769 788 2821 esset
813 2783 847 2821 a
889 2769 1085 2835 magis,
1130 2769 1307 2823 iratus
1347 2768 1679 2833 vehementer

52 2860 173 2912 sui!
194 2862 260 2913 ut
289 2859 667 2915 occiderentur
695 2875 877 2915 omnes
907 2862 1149 2928 infantes
1190 2864 1250 2915 in
1297 2862 1584 2926 Bethleem,
1624 2867 1676 2918 et

52 2954 87 3003 in
113 2953 371 3007 omnibus
389 2954 588 3022 ﬁnibus
613 2954 730 3023 ejus
757 2970 793 3009 a
821 2954 1028 3009 bimam
1051 2959 1104 3009 et
1141 2957 1315 3023 infra.
1357 2954 1511 3010 Felix
1553 2960 1675 3012 erat

51 3044 187 3100 ludus
210 3046 489 3118 parvulis,
526 3046 804 3103 moriendi
845 3047 1111 3119 conditio,
1152 3048 1252 3121 qui
1284 3065 1390 3121 pro
1427 3049 1668 3114 Christo,

48 3144 369 3196 meruerunt
394 3141 535 3212 pati.
561 3141 820 3198 Furentis
863 3142 1018 3215 regis
1049 3158 1253 3199 vesana
1296 3143 1508 3199 saevitia
1543 3160 1668 3199 mo-

49 3233 306 3289 rientibus
351 3234 565 3306 profuit
593 3252 608 3290 :
637 3235 737 3307 qui
774 3236 913 3291 dum
940 3252 1321 3292 successorem
1354 3252 1523 3293 suum
1548 3236 1669 3293 dili-

1787 2124 1964 2179 quam
1993 2111 2127 2162 ante
2152 2111 2381 2180 tempus
2402 2108 2605 2163 occidi.

1836 2203 1899 2256 V.
1932 2218 2319 2258 TESTAHENTUM
2358 2218 2631 2258 ILLUSTRIS
2670 2219 2934 2260 HATRONE
2972 2220 3369 2263 ERMENTRUDIS.

1782 2298 1869 2352 Ea:
1891 2297 2228 2365 autographa
2267 2298 2598 2365 Dionysiano
2634 2298 2695 2352 in
2728 2298 2924 2353 charta
2961 2300 3287 2369 Egyptiaca
3322 2300 3421 2373 (a).

1971 2389 2388 2445 sacratissimus
2423 2391 2591 2445 ﬁscus
2628 2390 2945 2463 percipeat.
2970 2393 3032 2448 Si
3056 2410 3192 2448 vero
3224 2395 3424 2451 omnia

1782 2483 1939 2555 quod
1962 2483 2021 2538 in
2044 2485 2197 2539 hunc
2218 2486 2636 2540 testamentum
2668 2485 3021 2542 inserui......
3056 2488 3419 2559 custodieris,

1781 2576 2065 2649 quidquid
2092 2577 2199 2633 tibi
2225 2578 2489 2651 superius
2516 2579 2799 2651 delegavi,
2820 2579 2879 2634 in
2910 2583 3008 2635 tuo
3023 2581 3156 2660 jure
3177 2583 3421 2654 perenni

1778 2674 2045 2743 tempore
2075 2676 2682 2744 permaneant
2708 2672 2767 2728 in
2794 2674 2948 2729 hunc
2978 2677 3417 2747 testamentum,

1777 2764 2116 2837 cuicumque
2140 2783 2258 2821 non
2280 2766 2566 2838 depotavi,
2588 2767 2713 2835 tibi,
2738 2767 3070 2823 dulcissime
3082 2768 3182 2838 ﬁli,
3199 2770 3416 2825 habere

1776 2857 1965 2929 cupio.
1999 2858 2391 2915 Similiter.....
2426 2859 2884 2915 demandatione
2909 2861 3081 2916 bona
3114 2863 3415 2919 memoria

1774 2951 2116 3007 Deorovaldi
2148 2952 2301 3007 dono
2332 2951 2433 3006 tibi
2473 2969 2665 3008 eanna
2706 2957 2987 3025 argentea
3010 2956 3240 3010 valente
3287 2958 3418 3027 plus

1770 3046 1965 3100 minus
1990 3044 2204 3100 solidos
2242 3062 2368 3100 xxv.
2396 3047 2466 3101 Et
2493 3063 2527 3101 a
2555 3049 2719 3118 parte
2752 3064 2884 3102 mea
2914 3048 3068 3103 dono
3101 3048 3205 3104 tibi
3236 3066 3413 3106 cauco

1771 3142 2051 3209 argenteo
2092 3138 2319 3193 valente
2365 3140 2468 3194 sol.
2509 3155 2635 3209 xxx,
2677 3143 2737 3194 et
2778 3140 3155 3196 medietatem
3193 3143 3409 3214 ovium,

1769 3231 2149 3303 quasVigilius
2158 3231 2577 3301 adtendit,cum
2590 3236 2819 3306 pastore
2833 3234 3071 3290 nomine
3084 3236 3409 3307 Gaugiulfo.

47 3279 565 3397 genti-"crudelitate
937 3279 1160 3402 dignos"
1180 3330 1361 3386 iratus
1385 3279 1959 3404 ‘muartyEsESimili
1981 3279 2164 3381 (modo
2196 3326 2267 3381 de
2303 3279 2688 3383 Latiiiiacoret
2708 3328 3057 3398 Balbiniaco,
3076 3279 3411 3386 'tamovestis

46 3420 180 3476 fecit.
212 3422 359 3476 Nam
400 3422 666 3494 Herodes,
713 3439 886 3500 quem
935 3428 1160 3479 tantum
1216 3424 1441 3480 ravidus
1474 3441 1671 3481 sensus

1774 3436 1948 3491 quam
1978 3437 2231 3475 aramen
2256 3422 2345 3475 vel
2370 3422 2646 3490 utinsilia,
2671 3426 2730 3477 et
2755 3422 2825 3477 de
2843 3423 3099 3478 bovebus
3125 3440 3191 3478 ex
3214 3426 3411 3482 omnia

44 3514 234 3569 furoris
304 3516 521 3571 facibus
586 3497 873 3589 eregebat,
938 3522 1220 3589 quantum
1280 3535 1442 3601 amor
1491 3497 2170 3603 dulcis‘amedietatem,
2199 3514 2323 3583 tibi,
2346 3515 2676 3571 dulcissime
2715 3508 2815 3584 ﬁli,
2844 3517 3061 3572 habere
3111 3519 3404 3591 pracipio.

47 3609 320 3678 potestatis
347 3609 703 3682 accendebat,
722 3611 1011 3667 carniﬁces
1025 3628 1156 3668 suos
1176 3612 1248 3668 ad
1262 3612 1669 3686 inquirendum
1714 3607 1739 3685 ζ
1768 3607 1899 3663 Pari
1927 3608 2260 3664 conditione
2292 3625 2359 3663 ex
2385 3608 2840 3665 demandatione
2885 3610 3057 3666 bona
3108 3613 3408 3668 memoria

48 3701 181 3757 misit
235 3703 498 3772 infantes,
557 3704 721 3776 quasi
787 3706 885 3777 qui
933 3706 1112 3761 Deum
1166 3709 1357 3778 posset
1413 3706 1669 3764 invenire
1722 3692 1725 3695 I

51 3810 159 3850 cum
186 3796 378 3853 vellet.
405 3800 657 3869 Pergunt
680 3797 742 3853 in
767 3798 1052 3856 civitatem
1068 3799 1315 3855 ministri
1342 3800 1515 3872 regis,
1545 3816 1669 3856 cru-

47 3888 154 3943 dele
200 3893 501 3962 portantes
554 3890 888 3963 imperium,
954 3895 1012 3948 et
1060 3893 1268 3948 durum
1312 3896 1666 3965 praceptum

48 3981 298 4054 ferentes,
315 3984 376 4039 in
395 3984 604 4056 gladiis
615 3986 690 4041 ad
711 3989 965 4041 matrum
992 3987 1275 4059 lacrymas
1292 3987 1661 4044 festinabant.

49 4075 291 4132 lnfantile
330 4078 549 4133 bellum
586 4079 645 4133 in
684 4079 951 4134 domibus
1000 4080 1337 4152 gerebatur;
1380 4084 1438 4135 et
1471 4098 1665 4136 secum

49 4170 149 4224 sola
174 4175 471 4244 pugnante
498 4173 734 4242 savitia,
755 4173 1016 4229 orbitatis
1027 4174 1335 4229 crudelitas
1347 4174 1660 4230 eminebat.

51 4262 420 4320 laetabantur
460 4266 519 4320 in
560 4267 722 4321 cunis
763 4267 1035 4336 infantes,
1062 4267 1123 4322 in
1158 4268 1366 4339 quibus
1402 4268 1663 4324 nondum

55 4360 151 4410 erat
192 4359 467 4415 nascendi
504 4360 856 4417 conscientia
905 4377 918 4415 :
974 4365 1033 4415 et
1079 4362 1220 4417 illud
1264 4361 1661 4418 membrorum

58 4448 251 4506 initium
305 4453 561 4525 primum
605 4455 777 4509 funus
828 4454 994 4509 discit
1032 4472 1154 4511 esse
1198 4472 1375 4527 quam
1431 4472 1656 4528 corpus.

57 4542 448 4603 Occidebantur
487 4547 649 4604 initia
693 4550 1114 4617 membrorum,
1163 4548 1538 4604 minutissimi
1574 4551 1655 4605 la-

1768 3701 2112 3757 Deorovaldi
2154 3702 2308 3757 dono
2352 3702 2476 3769 tibi,
2511 3702 2838 3757 dulcissime
2882 3703 2984 3771 ﬁli,
3019 3704 3090 3758 de
3138 3705 3405 3775 portione

1770 3796 1892 3866 ejus
1908 3798 1967 3850 et
1982 3795 2053 3850 de
2070 3796 2425 3868 proprietate
2450 3813 2585 3851 mea
2610 3795 2899 3866 mancipia
2923 3796 3011 3851 his
3036 3797 3403 3867 nominebus,

1769 3890 2140 3961 Unnegiselo,
2180 3890 2591 3959 Aunemundo,
2637 3892 2695 3945 et
2731 3889 2878 3944 ﬁlias
2913 3890 3180 3960 Patricio,
3225 3891 3287 3946 id
3320 3896 3408 3947 est

1768 3984 2019 4052 Fedane,
2060 3987 2120 4038 et
2154 3983 2525 4054 Ausegunde,
2554 3985 2613 4038 et
2646 3982 2999 4055 Agnechilde
3031 3986 3090 4039 et
3127 3985 3406 4042 Baccione

1767 4095 1898 4133 cum
1928 4077 2155 4149 gregim
2182 4093 2520 4150 porcorum;
2542 4076 2723 4133 vinea
2744 4077 3059 4150 pedaturas
3084 4079 3247 4148 duas,
3267 4080 3405 4136 sitas

1765 4171 1825 4226 in
1869 4174 2068 4226 monte
2109 4170 2449 4240 Maurilioni,
2489 4187 2633 4243 quas
2674 4172 3108 4228 Theodaharius
3145 4176 3204 4227 et
3242 4175 3404 4230 Gari-

1762 4266 2015 4321 mundus
2043 4266 2258 4321 colunt.
2285 4265 2479 4320 Vinea
2500 4265 2984 4338 pedaturatertia,
3004 4267 3180 4322 sitain
3203 4272 3403 4324 monte

1762 4360 2110 4428 Metobaure,
2135 4376 2266 4415 cum
2285 4359 2531 4414 vinitore
2560 4360 3067 4416 Guntrachario....
3096 4361 3287 4417 Vinea
3306 4379 3403 4432 pe—

1763 4454 1968 4509 datura
1993 4457 2220 4525 quarta,
2251 4453 2359 4508 sita
2386 4453 2747 4523 Taurimaco,
2777 4471 2952 4526 quem
2973 4454 3277 4509 Imnerdus
3303 4471 3398 4509 co-

1760 4546 1825 4601 lit
1855 4564 1985 4602 cum
2016 4546 2261 4602 vinitore
2279 4546 2636 4618 Munegisilo.
2656 4547 2848 4602 Vinea
2868 4547 3149 4618 pedatura
3175 4546 3396 4618 quinta,

57 4642 261 4709 dantes,
319 4643 380 4695 et
420 4643 637 4713 accepti
687 4660 720 4697 a
758 4642 1040 4699 matribus
1076 4642 1294 4715 parvuli
1339 4643 1399 4698 in
1443 4643 1733 4728 duritiaD
1756 4642 1863 4697 sita
1898 4640 1958 4695 in
1984 4642 2185 4695 monte
2210 4639 2580 4708 Vultoriciuo,
2612 4657 2787 4712 quem
2838 4640 3024 4695 Sevila
3069 4640 3224 4705 colit,
3265 4657 3399 4695 cum

55 4728 275 4800 lapidum
345 4734 738 4805 vibrabantur,
795 4739 860 4791 ut
895 4736 969 4791 ad
1007 4737 1394 4792 execrandum
1434 4738 1656 4792 malum

58 4839 285 4883 saxorum
315 4845 523 4900 aspera
560 4830 742 4884 moles
777 4833 934 4885 artus
970 4834 1288 4902 spargeret.
1328 4832 1396 4885 Et
1421 4833 1657 4886 necatos

56 4922 241 4991 excepit
274 4923 483 4978 nolens
530 4926 684 4978 terra
727 4923 993 4992 conlisos,
1047 4926 1221 4996 atque
1272 4924 1483 4979 iterum
1534 4925 1656 4997 ipsa

59 5015 362 5071 mortalibus
388 5018 743 5088 sepulturam
781 5018 1045 5089 prabuit,
1080 5018 1177 5090 qui
1220 5018 1445 5090 pridem
1490 5022 1656 5074 natos

59 5103 169 5161 festa
192 5111 457 5182 suscepit.
492 5111 608 5166 Sub
635 5115 945 5183 conspectu
975 5115 1226 5167 matrum
1243 5113 1658 5185 premebantur

60 5200 241 5271 vagitus
284 5205 601 5275 infantum,
654 5209 713 5260 et
760 5206 1047 5278 lacrymas
1097 5223 1227 5261 suas
1265 5207 1323 5261 in
1359 5209 1656 5263 maternos

59 5296 214 5350 oculos
231 5298 628 5370 reportabant.
647 5300 907 5356 Salvator
926 5302 1123 5354 noster
1158 5299 1311 5355 inter
1347 5300 1657 5357 infantium

63 5386 224 5446 funera
273 5392 643 5465 quaerebatur
678 5410 691 5448 :
746 5393 845 5465 qui
887 5393 961 5448 ad
1005 5394 1114 5449 hoc
1154 5393 1417 5466 permisit
1450 5412 1553 5467 pro
1597 5412 1657 5451 se

64 5475 268 5539 infantes
296 5486 501 5554 occidi,
533 5489 595 5540 ut
630 5503 736 5558 pro
773 5486 897 5558 ipso
945 5487 1125 5542 ceteri
1164 5487 1453 5543 discerent
1487 5487 1653 5543 mori.

66 5568 303 5633 Natabant
328 5578 535 5634 domus
562 5578 845 5651 sanguine
872 5581 1278 5652 parvulorum;
1304 5596 1412 5635 nec
1434 5579 1543 5634 fuit
1561 5580 1658 5651 qui

65 5672 556 5729 consolarialterum
585 5677 799 5745 posset,
819 5673 955 5745 quia
978 5690 1096 5729 non
1114 5676 1240 5729 erat
1260 5671 1357 5744 qui
1378 5673 1660 5745 lacrymas

64 5772 152 5812 non
167 5762 412 5821 haberet.
442 5765 653 5822 Invicta
686 5766 903 5823 orbitas
938 5770 1173 5823 cunctos
1204 5768 1554 5839 aquaverat,
1603 5769 1662 5822 et

63 5865 325 5914 commune
338 5860 558 5915 malum
572 5860 783 5935 ubique
794 5861 1040 5918 luctibus
1054 5859 1659 5935 gerebatur.0ppressi

123 5946 182 6020 (α)
201 5951 331 6011 Vide
358 5969 497 6028 pag.
528 5954 648 6013 184.

1757 4734 2022 4790 vinitore.
2053 4734 2181 4788 Hac
2213 4732 2412 4787 omnia
2443 4750 2616 4804 supra
2647 4732 2856 4788 scribta
2895 4732 3020 4802 tibi,
3068 4733 3398 4789 dulcissime

1756 4829 1857 4897 ﬁli,
1885 4845 1953 4883 ex
1984 4844 2117 4883 mea
2138 4828 2434 4882 voluntate
2481 4827 2571 4881 vel
2620 4843 2688 4881 ex
2738 4826 3195 4883 demondatione
3255 4829 3399 4885 diva

1757 4921 2060 4978 memoria
2076 4920 2418 4976 Deorovaldi
2438 4920 2654 4975 habere
2674 4920 2964 4976 constitui.
2988 4922 3168 4978 Vinea
3200 4922 3308 4979 sita
3338 4924 3400 4980 in

1756 5020 1955 5073 monte
1982 5014 2175 5089 463
2203 5016 2400 5071 Me.....
2419 5031 2596 5087 quem
2628 5014 3076 5072 Habundancius
3103 5017 3258 5086 colit,
3283 5035 3403 5074 me-

1759 5112 2035 5166 dietatem
2062 5113 2275 5165 sancta
2306 5109 2625 5165 ecclesia...
2665 5109 2881 5165 eliense
2912 5110 3051 5167 dare
3083 5112 3352 5184 pracipio
3384 5130 3397 5168 :

1758 5205 1935 5260 aliam
1960 5203 2340 5259 medietatem
2367 5203 2440 5258 de
2479 5203 2607 5276 ipsa
2629 5204 2801 5259 vinea
2847 5204 3175 5261 dulcissimo
3202 5206 3400 5277 nepoti

1758 5315 1891 5355 meo
1944 5296 2266 5368 Bertigisilo
2309 5297 2526 5352 habere
2567 5298 2768 5369 jubeo.
2800 5297 3000 5368 Vinea,
3034 5315 3209 5370 quam
3232 5298 3398 5368 Agila

1758 5391 1979 5447 femina
2010 5390 2231 5459 tenuit;
2261 5392 2318 5445 et
2345 5390 2597 5459 vineam,
2628 5408 2803 5463 quam
2822 5390 3217 5446 lmnacharius
3238 5390 3393 5458 colit,

1762 5484 2103 5541 dulcissima
2143 5484 2301 5556 nepti
2339 5501 2486 5539 mea
2517 5486 2856 5541 Deorovara
2886 5500 3018 5539 cum
3048 5483 3173 5556 ipso
3204 5485 3395 5538 Imne-

1762 5579 1955 5635 chario
1980 5578 2195 5635 habere
2214 5578 2505 5651 pracipio.
2524 5579 2953 5651 Vineaplantas,
2969 5578 3067 5651 qui
3089 5580 3222 5633 sunt
3236 5594 3398 5633 secus

1760 5672 1989 5728 vineam
2025 5672 2292 5741 Sevilam,
2335 5670 2665 5728 dulcissimo
2710 5672 2907 5744 nepoti
2942 5688 3076 5728 meo
3110 5671 3394 5727 Berterico

1760 5766 1975 5821 habere
2006 5765 2297 5838 pracipio.
2332 5766 2513 5821 Vinea
2541 5783 2715 5839 quem
2735 5765 3086 5821 Vincimalus
3113 5766 3174 5821 in
3196 5767 3394 5819 monte

1759 5857 2109 5918 Vultoriciuo
2137 5860 2290 5929 colit,
2320 5862 2377 5916 et
2396 5860 2608 5932 puella,
2644 5859 2884 5916 nomine
2905 5856 3312 5925 Sunnechilde,
3336 5857 3394 5908 et
