4014 6230
524 386 626 441 433

1322 338 1653 440 ᾸΡΙἘΝΒΙΧ
1690 383 1778 438 ΑΙ)
1814 383 2034 437 ()l’EltA
2072 383 2306 440 SANCTI
2346 385 2645 442 GERMANI
2684 386 3112 442 PARISIENSIS.

3802 390 3904 445 436

527 491 735 550 ancilla
759 492 999 549 nomine
1018 491 1232 561 Iveriaa,
1256 507 1387 546 cum
1407 489 1524 545 ﬁlio
1537 488 1797 545 Leudino
1818 488 2165 546 dulcissimae
2185 501 2246 576 Α
2264 493 2462 549 harius
2494 492 2756 550 similiter
2779 509 2912 549 cum
2942 493 3119 549 boves
3150 494 3213 548 ut
3231 492 3498 551 laborent
3515 494 3720 567 jubeo,
3751 497 3909 554 unde

526 605 685 644 none
709 604 859 644 mea:
879 588 1199 643 Bertovarae
1215 586 1430 641 habere
1445 584 1645 656 jubeo.
1668 585 1811 640 Item
1833 583 2160 641 dulcissimo

528 683 726 756 nepoti
748 698 881 737 meo
907 678 1242 751 Bertegisilo
1268 677 1536 733 ichriario
1566 681 1870 750 argenteo,
1904 680 1963 734 et
1989 695 2158 734 man-

528 776 677 849 cipia
706 776 794 831 his
824 773 1189 841 nominebus,
1219 771 1544 841 Sunniulfo,
1578 774 1637 827 et
1675 789 1873 829 sorore
1917 773 2041 844 ejus
2066 772 2159 829 Gi-

526 874 833 942 bethrude,
862 876 921 927 et
948 872 1094 927 ﬁlias
1130 871 1451 940 Anthimio,
1485 875 1544 927 et
1570 871 1690 927 filio
1719 872 2041 928 The.........
2070 890 2162 929 nae

520 971 752 1044 juniore
801 969 1017 1023 habere
1063 966 1370 1022 constituo.
1416 966 1582 1039 Nepti
1633 983 1781 1021 meae
1824 969 2161 1023 Deorovarze

526 1065 763 1120 scutella
793 1063 1074 1132 argentea
1103 1060 1432 1129 cruciolata,
1462 1063 1520 1115 et
1539 1060 1829 1132 mancipia
1856 1060 1945 1116 his
1970 1060 2161 1116 nomi-

526 1159 727 1224 nebus,
762 1154 1172 1212 Tanechildem
1215 1155 1683 1226 Imnegunthem,
1724 1155 2158 1227 Imnegisilum;

523 1255 584 1309 et
605 1250 843 1307 lectaria
870 1249 944 1306 ad
968 1250 1119 1305 lecto
1147 1264 1264 1304 uno
1291 1248 1389 1320 qui
1417 1248 1629 1304 melior
1652 1248 1846 1317 fuerit,
1880 1253 1939 1303 et
1981 1238 2160 1320 puero

525 1345 763 1401 nomine
802 1342 1198 1410 Gundofredo,
1233 1343 1292 1397 et
1336 1342 1546 1397 ancilla
1592 1342 1829 1397 nomine
1872 1341 2159 1413 Theigun-

526 1440 685 1508 dem,
740 1455 968 1494 necnon
1001 1441 1059 1493 et
1096 1437 1287 1508 puella
1329 1436 1564 1491 nomine
1592 1434 2011 1490 Andechildem
2038 1436 2162 1491 dari

526 1533 832 1590 constituo.
864 1529 1205 1587 Dulcissimo
1245 1530 1441 1602 nepoti
1477 1546 1609 1585 meo
1638 1529 1943 1597 Berterico,
1981 1546 2161 1600 puero

526 1626 762 1684 nomine
790 1624 1104 1697 Medigisilo
1137 1624 1352 1680 habere
1373 1623 1572 1694 jubeo.

597 1719 862 1777 Baselicis
891 1717 1212 1774 constitutis
1230 1716 1498 1784 Parisius,
1525 1716 1584 1771 id
1623 1720 1710 1770 est
1742 1716 2007 1772 baselicae
2040 1734 2165 1772 san-

525 1815 600 1871 cti
619 1813 794 1882 Petri,
823 1812 981 1868 urcio
1003 1814 1281 1882 argenteo
1302 1812 1531 1866 valente
1554 1810 1784 1866 soledus
1800 1810 2079 1878 duodece,
2105 1815 2163 1866 et
2181 1879 2220 1882 _
2265 1811 2605 1866 libertorum
2647 1824 2915 1864 meorum
2955 1824 3214 1864 nomena
3238 1808 3297 1863 in
3329 1850 3343 1864 .
3388 1851 3402 1866 .

2265 589 2457 645 oblata
2497 588 2568 643 ad
2609 587 2859 644 baselica
2897 586 3079 643 sancti
3125 586 3446 644 Sinsuriani
3485 606 3590 661 pro
3635 591 3909 664 requiem
4011 590 4014 595 ⁴

2262 682 2607 739 Deorovaldi
2653 681 2945 738 oﬂ’eretur.
2979 681 3164 738 Simili
3190 683 3368 738 modo
3394 683 3576 741 vineae
3616 685 3912 757 pedatura

2264 794 2399 845 una,
2433 776 2540 832 sita
2566 775 2925 844 Tauriniaco,
2953 779 3012 832 et
3035 793 3213 849 quem
3237 777 3420 849 Pinpo
3449 778 3605 848 colit,
3636 779 3914 836 baselicaa

2261 870 2561 928 Domni....
2587 870 2749 941 eorgi
2776 870 3042 942 (Georgii)
3071 871 3237 926 Cal...
3264 870 3438 944 (Gala)
3459 872 3584 928 dari
3604 874 3910 946 praecipio.

2261 967 2454 1022 Vineae
2500 964 2782 1037 pedatura
2812 981 2947 1033 una,
2977 964 3085 1020 sita
3118 965 3177 1042 in
3221 968 3420 1021 monte
3462 966 3696 1034 Buxata,
3730 984 3913 1040 quem

2259 1061 2454 1117 Juvius
2482 1058 2636 1127 colit,
2675 1057 2914 1114 ecclisiae
2944 1058 3372 1114 Boninsiacinse
3418 1059 3543 1115 dari
3590 1061 3910 1117 constituo.

2262 1154 2461 1223 Vinea,
2491 1169 2667 1226 quem
2692 1151 2926 1208 Uvassio
2954 1152 3110 1222 colit,
3141 1168 3272 1208 cum
3296 1151 3420 1225 ipso
3451 1154 3788 1211 Uvassione.
3836 1196 3849 1209 .
3896 1195 3909 1210 .

2265 1358 2437 1414 quem
2474 1383 2488 1396 .
2534 1382 2545 1396 .
2592 1382 2605 1395 .
2653 1382 2664 1395 .
2711 1381 2724 1396 .
2770 1381 2783 1394 .
2830 1381 2842 1394 .
2887 1381 2900 1393 .
2930 1340 3119 1395 colere
3144 1340 3371 1410 debeat,
3406 1341 3670 1398 baselicaa
3700 1343 3912 1400 domni

2264 1434 3910 1493 Sinsuriani........oblata........dari

2263 1529 2569 1585 constituo.
2584 1527 2775 1583 Vineae
2792 1526 3076 1598 pedatura
3087 1543 3221 1595 una,
3236 1527 3343 1583 sita
3359 1528 3419 1583 in
3438 1532 3638 1585 monte
3665 1529 3909 1597 Blixata,

2264 1640 2440 1695 quem
2470 1621 2830 1677 Leudefredo
2860 1620 3013 1687 colit,
3036 1621 3297 1676 baselica:
3326 1622 3505 1677 sancti
3538 1664 3551 1677 .
3597 1665 3609 1678 .
3657 1665 3669 1678 .
3718 1665 3732 1678 .
3779 1665 3793 1678 .
3824 1640 3912 1679 ar-

2266 1717 2370 1772 tini
2395 1717 2539 1788 (Leg.
2572 1715 2819 1786 Martini)
2860 1714 2912 1769 ci
2942 1718 3186 1785 perente
3227 1715 3352 1770 dari
3384 1716 3562 1787 jubeo
3595 1757 3609 1772 .
3658 1758 3670 1771 .
3718 1758 3733 1772 .
3782 1759 3795 1771 .
3836 1759 3849 1772 .
3896 1757 3910 1773 .

3449 1852 3462 1865 .
3504 1852 3517 1866 .
3549 1814 3913 1867 testamento

523 1910 661 1965 ﬁbla
685 1879 861 1963 aurea
904 1879 1199 1978 gemmata
1226 1904 1301 1960 ad
1326 1906 1526 1959 mento
1553 1904 1679 1959 dari
1724 1904 2030 1959 constituo.
2056 1879 2238 1960 Ba-B
2261 1904 2395 1959 abin
2429 1945 2443 1960 .
2488 1945 2501 1959 .
2547 1944 2561 1959 .
2606 1943 2619 1957 .
2667 1945 2681 1958 .
2713 1902 2787 1957 cti
2832 1902 3117 1957 constituo
3160 1902 3588 1976 Medibergane,
3624 1905 3911 1971 Honorio,

524 2003 712 2060 selicae
734 2001 966 2057 domnae
994 1998 1181 2055 Maria:
1208 2002 1449 2070 gravata
1479 2000 1759 2069 argentea
1793 1999 2021 2053 valente
2054 2000 2156 2055 sol.

526 2096 806 2163 duodece,
835 2096 895 2147 et
922 2110 1088 2148 cruce
1122 2109 1301 2148 aurea
1324 2093 1553 2147 valente
1574 2092 1678 2147 sol.
1703 2094 1884 2163 septe,
1918 2092 2043 2146 dari
2066 2092 2158 2163 ju-

523 2191 653 2246 beo.
683 2186 951 2243 Baselicaa
977 2185 1176 2241 domni
1204 2185 1425 2242 Stefani
1448 2186 1619 2241 anolo
1656 2202 1833 2241 aureo
1886 2184 2161 2255 nigellato

523 2284 749 2339 valente
770 2282 874 2336 sol.
910 2282 1178 2354 quatuor,
1207 2279 1333 2335 dari
1362 2280 1511 2334 volo.
1540 2278 1791 2334 Basilicae
1808 2278 2011 2334 domni
2031 2279 2165 2334 Ger-

522 2377 642 2433 vasi
676 2378 848 2432 anolo
889 2391 1088 2441 aureo,
1140 2389 1359 2429 nomen
1394 2389 1591 2428 meum
1638 2372 1697 2427 in
1738 2389 1798 2427 se
1847 2372 2162 2428 habentem

522 2471 817 2537 scribtum,
847 2467 971 2524 dari
998 2466 1290 2539 praecipio.
1316 2466 1582 2521 Baselicaa
1623 2466 1805 2521 sancti
1844 2465 2165 2522 Sinsuriani

526 2563 679 2636 (Sic),
698 2563 757 2617 in
789 2578 904 2633 qua
933 2561 1103 2616 bona
1128 2559 1548 2615 recordationis
1578 2559 1726 2615 ﬁlius
1752 2575 1917 2614 meus
1946 2561 2163 2616 Deoro-

522 2656 722 2712 valdus
746 2654 1073 2727 requiescit,
1104 2655 1271 2709 freno
1299 2654 1527 2713 valente
1554 2655 1657 2709 sol.
1692 2653 1972 2721 duodece,
2001 2657 2061 2708 et
2078 2670 2168 2709 ca-

522 2750 677 2805 ballo
705 2751 906 2815 strato,
937 2751 996 2803 et
1020 2763 1258 2802 carruca
1274 2746 1333 2801 in
1354 2763 1470 2818 qua
1490 2746 1694 2802 sedere
1714 2745 2003 2815 consuevi,
2031 2764 2165 2802 cum

523 2844 698 2899 boves
720 2859 734 2910 ;
757 2843 817 2897 et
862 2841 1098 2896 lectaria
1128 2857 1261 2897 cum
1293 2840 1454 2896 omni
1489 2842 1741 2895 stratura
1765 2856 1887 2908 sua,
1918 2857 2023 2913 pro
2064 2841 2164 2896 de-

522 2936 754 2993 votione
781 2951 915 2991 mea
940 2938 999 2990 et
1040 2934 1305 3006 requiem
1338 2933 1680 2990 Deorovaldi
1709 2933 1834 2988 dari
1874 2934 2164 3007 prmcipio.

523 3030 652 3087 Alia
681 3045 919 3087 carruca
945 3044 1078 3083 cum
1123 3028 1299 3083 boves
1329 3028 1416 3082 vel
1446 3026 1608 3083 omni
1645 3030 1897 3082 stratura
1923 3045 2045 3095 sua,
2073 3045 2166 3083 ec-

525 3124 698 3179 clisia:
735 3122 841 3178 vici
886 3120 1292 3178 Boniciacinsis
1322 3121 1448 3176 dari
1476 3120 1675 3192 jubeo.
1704 3120 1980 3176 Similiter
2006 3121 2167 3177 villa-

526 3234 671 3285 rem,
719 3216 810 3272 cui
848 3215 1190 3271 vocabulum
1228 3218 1316 3269 est
1348 3215 1630 3282 Volonno,
1671 3231 1801 3269 cum
1841 3213 2166 3286 adjacentia

526 3327 649 3378 sua,
672 3326 845 3381 supra
878 3308 1103 3364 scribtse
1138 3307 1377 3363 ecclisiae
1404 3307 1810 3375 Bonisiacinse,
1840 3324 1945 3379 pro
1969 3324 2162 3363 reme-

527 3404 688 3460 dium
734 3402 949 3459 animae
989 3417 1136 3458 mea:
1178 3402 1393 3457 habere
1429 3402 1722 3474 praecipio.
1776 3404 2164 3458 Sacrosanctaa

527 3496 780 3553 ecclesiae
807 3495 1051 3552 civitatis
1076 3495 1427 3552 Parisiorum
1458 3495 1724 3553 missorio
1751 3497 2052 3566 argenteo,
2071 3511 2164 3551 va-

526 3593 683 3646 lente
737 3592 840 3646 sol.
887 3588 1328 3661 quinquaginta,
1380 3589 1506 3644 dari
1563 3588 1853 3661 praecipio.
1894 3587 2163 3643 Baselicee

528 3688 739 3740 sanctze
769 3685 977 3741 Cruces
1007 3684 1096 3738 vel
1126 3682 1338 3738 Domni
1361 3682 1622 3738 Vincenti
1664 3681 1934 3737 cocliaria
1961 3698 2165 3752 argen-

530 3781 623 3834 tea
651 3779 791 3834 dece
819 3776 944 3833 dari
960 3777 1159 3848 jubeo.
1182 3776 1442 3832 Lectaria
1465 3792 1570 3848 par
1591 3791 1727 3843 uno,
1755 3777 1814 3829 et
1839 3774 2166 3830 vestimenti

528 3872 645 3928 mei
674 3873 904 3943 pareclo
932 3886 1049 3926 uno
1079 3870 1351 3926 fratribus
1378 3870 1454 3925 ad
1476 3869 1666 3924 minsa
1696 3868 1960 3924 baselicaa
1983 3869 2168 3924 sancti

530 3965 752 4021 Dionisi
801 3964 925 4019 dari
969 3964 1259 4035 praecipio.
1292 3963 1420 4018 Alia
1455 3963 1675 4034 pariclo
1719 3962 2051 4018 vestimenti
2092 3962 2168 4018 ad

528 4059 653 4114 vico
684 4057 981 4113 Bonisiaca
1016 4058 1291 4113 fratribus
1320 4054 1443 4111 dari
1473 4055 1666 4129 464
1693 4056 1997 4112 constituo.
2031 4058 2166 4112 Ter-

531 4152 613 4207 tio
645 4151 858 4223 periclo
896 4151 1225 4207 vestimenti
1266 4149 1474 4205 Emilia
1516 4150 1591 4205 ad
1634 4150 1757 4205 vico
1799 4149 1923 4205 dari
1966 4149 2165 4221 jubeo.

532 4249 677 4301 Item
708 4262 810 4318 pro
838 4246 1164 4301 remedium
1196 4259 1418 4299 anemaz
1446 4259 1612 4311 meae,
1633 4244 1722 4298 vel
1754 4261 1820 4298 ex
1850 4243 2169 4299 demanda-

531 4340 695 4396 cione
711 4340 879 4396 bona:
896 4337 1324 4395 recordacionis
1342 4337 1425 4392 fili
1444 4338 1561 4393 mei
1581 4337 1925 4393 Deorovaldi
1950 4337 2167 4406 villam,

532 4430 622 4485 cui
649 4430 990 4486 vocabulum
1022 4430 1110 4484 est
1132 4426 1447 4495 Latiniaco,
1481 4426 1591 4481 sita
1624 4426 1683 4482 in
1712 4426 2004 4482 territurio
2034 4428 2171 4483 Mel-

532 4524 715 4593 dinse,
739 4541 872 4579 cum
886 4521 1124 4593 campis,
1147 4520 1435 4575 colonecis
1454 4521 1528 4576 ad
1547 4520 1756 4576 eadem
1789 4521 2168 4593 pertinentes,

2260 1997 2717 2064 Gundileubane,
2759 1995 2956 2064 Piane,
3001 1995 3330 2051 Sumthult‘o
3374 1997 3726 2065 Ciuccirane,
3774 1999 3913 2054 Hic-

2262 2091 2541 2159 chicione,
2562 2091 2721 2145 Maxa
2772 2107 2947 2165 uxore
2984 2091 3326 2163 Chioberga,
3359 2090 3701 2160 Sinderedo,
3732 2093 3917 2164 Angi-
4006 2136 4014 2153 μ

2262 2187 2417 2253 lone,
2462 2183 2822 2240 Leudefredo
2850 2172 2994 2238 (cum
3036 2201 3211 2240 uxore
3246 2185 3626 2253 Vuandilone,
3655 2186 3913 2242 Chaide-
4006 2172 4014 2199 ¹

2264 2297 2431 2347 runa,
2454 2277 2825 2343 Childeruna,
2856 2278 3296 2350 Thrasteberga,
3329 2279 3785 2349 Theodachario,
3816 2280 3913 2335 Vi-

2266 2373 2402 2445 gilio
2428 2389 2562 2428 cum
2589 2388 2763 2427 uxore
2789 2372 3070 2440 Sunnine,
3098 2372 3321 2443 Agione
3349 2390 3478 2428 cum
3494 2374 3613 2429 filio
3632 2391 3735 2430 suo
3752 2375 3916 2430 Gari-

2266 2467 2425 2534 lulfo,
2452 2465 2771 2521 Vincimalo
2814 2482 2947 2520 cum
2994 2481 3166 2521 uxore
3205 2456 3497 2534 Maurella,
3524 2468 3738 2522 Mellita
3772 2484 3914 2523 cum

2266 2561 2382 2616 filio
2413 2577 2515 2616 suo
2536 2559 2790 2630 juniore,
2819 2558 3101 2615 Coccione
3127 2576 3258 2615 cum
3300 2560 3418 2616 ﬁlio
3466 2578 3568 2616 suo
3608 2561 3911 2633 Daigisilo,

2265 2654 2549 2711 Mudilane
2579 2670 2710 2709 cum
2738 2653 2869 2707 ﬁliis
2898 2653 3013 2708 suis
3039 2653 3376 2724 Munegisilo
3405 2657 3462 2708 et
3495 2655 3911 2723 Monechrude,

2264 2747 2573 2815 Acchione,
2606 2748 2861 2809 Bonane,
2889 2746 3335 2815 Leubosaintho,
3364 2748 3589 2804 Gibulfo
3612 2748 3733 2804 ﬁlio
3752 2749 3911 2821 Vigi-

2268 2841 2364 2897 lio.
2396 2844 2809 2909 Dommoruna,
2840 2840 3293 2908 Childerimane,
3327 2840 3570 2909 Basone,
3612 2842 3914 2913 Childegi-

2267 2936 2406 3003 selo,
2440 2934 2884 3006 Childegunthe.
2917 2933 3233 2991 Chrodulfo
3263 2976 3276 2990 .
3323 2976 3336 2990 .
3384 2977 3399 2991 .
3444 2977 3457 2990 .
3482 2934 3673 3009 465
3709 2936 3918 2992 Sinde-

2266 3028 2555 3099 bergane,’
2602 3027 2980 3095 Monechilde,
3033 3029 3305 3095 IEterno,
3359 3028 3748 3096 Bauderuna;
3804 3030 3917 3086 hos

2268 3138 2475 3177 omnes
2527 3137 2659 3176 cum
2690 3120 2851 3176 omni
2897 3120 3192 3192 peculiare
3233 3138 3454 3189 eorum,
3500 3126 3623 3177 tam
3660 3124 3914 3191 areolas,

2267 3215 2559 3287 hospitio],
2584 3215 2919 3281 ahortellus,
2946 3216 3034 3270 vel
3056 3214 3331 3285 vineolas,
3361 3219 3568 3271 etcum
3588 3216 3649 3271 id
3665 3217 3826 3288 quod
3855 3217 3918 3272 in

2267 3308 2612 3380 quibuslibet
2639 3309 2812 3363 rebus
2839 3308 3055 3364 habere
3084 3307 3372 3377 videntur,
3404 3309 3616 3366 liberos
3668 3310 3914 3365 liberas-

2264 3420 2375 3474 que
2406 3419 2531 3457 esse
2556 3402 2858 3474 praecipio;
2891 3405 2949 3456 et
2965 3400 3248 3473 quidquid
3276 3401 3481 3458 exinde
3509 3404 3701 3459 facere
3721 3405 3916 3459 volue-

2263 3496 2399 3563 rint,
2427 3496 2683 3551 habeant
2710 3494 2956 3550 liberam
2988 3499 3358 3566 potestatem.

2337 3589 2615 3645 Similiter
2654 3588 2981 3645 Mumolane
3017 3606 3148 3644 cum
3181 3590 3344 3645 omni
3370 3590 3661 3661 peculiare
3689 3608 3790 3647 suo
3818 3592 3912 3647 in-

2267 3700 2524 3754 genuum
2548 3699 2672 3738 esse
2688 3683 2958 3754 praecipio
2984 3700 2997 3738 :
3018 3683 3332 3739 luminaria
3344 3687 3571 3739 tantum
3585 3685 3643 3740 in
3671 3687 3916 3742 ecclesia

2268 3776 2565 3832 Bonisiaca
2611 3775 2942 3831 ministrare
2991 3777 3238 3833 stodeat.
3280 3778 3725 3834 Vualacharium
3778 3797 3916 3835 cum

2267 3869 2431 3925 omni
2464 3869 2751 3942 peculiare
2775 3887 2899 3938 suo,
2915 3873 3127 3925 etcum
3144 3871 3321 3926 boves
3342 3888 3486 3942 quos
3500 3871 3741 3943 bajolat,
3756 3873 3920 3944 inge-

2268 3980 2450 4020 nuum
2474 3980 2543 4019 ea
2573 3962 2914 4019 condicione
2942 3980 3065 4019 esse
3087 3964 3289 4035 jubeo,
3318 3967 3381 4019 ut
3406 3965 3562 4036 ligna
3580 3969 3810 4022 tantum
3839 3968 3919 4022 ad

2271 4058 2463 4114 oblata
2488 4057 2821 4113 faciendum
2846 4057 3178 4114 ministrare
3210 4063 3499 4130 procuret.
3541 4059 3918 4117 Gundefredo

2271 4168 2401 4207 cum
2425 4152 2601 4207 boves
2618 4151 2764 4206 duos
2789 4150 3053 4207 laborare
3075 4151 3366 4225 praecipio,
3391 4153 3544 4209 unde
3571 4171 3703 4209 cera
3723 4154 3799 4209 ad
3819 4156 3922 4210 ba-

2272 4245 2443 4301 selica
2491 4245 2693 4302 domni
2738 4245 3059 4301 Sinsuriani
3103 4249 3492 4319 comparetur.
3545 4247 3918 4317 Martiniano,
4006 4258 4014 4283 ‘

2270 4339 2650 4395 Theoderuna
2689 4355 2822 4394 cum
2860 4338 2978 4395 ﬁlio
3022 4357 3123 4395 suo
3160 4339 3410 4408 seniore,
3444 4357 3575 4397 cum
3620 4342 3921 4413 peculiare

2273 4450 2496 4501 eorum,
2518 4432 2663 4488 sicut
2680 4449 2853 4504 supra
2875 4433 3464 4502 scribtibenemereti,
3486 4435 3777 4508 ingenuos
3790 4454 3919 4492 esse

2264 4527 2463 4598 jubeo.
2497 4526 2680 4581 Simili
2705 4526 2881 4582 modo
2912 4544 3016 4598 pro
3061 4527 3387 4583 remedium
3418 4528 3631 4583 animm
3660 4546 3830 4596 meae,
3859 4534 3921 4584 et

531 4635 664 4674 cum
695 4618 873 4690 pratis
902 4614 1145 4687 pascuis,
1176 4612 1347 4683 silvis,
1370 4615 1458 4670 vel
1486 4615 1647 4681 omni
1668 4615 1801 4686 jure
1831 4619 1890 4671 et
1920 4616 2169 4672 termino
2189 4622 2250 4696 D
2274 4636 2342 4674 ex
2366 4619 2820 4674 demandatione
2850 4620 2933 4675 fili
2948 4620 3063 4676 mei
3088 4621 3448 4689 Deorovaldi,
3481 4622 3742 4694 Gygone,
3783 4624 3921 4695 Sep-

533 4729 656 4781 suo,
689 4711 823 4783 quia
843 4710 902 4764 in
928 4707 1196 4780 portione
1224 4724 1396 4780 supra
1419 4709 1731 4765 memorati
1755 4709 1856 4764 ﬁlii
1885 4710 2001 4764 mei
2020 4710 2168 4765 Deo-

530 4804 754 4862 rovaldi
800 4800 1060 4869 obvenit,
1110 4818 1242 4856 cum
1288 4802 1451 4857 omni
1506 4802 1840 4874 integritate
1906 4802 2169 4858 baselicze

533 4897 719 4955 sancti
743 4894 1083 4964 Sinsuriani,
1118 4895 1213 4950 ubi
1247 4897 1539 4968 sepultura
1570 4897 1787 4951 habere
1831 4895 2168 4965 dinuscitur,

532 5008 638 5064 pro
668 4989 930 5061 requiem
953 4988 1076 5060 ejus
1104 4989 1230 5045 dari
1249 4990 1541 5063 praecipio.
1571 4989 1851 5045 Similiter
1881 4989 2169 5060 porcario,

534 5081 770 5139 nomine
799 5082 1099 5151 Gudilane,
1145 5100 1277 5138 cum
1310 5083 1537 5156 gregim
1569 5098 1897 5153 porcorum,
1931 5086 1990 5138 et
2026 5084 2170 5139 Bau-

535 5179 775 5234 domere
799 5194 931 5233 cum
954 5177 1179 5249 gregim
1204 5177 1416 5246 ovium,
1441 5180 1499 5231 et
1518 5180 1725 5248 troppo
1745 5177 2171 5248 jumentorum,

533 5272 633 5345 qui
664 5275 798 5327 sunt
827 5272 900 5327 ad
931 5288 1104 5344 supra
1147 5271 1359 5342 scripta
1389 5269 1521 5326 villa
1554 5270 1868 5341 Latiniaco,
1910 5271 2171 5344 supradi-

531 5370 638 5423 ctae
658 5366 923 5422 baselicze
947 5364 1129 5421 sancti
1161 5362 1484 5419 Sinsuriani
1503 5364 1720 5420 habere
1737 5365 1936 5437 jubeo.

605 5462 885 5519 Goderico
915 5465 973 5516 et
995 5459 1319 5515 Gunderico
1346 5459 1406 5515 in
1436 5476 1609 5532 supra
1635 5460 1910 5533 scriptam
1956 5461 2171 5531 villam,

532 5572 706 5628 quem
734 5555 1000 5612 baselicae
1022 5553 1225 5610 domui
1249 5553 1571 5610 Sinsuriani
1599 5553 1869 5627 deligavi,
1900 5554 1983 5611 ita
1994 5556 2174 5627 jubeo

533 5654 594 5705 ut
624 5650 910 5718 laborent,
946 5648 1100 5703 unde
1136 5648 1209 5704 ad
1260 5647 1385 5720 ipsa
1428 5647 1679 5704 basileca
1716 5648 1911 5705 oblata
1953 5648 2176 5705 cotidie:

532 5742 911 5800 ministretur.
934 5741 1213 5798 Leudnlfo
1233 5758 1364 5798 cum
1381 5741 1570 5812 vinea,
1599 5759 1773 5815 quem
1798 5742 2065 5799 Sabucito
2087 5759 2179 5798 co-

528 5837 612 5902 lit,
642 5834 716 5889 ad
747 5834 1023 5903 oraturio,
1053 5836 1153 5907 qui
1182 5838 1269 5891 est
1293 5836 1353 5891 in
1384 5835 1518 5892 villa
1549 5835 1863 5904 Latiniaco,
1898 5836 2050 5892 unde
2076 5835 2177 5892 ibi-

534 5928 669 5982 dem
704 5927 897 5982 oblata
919 5932 1202 5997 occurrat,
1232 5929 1359 5984 dari
1382 5930 1530 5985 volo.
1559 5928 1890 5999 Baudult'us,
1915 5929 2179 5987 Sluntha-

2272 4712 2471 4768 teredo
2489 4728 2621 4767 cum
2646 4729 2823 4769 uxore
2850 4713 3177 4782 Goderuna,
3204 4714 3615 4784 Theodonivia,
3640 4717 3923 4773 Baudoni-

2270 4805 2381 4874 via,
2409 4806 2650 4874 Carane,
2681 4806 2926 4863 Patricio
2962 4824 3095 4862 cum
3126 4825 3301 4864 uxore
3338 4809 3603 4878 Eusebia,
3638 4811 3920 4882 Dagarico

2272 4916 2403 4955 cum
2430 4916 2605 4955 uxore
2640 4901 2948 4968 Aurovefa,
2980 4900 3335 4970 Ciuncileno,
3378 4902 3766 4959 Blidemundo
3787 4921 3921 4959 cum

2270 4993 2389 5048 ﬁlia
2428 4993 2800 5061 Blidechilde,
2830 4994 3175 5063 Manileubo,
3227 4996 3541 5064 Trasilane,
3586 4998 3921 5065 Eumundo,

2273 5086 2578 5142 lmneredo
2636 5104 2766 5142 cum
2811 5104 2986 5143 uxore
3034 5088 3284 5160 Torigia,
3344 5090 3648 5157 Chadulfo,
3698 5091 3919 5159 Aridia,

2230 5190 2241 5199 ’
2272 5181 2617 5249 Rocculane,
2648 5180 2989 5249 Babiccono,
3008 5182 3355 5239 Gunthivera
3380 5200 3393 5251 ;
3417 5184 3524 5239 hos
3556 5200 3762 5239 omnes
3787 5201 3921 5240 cum

2276 5273 2437 5328 omni
2466 5273 2774 5345 peculiare,
2810 5276 2933 5330 tam
2968 5277 3211 5344 areolas,
3261 5293 3439 5348 quam
3474 5277 3812 5349 hospiciola,
3837 5278 3920 5333 vi-

2276 5368 2474 5424 neolas
2500 5369 2589 5423 vel
2610 5368 2909 5436 hortellus,
2942 5385 3073 5425 cum
3091 5369 3151 5424 id
3179 5370 3333 5442 quod
3355 5371 3627 5442 praesenti
3654 5375 3922 5443 tempore

2276 5461 2490 5517 habere
2521 5461 2809 5526 videntur,
2836 5462 3127 5535 ingenuus
3149 5480 3272 5519 esse
3307 5464 3615 5533 constituo,
3639 5465 3921 5521 Baudulfo

2276 5558 2335 5611 et
2349 5556 2784 5627 Sumthahario,
2812 5573 2945 5613 cum
2975 5557 3152 5613 boves
3177 5574 3323 5630 quos
3341 5558 3624 5630 bajolant,
3654 5559 3924 5615 laborare

2276 5650 2566 5723 praecipio,
2593 5650 2746 5706 unde
2769 5651 2963 5707 oblata
2992 5651 3065 5706 ab
3089 5651 3343 5709 baselica
3367 5652 3576 5709 Domni
3597 5652 3927 5709 Sinsuriani

2270 5744 2492 5817 jugiter
2517 5745 2898 5802 ministretur.
2944 5746 3031 5800 Ita
3073 5746 3169 5813 do,
3197 5746 3279 5803 ita
3304 5745 3444 5818 ligo,
3482 5745 3564 5801 ita
3610 5748 3812 5815 testor,
3843 5747 3925 5802 ita

2278 5854 2379 5892 vos
2407 5838 2551 5894 mihi
2582 5836 2816 5903 Quiritis
2856 5839 3255 5895 testimonium
3292 5838 3687 5913 perhibetote;
3736 5840 3922 5905 citari,

2279 5930 2586 6004 citeraeque
2611 5932 2878 6004 proximi,
2905 5933 3643 6007 proximasque,exheredis
3671 5934 3823 5992 mihi
3844 5952 3925 5991 es-
