4014 6230
127 323 211 375 i3?
768 321 859 377 AD
902 321 1389 378 PRzECEDENTIA
1427 322 1760 380 LITURGIJEI
1798 324 2213 381 MONUMENTA
2252 326 2589 383 APPENDIX
2626 327 2852 384 PRIMA.

3392 335 3496 390 438

121 437 233 493 tote
260 450 273 491 :
307 434 640 509 proculque
666 433 940 491 habetote
972 432 1019 490 si
1046 450 1175 506 quae
1199 433 1385 488 litura:
1410 434 1498 488 vel
1531 451 1762 491 caraxa-
1787 442 1848 517 Α
1871 432 2127 490 Germani
2147 451 2184 489 a
2211 436 2393 491 Pratis
2419 451 2571 500 mss.,
2598 436 2758 501 ibid.,
2794 439 2854 492 in
2888 435 3049 493 Coena
3080 440 3335 513 Domini).
3369 442 3505 499 Post

126 537 257 587 tura:
278 529 343 585 in
374 529 494 585 hoc
520 531 871 586 testamento
901 545 1035 585 meo
1068 532 1220 598 sunt,
1244 546 1354 601 ego
1381 528 1490 585 feci
1521 529 1763 605 ﬁerique

125 622 343 699 praecipi
365 667 381 692 ,
428 624 580 679 dum
624 622 769 679 mihi
815 624 1022 696 saepius
1063 623 1217 679 volui
1268 621 1574 679 recenseri.
1615 623 1766 679 Addi

127 720 291 775 etiam
330 718 636 788 constitui,
673 718 718 773 si
754 718 882 790 quis
920 721 1120 774 contra
1159 719 1313 773 hunc
1348 720 1764 774 testamentum

126 813 309 869 venire
327 812 605 881 voluerit,
631 815 730 869 aut
747 814 1108 868 voluntatem
1133 828 1328 867 meam
1349 811 1408 866 in
1430 810 1624 884 aliquo
1646 829 1766 868 cor-

125 923 387 980 rumpere
412 906 813 979 temptaverit,
848 924 882 962 a
909 905 1319 962 communione
1347 906 1610 961 omnium
1631 923 1762 962 san-

128 1006 340 1058 ctorum
368 1004 429 1056 et
460 1018 497 1056 a
523 1000 852 1056 limenebus
878 1000 1248 1055 ecclesiarum
1268 1000 1565 1056 efﬁceatur
1585 1002 1766 1057 extra-

131 1114 277 1164 neus,
314 1099 374 1151 et
408 1095 657 1167 insuper
691 1098 827 1150 ante
858 1094 1110 1150 tribunal
1136 1094 1348 1151 Christi
1371 1094 1766 1151 anathimatus

127 1192 483 1263 permaneat.
502 1191 712 1244 Actum
731 1187 981 1244 Parisius
1001 1189 1104 1243 sub
1123 1188 1216 1243 die
1233 1191 1292 1244 et
1308 1191 1569 1260 tempore
1592 1206 1765 1262 supra

128 1284 345 1355 scripto.
362 1282 619 1354 Signum
632 1291 669 1356 -ι-
685 1282 1170 1339 Erminethrudite
1192 1282 1515 1338 testatricis.
1538 1282 1575 1345 εἰ·
1590 1285 1766 1340 Mum-

127 1378 301 1433 molus
347 1393 532 1445 com.,
585 1380 829 1449 rogante
875 1380 934 1431 et
978 1379 1265 1448 praesente
1312 1377 1761 1446 Ermentbrude,

127 1473 267 1526 hunc
289 1473 714 1526 testamentum
742 1471 894 1525 subs.
920 1470 1170 1543 Scupilio
1194 1470 1496 1543 spatarius,
1519 1474 1763 1542 rogante

126 1563 629 1633 Erminethrudiee,
655 1564 789 1619 huic
819 1567 1235 1618 testamentum
1265 1564 1417 1618 subs.
1447 1580 1544 1618 no.
1579 1563 1670 1618 die
1707 1567 1766 1618 et

127 1675 269 1713 anno
310 1658 526 1729 quibus
566 1674 758 1729 supra.
793 1657 1198 1729 Munegiselus,
1234 1658 1480 1727 rogante
1522 1659 1579 1711 et
1615 1673 1762 1728 pra:-

127 1756 275 1807 seute
300 1751 844 1818 Ermminethrude,
868 1752 1021 1805 hunc
1049 1752 1468 1806 testamentum
1491 1752 1618 1805 test.
1639 1791 1651 1804 .
1676 1791 1689 1804 .
1712 1791 1725 1804 .
1748 1792 1760 1805 .

129 1862 214 1900 no.
242 1844 335 1899 die
368 1848 429 1900 et
454 1843 658 1918 466
687 1816 842 1899 anno
876 1844 1082 1916 quibus
1109 1860 1302 1916 supra.
1342 1843 1765 1898 Baudacharius
1785 1816 1842 1889 Β

130 1939 391 1994 defensor
423 1940 585 1993 subs.
614 1938 893 1994 Eusebius
933 1942 1169 2010 rogatus
1210 1939 1282 1993 ab
1315 1937 1764 1993 Erminethrude

132 2034 269 2088 hunc
298 2035 721 2089 testamentum
754 2034 973 2106 scripsi,
1007 2032 1189 2104 relegi
1217 2035 1276 2087 et
1303 2032 1454 2087 subs.

192 2131 272 2183 Ea:
297 2130 621 2184 testamento
645 2131 822 2184 sancti
847 2129 1078 2195 Remigii
1094 2128 1415 2183 Rhemorum
1437 2127 1691 2196 episcopi.

194 2223 298 2276 Vas
327 2225 684 2294 argenteum
715 2223 919 2278 decem
953 2225 1011 2277 et
1040 2223 1168 2276 octo
1198 2220 1478 2275 librarum
1508 2219 1661 2275 inter
1684 2223 1763 2289 te,

134 2317 286 2370 heres
328 2331 466 2371 mea
509 2317 770 2387 (Ecclesia
812 2315 1141 2385 Rhemensis)
1182 2318 1241 2368 et
1274 2313 1569 2369 dioecesim
1606 2317 1766 2369 tuam

140 2410 421 2464 ecclesiam
451 2410 920 2477 Laudunensem,
947 2409 1112 2464 factis
1138 2409 1221 2481 (id
1248 2414 1327 2464 est
1351 2408 1643 2480 faciendis)
1670 2424 1768 2480 pa-

140 2503 268 2557 tenis
292 2504 470 2575 atque
497 2504 773 2559 calicibus
794 2505 869 2559 ad
896 2502 1285 2558 ministerium
1313 2504 1763 2570 sacrosanctum,

140 2600 292 2667 prout
327 2598 503 2666 valui,
547 2600 663 2654 Deo
702 2600 996 2653 annuente
1028 2596 1311 2651 distribui.
1346 2595 1516 2651 Aliud
1546 2613 1643 2651 vas
1672 2612 1763 2651 ar-

139 2693 417 2759 genteum,
452 2692 615 2763 quod
652 2691 796 2746 mihi
834 2694 1089 2747 Domnus
1124 2690 1359 2745 illustris
1388 2689 1767 2746 Chludovicus

140 2788 316 2855 (quem
351 2785 423 2840 de
463 2802 631 2841 sacro
665 2785 1029 2857 baptismatis
1066 2784 1228 2840 fonte
1265 2783 1507 2856 suscepi)
1545 2784 1764 2839 donare

139 2877 393 2948 dignatus
414 2882 523 2947 est,
550 2879 654 2934 tibi
680 2878 881 2934 heredi
903 2895 1050 2934 mete
1079 2877 1333 2933 ecclesiae
1355 2894 1527 2950 supra
1546 2894 1768 2933 memo-

140 2971 452 3042 ratiejubeo
473 2972 819 3029 turriculum
843 2976 901 3028 et
919 2972 1305 3044 imaginatum
1330 2972 1570 3027 calicem
1593 2971 1667 3044 (a)
1686 2972 1767 3027 fa-

138 3065 352 3121 bricari.
393 3108 406 3121 .
451 3109 465 3121 .
505 3108 520 3122 .
560 3066 822 3134 Vineam,
852 3083 1030 3138 quam
1069 3064 1445 3121 Bebrimodus
1474 3065 1631 3133 facit,
1662 3065 1764 3120 tibi

142 3161 364 3215 eatenus
387 3160 755 3232 derelinquo,
780 3163 842 3215 ut
863 3160 1065 3215 diebus
1090 3159 1249 3215 festis
1276 3161 1335 3214 et
1359 3159 1630 3215 omnibus
1650 3160 1761 3214 Do-
1785 3191 1840 3265 C

142 3252 372 3322 minicis,
390 3254 569 3310 sacris
590 3254 868 3310 altaribus
886 3271 1019 3309 mea
1036 3253 1314 3309 offeratur
1333 3253 1547 3309 oblatio
1561 3252 1656 3326 (ὸ).
1676 3294 1688 3307 .
1710 3295 1723 3308 .
1747 3294 1761 3309 .

142 3345 365 3402 Vineam
396 3348 492 3417 do,
528 3364 705 3420 quam
735 3346 899 3420 posui
924 3346 1302 3415 Vindonissae,
1336 3347 1440 3401 sub
1467 3364 1536 3402 ea
1564 3346 1763 3402 condi-

144 3438 306 3509 tione,
334 3445 396 3496 ut
429 3459 463 3497 a
502 3442 765 3514 patribus
795 3442 931 3510 suis,
964 3440 1232 3497 omnibus
1267 3441 1469 3496 diebus
1502 3441 1661 3496 festis
1700 3457 1766 3496 ac

141 3534 453 3604 Dominicis,
482 3553 592 3608 pro
624 3535 1183 3592 commemoratione
1214 3552 1346 3591 mea
1376 3535 1551 3592 sacris
1577 3534 1767 3591 altari-

142 3625 238 3681 bus
264 3628 537 3686 offeratur
566 3630 803 3686 oblatio.

460 3748 549 3802 Vl.
592 3763 914 3803 FRAGXENTA
954 3761 1426 3803 caawonumuu.

146 3840 210 3891 De
249 3842 494 3908 passione
554 3857 665 3896 non
726 3841 953 3909 legenda
1015 3841 1291 3896 Dominica
1340 3839 1655 3894 Palmarum
1704 3840 1764 3894 in

649 3914 830 3968 missis
865 3914 1106 3982 pnivatis
1152 3911 1235 3982 (c).

209 4003 498 4065 Dominica
528 4005 587 4060 in
612 4004 843 4061 Palmis.
870 4047 882 4060 .
917 4047 930 4059 .
959 4047 971 4059 .
1005 4047 1017 4059 .
1048 4003 1390 4060 Sacerdotes
1415 4002 1490 4059 ad
1514 4003 1764 4075 privatas

152 4095 334 4152 missas
370 4116 549 4154 unam
592 4102 822 4154 tantum
869 4099 1182 4155 Collectam
1232 4097 1455 4164 dicant;
1503 4098 1760 4169 Evange-

151 4188 273 4245 lium
307 4208 321 4246 :
353 4192 484 4249 Cum
517 4195 1049 4264 appropinquasset;
1087 4191 1418 4264 passionem
1457 4192 1646 4245 nullus
1680 4192 1760 4244 le-

152 4286 253 4351 gat,
274 4285 378 4340 nisi
406 4288 614 4343 fratres
641 4286 741 4360 qui
766 4287 827 4342 in
858 4286 1062 4342 formis
1087 4288 1343 4341 cantant.
1372 4285 1761 4357 (Lanfrancus,

153 4378 200 4430 in
224 4379 414 4435 Decret.
435 4398 543 4452 pro
569 4381 687 4437 ord.
717 4383 895 4436 sancti
915 4381 1140 4443 Bened.,
1161 4396 1296 4450 pag.
1329 4378 1476 4449 260.)

212 4472 268 4525 In
286 4473 477 4530 Ramis
492 4476 825 4530 Palmarum
842 4474 915 4530 ad
933 4473 1335 4529 matutinalem
1358 4472 1599 4527 missam
1620 4488 1764 4528 non-

1866 526 2123 607 Primam
2145 528 2412 585 dicentur
2432 534 2655 603 septem
2681 530 2908 603 psalmi,
2934 534 2991 587 et
3011 532 3276 604 Letania;
3301 540 3502 608 postea

1864 621 2160 677 veniemus
2216 640 2437 680 sessum
2488 624 2677 698 467
2730 624 2789 680 in
2842 626 3110 682 claustro.
3163 628 3502 687 Sacerdotes

1866 714 2031 771 ibunt
2066 716 2283 771 dictum
2322 718 2526 773 missas
2562 736 2713 788 suas,
2752 722 2810 774 et
2849 736 3053 776 omnes
3093 721 3310 779 debent
3353 726 3499 780 cele-

1865 809 2034 865 brare
2063 810 2155 865 die
2186 811 2311 880 illa;
2342 814 2399 867 et
2425 813 2803 869 celebrabant
2832 813 2955 869 sine
2985 815 3140 888 igne.

1865 928 1975 983 VII.
2045 942 2234 984 rsssro
2307 944 2739 987 smnssmonvn
2815 948 3109 990 murreum
3181 950 3502 993 sucronem

2485 1017 2885 1059 CANTIANORUM.

1936 1095 2025 1149 Em
2050 1109 2151 1149 ms.
2182 1093 2372 1149 Codice
2396 1096 2507 1150 viri
2532 1096 2826 1152 clarissimi
2858 1098 3031 1153 Ulrici
3062 1099 3313 1156 Obrechti
3335 1100 3430 1174 (ἀ).

1938 1186 2146 1242 Omnia
2175 1188 2240 1260 (θ)
2274 1204 2402 1259 quae
2429 1205 2463 1244 a
2493 1188 2703 1244 sanctis
2728 1194 2892 1261 gesta
2922 1194 3056 1247 sunt
3087 1193 3175 1247 vel
3201 1198 3502 1265 geruntur,

1867 1279 1912 1335 si
1944 1280 2071 1354 quis
2098 1281 2341 1337 voluerit
2368 1281 2620 1337 studiose
2651 1283 3008 1355 perquirere,
3039 1289 3097 1340 et
3122 1285 3226 1341 sibi
3258 1290 3315 1343 et
3336 1289 3510 1359 pluri-

1864 1374 1973 1429 mis
2015 1374 2411 1430 eediﬂcationis
2445 1375 2675 1432 exhibet
2715 1377 2989 1432 fructum.
3033 1380 3102 1433 Et
3140 1380 3285 1435 sicut
3332 1382 3507 1437 arbor

1866 1469 2164 1524 fructifera
2189 1486 2307 1524 non
2331 1470 2452 1524 sine
2486 1486 2657 1525 causa
2682 1471 2963 1543 probatur
2982 1474 3200 1529 terram
3226 1490 3506 1547 occupare

1866 1562 2004 1617 dum
2025 1563 2177 1632 vivit,
2202 1580 2334 1618 cum
2359 1566 2416 1617 et
2442 1564 2566 1635 ipsa
2594 1564 2709 1618 suis
2735 1565 2926 1636 pomis
2951 1569 3209 1635 ornatur,
3235 1570 3293 1621 et
3316 1569 3505 1623 omnis

1866 1656 1963 1727 qui
1984 1672 2052 1712 ex
2077 1672 2146 1712 eo
2172 1657 2360 1711 fructu
2384 1658 2728 1728 perceperit,
2757 1658 3074 1730 saginatur.
3103 1660 3422 1716 Scribimus
3444 1665 3509 1717 ut

1866 1750 1925 1805 in
1957 1750 2130 1822 gestis
2166 1750 2512 1818 invenimus,
2547 1752 2685 1822 quid
2718 1752 2964 1824 egerint,
2999 1753 3139 1824 quid
3174 1755 3346 1810 locuti
3382 1756 3507 1811 fue-

1866 1845 2002 1912 rint,
2027 1844 2163 1916 quid
2181 1845 2331 1916 passi
2352 1844 2465 1899 sint
2487 1845 2688 1900 sancti.
2718 1845 3031 1902 Ostenditis
3050 1865 3149 1903 vos
3171 1865 3294 1903 esse
3315 1851 3509 1905 cathoc

1865 1939 2025 2006 licos,
2058 1938 2155 2010 qui
2191 1937 2458 1993 victorias
2493 1938 2701 1993 Christi
2736 1939 2987 1995 libenter
3018 1942 3227 2013 legitis,
3260 1943 3510 1998 libenter

1867 2032 2095 2087 auditis.
2118 2034 2418 2103 Interrogo
2439 2048 2539 2086 vos
2566 2032 2665 2103 qui
2689 2032 2799 2088 ista
2818 2033 2971 2088 inter
2997 2036 3398 2107 apochryphas
3416 2037 3506 2093 lit~

1866 2129 2019 2180 teras
2054 2126 2371 2180 exvolanda
2409 2125 2654 2181 censetis
2692 2142 2705 2181 :
2736 2143 2842 2197 per
2882 2143 3025 2198 quos
3060 2132 3285 2184 constat
3318 2146 3506 2186 canon

1866 2219 2290 2291 Scripturarum
2312 2218 2578 2274 omnium
2595 2218 2919 2274 divinarum
2931 2220 2960 2275 ‘l
2980 2222 3266 2299 numquid
3286 2238 3391 2294 per
3407 2239 3507 2277 eos

1868 2312 1965 2385 qui
1995 2330 2100 2384 pro
2128 2312 2254 2384 ipso
2282 2329 2506 2368 canone
2536 2312 2720 2367 occidi
2746 2313 2934 2385 magis
2961 2317 3303 2386 optaverant
3330 2333 3507 2387 quam

1866 2408 2053 2464 vinci?
2085 2408 2233 2474 Quid
2269 2425 2409 2480 ergo
2448 2412 2764 2464 tenuerunt
2798 2411 3128 2482 martyres?
3173 2411 3372 2467 Fidem
3415 2429 3509 2467 re-

1866 2506 2042 2572 ctam,
2074 2520 2202 2575 quae
2240 2503 2414 2558 sacris
2450 2503 2841 2559 voluminibus
2881 2507 3039 2560 certo
3081 2505 3364 2561 librorum
3400 2524 3507 2561 nu-

1867 2614 2029 2653 mero
2060 2597 2403 2653 continetur.
2432 2598 2629 2669 Agunt
2653 2596 2763 2652 illis
2789 2597 3006 2669 gratias
3032 2598 3222 2671 apices
3250 2600 3511 2656 sacratis-

1867 2692 2017 2761 simi,
2041 2691 2138 2763 qui
2158 2708 2263 2763 per
2283 2708 2485 2747 eorum
2512 2691 3004 2763 perseverantiam
3033 2697 3424 2764 perseverant.
3440 2696 3511 2749 Et

1866 2785 1998 2840 ideo
2024 2785 2224 2840 volunt
2252 2801 2453 2839 eorum
2490 2788 2653 2856 gesta
2683 2785 2988 2853 conscribi,
3016 2789 3080 2840 ut
3107 2786 3165 2841 in
3195 2791 3507 2858 conspectu

1866 2878 1965 2933 Dei
2004 2880 2061 2932 et
2100 2877 2407 2933 hominum
2452 2895 2685 2950 semper
2720 2879 3032 2934 laudentur
3069 2880 3271 2947 sancti,
3303 2881 3400 2952 qui
3447 2881 3506 2935 in

1867 2974 2174 3043 conspectu
2204 2970 2635 3026 incredulorum
2663 2989 2767 3043 pro
2796 2989 2999 3027 eorum
3027 2972 3367 3029 defensione
3393 2977 3509 3030 tor-

1866 3068 2064 3120 menta
2084 3064 2366 3120 immania
2385 3067 2765 3137 pertulerunt.
2781 3066 2931 3121 Nihil
2952 3070 3164 3138 praeter
3186 3067 3510 3139 Scripturas

1865 3158 2171 3215 canonicas
2204 3157 2568 3230 recipientes,
2605 3158 2715 3214 ista
2747 3160 3000 3215 studiose
3040 3160 3523 3233 conscripsimus,

1866 3253 2238 3309 ostendentes
2269 3253 2485 3325 dogma
2510 3252 2858 3308 catholicum
2888 3270 2992 3326 per
3018 3254 3329 3310 catholicos
3356 3272 3510 3311 mar-

1865 3351 2019 3418 tyres
2048 3346 2415 3403 custoditum.
2445 3347 2784 3418 Exemplum
2808 3347 3052 3419 posteris
3077 3348 3302 3417 damus,
3326 3349 3508 3405 aedifi-

1866 3441 2156 3496 cationem
2181 3440 2548 3496 credentibus
2579 3441 2880 3509 tradimus,
2909 3444 3095 3497 artem
3124 3441 3261 3497 belli
3298 3442 3509 3499 Christi

1866 3533 2143 3589 militibus
2163 3534 2654 3589 demonstremus.
2685 3535 2923 3590 Constat
2943 3552 3042 3590 eos
3063 3536 3215 3590 nolle
3242 3553 3506 3608 pugnare

1866 3628 1914 3683 si
1938 3644 2171 3683 necesse
2198 3627 2289 3696 sit,
2322 3626 2420 3699 qui
2447 3628 2654 3683 nolunt
2680 3629 2876 3700 legere
2912 3631 3286 3699 pugnatores.
3315 3632 3504 3701 Impe-

1866 3724 1997 3777 rent
2031 3720 2325 3776 silentium
2357 3720 2718 3790 inﬁdelibus,
2755 3724 3017 3793 spectent
3049 3723 3275 3793 pugiles
3305 3722 3504 3778 diabo-

1865 3816 2002 3872 licos
2028 3814 2126 3887 qui
2153 3815 2399 3870 athletas
2419 3814 2654 3870 Domini
2679 3817 2939 3886 spectare
2966 3817 3368 3870 contemnunt.
3391 3818 3505 3871 Nos

1865 3909 2085 3966 divinas
2120 3909 2357 3964 virtutes
2395 3908 2708 3981 loquimur,
2742 3908 3065 3977 scribimus,
3099 3908 3501 3980 praedicamus.

1862 4003 2214 4060 Prohibeant
2241 4001 2457 4070 aemuli,
2489 4001 2783 4074 imperent
2817 4001 3110 4057 silentium
3139 4001 3343 4070 timidi,
3373 4019 3503 4058 ver-

1862 4098 2069 4153 berent
2094 4098 2539 4152 contemnentes
2570 4113 2583 4151 :
2615 4097 2877 4168 legentes
2906 4095 3228 4168 increpent,
3259 4095 3508 4151 libenter

1864 4191 1987 4246 hth
2007 4189 2310 4245 audientes
2328 4192 2616 4256 accusent;
2642 4187 2836 4263 468
2860 4189 3145 4261 gloriosos
3166 4190 3384 4245 facient
3402 4189 3509 4244 mi-

1862 4284 1993 4340 lites
2034 4284 2274 4338 vulnera
2310 4300 2416 4355 pro
2458 4283 2827 4356 imperatoris
2866 4284 3036 4338 laude
3081 4286 3364 4355 suscepta,
3401 4300 3505 4355 pro

1863 4378 2023 4450 cujus
2043 4394 2241 4433 amore
2263 4377 2442 4433 etiam
2464 4379 2689 4434 animas
2704 4394 2924 4449 ponere
2946 4377 3197 4432 libenter
3213 4380 3501 4448 optamus.

1863 4471 2309 4543 Triumphorum
2331 4471 2541 4527 Christi
2564 4488 2629 4526 ac
2654 4470 3025 4526 victoriarum
3050 4470 3279 4525 labores
3299 4470 3508 4525 exerci-

152 4562 245 4618 nisi
269 4582 378 4622 una
396 4569 648 4625 Collecta
666 4572 753 4624 est
772 4568 1047 4635 dicenda;
1072 4584 1179 4622 nec
1197 4566 1388 4639 passio
1410 4566 1640 4638 legitur,
1660 4565 1763 4621 sed
1781 4564 1840 4636 D
1864 4565 2016 4620 tibus
2042 4565 2113 4619 de
2152 4564 2387 4619 occultis
2422 4565 2561 4619 foris
2600 4564 2971 4636 proferimus.
3000 4564 3225 4621 Scimus
3258 4579 3503 4635 pugnas,

152 4653 234 4712 illa
259 4660 480 4718 tantum
512 4663 682 4719 lectio
714 4662 895 4719 sancti
927 4660 1223 4733 Evangelii
1253 4678 1267 4716 :
1297 4660 1430 4716 Cum
1460 4662 1765 4731 appropin-

151 4759 319 4817 quaret
348 4758 515 4813 Iesus.
556 4757 723 4822 Quod
759 4756 936 4812 etiam
968 4755 1186 4812 cunctis
1221 4753 1639 4823 sacerdotibus,
1674 4754 1771 4825 qui

150 4842 373 4911 privatas
400 4852 605 4906 missas
630 4850 1009 4918 cantaverint,
1042 4848 1392 4921 prmcipitur,
1425 4849 1490 4901 ut
1516 4847 1631 4902 sint
1666 4864 1772 4919 pa-

154 4936 245 4992 rati
268 4940 336 4996 ad
361 4943 501 5001 duas
525 4943 920 5019 processiones
944 4959 1073 5015 quae
1099 4943 1197 4998 illo
1223 4940 1317 4997 die
1347 4944 1481 4996 sunt
1501 4941 1769 5013 agendae.

155 5028 457 5103 (Uda-tricas,
483 5042 543 5094 in
570 5040 664 5094 lib.
691 5055 710 5095 1
739 5037 1070 5094 Consuetud.
1100 5037 1376 5100 Cluniac.,
1411 5051 1535 5106 cap.
1573 5034 1683 5106 54.)

215 5125 437 5189 Quando
469 5133 685 5188 erimus
710 5132 861 5187 circa
882 5131 1065 5186 finem
1085 5132 1349 5198 Tractus,
1384 5128 1620 5185 sacrista
1644 5129 1771 5200 pul-

159 5215 282 5274 sabit
296 5239 464 5281 unam
482 5242 723 5298 parvam
742 5241 1088 5297 campanam
1107 5241 1212 5297 pro
1231 5222 1649 5296 congreganda
1671 5222 1769 5277 do-

165 5309 326 5370 minos
351 5319 422 5374 ad
448 5319 804 5375 audiendam
828 5318 1182 5392 passionem,
1207 5317 1344 5389 quia
1374 5316 1503 5389 ipsa
1534 5334 1652 5373 non
1679 5315 1773 5370 de-

162 5399 242 5458 bet
269 5408 376 5483 legi
404 5412 513 5469 nisi
547 5414 606 5469 in
646 5430 865 5485 magna
900 5412 1076 5468 missa
1113 5412 1569 5484 (Consuetudines
1598 5411 1776 5466 sancti

238 5521 287 5665 a)
311 5525 443 5609 Vide
471 5545 647 5603 pagg.
678 5532 746 5585 66
777 5531 835 5583 et
860 5530 948 5584 93.

243 5593 269 5646 b
312 5597 442 5655 Vide
472 5617 608 5665 pag.
641 5600 762 5656 184.

243 5593 287 5673 δ)
306 5597 442 5673 Χίᾷε
472 5593 622 5673 pag.“
641 5600 762 5656 184.

242 5666 287 5745 οὶ
306 5668 437 5745 Yids
463 5666 602 5745 ᾗδὲ.
638 5675 761 5728 i27-

244 5735 452 5815 ®_Vide
468 5735 615 5815 .pa‘g.
652 5745 773 5815 386,

243 5805 608 5885 6)Passiojmevc
621 5813 774 5885 apud
784 5810 1171 5885 Hombritium
1182 5809 1490 5885 Ambrosio
1503 5807 1774 5885 tribuitur

174 5873 388 5938 sub'hoc
413 5873 576 5944 min
607 5902 622 5944 ;
654 5873 851 5947 Servus
880 5881 1083 5942 Christi
1116 5883 1437 5940 Ambrosius
1467 5882 1768 5956 episcopus,

1871 4675 2014 4731 quas
2032 4657 2114 4713 illi
2140 4656 2440 4712 visibiliter
2463 4658 2615 4730 passi
2641 4658 2774 4726 sint,
2795 4658 3155 4713 invisibiliter
3178 4657 3346 4713 nobis
3367 4656 3511 4711 exci-

1871 4752 1981 4810 tari
2002 4750 2281 4824 quotidie,
2296 4753 2355 4806 et
2372 4753 2754 4823 neglegenter
2769 4755 3100 4823 pugnantes
3116 4751 3303 4808 acrius
3318 4750 3525 4806 vulne-.

1870 4846 2006 4901 rari.
2020 4847 2171 4917 Ergo
2193 4847 2257 4900 ut
2275 4855 2439 4900 arma
2466 4847 2804 4917 pertractes,
2827 4845 3078 4901 adtende
3098 4846 3414 4914 bellantes;
3436 4844 3510 4901 da

1872 4941 2132 4995 mentem
2158 4937 2376 5007 studiis,
2406 4940 2471 4992 ut
2495 4937 2675 4993 hostis
2698 4937 2935 5010 incipiat
2965 4941 3022 4993 te
3050 4939 3279 4995 timere.

1941 5037 1995 5088 2.
2022 5031 2389 5088 Beatissimos
2412 5034 2697 5103 martyres
2725 5031 3015 5101 Cantium,
3044 5033 3413 5104 Cantianum,
3449 5039 3508 5092 et

1873 5127 2318 5195 Cantianellum,
2349 5143 2384 5181 a
2410 5125 2731 5199 paadagogo
2762 5143 2863 5182 suo
2884 5128 3055 5182 Proto
3083 5129 3248 5184 valde
3270 5130 3383 5185 fide
3414 5146 3507 5185 ca-

1872 5220 2085 5276 tholica
2114 5220 2289 5276 fuisse
2320 5220 2572 5276 edoctos.
2606 5262 2619 5275 .
2648 5262 2661 5275 .
2687 5220 2783 5292 qui
2814 5220 2885 5276 de
2906 5236 3121 5293 genere
3148 5223 3505 5290 Aniciorum,

1872 5315 1982 5370 hoc
2003 5317 2090 5369 est
2106 5313 2249 5369 divae
2265 5313 2563 5371 memoriae
2581 5313 2775 5371 Carini
2792 5313 3177 5387 imperatoris,
3195 5318 3511 5370 noscuntur

1872 5406 2183 5480 progeniti,
2208 5411 2267 5463 et
2286 5406 2439 5462 intra
2459 5407 2664 5464 urbem
2683 5409 2954 5477 Romam,
2976 5409 3037 5463 in
3059 5412 3265 5480 quarta
3281 5407 3509 5463 decima

1873 5524 2145 5580 Christum
2166 5527 2337 5580 Deum
2354 5540 2542 5581 verum
2562 5526 2857 5582 colentibus
2881 5524 3155 5593 fratribus
3169 5540 3274 5595 per
3302 5539 3510 5579 omnem

1871 5596 2113 5660 Italiam,
2161 5598 2221 5651 in
2255 5598 2482 5652 Domino
2519 5612 2727 5652 omnem
2768 5597 3015 5651 salutem.
3063 5595 3259 5651 Omnia
3303 5610 3424 5664 quae
3475 5611 3511 5648 a

1871 5668 2107 5731 Sanctis,
2141 5682 2325 5738 usque
2361 5667 2436 5723 ad
2467 5671 2807 5738 sequentem
2838 5666 3510 5738 versumLScribimusut

1872 5738 1933 5792 in
1967 5740 2130 5806 gestis
2155 5732 2484 5803 inuenimus,
2513 5732 2643 5804 οἱα,
2679 5737 2885 5807 quibus
2921 5734 3166 5805 omissis,
3199 5732 3509 5792 resumitur

1876 5808 2044 5865 lectio
2075 5826 2111 5865 a
2141 5810 2405 5882 sequenti
2429 5823 2675 5869 numero
2708 5810 2933 5880 quarto.
