  <div class='ocr_page' id='page_1' title='image "/cluster/home/n/w/nwhite01/storage/ocr_20150623/72/uva.x000827084/291.png"; bbox 0 0 4014 6230; ppageno 0'>
   <div class='ocr_carea' id='block_1_1' title="bbox 422 336 524 390">
    <p class='ocr_par' dir='ltr' id='par_1_1' title="bbox 422 336 524 390">
     <span class='ocr_line' id='line_1_1' title="bbox 422 336 524 390; baseline 0 -1"><span class='ocrx_word' id='word_1_1' title='bbox 422 336 524 390; x_wconf 48' lang='lat'>~1&#39;39</span> 
     </span>
    </p>
   </div>
   <div class='ocr_carea' id='block_1_2' title="bbox 1208 325 3002 388">
    <p class='ocr_par' dir='ltr' id='par_1_2' title="bbox 1208 325 3002 388">
     <span class='ocr_line' id='line_1_2' title="bbox 1208 325 3002 388; baseline -0.003 -1"><span class='ocrx_word' id='word_1_2' title='bbox 1208 331 1542 388; x_wconf 80' lang='lat' dir='ltr'>APPENDIX</span> <span class='ocrx_word' id='word_1_3' title='bbox 1578 330 1666 385; x_wconf 82' lang='lat' dir='ltr'>AD</span> <span class='ocrx_word' id='word_1_4' title='bbox 1703 328 1929 383; x_wconf 78' lang='lat' dir='ltr'>OPERA</span> <span class='ocrx_word' id='word_1_5' title='bbox 1966 326 2202 383; x_wconf 82' lang='lat' dir='ltr'>SANCTl</span> <span class='ocrx_word' id='word_1_6' title='bbox 2239 325 2538 382; x_wconf 81' lang='lat' dir='ltr'>GERMANI</span> <span class='ocrx_word' id='word_1_7' title='bbox 2575 325 3002 383; x_wconf 78' lang='lat' dir='ltr'>PARISIENSIS.</span> 
     </span>
    </p>
   </div>
   <div class='ocr_carea' id='block_1_3' title="bbox 3693 333 3821 387">
    <p class='ocr_par' dir='ltr' id='par_1_3' title="bbox 3693 333 3821 387">
     <span class='ocr_line' id='line_1_3' title="bbox 3693 333 3821 387; baseline 0.008 -1"><span class='ocrx_word' id='word_1_8' title='bbox 3693 333 3821 387; x_wconf 68' lang='grc'>440</span> 
     </span>
    </p>
   </div>
   <div class='ocr_carea' id='block_1_4' title="bbox 421 431 3817 522">
    <p class='ocr_par' dir='ltr' id='par_1_4' title="bbox 421 431 3817 522">
     <span class='ocr_line' id='line_1_4' title="bbox 421 431 3817 522; baseline -0.001 -25"><span class='ocrx_word' id='word_1_9' title='bbox 421 440 685 514; x_wconf 87' lang='lat' dir='ltr'>regione,</span> <span class='ocrx_word' id='word_1_10' title='bbox 732 438 857 497; x_wconf 87' lang='lat' dir='ltr'>nati</span> <span class='ocrx_word' id='word_1_11' title='bbox 898 442 1072 513; x_wconf 88' lang='lat' dir='ltr'>atque</span> <span class='ocrx_word' id='word_1_12' title='bbox 1114 437 1301 495; x_wconf 90' lang='lat' dir='ltr'>edocti</span> <span class='ocrx_word' id='word_1_13' title='bbox 1336 437 1675 510; x_wconf 80' lang='lat' dir='ltr'>probantur,</span> <span class='ocrx_word' id='word_1_14' title='bbox 1717 433 2060 492; x_wconf 90' lang='lat' dir='ltr'>Dioclitiano</span> <span class='ocrx_word' id='word_1_15' title='bbox 2083 446 2144 522; x_wconf 79' lang='grc' dir='ltr'><strong>Α</strong></span> <span class='ocrx_word' id='word_1_16' title='bbox 2237 431 2556 490; x_wconf 89' lang='lat' dir='ltr'>Beatissimi</span> <span class='ocrx_word' id='word_1_17' title='bbox 2575 450 2711 490; x_wconf 91' lang='lat' dir='ltr'>vero</span> <span class='ocrx_word' id='word_1_18' title='bbox 2733 437 3018 507; x_wconf 80' lang='lat' dir='ltr'>martyres</span> <span class='ocrx_word' id='word_1_19' title='bbox 3043 452 3279 493; x_wconf 85' lang='lat' dir='ltr'>ascenso</span> <span class='ocrx_word' id='word_1_20' title='bbox 3301 436 3374 508; x_wconf 83' lang='grc' dir='ltr'>(α)</span> <span class='ocrx_word' id='word_1_21' title='bbox 3396 436 3659 493; x_wconf 91' lang='lat' dir='ltr'>vehiculo</span> <span class='ocrx_word' id='word_1_22' title='bbox 3680 438 3817 510; x_wconf 88' lang='lat' dir='ltr'>jun-</span> 
     </span>
    </p>
   </div>
   <div class='ocr_carea' id='block_1_5' title="bbox 422 528 2059 608">
    <p class='ocr_par' dir='ltr' id='par_1_5' title="bbox 422 528 2059 608">
     <span class='ocr_line' id='line_1_5' title="bbox 422 528 2059 608; baseline -0.005 -16"><span class='ocrx_word' id='word_1_23' title='bbox 422 537 624 592; x_wconf 83' lang='lat' dir='ltr'>Romac</span> <span class='ocrx_word' id='word_1_24' title='bbox 667 534 1016 608; x_wconf 84' lang='lat' dir='ltr'>imperante,</span> <span class='ocrx_word' id='word_1_25' title='bbox 1061 538 1119 589; x_wconf 92' lang='lat' dir='ltr'>et</span> <span class='ocrx_word' id='word_1_26' title='bbox 1151 532 1493 591; x_wconf 84' lang='lat' dir='ltr'>Maximiano</span> <span class='ocrx_word' id='word_1_27' title='bbox 1534 529 1793 602; x_wconf 89' lang='lat' dir='ltr'>partibus</span> <span class='ocrx_word' id='word_1_28' title='bbox 1831 528 2059 602; x_wconf 82' lang='lat' dir='ltr'>Illyrici,</span> 
     </span>
    </p>
   </div>
   <div class='ocr_carea' id='block_1_6' title="bbox 423 622 2067 703">
    <p class='ocr_par' dir='ltr' id='par_1_6' title="bbox 423 622 2067 703">
     <span class='ocr_line' id='line_1_6' title="bbox 423 622 2067 703; baseline -0.005 -17"><span class='ocrx_word' id='word_1_29' title='bbox 423 628 629 686; x_wconf 90' lang='lat' dir='ltr'>Carino</span> <span class='ocrx_word' id='word_1_30' title='bbox 653 646 884 703; x_wconf 89' lang='lat' dir='ltr'>quoque</span> <span class='ocrx_word' id='word_1_31' title='bbox 912 629 1065 684; x_wconf 92' lang='lat' dir='ltr'>intra</span> <span class='ocrx_word' id='word_1_32' title='bbox 1093 626 1299 683; x_wconf 75' lang='lat' dir='ltr'>Gallias</span> <span class='ocrx_word' id='word_1_33' title='bbox 1323 626 1474 682; x_wconf 89' lang='lat' dir='ltr'>bene</span> <span class='ocrx_word' id='word_1_34' title='bbox 1505 627 1717 697; x_wconf 83' lang='lat' dir='ltr'>agente</span> <span class='ocrx_word' id='word_1_35' title='bbox 1745 640 1887 696; x_wconf 90' lang='lat' dir='ltr'>erga</span> <span class='ocrx_word' id='word_1_36' title='bbox 1909 622 2067 679; x_wconf 89' lang='lat' dir='ltr'>Chri-</span> 
     </span>
    </p>
   </div>
   <div class='ocr_carea' id='block_1_7' title="bbox 427 714 2061 796">
    <p class='ocr_par' dir='ltr' id='par_1_7' title="bbox 427 714 2061 796">
     <span class='ocr_line' id='line_1_7' title="bbox 427 714 2061 796; baseline -0.004 -17"><span class='ocrx_word' id='word_1_37' title='bbox 427 724 663 793; x_wconf 89' lang='lat' dir='ltr'>stianos,</span> <span class='ocrx_word' id='word_1_38' title='bbox 691 723 787 796; x_wconf 90' lang='lat' dir='ltr'>qui</span> <span class='ocrx_word' id='word_1_39' title='bbox 809 714 924 778; x_wconf 84' lang='lat' dir='ltr'>non</span> <span class='ocrx_word' id='word_1_40' title='bbox 948 724 1077 793; x_wconf 91' lang='lat' dir='ltr'>post</span> <span class='ocrx_word' id='word_1_41' title='bbox 1101 721 1351 775; x_wconf 92' lang='lat' dir='ltr'>multum</span> <span class='ocrx_word' id='word_1_42' title='bbox 1378 722 1613 791; x_wconf 83' lang='lat' dir='ltr'>tempus</span> <span class='ocrx_word' id='word_1_43' title='bbox 1631 718 1937 775; x_wconf 89' lang='lat' dir='ltr'>defunctus</span> <span class='ocrx_word' id='word_1_44' title='bbox 1958 720 2061 773; x_wconf 90' lang='lat' dir='ltr'>est.</span> 
     </span>
    </p>
   </div>
   <div class='ocr_carea' id='block_1_8' title="bbox 422 812 2068 889">
    <p class='ocr_par' dir='ltr' id='par_1_8' title="bbox 422 812 2068 889">
     <span class='ocr_line' id='line_1_8' title="bbox 422 812 2068 889; baseline -0.004 -15"><span class='ocrx_word' id='word_1_45' title='bbox 422 820 560 874; x_wconf 89' lang='lat' dir='ltr'>Post</span> <span class='ocrx_word' id='word_1_46' title='bbox 610 818 770 889; x_wconf 86' lang='lat' dir='ltr'>cujus</span> <span class='ocrx_word' id='word_1_47' title='bbox 828 816 1050 872; x_wconf 91' lang='lat' dir='ltr'>obitum</span> <span class='ocrx_word' id='word_1_48' title='bbox 1108 813 1532 869; x_wconf 84' lang='lat' dir='ltr'>sceleratissimi</span> <span class='ocrx_word' id='word_1_49' title='bbox 1581 812 1957 869; x_wconf 90' lang='lat' dir='ltr'>Dioclitianus</span> <span class='ocrx_word' id='word_1_50' title='bbox 2008 815 2068 867; x_wconf 91' lang='lat' dir='ltr'>et</span> 
     </span>
    </p>
   </div>
   <div class='ocr_carea' id='block_1_9' title="bbox 422 906 2067 982">
    <p class='ocr_par' dir='ltr' id='par_1_9' title="bbox 422 906 2067 982">
     <span class='ocr_line' id='line_1_9' title="bbox 422 906 2067 982; baseline -0.006 -11"><span class='ocrx_word' id='word_1_51' title='bbox 422 911 795 971; x_wconf 82' lang='lat' dir='ltr'>Maximianus</span> <span class='ocrx_word' id='word_1_52' title='bbox 833 926 937 982; x_wconf 92' lang='lat' dir='ltr'>per</span> <span class='ocrx_word' id='word_1_53' title='bbox 978 925 1182 964; x_wconf 91' lang='lat' dir='ltr'>omnes</span> <span class='ocrx_word' id='word_1_54' title='bbox 1221 906 1544 980; x_wconf 85' lang='lat' dir='ltr'>provincias</span> <span class='ocrx_word' id='word_1_55' title='bbox 1588 908 1821 963; x_wconf 89' lang='lat' dir='ltr'>decreta</span> <span class='ocrx_word' id='word_1_56' title='bbox 1862 924 2067 979; x_wconf 90' lang='lat' dir='ltr'>posue-</span> 
     </span>
    </p>
   </div>
   <div class='ocr_carea' id='block_1_10' title="bbox 426 1000 2064 1074">
    <p class='ocr_par' dir='ltr' id='par_1_10' title="bbox 426 1000 2064 1074">
     <span class='ocr_line' id='line_1_10' title="bbox 426 1000 2064 1074; baseline -0.003 -14"><span class='ocrx_word' id='word_1_57' title='bbox 426 1009 581 1074; x_wconf 90' lang='lat' dir='ltr'>runt,</span> <span class='ocrx_word' id='word_1_58' title='bbox 620 1009 683 1059; x_wconf 91' lang='lat' dir='ltr'>ut</span> <span class='ocrx_word' id='word_1_59' title='bbox 716 1004 809 1058; x_wconf 90' lang='lat' dir='ltr'>ubi</span> <span class='ocrx_word' id='word_1_60' title='bbox 850 1002 1158 1058; x_wconf 84' lang='lat' dir='ltr'>Christiani</span> <span class='ocrx_word' id='word_1_61' title='bbox 1200 1002 1619 1070; x_wconf 83' lang='lat' dir='ltr'>invenirentur,</span> <span class='ocrx_word' id='word_1_62' title='bbox 1658 1001 1705 1055; x_wconf 92' lang='lat' dir='ltr'>si</span> <span class='ocrx_word' id='word_1_63' title='bbox 1746 1000 2064 1057; x_wconf 82' lang='lat' dir='ltr'>sacrificare</span> 
     </span>
    </p>
   </div>
   <div class='ocr_carea' id='block_1_11' title="bbox 425 1096 2065 1169">
    <p class='ocr_par' dir='ltr' id='par_1_11' title="bbox 425 1096 2065 1169">
     <span class='ocr_line' id='line_1_11' title="bbox 425 1096 2065 1169; baseline -0.004 -14"><span class='ocrx_word' id='word_1_64' title='bbox 425 1100 888 1165; x_wconf 80' lang='lat' dir='ltr'>contemnerent,</span> <span class='ocrx_word' id='word_1_65' title='bbox 903 1096 1138 1152; x_wconf 86' lang='lat' dir='ltr'>diversis</span> <span class='ocrx_word' id='word_1_66' title='bbox 1150 1096 1334 1169; x_wconf 61' lang='lat' dir='ltr'>poenis</span> <span class='ocrx_word' id='word_1_67' title='bbox 1352 1096 1485 1151; x_wconf 85' lang='lat' dir='ltr'>adﬂi</span> <span class='ocrx_word' id='word_1_68' title='bbox 1492 1099 1787 1167; x_wconf 87' lang='lat' dir='ltr'>gerentur.</span> <span class='ocrx_word' id='word_1_69' title='bbox 1802 1096 2065 1167; x_wconf 86' lang='lat' dir='ltr'>Cumque</span> 
     </span>
    </p>
   </div>
   <div class='ocr_carea' id='block_1_12' title="bbox 426 1188 2068 1262">
    <p class='ocr_par' dir='ltr' id='par_1_12' title="bbox 426 1188 2068 1262">
     <span class='ocr_line' id='line_1_12' title="bbox 426 1188 2068 1262; baseline -0.003 -14"><span class='ocrx_word' id='word_1_70' title='bbox 426 1194 515 1248; x_wconf 92' lang='lat' dir='ltr'>his</span> <span class='ocrx_word' id='word_1_71' title='bbox 532 1191 697 1247; x_wconf 90' lang='lat' dir='ltr'>dictis</span> <span class='ocrx_word' id='word_1_72' title='bbox 710 1189 1032 1247; x_wconf 86' lang='lat' dir='ltr'>beatissimi</span> <span class='ocrx_word' id='word_1_73' title='bbox 1049 1193 1336 1262; x_wconf 84' lang='lat' dir='ltr'>martyres</span> <span class='ocrx_word' id='word_1_74' title='bbox 1352 1190 1621 1246; x_wconf 89' lang='lat' dir='ltr'>Cantiani</span> <span class='ocrx_word' id='word_1_75' title='bbox 1636 1188 1697 1244; x_wconf 85' lang='lat' dir='ltr'>in</span> <span class='ocrx_word' id='word_1_76' title='bbox 1714 1190 1860 1245; x_wconf 87' lang='lat' dir='ltr'>urbe</span> <span class='ocrx_word' id='word_1_77' title='bbox 1883 1190 2068 1244; x_wconf 84' lang='lat' dir='ltr'>Roma</span> 
     </span>
    </p>
   </div>
   <div class='ocr_carea' id='block_1_13' title="bbox 424 1276 2068 1357">
    <p class='ocr_par' dir='ltr' id='par_1_13' title="bbox 424 1276 2068 1357">
     <span class='ocr_line' id='line_1_13' title="bbox 424 1276 2068 1357; baseline -0.003 -15"><span class='ocrx_word' id='word_1_78' title='bbox 424 1276 668 1342; x_wconf 79' lang='lat' dir='ltr'>fuissent</span> <span class='ocrx_word' id='word_1_79' title='bbox 696 1285 895 1357; x_wconf 86' lang='lat' dir='ltr'>positi,</span> <span class='ocrx_word' id='word_1_80' title='bbox 928 1284 1167 1341; x_wconf 90' lang='lat' dir='ltr'>consilio</span> <span class='ocrx_word' id='word_1_81' title='bbox 1193 1283 1391 1340; x_wconf 90' lang='lat' dir='ltr'>habito</span> <span class='ocrx_word' id='word_1_82' title='bbox 1420 1301 1552 1339; x_wconf 93' lang='lat' dir='ltr'>cum</span> <span class='ocrx_word' id='word_1_83' title='bbox 1579 1284 1751 1339; x_wconf 89' lang='lat' dir='ltr'>beato</span> <span class='ocrx_word' id='word_1_84' title='bbox 1780 1284 1974 1349; x_wconf 89' lang='lat' dir='ltr'>Proto,</span> <span class='ocrx_word' id='word_1_85' title='bbox 2006 1284 2068 1337; x_wconf 93' lang='lat' dir='ltr'>ut</span> 
     </span>
    </p>
   </div>
   <div class='ocr_carea' id='block_1_14' title="bbox 424 1376 2065 1452">
    <p class='ocr_par' dir='ltr' id='par_1_14' title="bbox 424 1376 2065 1452">
     <span class='ocr_line' id='line_1_14' title="bbox 424 1376 2065 1452; baseline -0.003 -16"><span class='ocrx_word' id='word_1_86' title='bbox 424 1381 687 1452; x_wconf 88' lang='lat' dir='ltr'>iniquam</span> <span class='ocrx_word' id='word_1_87' title='bbox 704 1380 955 1435; x_wconf 88' lang='lat' dir='ltr'>vitarent</span> <span class='ocrx_word' id='word_1_88' title='bbox 975 1378 1345 1447; x_wconf 90' lang='lat' dir='ltr'>sententiam,</span> <span class='ocrx_word' id='word_1_89' title='bbox 1368 1378 1589 1450; x_wconf 73' lang='lat' dir='ltr'>praedia</span> <span class='ocrx_word' id='word_1_90' title='bbox 1611 1394 1713 1432; x_wconf 91' lang='lat' dir='ltr'>sua</span> <span class='ocrx_word' id='word_1_91' title='bbox 1733 1376 2065 1432; x_wconf 90' lang='lat' dir='ltr'>suburbano</span> 
     </span>
    </p>
   </div>
   <div class='ocr_carea' id='block_1_15' title="bbox 424 1462 2064 1548">
    <p class='ocr_par' dir='ltr' id='par_1_15' title="bbox 424 1462 2064 1548">
     <span class='ocr_line' id='line_1_15' title="bbox 424 1462 2064 1548; baseline -0.004 -17"><span class='ocrx_word' id='word_1_92' title='bbox 424 1474 611 1548; x_wconf 88' lang='lat' dir='ltr'>posita</span> <span class='ocrx_word' id='word_1_93' title='bbox 644 1473 748 1530; x_wconf 89' lang='lat' dir='ltr'>sub</span> <span class='ocrx_word' id='word_1_94' title='bbox 791 1472 980 1545; x_wconf 89' lang='lat' dir='ltr'>specie</span> <span class='ocrx_word' id='word_1_95' title='bbox 1010 1462 1352 1528; x_wconf 73' lang='lat' dir='ltr'>visitationis</span> <span class='ocrx_word' id='word_1_96' title='bbox 1388 1470 1628 1527; x_wconf 89' lang='lat' dir='ltr'>circuire</span> <span class='ocrx_word' id='word_1_97' title='bbox 1664 1470 2064 1526; x_wconf 90' lang='lat' dir='ltr'>decreverunt.</span> 
     </span>
    </p>
   </div>
   <div class='ocr_carea' id='block_1_16' title="bbox 497 1564 2069 1638">
    <p class='ocr_par' dir='ltr' id='par_1_16' title="bbox 497 1564 2069 1638">
     <span class='ocr_line' id='line_1_16' title="bbox 497 1564 2069 1638; baseline -0.003 -14"><span class='ocrx_word' id='word_1_98' title='bbox 497 1572 550 1625; x_wconf 90' lang='lat'>3.</span> <span class='ocrx_word' id='word_1_99' title='bbox 569 1567 677 1634; x_wconf 88' lang='lat' dir='ltr'>Qui</span> <span class='ocrx_word' id='word_1_100' title='bbox 698 1567 909 1623; x_wconf 92' lang='lat' dir='ltr'>eodem</span> <span class='ocrx_word' id='word_1_101' title='bbox 931 1569 1195 1638; x_wconf 91' lang='lat' dir='ltr'>tempore</span> <span class='ocrx_word' id='word_1_102' title='bbox 1212 1565 1272 1620; x_wconf 93' lang='lat' dir='ltr'>in</span> <span class='ocrx_word' id='word_1_103' title='bbox 1294 1565 1499 1620; x_wconf 89' lang='lat' dir='ltr'>urbem</span> <span class='ocrx_word' id='word_1_104' title='bbox 1513 1564 1965 1637; x_wconf 81' lang='lat' dir='ltr'>Aquilegensem</span> <span class='ocrx_word' id='word_1_105' title='bbox 1982 1580 2069 1619; x_wconf 88' lang='lat' dir='ltr'>re-</span> 
     </span>
    </p>
   </div>
   <div class='ocr_carea' id='block_1_17' title="bbox 422 1658 2069 1735">
    <p class='ocr_par' dir='ltr' id='par_1_17' title="bbox 422 1658 2069 1735">
     <span class='ocr_line' id='line_1_17' title="bbox 422 1658 2069 1735; baseline -0.003 -17"><span class='ocrx_word' id='word_1_106' title='bbox 422 1663 712 1735; x_wconf 91' lang='lat' dir='ltr'>pedarunt</span> <span class='ocrx_word' id='word_1_107' title='bbox 734 1678 748 1717; x_wconf 90' lang='lat'><strong>:</strong></span> <span class='ocrx_word' id='word_1_108' title='bbox 772 1660 831 1715; x_wconf 90' lang='lat' dir='ltr'>in</span> <span class='ocrx_word' id='word_1_109' title='bbox 855 1678 970 1732; x_wconf 86' lang='lat' dir='ltr'>qua</span> <span class='ocrx_word' id='word_1_110' title='bbox 988 1663 1127 1715; x_wconf 89' lang='lat' dir='ltr'>tunc</span> <span class='ocrx_word' id='word_1_111' title='bbox 1148 1658 1428 1731; x_wconf 90' lang='lat' dir='ltr'>temporis</span> <span class='ocrx_word' id='word_1_112' title='bbox 1447 1676 1565 1715; x_wconf 91' lang='lat' dir='ltr'>non</span> <span class='ocrx_word' id='word_1_113' title='bbox 1587 1675 1765 1731; x_wconf 90' lang='lat' dir='ltr'>parva</span> <span class='ocrx_word' id='word_1_114' title='bbox 1784 1675 1921 1714; x_wconf 91' lang='lat' dir='ltr'>rura</span> <span class='ocrx_word' id='word_1_115' title='bbox 1940 1675 2069 1730; x_wconf 84' lang='lat' dir='ltr'>pos-</span> 
     </span>
    </p>
   </div>
   <div class='ocr_carea' id='block_1_18' title="bbox 426 1752 2062 1827">
    <p class='ocr_par' dir='ltr' id='par_1_18' title="bbox 426 1752 2062 1827">
     <span class='ocr_line' id='line_1_18' title="bbox 426 1752 2062 1827; baseline -0.003 -15"><span class='ocrx_word' id='word_1_116' title='bbox 426 1756 711 1812; x_wconf 89' lang='lat' dir='ltr'>sidebant.</span> <span class='ocrx_word' id='word_1_117' title='bbox 740 1756 855 1811; x_wconf 89' lang='lat' dir='ltr'>Sed</span> <span class='ocrx_word' id='word_1_118' title='bbox 878 1755 1013 1827; x_wconf 86' lang='lat' dir='ltr'>quia</span> <span class='ocrx_word' id='word_1_119' title='bbox 1031 1756 1231 1809; x_wconf 92' lang='lat' dir='ltr'>lumen</span> <span class='ocrx_word' id='word_1_120' title='bbox 1252 1754 1314 1808; x_wconf 91' lang='lat' dir='ltr'>in</span> <span class='ocrx_word' id='word_1_121' title='bbox 1335 1752 1593 1808; x_wconf 89' lang='lat' dir='ltr'>tenebris</span> <span class='ocrx_word' id='word_1_122' title='bbox 1618 1754 1800 1808; x_wconf 89' lang='lat' dir='ltr'>latere</span> <span class='ocrx_word' id='word_1_123' title='bbox 1822 1769 1940 1807; x_wconf 93' lang='lat' dir='ltr'>non</span> <span class='ocrx_word' id='word_1_124' title='bbox 1961 1769 2062 1824; x_wconf 90' lang='lat' dir='ltr'>po-</span> 
     </span>
    </p>
   </div>
   <div class='ocr_carea' id='block_1_19' title="bbox 2167 527 3815 605">
    <p class='ocr_par' dir='ltr' id='par_1_19' title="bbox 2167 527 3815 605">
     <span class='ocr_line' id='line_1_19' title="bbox 2167 527 3815 605; baseline 0.003 -21"><span class='ocrx_word' id='word_1_125' title='bbox 2167 528 2270 584; x_wconf 89' lang='lat' dir='ltr'>ctis</span> <span class='ocrx_word' id='word_1_126' title='bbox 2296 527 2581 597; x_wconf 90' lang='lat' dir='ltr'>mulabus,</span> <span class='ocrx_word' id='word_1_127' title='bbox 2607 544 2741 584; x_wconf 88' lang='lat' dir='ltr'>cum</span> <span class='ocrx_word' id='word_1_128' title='bbox 2763 529 3034 585; x_wconf 88' lang='lat' dir='ltr'>secedere</span> <span class='ocrx_word' id='word_1_129' title='bbox 3059 529 3392 602; x_wconf 89' lang='lat' dir='ltr'>voluissent,</span> <span class='ocrx_word' id='word_1_130' title='bbox 3416 533 3474 585; x_wconf 87' lang='lat' dir='ltr'>et</span> <span class='ocrx_word' id='word_1_131' title='bbox 3495 548 3614 587; x_wconf 90' lang='lat' dir='ltr'>non</span> <span class='ocrx_word' id='word_1_132' title='bbox 3634 533 3815 605; x_wconf 89' lang='lat' dir='ltr'>longe</span> 
     </span>
    </p>
   </div>
   <div class='ocr_carea' id='block_1_20' title="bbox 2168 621 3814 696">
    <p class='ocr_par' dir='ltr' id='par_1_20' title="bbox 2168 621 3814 696">
     <span class='ocr_line' id='line_1_20' title="bbox 2168 621 3814 696; baseline 0.003 -18"><span class='ocrx_word' id='word_1_133' title='bbox 2168 623 2239 679; x_wconf 89' lang='lat' dir='ltr'>ab</span> <span class='ocrx_word' id='word_1_134' title='bbox 2271 622 2427 677; x_wconf 84' lang='lat' dir='ltr'>urbis</span> <span class='ocrx_word' id='word_1_135' title='bbox 2454 621 2741 678; x_wconf 54' lang='lat' dir='ltr'>manibus</span> <span class='ocrx_word' id='word_1_136' title='bbox 2766 623 2878 678; x_wconf 89' lang='lat' dir='ltr'>iter</span> <span class='ocrx_word' id='word_1_137' title='bbox 2907 629 3169 696; x_wconf 86' lang='lat' dir='ltr'>agerent,</span> <span class='ocrx_word' id='word_1_138' title='bbox 3197 627 3257 679; x_wconf 89' lang='lat' dir='ltr'>et</span> <span class='ocrx_word' id='word_1_139' title='bbox 3281 641 3461 679; x_wconf 91' lang='lat' dir='ltr'>unum</span> <span class='ocrx_word' id='word_1_140' title='bbox 3490 626 3712 682; x_wconf 88' lang='lat' dir='ltr'>animal</span> <span class='ocrx_word' id='word_1_141' title='bbox 3740 628 3814 683; x_wconf 92' lang='lat' dir='ltr'>de</span> 
     </span>
    </p>
   </div>
   <div class='ocr_carea' id='block_1_21' title="bbox 2168 716 3818 791">
    <p class='ocr_par' dir='ltr' id='par_1_21' title="bbox 2168 716 3818 791">
     <span class='ocr_line' id='line_1_21' title="bbox 2168 716 3818 791; baseline 0.002 -18"><span class='ocrx_word' id='word_1_142' title='bbox 2168 716 2485 789; x_wconf 89' lang='lat' dir='ltr'>subjunctis</span> <span class='ocrx_word' id='word_1_143' title='bbox 2506 716 2693 772; x_wconf 89' lang='lat' dir='ltr'>subito</span> <span class='ocrx_word' id='word_1_144' title='bbox 2716 717 3024 773; x_wconf 87' lang='lat' dir='ltr'>corruisset</span> <span class='ocrx_word' id='word_1_145' title='bbox 3041 718 3099 773; x_wconf 90' lang='lat' dir='ltr'>in</span> <span class='ocrx_word' id='word_1_146' title='bbox 3121 719 3249 773; x_wconf 92' lang='lat' dir='ltr'>loco</span> <span class='ocrx_word' id='word_1_147' title='bbox 3271 718 3370 791; x_wconf 91' lang='lat' dir='ltr'>qui</span> <span class='ocrx_word' id='word_1_148' title='bbox 3386 720 3714 791; x_wconf 88' lang='lat' dir='ltr'>appellatur</span> <span class='ocrx_word' id='word_1_149' title='bbox 3728 721 3818 777; x_wconf 81' lang='lat' dir='ltr'>Ad</span> 
     </span>
    </p>
   </div>
   <div class='ocr_carea' id='block_1_22' title="bbox 2165 811 3819 884">
    <p class='ocr_par' dir='ltr' id='par_1_22' title="bbox 2165 811 3819 884">
     <span class='ocr_line' id='line_1_22' title="bbox 2165 811 3819 884; baseline 0.002 -16"><span class='ocrx_word' id='word_1_150' title='bbox 2165 814 2359 883; x_wconf 82' lang='lat' dir='ltr'>Aquas</span> <span class='ocrx_word' id='word_1_151' title='bbox 2380 811 2680 880; x_wconf 88' lang='lat' dir='ltr'>Gradatas,</span> <span class='ocrx_word' id='word_1_152' title='bbox 2703 812 2786 867; x_wconf 88' lang='lat' dir='ltr'>ita</span> <span class='ocrx_word' id='word_1_153' title='bbox 2803 811 2963 867; x_wconf 90' lang='lat' dir='ltr'>illinc</span> <span class='ocrx_word' id='word_1_154' title='bbox 2978 814 3111 867; x_wconf 92' lang='lat' dir='ltr'>sunt</span> <span class='ocrx_word' id='word_1_155' title='bbox 3127 829 3161 867; x_wconf 92' lang='lat' dir='ltr'>a</span> <span class='ocrx_word' id='word_1_156' title='bbox 3181 813 3646 884; x_wconf 89' lang='lat' dir='ltr'>persecutoribus</span> <span class='ocrx_word' id='word_1_157' title='bbox 3664 832 3819 871; x_wconf 90' lang='lat' dir='ltr'>com-</span> 
     </span>
    </p>
   </div>
   <div class='ocr_carea' id='block_1_23' title="bbox 2166 904 3814 978">
    <p class='ocr_par' dir='ltr' id='par_1_23' title="bbox 2166 904 3814 978">
     <span class='ocr_line' id='line_1_23' title="bbox 2166 904 3814 978; baseline 0.003 -18"><span class='ocrx_word' id='word_1_158' title='bbox 2166 905 2458 977; x_wconf 86' lang='lat' dir='ltr'>prehensi.</span> <span class='ocrx_word' id='word_1_159' title='bbox 2486 904 2653 971; x_wconf 86' lang='lat' dir='ltr'>Quod</span> <span class='ocrx_word' id='word_1_160' title='bbox 2680 905 2898 961; x_wconf 86' lang='lat' dir='ltr'>factum</span> <span class='ocrx_word' id='word_1_161' title='bbox 2936 923 3113 977; x_wconf 88' lang='lat' dir='ltr'>quam</span> <span class='ocrx_word' id='word_1_162' title='bbox 3140 906 3459 978; x_wconf 90' lang='lat' dir='ltr'>gloriosum</span> <span class='ocrx_word' id='word_1_163' title='bbox 3487 907 3562 962; x_wconf 91' lang='lat' dir='ltr'>sit</span> <span class='ocrx_word' id='word_1_164' title='bbox 3581 912 3643 964; x_wconf 90' lang='lat' dir='ltr'>et</span> <span class='ocrx_word' id='word_1_165' title='bbox 3670 926 3707 964; x_wconf 89' lang='lat' dir='ltr'>a</span> <span class='ocrx_word' id='word_1_166' title='bbox 3731 909 3814 965; x_wconf 89' lang='lat' dir='ltr'>di-</span> 
     </span>
    </p>
   </div>
   <div class='ocr_carea' id='block_1_24' title="bbox 2166 998 3817 1075">
    <p class='ocr_par' dir='ltr' id='par_1_24' title="bbox 2166 998 3817 1075">
     <span class='ocr_line' id='line_1_24' title="bbox 2166 998 3817 1075; baseline 0.003 -22"><span class='ocrx_word' id='word_1_167' title='bbox 2166 999 2402 1055; x_wconf 90' lang='lat' dir='ltr'>vinitate</span> <span class='ocrx_word' id='word_1_168' title='bbox 2455 998 2828 1072; x_wconf 90' lang='lat' dir='ltr'>dispositum,</span> <span class='ocrx_word' id='word_1_169' title='bbox 2880 999 3157 1055; x_wconf 89' lang='lat' dir='ltr'>debemus</span> <span class='ocrx_word' id='word_1_170' title='bbox 3207 1000 3529 1056; x_wconf 87' lang='lat' dir='ltr'>advertere.</span> <span class='ocrx_word' id='word_1_171' title='bbox 3572 1002 3817 1075; x_wconf 87' lang='lat' dir='ltr'>Semper</span> 
     </span>
    </p>
   </div>
   <div class='ocr_carea' id='block_1_25' title="bbox 2169 1092 3811 1166">
    <p class='ocr_par' dir='ltr' id='par_1_25' title="bbox 2169 1092 3811 1166">
     <span class='ocr_line' id='line_1_25' title="bbox 2169 1092 3811 1166; baseline 0.002 -18"><span class='ocrx_word' id='word_1_172' title='bbox 2169 1092 2325 1149; x_wconf 89' lang='lat' dir='ltr'>enim</span> <span class='ocrx_word' id='word_1_173' title='bbox 2356 1094 2507 1149; x_wconf 90' lang='lat' dir='ltr'>Deus</span> <span class='ocrx_word' id='word_1_174' title='bbox 2542 1110 2686 1165; x_wconf 90' lang='lat' dir='ltr'>quos</span> <span class='ocrx_word' id='word_1_175' title='bbox 2729 1093 2925 1165; x_wconf 81' lang='lat' dir='ltr'>elegit,</span> <span class='ocrx_word' id='word_1_176' title='bbox 2962 1093 3124 1166; x_wconf 90' lang='lat' dir='ltr'>quasi</span> <span class='ocrx_word' id='word_1_177' title='bbox 3159 1093 3402 1149; x_wconf 87' lang='lat' dir='ltr'>victores</span> <span class='ocrx_word' id='word_1_178' title='bbox 3435 1112 3569 1150; x_wconf 90' lang='lat' dir='ltr'>cum</span> <span class='ocrx_word' id='word_1_179' title='bbox 3608 1097 3811 1152; x_wconf 89' lang='lat' dir='ltr'>subve-</span> 
     </span>
    </p>
   </div>
   <div class='ocr_carea' id='block_1_26' title="bbox 2168 1186 3811 1259">
    <p class='ocr_par' dir='ltr' id='par_1_26' title="bbox 2168 1186 3811 1259">
     <span class='ocr_line' id='line_1_26' title="bbox 2168 1186 3811 1259; baseline 0.002 -17"><span class='ocrx_word' id='word_1_180' title='bbox 2168 1187 2358 1243; x_wconf 92' lang='lat' dir='ltr'>ctione</span> <span class='ocrx_word' id='word_1_181' title='bbox 2388 1186 2618 1243; x_wconf 89' lang='lat' dir='ltr'>sublimi</span> <span class='ocrx_word' id='word_1_182' title='bbox 2640 1186 2701 1243; x_wconf 89' lang='lat' dir='ltr'>in</span> <span class='ocrx_word' id='word_1_183' title='bbox 2731 1188 2923 1243; x_wconf 90' lang='lat' dir='ltr'>aulam</span> <span class='ocrx_word' id='word_1_184' title='bbox 2944 1188 3114 1259; x_wconf 90' lang='lat' dir='ltr'>regni</span> <span class='ocrx_word' id='word_1_185' title='bbox 3141 1187 3381 1244; x_wconf 66' lang='lat' dir='ltr'>caelestis</span> <span class='ocrx_word' id='word_1_186' title='bbox 3402 1187 3643 1245; x_wconf 90' lang='lat' dir='ltr'>inducit.</span> <span class='ocrx_word' id='word_1_187' title='bbox 3668 1192 3811 1246; x_wconf 86' lang='lat' dir='ltr'>Nam</span> 
     </span>
    </p>
   </div>
   <div class='ocr_carea' id='block_1_27' title="bbox 2168 1281 3813 1355">
    <p class='ocr_par' dir='ltr' id='par_1_27' title="bbox 2168 1281 3813 1355">
     <span class='ocr_line' id='line_1_27' title="bbox 2168 1281 3813 1355; baseline 0.002 -19"><span class='ocrx_word' id='word_1_188' title='bbox 2168 1281 2312 1338; x_wconf 91' lang='lat' dir='ltr'>sicut</span> <span class='ocrx_word' id='word_1_189' title='bbox 2336 1281 2526 1337; x_wconf 84' lang='lat' dir='ltr'>Helias</span> <span class='ocrx_word' id='word_1_190' title='bbox 2551 1297 2685 1336; x_wconf 91' lang='lat' dir='ltr'>cum</span> <span class='ocrx_word' id='word_1_191' title='bbox 2715 1281 3005 1354; x_wconf 91' lang='lat' dir='ltr'>adplicato</span> <span class='ocrx_word' id='word_1_192' title='bbox 3034 1282 3319 1355; x_wconf 85' lang='lat' dir='ltr'>quadriga</span> <span class='ocrx_word' id='word_1_193' title='bbox 3345 1283 3604 1338; x_wconf 88' lang='lat' dir='ltr'>ascendit</span> <span class='ocrx_word' id='word_1_194' title='bbox 3620 1284 3683 1339; x_wconf 92' lang='lat' dir='ltr'>in</span> <span class='ocrx_word' id='word_1_195' title='bbox 3703 1301 3813 1340; x_wconf 64' lang='lat' dir='ltr'>cas-</span> 
     </span>
    </p>
   </div>
   <div class='ocr_carea' id='block_1_28' title="bbox 2168 1375 3814 1450">
    <p class='ocr_par' dir='ltr' id='par_1_28' title="bbox 2168 1375 3814 1450">
     <span class='ocr_line' id='line_1_28' title="bbox 2168 1375 3814 1450; baseline 0.002 -19"><span class='ocrx_word' id='word_1_196' title='bbox 2168 1377 2309 1444; x_wconf 90' lang='lat' dir='ltr'>lum,</span> <span class='ocrx_word' id='word_1_197' title='bbox 2344 1375 2424 1431; x_wconf 90' lang='lat' dir='ltr'>ita</span> <span class='ocrx_word' id='word_1_198' title='bbox 2452 1378 2512 1431; x_wconf 90' lang='lat' dir='ltr'>et</span> <span class='ocrx_word' id='word_1_199' title='bbox 2536 1375 2629 1431; x_wconf 90' lang='lat' dir='ltr'>isti</span> <span class='ocrx_word' id='word_1_200' title='bbox 2649 1376 2913 1431; x_wconf 92' lang='lat' dir='ltr'>vehiculo</span> <span class='ocrx_word' id='word_1_201' title='bbox 2935 1378 3134 1432; x_wconf 90' lang='lat' dir='ltr'>amoto</span> <span class='ocrx_word' id='word_1_202' title='bbox 3156 1376 3230 1431; x_wconf 89' lang='lat' dir='ltr'>ad</span> <span class='ocrx_word' id='word_1_203' title='bbox 3250 1377 3594 1449; x_wconf 83' lang='lat' dir='ltr'>martyrium</span> <span class='ocrx_word' id='word_1_204' title='bbox 3618 1395 3814 1450; x_wconf 89' lang='lat' dir='ltr'>perve-</span> 
     </span>
    </p>
   </div>
   <div class='ocr_carea' id='block_1_29' title="bbox 2170 1468 3810 1544">
    <p class='ocr_par' dir='ltr' id='par_1_29' title="bbox 2170 1468 3810 1544">
     <span class='ocr_line' id='line_1_29' title="bbox 2170 1468 3810 1544; baseline 0.002 -20"><span class='ocrx_word' id='word_1_205' title='bbox 2170 1471 2412 1537; x_wconf 89' lang='lat' dir='ltr'>nerunt;</span> <span class='ocrx_word' id='word_1_206' title='bbox 2447 1472 2505 1525; x_wconf 91' lang='lat' dir='ltr'>ct</span> <span class='ocrx_word' id='word_1_207' title='bbox 2534 1468 2819 1541; x_wconf 89' lang='lat' dir='ltr'>quadriga</span> <span class='ocrx_word' id='word_1_208' title='bbox 2850 1470 2997 1525; x_wconf 90' lang='lat' dir='ltr'>sicut</span> <span class='ocrx_word' id='word_1_209' title='bbox 3022 1471 3187 1525; x_wconf 92' lang='lat' dir='ltr'>illum</span> <span class='ocrx_word' id='word_1_210' title='bbox 3214 1470 3399 1525; x_wconf 83' lang='lat' dir='ltr'>evexit</span> <span class='ocrx_word' id='word_1_211' title='bbox 3420 1471 3497 1527; x_wconf 90' lang='lat' dir='ltr'>ad</span> <span class='ocrx_word' id='word_1_212' title='bbox 3522 1472 3810 1544; x_wconf 86' lang='lat' dir='ltr'>requiem,</span> 
     </span>
    </p>
   </div>
   <div class='ocr_carea' id='block_1_30' title="bbox 2168 1562 3815 1637">
    <p class='ocr_par' dir='ltr' id='par_1_30' title="bbox 2168 1562 3815 1637">
     <span class='ocr_line' id='line_1_30' title="bbox 2168 1562 3815 1637; baseline 0.002 -19"><span class='ocrx_word' id='word_1_213' title='bbox 2168 1563 2249 1619; x_wconf 91' lang='lat' dir='ltr'>ita</span> <span class='ocrx_word' id='word_1_214' title='bbox 2275 1567 2332 1618; x_wconf 90' lang='lat' dir='ltr'>et</span> <span class='ocrx_word' id='word_1_215' title='bbox 2355 1564 2462 1619; x_wconf 89' lang='lat' dir='ltr'>hos</span> <span class='ocrx_word' id='word_1_216' title='bbox 2481 1562 2733 1635; x_wconf 90' lang='lat' dir='ltr'>portavit</span> <span class='ocrx_word' id='word_1_217' title='bbox 2751 1564 2827 1619; x_wconf 90' lang='lat' dir='ltr'>ad</span> <span class='ocrx_word' id='word_1_218' title='bbox 2851 1563 3121 1635; x_wconf 88' lang='lat' dir='ltr'>gloriam.</span> <span class='ocrx_word' id='word_1_219' title='bbox 3147 1565 3214 1619; x_wconf 87' lang='lat' dir='ltr'>Et</span> <span class='ocrx_word' id='word_1_220' title='bbox 3235 1564 3498 1636; x_wconf 85' lang='lat' dir='ltr'>quamvis</span> <span class='ocrx_word' id='word_1_221' title='bbox 3520 1565 3619 1620; x_wconf 89' lang='lat' dir='ltr'>illa</span> <span class='ocrx_word' id='word_1_222' title='bbox 3637 1566 3815 1637; x_wconf 88' lang='lat' dir='ltr'>ignea</span> 
     </span>
    </p>
   </div>
   <div class='ocr_carea' id='block_1_31' title="bbox 2168 1657 3814 1729">
    <p class='ocr_par' dir='ltr' id='par_1_31' title="bbox 2168 1657 3814 1729">
     <span class='ocr_line' id='line_1_31' title="bbox 2168 1657 3814 1729; baseline 0.002 -17"><span class='ocrx_word' id='word_1_223' title='bbox 2168 1657 2451 1729; x_wconf 86' lang='lat' dir='ltr'>quadriga</span> <span class='ocrx_word' id='word_1_224' title='bbox 2490 1658 2682 1727; x_wconf 90' lang='lat' dir='ltr'>fuerit,</span> <span class='ocrx_word' id='word_1_225' title='bbox 2723 1658 2847 1713; x_wconf 73' lang='lat' dir='ltr'>haec</span> <span class='ocrx_word' id='word_1_226' title='bbox 2888 1661 3087 1717; x_wconf 81' lang='lat' dir='ltr'>tamen</span> <span class='ocrx_word' id='word_1_227' title='bbox 3120 1675 3237 1713; x_wconf 89' lang='lat' dir='ltr'>non</span> <span class='ocrx_word' id='word_1_228' title='bbox 3270 1658 3515 1715; x_wconf 91' lang='lat' dir='ltr'>inferior</span> <span class='ocrx_word' id='word_1_229' title='bbox 3541 1660 3814 1716; x_wconf 89' lang='lat' dir='ltr'>habenda</span> 
     </span>
    </p>
   </div>
   <div class='ocr_carea' id='block_1_32' title="bbox 2168 1751 3813 1824">
    <p class='ocr_par' dir='ltr' id='par_1_32' title="bbox 2168 1751 3813 1824">
     <span class='ocr_line' id='line_1_32' title="bbox 2168 1751 3813 1824; baseline 0.001 -18"><span class='ocrx_word' id='word_1_230' title='bbox 2168 1755 2280 1818; x_wconf 89' lang='lat' dir='ltr'>est;</span> <span class='ocrx_word' id='word_1_231' title='bbox 2323 1751 2459 1823; x_wconf 88' lang='lat' dir='ltr'>quia</span> <span class='ocrx_word' id='word_1_232' title='bbox 2500 1751 2597 1807; x_wconf 90' lang='lat' dir='ltr'>illa</span> <span class='ocrx_word' id='word_1_233' title='bbox 2636 1769 2817 1807; x_wconf 91' lang='lat' dir='ltr'>unum</span> <span class='ocrx_word' id='word_1_234' title='bbox 2859 1753 3106 1823; x_wconf 86' lang='lat' dir='ltr'>gestavit</span> <span class='ocrx_word' id='word_1_235' title='bbox 3138 1753 3507 1824; x_wconf 86' lang='lat' dir='ltr'>prophetam,</span> <span class='ocrx_word' id='word_1_236' title='bbox 3542 1754 3667 1808; x_wconf 74' lang='lat' dir='ltr'>haec</span> <span class='ocrx_word' id='word_1_237' title='bbox 3696 1758 3813 1810; x_wconf 86' lang='lat' dir='ltr'>tres</span> 
     </span>
    </p>
   </div>
   <div class='ocr_carea' id='block_1_33' title="bbox 424 1825 3814 1919">
    <p class='ocr_par' dir='ltr' id='par_1_33' title="bbox 424 1825 3814 1919">
     <span class='ocr_line' id='line_1_33' title="bbox 424 1825 3814 1919; baseline -0.001 -14"><span class='ocrx_word' id='word_1_238' title='bbox 424 1853 593 1919; x_wconf 89' lang='lat' dir='ltr'>terat,</span> <span class='ocrx_word' id='word_1_239' title='bbox 614 1866 847 1904; x_wconf 89' lang='lat' dir='ltr'>necesse</span> <span class='ocrx_word' id='word_1_240' title='bbox 870 1825 995 1905; x_wconf 75' lang='lat' dir='ltr'>erat</span> <span class='ocrx_word' id='word_1_241' title='bbox 1015 1851 1079 1903; x_wconf 91' lang='lat' dir='ltr'>ut</span> <span class='ocrx_word' id='word_1_242' title='bbox 1100 1864 1199 1903; x_wconf 90' lang='lat' dir='ltr'>eos</span> <span class='ocrx_word' id='word_1_243' title='bbox 1219 1847 1499 1904; x_wconf 90' lang='lat' dir='ltr'>Dominus</span> <span class='ocrx_word' id='word_1_244' title='bbox 1521 1847 1595 1902; x_wconf 91' lang='lat' dir='ltr'>ad</span> <span class='ocrx_word' id='word_1_245' title='bbox 1617 1846 1863 1918; x_wconf 90' lang='lat' dir='ltr'>gloriam</span> <span class='ocrx_word' id='word_1_246' title='bbox 1884 1845 2069 1902; x_wconf 89' lang='lat' dir='ltr'>nomi-</span> <span class='ocrx_word' id='word_1_247' title='bbox 2085 1825 2143 1899; x_wconf 83' lang='lat' dir='ltr'><strong>B</strong></span> <span class='ocrx_word' id='word_1_248' title='bbox 2168 1848 2453 1917; x_wconf 85' lang='lat' dir='ltr'>martyres</span> <span class='ocrx_word' id='word_1_249' title='bbox 2492 1845 2852 1901; x_wconf 89' lang='lat' dir='ltr'>sustentavit.</span> <span class='ocrx_word' id='word_1_250' title='bbox 2885 1846 2999 1902; x_wconf 90' lang='lat' dir='ltr'>Sed</span> <span class='ocrx_word' id='word_1_251' title='bbox 3041 1845 3179 1901; x_wconf 89' lang='lat' dir='ltr'>dicit</span> <span class='ocrx_word' id='word_1_252' title='bbox 3209 1846 3417 1918; x_wconf 89' lang='lat' dir='ltr'>aliquis</span> <span class='ocrx_word' id='word_1_253' title='bbox 3452 1864 3465 1903; x_wconf 92' lang='lat'><strong>:</strong></span> <span class='ocrx_word' id='word_1_254' title='bbox 3499 1846 3814 1903; x_wconf 88' lang='lat' dir='ltr'>Gloriosius</span> 
     </span>
    </p>
   </div>
   <div class='ocr_carea' id='block_1_34' title="bbox 426 1940 2065 2014">
    <p class='ocr_par' dir='ltr' id='par_1_34' title="bbox 426 1940 2065 2014">
     <span class='ocr_line' id='line_1_34' title="bbox 426 1940 2065 2014; baseline -0.002 -15"><span class='ocrx_word' id='word_1_255' title='bbox 426 1944 516 1999; x_wconf 89' lang='lat' dir='ltr'>nis</span> <span class='ocrx_word' id='word_1_256' title='bbox 548 1944 635 1999; x_wconf 93' lang='lat' dir='ltr'>sui</span> <span class='ocrx_word' id='word_1_257' title='bbox 666 1944 991 1998; x_wconf 88' lang='lat' dir='ltr'>coronaret.</span> <span class='ocrx_word' id='word_1_258' title='bbox 1011 1942 1273 2014; x_wconf 88' lang='lat' dir='ltr'>Cumque</span> <span class='ocrx_word' id='word_1_259' title='bbox 1300 1941 1360 1995; x_wconf 92' lang='lat' dir='ltr'>in</span> <span class='ocrx_word' id='word_1_260' title='bbox 1390 1940 1838 2013; x_wconf 79' lang='lat' dir='ltr'>Aquilegensem</span> <span class='ocrx_word' id='word_1_261' title='bbox 1859 1940 2065 1996; x_wconf 90' lang='lat' dir='ltr'>urbem</span> 
     </span>
    </p>
   </div>
   <div class='ocr_carea' id='block_1_35' title="bbox 423 2033 2068 2107">
    <p class='ocr_par' dir='ltr' id='par_1_35' title="bbox 423 2033 2068 2107">
     <span class='ocr_line' id='line_1_35' title="bbox 423 2033 2068 2107; baseline -0.002 -14"><span class='ocrx_word' id='word_1_262' title='bbox 423 2037 607 2093; x_wconf 90' lang='lat' dir='ltr'>sancti</span> <span class='ocrx_word' id='word_1_263' title='bbox 649 2037 892 2092; x_wconf 89' lang='lat' dir='ltr'>fuissent</span> <span class='ocrx_word' id='word_1_264' title='bbox 933 2034 1181 2107; x_wconf 90' lang='lat' dir='ltr'>ingressi</span> <span class='ocrx_word' id='word_1_265' title='bbox 1204 2078 1219 2103; x_wconf 94' lang='lat'>,</span> <span class='ocrx_word' id='word_1_266' title='bbox 1266 2033 1561 2090; x_wconf 89' lang='lat' dir='ltr'>duriorem</span> <span class='ocrx_word' id='word_1_267' title='bbox 1605 2034 1887 2090; x_wconf 61' lang='lat' dir='ltr'>saevitiam</span> <span class='ocrx_word' id='word_1_268' title='bbox 1927 2051 2068 2107; x_wconf 87' lang='lat' dir='ltr'>erga</span> 
     </span>
    </p>
   </div>
   <div class='ocr_carea' id='block_1_36' title="bbox 424 2128 2067 2202">
    <p class='ocr_par' dir='ltr' id='par_1_36' title="bbox 424 2128 2067 2202">
     <span class='ocr_line' id='line_1_36' title="bbox 424 2128 2067 2202; baseline -0.001 -15"><span class='ocrx_word' id='word_1_269' title='bbox 424 2130 778 2188; x_wconf 89' lang='lat' dir='ltr'>Christianos</span> <span class='ocrx_word' id='word_1_270' title='bbox 798 2129 1158 2202; x_wconf 91' lang='lat' dir='ltr'>repperiunt,</span> <span class='ocrx_word' id='word_1_271' title='bbox 1178 2145 1355 2202; x_wconf 91' lang='lat' dir='ltr'>quam</span> <span class='ocrx_word' id='word_1_272' title='bbox 1374 2128 1731 2200; x_wconf 90' lang='lat' dir='ltr'>reliquerant</span> <span class='ocrx_word' id='word_1_273' title='bbox 1749 2129 1968 2185; x_wconf 56' lang='lat' dir='ltr'>Romae.</span> <span class='ocrx_word' id='word_1_274' title='bbox 1983 2130 2067 2185; x_wconf 90' lang='lat' dir='ltr'>Ita</span> 
     </span>
    </p>
   </div>
   <div class='ocr_carea' id='block_1_37' title="bbox 419 2221 2065 2294">
    <p class='ocr_par' dir='ltr' id='par_1_37' title="bbox 419 2221 2065 2294">
     <span class='ocr_line' id='line_1_37' title="bbox 419 2221 2065 2294; baseline -0.002 -13"><span class='ocrx_word' id='word_1_275' title='bbox 419 2225 578 2280; x_wconf 90' lang='lat' dir='ltr'>enim</span> <span class='ocrx_word' id='word_1_276' title='bbox 607 2241 814 2281; x_wconf 90' lang='lat' dir='ltr'>omnes</span> <span class='ocrx_word' id='word_1_277' title='bbox 838 2226 1172 2279; x_wconf 91' lang='lat' dir='ltr'>sanctorum</span> <span class='ocrx_word' id='word_1_278' title='bbox 1191 2225 1281 2277; x_wconf 90' lang='lat' dir='ltr'>vel</span> <span class='ocrx_word' id='word_1_279' title='bbox 1307 2223 1704 2279; x_wconf 83' lang='lat' dir='ltr'>confessorum</span> <span class='ocrx_word' id='word_1_280' title='bbox 1724 2239 1830 2294; x_wconf 91' lang='lat' dir='ltr'>pro</span> <span class='ocrx_word' id='word_1_281' title='bbox 1852 2221 2065 2279; x_wconf 86' lang='lat' dir='ltr'>Christi</span> 
     </span>
    </p>
   </div>
   <div class='ocr_carea' id='block_1_38' title="bbox 422 2316 2070 2375">
    <p class='ocr_par' dir='ltr' id='par_1_38' title="bbox 422 2316 2070 2375">
     <span class='ocr_line' id='line_1_38' title="bbox 422 2316 2070 2375; baseline -0.002 0"><span class='ocrx_word' id='word_1_282' title='bbox 422 2318 661 2375; x_wconf 91' lang='lat' dir='ltr'>nomine</span> <span class='ocrx_word' id='word_1_283' title='bbox 682 2317 994 2374; x_wconf 91' lang='lat' dir='ltr'>multitudo</span> <span class='ocrx_word' id='word_1_284' title='bbox 1016 2316 1075 2372; x_wconf 91' lang='lat' dir='ltr'>in</span> <span class='ocrx_word' id='word_1_285' title='bbox 1104 2316 1345 2372; x_wconf 87' lang='lat' dir='ltr'>vinculis</span> <span class='ocrx_word' id='word_1_286' title='bbox 1372 2332 1672 2371; x_wconf 89' lang='lat' dir='ltr'>carcerum</span> <span class='ocrx_word' id='word_1_287' title='bbox 1700 2316 1961 2371; x_wconf 90' lang='lat' dir='ltr'>custodia</span> <span class='ocrx_word' id='word_1_288' title='bbox 1987 2318 2070 2371; x_wconf 90' lang='lat' dir='ltr'>te-</span> 
     </span>
    </p>
   </div>
   <div class='ocr_carea' id='block_1_39' title="bbox 424 2408 2070 2481">
    <p class='ocr_par' dir='ltr' id='par_1_39' title="bbox 424 2408 2070 2481">
     <span class='ocr_line' id='line_1_39' title="bbox 424 2408 2070 2481; baseline -0.004 -12"><span class='ocrx_word' id='word_1_289' title='bbox 424 2414 733 2480; x_wconf 89' lang='lat' dir='ltr'>nebantur,</span> <span class='ocrx_word' id='word_1_290' title='bbox 762 2414 826 2467; x_wconf 92' lang='lat' dir='ltr'>ut</span> <span class='ocrx_word' id='word_1_291' title='bbox 855 2410 1192 2466; x_wconf 90' lang='lat' dir='ltr'>enumerari</span> <span class='ocrx_word' id='word_1_292' title='bbox 1218 2427 1336 2465; x_wconf 92' lang='lat' dir='ltr'>non</span> <span class='ocrx_word' id='word_1_293' title='bbox 1360 2410 1705 2481; x_wconf 90' lang='lat' dir='ltr'>potuissent,</span> <span class='ocrx_word' id='word_1_294' title='bbox 1734 2412 1945 2480; x_wconf 91' lang='lat' dir='ltr'>agente</span> <span class='ocrx_word' id='word_1_295' title='bbox 1967 2408 2070 2464; x_wconf 89' lang='lat' dir='ltr'>sci-</span> 
     </span>
    </p>
   </div>
   <div class='ocr_carea' id='block_1_40' title="bbox 420 2503 1992 2575">
    <p class='ocr_par' dir='ltr' id='par_1_40' title="bbox 420 2503 1992 2575">
     <span class='ocr_line' id='line_1_40' title="bbox 420 2503 1992 2575; baseline -0.002 -15"><span class='ocrx_word' id='word_1_296' title='bbox 420 2506 558 2563; x_wconf 89' lang='lat' dir='ltr'>licet</span> <span class='ocrx_word' id='word_1_297' title='bbox 586 2504 844 2562; x_wconf 90' lang='lat' dir='ltr'>Dulcidio</span> <span class='ocrx_word' id='word_1_298' title='bbox 875 2504 1142 2575; x_wconf 72' lang='lat' dir='ltr'>prmside,</span> <span class='ocrx_word' id='word_1_299' title='bbox 1170 2520 1285 2558; x_wconf 91' lang='lat' dir='ltr'>una</span> <span class='ocrx_word' id='word_1_300' title='bbox 1311 2520 1444 2559; x_wconf 90' lang='lat' dir='ltr'>cum</span> <span class='ocrx_word' id='word_1_301' title='bbox 1476 2503 1727 2559; x_wconf 91' lang='lat' dir='ltr'>Sisinnio</span> <span class='ocrx_word' id='word_1_302' title='bbox 1759 2503 1992 2558; x_wconf 90' lang='lat' dir='ltr'>comite.</span> 
     </span>
    </p>
   </div>
   <div class='ocr_carea' id='block_1_41' title="bbox 495 2596 2069 2670">
    <p class='ocr_par' dir='ltr' id='par_1_41' title="bbox 495 2596 2069 2670">
     <span class='ocr_line' id='line_1_41' title="bbox 495 2596 2069 2670; baseline -0.001 -16"><span class='ocrx_word' id='word_1_303' title='bbox 495 2601 549 2654; x_wconf 78' lang='grc'><strong>4.</strong></span> <span class='ocrx_word' id='word_1_304' title='bbox 577 2598 893 2654; x_wconf 83' lang='lat' dir='ltr'>Audientes</span> <span class='ocrx_word' id='word_1_305' title='bbox 921 2598 1119 2670; x_wconf 85' lang='lat' dir='ltr'>itaque</span> <span class='ocrx_word' id='word_1_306' title='bbox 1151 2600 1379 2653; x_wconf 91' lang='lat' dir='ltr'>sanctos</span> <span class='ocrx_word' id='word_1_307' title='bbox 1400 2598 1503 2653; x_wconf 92' lang='lat' dir='ltr'>Dei</span> <span class='ocrx_word' id='word_1_308' title='bbox 1528 2596 1849 2666; x_wconf 87' lang='lat' dir='ltr'>advenisse,</span> <span class='ocrx_word' id='word_1_309' title='bbox 1873 2596 2069 2653; x_wconf 87' lang='lat' dir='ltr'>statim</span> 
     </span>
    </p>
   </div>
   <div class='ocr_carea' id='block_1_42' title="bbox 422 2690 2072 2764">
    <p class='ocr_par' dir='ltr' id='par_1_42' title="bbox 422 2690 2072 2764">
     <span class='ocr_line' id='line_1_42' title="bbox 422 2690 2072 2764; baseline -0.001 -16"><span class='ocrx_word' id='word_1_310' title='bbox 422 2692 673 2749; x_wconf 91' lang='lat' dir='ltr'>inveniri</span> <span class='ocrx_word' id='word_1_311' title='bbox 697 2693 768 2748; x_wconf 91' lang='lat' dir='ltr'>ab</span> <span class='ocrx_word' id='word_1_312' title='bbox 791 2692 1217 2764; x_wconf 88' lang='lat' dir='ltr'>apparitoribus</span> <span class='ocrx_word' id='word_1_313' title='bbox 1242 2692 1747 2764; x_wconf 61' lang='lat' dir='ltr'>prmcipiunturmt</span> <span class='ocrx_word' id='word_1_314' title='bbox 1767 2690 1876 2745; x_wconf 89' lang='lat' dir='ltr'>diis</span> <span class='ocrx_word' id='word_1_315' title='bbox 1898 2692 2072 2747; x_wconf 90' lang='lat' dir='ltr'>thura</span> 
     </span>
    </p>
   </div>
   <div class='ocr_carea' id='block_1_43' title="bbox 422 2784 2069 2859">
    <p class='ocr_par' dir='ltr' id='par_1_43' title="bbox 422 2784 2069 2859">
     <span class='ocr_line' id='line_1_43' title="bbox 422 2784 2069 2859; baseline -0.002 -17"><span class='ocrx_word' id='word_1_316' title='bbox 422 2789 729 2859; x_wconf 91' lang='lat' dir='ltr'>ponerent.</span> <span class='ocrx_word' id='word_1_317' title='bbox 758 2787 914 2841; x_wconf 89' lang='lat' dir='ltr'>Tunc</span> <span class='ocrx_word' id='word_1_318' title='bbox 951 2785 1274 2841; x_wconf 89' lang='lat' dir='ltr'>beatissimi</span> <span class='ocrx_word' id='word_1_319' title='bbox 1307 2788 1592 2857; x_wconf 87' lang='lat' dir='ltr'>martyres</span> <span class='ocrx_word' id='word_1_320' title='bbox 1631 2784 1976 2857; x_wconf 89' lang='lat' dir='ltr'>aspicientes</span> <span class='ocrx_word' id='word_1_321' title='bbox 2010 2785 2069 2839; x_wconf 91' lang='lat' dir='ltr'>in</span> 
     </span>
    </p>
   </div>
   <div class='ocr_carea' id='block_1_44' title="bbox 425 2877 2070 2951">
    <p class='ocr_par' dir='ltr' id='par_1_44' title="bbox 425 2877 2070 2951">
     <span class='ocr_line' id='line_1_44' title="bbox 425 2877 2070 2951; baseline -0.002 -15"><span class='ocrx_word' id='word_1_322' title='bbox 425 2881 630 2936; x_wconf 67' lang='lat' dir='ltr'>caalum</span> <span class='ocrx_word' id='word_1_323' title='bbox 660 2879 1089 2951; x_wconf 90' lang='lat' dir='ltr'>responderunt</span> <span class='ocrx_word' id='word_1_324' title='bbox 1117 2895 1131 2934; x_wconf 90' lang='lat'><strong>:</strong></span> <span class='ocrx_word' id='word_1_325' title='bbox 1164 2880 1277 2935; x_wconf 87' lang='lat' dir='ltr'>Nos</span> <span class='ocrx_word' id='word_1_326' title='bbox 1309 2877 1610 2934; x_wconf 57' lang='lat' dir='ltr'>daemoniis</span> <span class='ocrx_word' id='word_1_327' title='bbox 1636 2894 1754 2933; x_wconf 92' lang='lat' dir='ltr'>non</span> <span class='ocrx_word' id='word_1_328' title='bbox 1786 2877 2070 2933; x_wconf 87' lang='lat' dir='ltr'>sacriﬁca-</span> 
     </span>
    </p>
   </div>
   <div class='ocr_carea' id='block_1_45' title="bbox 424 2972 2067 3046">
    <p class='ocr_par' dir='ltr' id='par_1_45' title="bbox 424 2972 2067 3046">
     <span class='ocr_line' id='line_1_45' title="bbox 424 2972 2067 3046; baseline -0.002 -16"><span class='ocrx_word' id='word_1_329' title='bbox 424 2992 576 3043; x_wconf 90' lang='lat' dir='ltr'>mus,</span> <span class='ocrx_word' id='word_1_330' title='bbox 601 2972 738 3046; x_wconf 90' lang='lat' dir='ltr'>quia</span> <span class='ocrx_word' id='word_1_331' title='bbox 758 2973 1035 3045; x_wconf 89' lang='lat' dir='ltr'>scriptum</span> <span class='ocrx_word' id='word_1_332' title='bbox 1058 2975 1144 3027; x_wconf 91' lang='lat' dir='ltr'>est</span> <span class='ocrx_word' id='word_1_333' title='bbox 1165 2988 1179 3029; x_wconf 88' lang='lat'><strong>:</strong></span> <span class='ocrx_word' id='word_1_334' title='bbox 1201 2973 1394 3029; x_wconf 85' lang='lat' dir='ltr'>Omnes</span> <span class='ocrx_word' id='word_1_335' title='bbox 1416 2974 1498 3028; x_wconf 87' lang='lat' dir='ltr'>dii</span> <span class='ocrx_word' id='word_1_336' title='bbox 1515 2975 1758 3041; x_wconf 86' lang='lat' dir='ltr'>gentium</span> <span class='ocrx_word' id='word_1_337' title='bbox 1781 2973 2067 3036; x_wconf 54' lang='lat' dir='ltr'>dementia,</span> 
     </span>
    </p>
   </div>
   <div class='ocr_carea' id='block_1_46' title="bbox 422 3066 2069 3150">
    <p class='ocr_par' dir='ltr' id='par_1_46' title="bbox 422 3066 2069 3150">
     <span class='ocr_line' id='line_1_46' title="bbox 422 3066 2069 3150; baseline -0.002 -25"><span class='ocrx_word' id='word_1_338' title='bbox 422 3070 685 3125; x_wconf 78' lang='lat' dir='ltr'>Dominus</span> <span class='ocrx_word' id='word_1_339' title='bbox 717 3073 898 3123; x_wconf 87' lang='lat' dir='ltr'>autem</span> <span class='ocrx_word' id='word_1_340' title='bbox 937 3068 1089 3123; x_wconf 69' lang='lat' dir='ltr'>caelos</span> <span class='ocrx_word' id='word_1_341' title='bbox 1120 3069 1272 3150; x_wconf 67' lang='lat' dir='ltr'>fecit.</span> <span class='ocrx_word' id='word_1_342' title='bbox 1307 3068 1375 3121; x_wconf 89' lang='lat' dir='ltr'>Et</span> <span class='ocrx_word' id='word_1_343' title='bbox 1411 3067 1622 3121; x_wconf 91' lang='lat' dir='ltr'>iterum</span> <span class='ocrx_word' id='word_1_344' title='bbox 1657 3083 1671 3121; x_wconf 89' lang='lat'><strong>:</strong></span> <span class='ocrx_word' id='word_1_345' title='bbox 1706 3066 1920 3122; x_wconf 75' lang='lat' dir='ltr'>Similes</span> <span class='ocrx_word' id='word_1_346' title='bbox 1955 3067 2069 3121; x_wconf 87' lang='lat' dir='ltr'>illis</span> 
     </span>
    </p>
   </div>
   <div class='ocr_carea' id='block_1_47' title="bbox 2165 1939 3814 2012">
    <p class='ocr_par' dir='ltr' id='par_1_47' title="bbox 2165 1939 3814 2012">
     <span class='ocr_line' id='line_1_47' title="bbox 2165 1939 3814 2012; baseline 0.002 -18"><span class='ocrx_word' id='word_1_347' title='bbox 2165 1940 2411 2011; x_wconf 89' lang='lat' dir='ltr'>gestavit</span> <span class='ocrx_word' id='word_1_348' title='bbox 2456 1939 2739 2012; x_wconf 87' lang='lat' dir='ltr'>quadriga</span> <span class='ocrx_word' id='word_1_349' title='bbox 2778 1940 2971 2010; x_wconf 90' lang='lat' dir='ltr'>ignea,</span> <span class='ocrx_word' id='word_1_350' title='bbox 3024 1956 3200 2011; x_wconf 89' lang='lat' dir='ltr'>quam</span> <span class='ocrx_word' id='word_1_351' title='bbox 3248 1943 3498 1996; x_wconf 89' lang='lat' dir='ltr'>terrena.</span> <span class='ocrx_word' id='word_1_352' title='bbox 3540 1944 3656 1997; x_wconf 88' lang='lat' dir='ltr'>Nec</span> <span class='ocrx_word' id='word_1_353' title='bbox 3703 1942 3814 1997; x_wconf 92' lang='lat' dir='ltr'>hoc</span> 
     </span>
    </p>
   </div>
   <div class='ocr_carea' id='block_1_48' title="bbox 2165 2033 3811 2108">
    <p class='ocr_par' dir='ltr' id='par_1_48' title="bbox 2165 2033 3811 2108">
     <span class='ocr_line' id='line_1_48' title="bbox 2165 2033 3811 2108; baseline 0.002 -19"><span class='ocrx_word' id='word_1_354' title='bbox 2165 2036 2337 2106; x_wconf 90' lang='lat' dir='ltr'>plane</span> <span class='ocrx_word' id='word_1_355' title='bbox 2370 2034 2554 2089; x_wconf 85' lang='lat' dir='ltr'>defuit</span> <span class='ocrx_word' id='word_1_356' title='bbox 2592 2033 2803 2089; x_wconf 88' lang='lat' dir='ltr'>sanctis</span> <span class='ocrx_word' id='word_1_357' title='bbox 2834 2033 2985 2088; x_wconf 90' lang='lat' dir='ltr'>viris.</span> <span class='ocrx_word' id='word_1_358' title='bbox 3019 2034 3164 2089; x_wconf 89' lang='lat' dir='ltr'>Nam</span> <span class='ocrx_word' id='word_1_359' title='bbox 3194 2033 3341 2089; x_wconf 91' lang='lat' dir='ltr'>sicut</span> <span class='ocrx_word' id='word_1_360' title='bbox 3378 2034 3600 2090; x_wconf 87' lang='lat' dir='ltr'>Heliam</span> <span class='ocrx_word' id='word_1_361' title='bbox 3638 2036 3811 2108; x_wconf 87' lang='lat' dir='ltr'>ignea</span> 
     </span>
    </p>
   </div>
   <div class='ocr_carea' id='block_1_49' title="bbox 2167 2127 3811 2201">
    <p class='ocr_par' dir='ltr' id='par_1_49' title="bbox 2167 2127 3811 2201">
     <span class='ocr_line' id='line_1_49' title="bbox 2167 2127 3811 2201; baseline 0.002 -18"><span class='ocrx_word' id='word_1_362' title='bbox 2167 2127 2451 2201; x_wconf 90' lang='lat' dir='ltr'>quadriga</span> <span class='ocrx_word' id='word_1_363' title='bbox 2478 2127 2747 2200; x_wconf 91' lang='lat' dir='ltr'>portavit,</span> <span class='ocrx_word' id='word_1_364' title='bbox 2779 2127 2860 2183; x_wconf 91' lang='lat' dir='ltr'>ita</span> <span class='ocrx_word' id='word_1_365' title='bbox 2889 2130 2948 2182; x_wconf 91' lang='lat' dir='ltr'>et</span> <span class='ocrx_word' id='word_1_366' title='bbox 2978 2130 3263 2201; x_wconf 85' lang='lat' dir='ltr'>martyres</span> <span class='ocrx_word' id='word_1_367' title='bbox 3294 2128 3438 2183; x_wconf 81' lang='lat' dir='ltr'>fides</span> <span class='ocrx_word' id='word_1_368' title='bbox 3469 2129 3644 2200; x_wconf 89' lang='lat' dir='ltr'>ignea</span> <span class='ocrx_word' id='word_1_369' title='bbox 3680 2130 3811 2201; x_wconf 90' lang='lat' dir='ltr'>jam</span> 
     </span>
    </p>
   </div>
   <div class='ocr_carea' id='block_1_50' title="bbox 2167 2221 3811 2295">
    <p class='ocr_par' dir='ltr' id='par_1_50' title="bbox 2167 2221 3811 2295">
     <span class='ocr_line' id='line_1_50' title="bbox 2167 2221 3811 2295; baseline 0.001 -18"><span class='ocrx_word' id='word_1_370' title='bbox 2167 2222 2409 2278; x_wconf 88' lang='lat' dir='ltr'>ferebat.</span> <span class='ocrx_word' id='word_1_371' title='bbox 2438 2222 2684 2277; x_wconf 90' lang='lat' dir='ltr'>Ferebat</span> <span class='ocrx_word' id='word_1_372' title='bbox 2708 2222 2858 2290; x_wconf 91' lang='lat' dir='ltr'>illos,</span> <span class='ocrx_word' id='word_1_373' title='bbox 2888 2221 3151 2293; x_wconf 90' lang='lat' dir='ltr'>inquam,</span> <span class='ocrx_word' id='word_1_374' title='bbox 3182 2221 3458 2292; x_wconf 89' lang='lat' dir='ltr'>Christus,</span> <span class='ocrx_word' id='word_1_375' title='bbox 3483 2224 3582 2295; x_wconf 90' lang='lat' dir='ltr'>qui</span> <span class='ocrx_word' id='word_1_376' title='bbox 3613 2225 3811 2279; x_wconf 90' lang='lat' dir='ltr'>lumen</span> 
     </span>
    </p>
   </div>
   <div class='ocr_carea' id='block_1_51' title="bbox 2168 2314 3815 2388">
    <p class='ocr_par' dir='ltr' id='par_1_51' title="bbox 2168 2314 3815 2388">
     <span class='ocr_line' id='line_1_51' title="bbox 2168 2314 3815 2388; baseline 0.002 -17"><span class='ocrx_word' id='word_1_377' title='bbox 2168 2320 2274 2385; x_wconf 90' lang='lat' dir='ltr'>est,</span> <span class='ocrx_word' id='word_1_378' title='bbox 2309 2314 2408 2388; x_wconf 85' lang='lat' dir='ltr'>qui</span> <span class='ocrx_word' id='word_1_379' title='bbox 2438 2315 2590 2387; x_wconf 90' lang='lat' dir='ltr'>ignis</span> <span class='ocrx_word' id='word_1_380' title='bbox 2620 2318 2723 2384; x_wconf 90' lang='lat' dir='ltr'>est,</span> <span class='ocrx_word' id='word_1_381' title='bbox 2749 2315 2820 2371; x_wconf 93' lang='lat' dir='ltr'>de</span> <span class='ocrx_word' id='word_1_382' title='bbox 2851 2331 2965 2387; x_wconf 90' lang='lat' dir='ltr'>quo</span> <span class='ocrx_word' id='word_1_383' title='bbox 2996 2315 3271 2388; x_wconf 91' lang='lat' dir='ltr'>scriptum</span> <span class='ocrx_word' id='word_1_384' title='bbox 3300 2320 3387 2371; x_wconf 90' lang='lat' dir='ltr'>est</span> <span class='ocrx_word' id='word_1_385' title='bbox 3416 2334 3428 2372; x_wconf 90' lang='lat'>:</span> <span class='ocrx_word' id='word_1_386' title='bbox 3458 2320 3601 2373; x_wconf 86' lang='lat' dir='ltr'>Deus</span> <span class='ocrx_word' id='word_1_387' title='bbox 3632 2322 3815 2375; x_wconf 79' lang='lat' dir='ltr'>noster</span> 
     </span>
    </p>
   </div>
   <div class='ocr_carea' id='block_1_52' title="bbox 2167 2410 3811 2483">
    <p class='ocr_par' dir='ltr' id='par_1_52' title="bbox 2167 2410 3811 2483">
     <span class='ocr_line' id='line_1_52' title="bbox 2167 2410 3811 2483; baseline 0.001 -17"><span class='ocrx_word' id='word_1_388' title='bbox 2167 2413 2311 2479; x_wconf 80' lang='lat' dir='ltr'>ignis</span> <span class='ocrx_word' id='word_1_389' title='bbox 2338 2425 2654 2466; x_wconf 87' lang='lat' dir='ltr'>consumens</span> <span class='ocrx_word' id='word_1_390' title='bbox 2686 2415 2781 2466; x_wconf 87' lang='lat' dir='ltr'>est.</span> <span class='ocrx_word' id='word_1_391' title='bbox 2813 2410 2964 2481; x_wconf 89' lang='lat' dir='ltr'>Ergo</span> <span class='ocrx_word' id='word_1_392' title='bbox 2995 2426 3126 2465; x_wconf 93' lang='lat' dir='ltr'>cum</span> <span class='ocrx_word' id='word_1_393' title='bbox 3155 2410 3358 2466; x_wconf 87' lang='lat' dir='ltr'>beatos</span> <span class='ocrx_word' id='word_1_394' title='bbox 3390 2410 3461 2466; x_wconf 89' lang='lat' dir='ltr'>de</span> <span class='ocrx_word' id='word_1_395' title='bbox 3494 2411 3701 2483; x_wconf 90' lang='lat' dir='ltr'>quibus</span> <span class='ocrx_word' id='word_1_396' title='bbox 3728 2414 3811 2468; x_wconf 93' lang='lat' dir='ltr'>lo-</span> 
     </span>
    </p>
   </div>
   <div class='ocr_carea' id='block_1_53' title="bbox 2170 2502 3814 2576">
    <p class='ocr_par' dir='ltr' id='par_1_53' title="bbox 2170 2502 3814 2576">
     <span class='ocr_line' id='line_1_53' title="bbox 2170 2502 3814 2576; baseline 0.001 -17"><span class='ocrx_word' id='word_1_397' title='bbox 2170 2504 2404 2576; x_wconf 90' lang='lat' dir='ltr'>quimur</span> <span class='ocrx_word' id='word_1_398' title='bbox 2428 2502 2761 2575; x_wconf 82' lang='lat' dir='ltr'>persecutor</span> <span class='ocrx_word' id='word_1_399' title='bbox 2791 2506 3084 2575; x_wconf 89' lang='lat' dir='ltr'>urgueret,</span> <span class='ocrx_word' id='word_1_400' title='bbox 3110 2503 3436 2559; x_wconf 88' lang='lat' dir='ltr'>vehiculum</span> <span class='ocrx_word' id='word_1_401' title='bbox 3458 2506 3814 2561; x_wconf 89' lang='lat' dir='ltr'>conscende-</span> 
     </span>
    </p>
   </div>
   <div class='ocr_carea' id='block_1_54' title="bbox 2168 2597 3813 2671">
    <p class='ocr_par' dir='ltr' id='par_1_54' title="bbox 2168 2597 3813 2671">
     <span class='ocr_line' id='line_1_54' title="bbox 2168 2597 3813 2671; baseline 0.001 -18"><span class='ocrx_word' id='word_1_402' title='bbox 2168 2601 2321 2653; x_wconf 91' lang='lat' dir='ltr'>runt.</span> <span class='ocrx_word' id='word_1_403' title='bbox 2356 2597 2480 2663; x_wconf 91' lang='lat' dir='ltr'>Qua</span> <span class='ocrx_word' id='word_1_404' title='bbox 2505 2597 2717 2652; x_wconf 88' lang='lat' dir='ltr'>causa?</span> <span class='ocrx_word' id='word_1_405' title='bbox 2746 2600 2808 2651; x_wconf 89' lang='lat' dir='ltr'>ut</span> <span class='ocrx_word' id='word_1_406' title='bbox 2845 2597 3159 2669; x_wconf 82' lang='lat' dir='ltr'>fugerent?</span> <span class='ocrx_word' id='word_1_407' title='bbox 3195 2598 3377 2665; x_wconf 85' lang='lat' dir='ltr'>absit;</span> <span class='ocrx_word' id='word_1_408' title='bbox 3408 2615 3526 2653; x_wconf 89' lang='lat' dir='ltr'>non</span> <span class='ocrx_word' id='word_1_409' title='bbox 3557 2602 3621 2654; x_wconf 90' lang='lat' dir='ltr'>ut</span> <span class='ocrx_word' id='word_1_410' title='bbox 3646 2600 3813 2671; x_wconf 86' lang='lat' dir='ltr'>fuge-</span> 
     </span>
    </p>
   </div>
   <div class='ocr_carea' id='block_1_55' title="bbox 2168 2690 3816 2763">
    <p class='ocr_par' dir='ltr' id='par_1_55' title="bbox 2168 2690 3816 2763">
     <span class='ocr_line' id='line_1_55' title="bbox 2168 2690 3816 2763; baseline 0.001 -16"><span class='ocrx_word' id='word_1_411' title='bbox 2168 2695 2319 2759; x_wconf 90' lang='lat' dir='ltr'>rent,</span> <span class='ocrx_word' id='word_1_412' title='bbox 2354 2691 2456 2745; x_wconf 89' lang='lat' dir='ltr'>sed</span> <span class='ocrx_word' id='word_1_413' title='bbox 2487 2694 2551 2745; x_wconf 91' lang='lat' dir='ltr'>ut</span> <span class='ocrx_word' id='word_1_414' title='bbox 2581 2691 2655 2746; x_wconf 91' lang='lat' dir='ltr'>ad</span> <span class='ocrx_word' id='word_1_415' title='bbox 2685 2690 3031 2762; x_wconf 87' lang='lat' dir='ltr'>martyrium</span> <span class='ocrx_word' id='word_1_416' title='bbox 3060 2691 3224 2746; x_wconf 90' lang='lat' dir='ltr'>citius</span> <span class='ocrx_word' id='word_1_417' title='bbox 3256 2691 3661 2763; x_wconf 89' lang='lat' dir='ltr'>pervenirent;</span> <span class='ocrx_word' id='word_1_418' title='bbox 3696 2710 3816 2749; x_wconf 90' lang='lat' dir='ltr'>non</span> 
     </span>
    </p>
   </div>
   <div class='ocr_carea' id='block_1_56' title="bbox 2170 2783 3817 2858">
    <p class='ocr_par' dir='ltr' id='par_1_56' title="bbox 2170 2783 3817 2858">
     <span class='ocr_line' id='line_1_56' title="bbox 2170 2783 3817 2858; baseline 0.001 -18"><span class='ocrx_word' id='word_1_419' title='bbox 2170 2789 2233 2840; x_wconf 92' lang='lat' dir='ltr'>ut</span> <span class='ocrx_word' id='word_1_420' title='bbox 2268 2786 2583 2854; x_wconf 89' lang='lat' dir='ltr'>latitarent,</span> <span class='ocrx_word' id='word_1_421' title='bbox 2630 2783 2825 2858; x_wconf 81' lang='grc'>470</span> <span class='ocrx_word' id='word_1_422' title='bbox 2863 2784 2966 2839; x_wconf 92' lang='lat' dir='ltr'>sed</span> <span class='ocrx_word' id='word_1_423' title='bbox 3002 2788 3064 2839; x_wconf 93' lang='lat' dir='ltr'>ut</span> <span class='ocrx_word' id='word_1_424' title='bbox 3104 2801 3163 2838; x_wconf 93' lang='lat' dir='ltr'>se</span> <span class='ocrx_word' id='word_1_425' title='bbox 3203 2785 3558 2841; x_wconf 89' lang='lat' dir='ltr'>Christianos</span> <span class='ocrx_word' id='word_1_426' title='bbox 3596 2786 3817 2842; x_wconf 91' lang='lat' dir='ltr'>cunctis</span> 
     </span>
    </p>
   </div>
   <div class='ocr_carea' id='block_1_57' title="bbox 2171 2877 3819 2936">
    <p class='ocr_par' dir='ltr' id='par_1_57' title="bbox 2171 2877 3819 2936">
     <span class='ocr_line' id='line_1_57' title="bbox 2171 2877 3819 2936; baseline 0.002 -3"><span class='ocrx_word' id='word_1_427' title='bbox 2171 2877 2600 2934; x_wconf 87' lang='lat' dir='ltr'>transeuntibus</span> <span class='ocrx_word' id='word_1_428' title='bbox 2630 2877 3094 2933; x_wconf 86' lang='lat' dir='ltr'>manifestarent.</span> <span class='ocrx_word' id='word_1_429' title='bbox 3122 2878 3393 2934; x_wconf 89' lang='lat' dir='ltr'>Ceterum</span> <span class='ocrx_word' id='word_1_430' title='bbox 3428 2879 3706 2936; x_wconf 90' lang='lat' dir='ltr'>occultius</span> <span class='ocrx_word' id='word_1_431' title='bbox 3736 2880 3819 2936; x_wconf 89' lang='lat' dir='ltr'>in-</span> 
     </span>
    </p>
   </div>
   <div class='ocr_carea' id='block_1_58' title="bbox 2168 2971 3815 3047">
    <p class='ocr_par' dir='ltr' id='par_1_58' title="bbox 2168 2971 3815 3047">
     <span class='ocr_line' id='line_1_58' title="bbox 2168 2971 3815 3047; baseline 0.002 -20"><span class='ocrx_word' id='word_1_432' title='bbox 2168 2975 2259 3027; x_wconf 91' lang='lat' dir='ltr'>ter</span> <span class='ocrx_word' id='word_1_433' title='bbox 2291 2974 2486 3044; x_wconf 91' lang='lat' dir='ltr'>plures</span> <span class='ocrx_word' id='word_1_434' title='bbox 2511 2972 2571 3026; x_wconf 89' lang='lat' dir='ltr'>in</span> <span class='ocrx_word' id='word_1_435' title='bbox 2602 2971 2829 3027; x_wconf 89' lang='lat' dir='ltr'>civitate</span> <span class='ocrx_word' id='word_1_436' title='bbox 2867 2972 3047 3026; x_wconf 90' lang='lat' dir='ltr'>latere</span> <span class='ocrx_word' id='word_1_437' title='bbox 3082 2974 3382 3044; x_wconf 86' lang='lat' dir='ltr'>poterant;</span> <span class='ocrx_word' id='word_1_438' title='bbox 3409 2973 3511 3028; x_wconf 90' lang='lat' dir='ltr'>sed</span> <span class='ocrx_word' id='word_1_439' title='bbox 3537 2974 3647 3030; x_wconf 90' lang='lat' dir='ltr'>hoc</span> <span class='ocrx_word' id='word_1_440' title='bbox 3678 2992 3815 3047; x_wconf 88' lang='lat' dir='ltr'>ege-</span> 
     </span>
    </p>
   </div>
   <div class='ocr_carea' id='block_1_59' title="bbox 2169 3065 3817 3139">
    <p class='ocr_par' dir='ltr' id='par_1_59' title="bbox 2169 3065 3817 3139">
     <span class='ocr_line' id='line_1_59' title="bbox 2169 3065 3817 3139; baseline 0.002 -18"><span class='ocrx_word' id='word_1_441' title='bbox 2169 3069 2324 3135; x_wconf 88' lang='lat' dir='ltr'>runt,</span> <span class='ocrx_word' id='word_1_442' title='bbox 2359 3069 2423 3122; x_wconf 94' lang='lat' dir='ltr'>ut</span> <span class='ocrx_word' id='word_1_443' title='bbox 2459 3065 2633 3121; x_wconf 89' lang='lat' dir='ltr'>totius</span> <span class='ocrx_word' id='word_1_444' title='bbox 2666 3066 2867 3138; x_wconf 90' lang='lat' dir='ltr'>populi</span> <span class='ocrx_word' id='word_1_445' title='bbox 2906 3065 3101 3134; x_wconf 89' lang='lat' dir='ltr'>corda,</span> <span class='ocrx_word' id='word_1_446' title='bbox 3145 3066 3285 3122; x_wconf 92' lang='lat' dir='ltr'>dum</span> <span class='ocrx_word' id='word_1_447' title='bbox 3318 3083 3424 3139; x_wconf 91' lang='lat' dir='ltr'>per</span> <span class='ocrx_word' id='word_1_448' title='bbox 3462 3067 3689 3124; x_wconf 87' lang='lat' dir='ltr'>diversa</span> <span class='ocrx_word' id='word_1_449' title='bbox 3725 3070 3817 3124; x_wconf 88' lang='lat' dir='ltr'>fu-</span> 
     </span>
    </p>
   </div>
   <div class='ocr_carea' id='block_1_60' title="bbox 422 3158 3820 3278">
    <p class='ocr_par' dir='ltr' id='par_1_60' title="bbox 422 3158 3820 3278">
     <span class='ocr_line' id='line_1_60' title="bbox 422 3158 3820 3278; baseline 0 -60"><span class='ocrx_word' id='word_1_450' title='bbox 422 3166 562 3233; x_wconf 82' lang='lat' dir='ltr'>fiant</span> <span class='ocrx_word' id='word_1_451' title='bbox 586 3162 685 3232; x_wconf 91' lang='lat' dir='ltr'>qui</span> <span class='ocrx_word' id='word_1_452' title='bbox 705 3164 923 3230; x_wconf 82' lang='lat' dir='ltr'>faciunt</span> <span class='ocrx_word' id='word_1_453' title='bbox 948 3177 1032 3225; x_wconf 84' lang='lat' dir='ltr'>ea,</span> <span class='ocrx_word' id='word_1_454' title='bbox 1064 3166 1116 3216; x_wconf 90' lang='lat' dir='ltr'>et</span> <span class='ocrx_word' id='word_1_455' title='bbox 1144 3176 1325 3216; x_wconf 88' lang='lat' dir='ltr'>omnes</span> <span class='ocrx_word' id='word_1_456' title='bbox 1351 3162 1450 3231; x_wconf 86' lang='lat' dir='ltr'>qui</span> <span class='ocrx_word' id='word_1_457' title='bbox 1472 3160 1750 3230; x_wconf 83' lang='lat' dir='ltr'>conﬁdunt</span> <span class='ocrx_word' id='word_1_458' title='bbox 1774 3162 1834 3215; x_wconf 87' lang='lat' dir='ltr'>in</span> <span class='ocrx_word' id='word_1_459' title='bbox 1859 3162 1954 3215; x_wconf 89' lang='lat' dir='ltr'>eis.</span> <span class='ocrx_word' id='word_1_460' title='bbox 1984 3161 2066 3213; x_wconf 91' lang='lat' dir='ltr'>Ite</span> <span class='ocrx_word' id='word_1_461' title='bbox 2087 3203 2143 3278; x_wconf 67' lang='grc' dir='ltr'>Ο</span> <span class='ocrx_word' id='word_1_462' title='bbox 2170 3160 2355 3233; x_wconf 89' lang='lat' dir='ltr'>giunt,</span> <span class='ocrx_word' id='word_1_463' title='bbox 2388 3158 2597 3216; x_wconf 89' lang='lat' dir='ltr'>Christi</span> <span class='ocrx_word' id='word_1_464' title='bbox 2627 3177 2823 3216; x_wconf 89' lang='lat' dir='ltr'>amore</span> <span class='ocrx_word' id='word_1_465' title='bbox 2860 3160 3259 3215; x_wconf 89' lang='lat' dir='ltr'>ﬂammentur.</span> <span class='ocrx_word' id='word_1_466' title='bbox 3291 3162 3366 3216; x_wconf 85' lang='lat' dir='ltr'>At</span> <span class='ocrx_word' id='word_1_467' title='bbox 3392 3178 3528 3218; x_wconf 91' lang='lat' dir='ltr'>vero</span> <span class='ocrx_word' id='word_1_468' title='bbox 3562 3163 3662 3217; x_wconf 91' lang='lat' dir='ltr'>ubi</span> <span class='ocrx_word' id='word_1_469' title='bbox 3690 3164 3820 3235; x_wconf 88' lang='lat' dir='ltr'>quis</span> 
     </span>
     <span class='ocr_line' id='line_1_61' title="bbox 431 3252 3807 3278; baseline 0 0"><span class='ocrx_word' id='word_1_470' title='bbox 431 3272 560 3278; x_wconf 66' lang='lat'>__.._-</span> <span class='ocrx_word' id='word_1_471' title='bbox 594 3255 854 3278; x_wconf 56' lang='lat' dir='ltr'>_--_l.:_1-</span> <span class='ocrx_word' id='word_1_472' title='bbox 885 3254 1078 3278; x_wconf 67' lang='lat'>2-2-.--</span> <span class='ocrx_word' id='word_1_473' title='bbox 1107 3254 1339 3278; x_wconf 57' lang='grc' dir='ltr'>..κ-,232</span> <span class='ocrx_word' id='word_1_474' title='bbox 1368 3257 1552 3278; x_wconf 63' lang='grc' dir='ltr'>-.-κα-..ι</span> <span class='ocrx_word' id='word_1_475' title='bbox 1598 3270 1702 3278; x_wconf 72' lang='lat'>_--</span> <span class='ocrx_word' id='word_1_476' title='bbox 1724 3270 1825 3278; x_wconf 57' lang='grc' dir='ltr'>...με</span> <span class='ocrx_word' id='word_1_477' title='bbox 1857 3252 2063 3278; x_wconf 63' lang='grc' dir='ltr'>ρι-ξηιζ</span> <span class='ocrx_word' id='word_1_478' title='bbox 2167 3254 2411 3278; x_wconf 57' lang='lat' dir='ltr'>---L2..--I:</span> <span class='ocrx_word' id='word_1_479' title='bbox 2445 3254 2722 3278; x_wconf 52' lang='grc' dir='ltr'>..Δ--..ηιμ</span> <span class='ocrx_word' id='word_1_480' title='bbox 2758 3252 3026 3278; x_wconf 68' lang='grc' dir='ltr'>Δε-..,.-;ι,.</span> <span class='ocrx_word' id='word_1_481' title='bbox 3076 3271 3181 3278; x_wconf 58' lang='grc' dir='ltr'>αι-..</span> <span class='ocrx_word' id='word_1_482' title='bbox 3211 3271 3482 3278; x_wconf 65' lang='lat'>-._..-..-_.</span> <span class='ocrx_word' id='word_1_483' title='bbox 3518 3256 3807 3278; x_wconf 63' lang='lat' dir='ltr'>___l.lt-____</span> 
     </span>
    </p>
   </div>
   <div class='ocr_carea' id='block_1_61' title="bbox 426 3252 3817 3327">
    <p class='ocr_par' dir='ltr' id='par_1_61' title="bbox 426 3252 3817 3327">
     <span class='ocr_line' id='line_1_62' title="bbox 426 3252 3817 3327; baseline 0 -16"><span class='ocrx_word' id='word_1_484' title='bbox 426 3272 566 3327; x_wconf 88' lang='lat' dir='ltr'>ergo</span> <span class='ocrx_word' id='word_1_485' title='bbox 594 3255 858 3310; x_wconf 90' lang='lat' dir='ltr'>nuntiate</span> <span class='ocrx_word' id='word_1_486' title='bbox 883 3254 1082 3326; x_wconf 87' lang='lat' dir='ltr'>iniquo</span> <span class='ocrx_word' id='word_1_487' title='bbox 1107 3254 1344 3326; x_wconf 70' lang='lat' dir='ltr'>praasidi</span> <span class='ocrx_word' id='word_1_488' title='bbox 1368 3257 1577 3322; x_wconf 88' lang='lat' dir='ltr'>vestro,</span> <span class='ocrx_word' id='word_1_489' title='bbox 1598 3270 1704 3309; x_wconf 90' lang='lat' dir='ltr'>nos</span> <span class='ocrx_word' id='word_1_490' title='bbox 1724 3270 1829 3326; x_wconf 91' lang='lat' dir='ltr'>pro</span> <span class='ocrx_word' id='word_1_491' title='bbox 1857 3252 2068 3309; x_wconf 90' lang='lat' dir='ltr'>Christi</span> <span class='ocrx_word' id='word_1_492' title='bbox 2089 3252 2143 3278; x_wconf 72' lang='grc' dir='ltr'>υ</span> <span class='ocrx_word' id='word_1_493' title='bbox 2167 3254 2415 3309; x_wconf 90' lang='lat' dir='ltr'>vehiculi</span> <span class='ocrx_word' id='word_1_494' title='bbox 2443 3254 2725 3325; x_wconf 89' lang='lat' dir='ltr'>adparato</span> <span class='ocrx_word' id='word_1_495' title='bbox 2754 3252 3051 3325; x_wconf 90' lang='lat' dir='ltr'>disposito,</span> <span class='ocrx_word' id='word_1_496' title='bbox 3076 3271 3181 3325; x_wconf 91' lang='lat' dir='ltr'>per</span> <span class='ocrx_word' id='word_1_497' title='bbox 3209 3271 3488 3327; x_wconf 90' lang='lat' dir='ltr'>aggerem</span> <span class='ocrx_word' id='word_1_498' title='bbox 3516 3256 3817 3327; x_wconf 90' lang='lat' dir='ltr'>publicum</span> 
     </span>
    </p>
   </div>
   <div class='ocr_carea' id='block_1_62' title="bbox 423 3347 2070 3420">
    <p class='ocr_par' dir='ltr' id='par_1_62' title="bbox 423 3347 2070 3420">
     <span class='ocr_line' id='line_1_63' title="bbox 423 3347 2070 3420; baseline -0.002 -15"><span class='ocrx_word' id='word_1_499' title='bbox 423 3349 663 3406; x_wconf 88' lang='lat' dir='ltr'>nomine</span> <span class='ocrx_word' id='word_1_500' title='bbox 688 3350 887 3419; x_wconf 91' lang='lat' dir='ltr'>optare</span> <span class='ocrx_word' id='word_1_501' title='bbox 919 3348 1090 3417; x_wconf 90' lang='lat' dir='ltr'>mori,</span> <span class='ocrx_word' id='word_1_502' title='bbox 1115 3365 1291 3420; x_wconf 89' lang='lat' dir='ltr'>quam</span> <span class='ocrx_word' id='word_1_503' title='bbox 1318 3348 1390 3403; x_wconf 92' lang='lat' dir='ltr'>ab</span> <span class='ocrx_word' id='word_1_504' title='bbox 1418 3347 1542 3419; x_wconf 83' lang='lat' dir='ltr'>ejus</span> <span class='ocrx_word' id='word_1_505' title='bbox 1561 3347 1854 3403; x_wconf 90' lang='lat' dir='ltr'>mandatis</span> <span class='ocrx_word' id='word_1_506' title='bbox 1875 3347 2070 3401; x_wconf 91' lang='lat' dir='ltr'>absce-</span> 
     </span>
    </p>
   </div>
   <div class='ocr_carea' id='block_1_63' title="bbox 425 3439 2069 3513">
    <p class='ocr_par' dir='ltr' id='par_1_63' title="bbox 425 3439 2069 3513">
     <span class='ocr_line' id='line_1_64' title="bbox 425 3439 2069 3513; baseline -0.002 -15"><span class='ocrx_word' id='word_1_507' title='bbox 425 3443 587 3510; x_wconf 89' lang='lat' dir='ltr'>dere,</span> <span class='ocrx_word' id='word_1_508' title='bbox 610 3441 746 3513; x_wconf 92' lang='lat' dir='ltr'>quia</span> <span class='ocrx_word' id='word_1_509' title='bbox 775 3442 847 3496; x_wconf 91' lang='lat' dir='ltr'>ab</span> <span class='ocrx_word' id='word_1_510' title='bbox 872 3441 1008 3513; x_wconf 92' lang='lat' dir='ltr'>ipsis</span> <span class='ocrx_word' id='word_1_511' title='bbox 1038 3442 1338 3497; x_wconf 91' lang='lat' dir='ltr'>cunabulis</span> <span class='ocrx_word' id='word_1_512' title='bbox 1358 3441 1670 3497; x_wconf 91' lang='lat' dir='ltr'>Dominum</span> <span class='ocrx_word' id='word_1_513' title='bbox 1689 3444 1885 3498; x_wconf 89' lang='lat' dir='ltr'>Jesum</span> <span class='ocrx_word' id='word_1_514' title='bbox 1911 3439 2069 3496; x_wconf 89' lang='lat' dir='ltr'>Chri-</span> 
     </span>
    </p>
   </div>
   <div class='ocr_carea' id='block_1_64' title="bbox 424 3534 2065 3606">
    <p class='ocr_par' dir='ltr' id='par_1_64' title="bbox 424 3534 2065 3606">
     <span class='ocr_line' id='line_1_65' title="bbox 424 3534 2065 3606; baseline -0.002 -15"><span class='ocrx_word' id='word_1_515' title='bbox 424 3539 580 3591; x_wconf 91' lang='lat' dir='ltr'>stum</span> <span class='ocrx_word' id='word_1_516' title='bbox 619 3535 983 3591; x_wconf 86' lang='lat' dir='ltr'>conﬁtemur.</span> <span class='ocrx_word' id='word_1_517' title='bbox 1015 3536 1087 3589; x_wconf 81' lang='lat' dir='ltr'>At</span> <span class='ocrx_word' id='word_1_518' title='bbox 1126 3535 1209 3590; x_wconf 91' lang='lat' dir='ltr'>illi</span> <span class='ocrx_word' id='word_1_519' title='bbox 1246 3535 1555 3591; x_wconf 89' lang='lat' dir='ltr'>redeuntes</span> <span class='ocrx_word' id='word_1_520' title='bbox 1586 3534 1819 3606; x_wconf 55' lang='lat' dir='ltr'>prasidi</span> <span class='ocrx_word' id='word_1_521' title='bbox 1847 3534 1936 3589; x_wconf 91' lang='lat' dir='ltr'>vel</span> <span class='ocrx_word' id='word_1_522' title='bbox 1966 3549 2065 3589; x_wconf 86' lang='lat' dir='ltr'>co-</span> 
     </span>
    </p>
   </div>
   <div class='ocr_carea' id='block_1_65' title="bbox 424 3628 1767 3701">
    <p class='ocr_par' dir='ltr' id='par_1_65' title="bbox 424 3628 1767 3701">
     <span class='ocr_line' id='line_1_66' title="bbox 424 3628 1767 3701; baseline -0.003 -16"><span class='ocrx_word' id='word_1_523' title='bbox 424 3629 555 3686; x_wconf 89' lang='lat' dir='ltr'>miti</span> <span class='ocrx_word' id='word_1_524' title='bbox 586 3630 911 3684; x_wconf 91' lang='lat' dir='ltr'>retulerunt</span> <span class='ocrx_word' id='word_1_525' title='bbox 938 3628 1139 3684; x_wconf 89' lang='lat' dir='ltr'>omnia</span> <span class='ocrx_word' id='word_1_526' title='bbox 1169 3645 1297 3701; x_wconf 84' lang='lat' dir='ltr'>quae</span> <span class='ocrx_word' id='word_1_527' title='bbox 1328 3631 1493 3700; x_wconf 86' lang='lat' dir='ltr'>gesta</span> <span class='ocrx_word' id='word_1_528' title='bbox 1517 3629 1767 3684; x_wconf 90' lang='lat' dir='ltr'>fuerant.</span> 
     </span>
    </p>
   </div>
   <div class='ocr_carea' id='block_1_66' title="bbox 498 3719 2067 3797">
    <p class='ocr_par' dir='ltr' id='par_1_66' title="bbox 498 3719 2067 3797">
     <span class='ocr_line' id='line_1_67' title="bbox 498 3719 2067 3797; baseline -0.004 -15"><span class='ocrx_word' id='word_1_529' title='bbox 498 3721 691 3797; x_wconf 81' lang='grc'>469</span> <span class='ocrx_word' id='word_1_530' title='bbox 727 3724 883 3778; x_wconf 91' lang='lat' dir='ltr'>Tunc</span> <span class='ocrx_word' id='word_1_531' title='bbox 923 3721 1213 3778; x_wconf 91' lang='lat' dir='ltr'>Dulcidius</span> <span class='ocrx_word' id='word_1_532' title='bbox 1242 3739 1454 3794; x_wconf 68' lang='lat' dir='ltr'>przeses</span> <span class='ocrx_word' id='word_1_533' title='bbox 1488 3738 1605 3777; x_wconf 90' lang='lat' dir='ltr'>una</span> <span class='ocrx_word' id='word_1_534' title='bbox 1643 3737 1776 3776; x_wconf 91' lang='lat' dir='ltr'>cum</span> <span class='ocrx_word' id='word_1_535' title='bbox 1814 3719 2067 3776; x_wconf 91' lang='lat' dir='ltr'>Sisinnio</span> 
     </span>
    </p>
   </div>
   <div class='ocr_carea' id='block_1_67' title="bbox 424 3815 2069 3887">
    <p class='ocr_par' dir='ltr' id='par_1_67' title="bbox 424 3815 2069 3887">
     <span class='ocr_line' id='line_1_68' title="bbox 424 3815 2069 3887; baseline -0.002 -13"><span class='ocrx_word' id='word_1_536' title='bbox 424 3817 638 3874; x_wconf 89' lang='lat' dir='ltr'>comite</span> <span class='ocrx_word' id='word_1_537' title='bbox 658 3817 825 3873; x_wconf 88' lang='lat' dir='ltr'>valde</span> <span class='ocrx_word' id='word_1_538' title='bbox 846 3816 1145 3885; x_wconf 87' lang='lat' dir='ltr'>commoti,</span> <span class='ocrx_word' id='word_1_539' title='bbox 1168 3818 1346 3873; x_wconf 89' lang='lat' dir='ltr'>talem</span> <span class='ocrx_word' id='word_1_540' title='bbox 1367 3816 1654 3872; x_wconf 89' lang='lat' dir='ltr'>dederunt</span> <span class='ocrx_word' id='word_1_541' title='bbox 1667 3815 1851 3887; x_wconf 91' lang='lat' dir='ltr'>impio</span> <span class='ocrx_word' id='word_1_542' title='bbox 1869 3815 2069 3871; x_wconf 90' lang='lat' dir='ltr'>Diocli-</span> 
     </span>
    </p>
   </div>
   <div class='ocr_carea' id='block_1_68' title="bbox 426 3908 2069 3983">
    <p class='ocr_par' dir='ltr' id='par_1_68' title="bbox 426 3908 2069 3983">
     <span class='ocr_line' id='line_1_69' title="bbox 426 3908 2069 3983; baseline -0.002 -16"><span class='ocrx_word' id='word_1_543' title='bbox 426 3912 588 3968; x_wconf 90' lang='lat' dir='ltr'>tiano</span> <span class='ocrx_word' id='word_1_544' title='bbox 621 3911 1056 3983; x_wconf 91' lang='lat' dir='ltr'>suggestionem</span> <span class='ocrx_word' id='word_1_545' title='bbox 1092 3928 1106 3966; x_wconf 92' lang='lat'><strong>:</strong></span> <span class='ocrx_word' id='word_1_546' title='bbox 1139 3910 1413 3977; x_wconf 88' lang='lat' dir='ltr'>Piissimi,</span> <span class='ocrx_word' id='word_1_547' title='bbox 1456 3908 1751 3965; x_wconf 89' lang='lat' dir='ltr'>subvenite</span> <span class='ocrx_word' id='word_1_548' title='bbox 1791 3908 2069 3965; x_wconf 85' lang='lat' dir='ltr'>Romanis</span> 
     </span>
    </p>
   </div>
   <div class='ocr_carea' id='block_1_69' title="bbox 423 4003 2069 4077">
    <p class='ocr_par' dir='ltr' id='par_1_69' title="bbox 423 4003 2069 4077">
     <span class='ocr_line' id='line_1_70' title="bbox 423 4003 2069 4077; baseline -0.002 -15"><span class='ocrx_word' id='word_1_549' title='bbox 423 4006 672 4077; x_wconf 88' lang='lat' dir='ltr'>legibus,</span> <span class='ocrx_word' id='word_1_550' title='bbox 703 4021 808 4077; x_wconf 91' lang='lat' dir='ltr'>pro</span> <span class='ocrx_word' id='word_1_551' title='bbox 847 4004 1053 4076; x_wconf 88' lang='lat' dir='ltr'>quibus</span> <span class='ocrx_word' id='word_1_552' title='bbox 1094 4004 1291 4060; x_wconf 86' lang='lat' dir='ltr'>victrix</span> <span class='ocrx_word' id='word_1_553' title='bbox 1325 4004 1559 4058; x_wconf 85' lang='lat' dir='ltr'>dextera</span> <span class='ocrx_word' id='word_1_554' title='bbox 1593 4006 1783 4059; x_wconf 88' lang='lat' dir='ltr'>vestra</span> <span class='ocrx_word' id='word_1_555' title='bbox 1812 4003 2069 4059; x_wconf 91' lang='lat' dir='ltr'>hostium</span> 
     </span>
    </p>
   </div>
   <div class='ocr_carea' id='block_1_70' title="bbox 426 4095 2070 4168">
    <p class='ocr_par' dir='ltr' id='par_1_70' title="bbox 426 4095 2070 4168">
     <span class='ocr_line' id='line_1_71' title="bbox 426 4095 2070 4168; baseline -0.002 -14"><span class='ocrx_word' id='word_1_556' title='bbox 426 4098 675 4154; x_wconf 90' lang='lat' dir='ltr'>cervices</span> <span class='ocrx_word' id='word_1_557' title='bbox 733 4097 992 4168; x_wconf 88' lang='lat' dir='ltr'>inclinat,</span> <span class='ocrx_word' id='word_1_558' title='bbox 1049 4100 1109 4154; x_wconf 91' lang='lat' dir='ltr'>et</span> <span class='ocrx_word' id='word_1_559' title='bbox 1162 4098 1271 4153; x_wconf 86' lang='lat' dir='ltr'>diis</span> <span class='ocrx_word' id='word_1_560' title='bbox 1319 4095 1832 4167; x_wconf 89' lang='lat' dir='ltr'>omnipotentibus,</span> <span class='ocrx_word' id='word_1_561' title='bbox 1885 4096 1981 4167; x_wconf 91' lang='lat' dir='ltr'>qui</span> <span class='ocrx_word' id='word_1_562' title='bbox 2035 4114 2070 4151; x_wconf 93' lang='lat' dir='ltr'>a</span> 
     </span>
    </p>
   </div>
   <div class='ocr_carea' id='block_1_71' title="bbox 426 4189 2066 4262">
    <p class='ocr_par' dir='ltr' id='par_1_71' title="bbox 426 4189 2066 4262">
     <span class='ocr_line' id='line_1_72' title="bbox 426 4189 2066 4262; baseline -0.002 -14"><span class='ocrx_word' id='word_1_563' title='bbox 426 4190 765 4248; x_wconf 89' lang='lat' dir='ltr'>Christianis</span> <span class='ocrx_word' id='word_1_564' title='bbox 801 4194 1272 4259; x_wconf 90' lang='lat' dir='ltr'>contemnuntur,</span> <span class='ocrx_word' id='word_1_565' title='bbox 1296 4189 1600 4262; x_wconf 90' lang='lat' dir='ltr'>juvamina</span> <span class='ocrx_word' id='word_1_566' title='bbox 1637 4190 1911 4261; x_wconf 83' lang='lat' dir='ltr'>praebete.</span> <span class='ocrx_word' id='word_1_567' title='bbox 1952 4189 2066 4245; x_wconf 86' lang='lat' dir='ltr'>Ad-</span> 
     </span>
    </p>
   </div>
   <div class='ocr_carea' id='block_1_72' title="bbox 425 4283 2067 4356">
    <p class='ocr_par' dir='ltr' id='par_1_72' title="bbox 425 4283 2067 4356">
     <span class='ocr_line' id='line_1_73' title="bbox 425 4283 2067 4356; baseline -0.001 -16"><span class='ocrx_word' id='word_1_568' title='bbox 425 4289 712 4340; x_wconf 91' lang='lat' dir='ltr'>venerunt</span> <span class='ocrx_word' id='word_1_569' title='bbox 749 4285 907 4341; x_wconf 90' lang='lat' dir='ltr'>enim</span> <span class='ocrx_word' id='word_1_570' title='bbox 948 4289 1065 4341; x_wconf 90' lang='lat' dir='ltr'>tres</span> <span class='ocrx_word' id='word_1_571' title='bbox 1104 4283 1372 4356; x_wconf 87' lang='lat' dir='ltr'>germani</span> <span class='ocrx_word' id='word_1_572' title='bbox 1415 4300 1483 4337; x_wconf 83' lang='lat' dir='ltr'>ex</span> <span class='ocrx_word' id='word_1_573' title='bbox 1524 4283 1664 4338; x_wconf 91' lang='lat' dir='ltr'>urbe</span> <span class='ocrx_word' id='word_1_574' title='bbox 1705 4284 1909 4351; x_wconf 86' lang='lat' dir='ltr'>Roma,</span> <span class='ocrx_word' id='word_1_575' title='bbox 1951 4300 2067 4339; x_wconf 92' lang='lat' dir='ltr'>uno</span> 
     </span>
    </p>
   </div>
   <div class='ocr_carea' id='block_1_73' title="bbox 428 4376 2070 4448">
    <p class='ocr_par' dir='ltr' id='par_1_73' title="bbox 428 4376 2070 4448">
     <span class='ocr_line' id='line_1_74' title="bbox 428 4376 2070 4448; baseline -0.002 -12"><span class='ocrx_word' id='word_1_576' title='bbox 428 4379 628 4436; x_wconf 87' lang='lat' dir='ltr'>animo</span> <span class='ocrx_word' id='word_1_577' title='bbox 656 4380 884 4436; x_wconf 84' lang='lat' dir='ltr'>fortiter</span> <span class='ocrx_word' id='word_1_578' title='bbox 903 4381 1272 4445; x_wconf 87' lang='lat' dir='ltr'>reluctantes,</span> <span class='ocrx_word' id='word_1_579' title='bbox 1293 4380 1351 4432; x_wconf 91' lang='lat' dir='ltr'>et</span> <span class='ocrx_word' id='word_1_580' title='bbox 1368 4376 1560 4432; x_wconf 89' lang='lat' dir='ltr'>nescio</span> <span class='ocrx_word' id='word_1_581' title='bbox 1584 4393 1757 4448; x_wconf 90' lang='lat' dir='ltr'>quem</span> <span class='ocrx_word' id='word_1_582' title='bbox 1779 4376 2070 4433; x_wconf 89' lang='lat' dir='ltr'>Christum</span> 
     </span>
    </p>
   </div>
   <div class='ocr_carea' id='block_1_74' title="bbox 427 4472 2066 4545">
    <p class='ocr_par' dir='ltr' id='par_1_74' title="bbox 427 4472 2066 4545">
     <span class='ocr_line' id='line_1_75' title="bbox 427 4472 2066 4545; baseline -0.002 -14"><span class='ocrx_word' id='word_1_583' title='bbox 427 4476 788 4544; x_wconf 85' lang='lat' dir='ltr'>conﬁtentes,</span> <span class='ocrx_word' id='word_1_584' title='bbox 804 4479 862 4530; x_wconf 92' lang='lat' dir='ltr'>et</span> <span class='ocrx_word' id='word_1_585' title='bbox 882 4476 1327 4531; x_wconf 89' lang='lat' dir='ltr'>contemnentes</span> <span class='ocrx_word' id='word_1_586' title='bbox 1346 4473 1576 4528; x_wconf 92' lang='lat' dir='ltr'>decreta</span> <span class='ocrx_word' id='word_1_587' title='bbox 1597 4472 1826 4545; x_wconf 89' lang='lat' dir='ltr'>pietatis</span> <span class='ocrx_word' id='word_1_588' title='bbox 1842 4476 2066 4529; x_wconf 67' lang='lat' dir='ltr'>vestras.</span> 
     </span>
    </p>
   </div>
   <div class='ocr_carea' id='block_1_75' title="bbox 2170 3346 3815 3422">
    <p class='ocr_par' dir='ltr' id='par_1_75' title="bbox 2170 3346 3815 3422">
     <span class='ocr_line' id='line_1_76' title="bbox 2170 3346 3815 3422; baseline 0.002 -19"><span class='ocrx_word' id='word_1_589' title='bbox 2170 3347 2465 3420; x_wconf 88' lang='lat' dir='ltr'>graditur;</span> <span class='ocrx_word' id='word_1_590' title='bbox 2494 3347 2610 3402; x_wconf 92' lang='lat' dir='ltr'>illic</span> <span class='ocrx_word' id='word_1_591' title='bbox 2646 3364 2765 3402; x_wconf 91' lang='lat' dir='ltr'>non</span> <span class='ocrx_word' id='word_1_592' title='bbox 2793 3348 2936 3419; x_wconf 89' lang='lat' dir='ltr'>fuga</span> <span class='ocrx_word' id='word_1_593' title='bbox 2962 3346 3209 3404; x_wconf 89' lang='lat' dir='ltr'>dicenda</span> <span class='ocrx_word' id='word_1_594' title='bbox 3235 3351 3339 3417; x_wconf 91' lang='lat' dir='ltr'>est,</span> <span class='ocrx_word' id='word_1_595' title='bbox 3373 3350 3475 3404; x_wconf 89' lang='lat' dir='ltr'>sed</span> <span class='ocrx_word' id='word_1_596' title='bbox 3501 3352 3815 3422; x_wconf 91' lang='lat' dir='ltr'>profectus.</span> 
     </span>
    </p>
   </div>
   <div class='ocr_carea' id='block_1_76' title="bbox 2168 3440 3811 3516">
    <p class='ocr_par' dir='ltr' id='par_1_76' title="bbox 2168 3440 3811 3516">
     <span class='ocr_line' id='line_1_77' title="bbox 2168 3440 3811 3516; baseline 0.001 -18"><span class='ocrx_word' id='word_1_597' title='bbox 2168 3441 2359 3499; x_wconf 88' lang='lat' dir='ltr'>Sancti</span> <span class='ocrx_word' id='word_1_598' title='bbox 2380 3441 2538 3497; x_wconf 90' lang='lat' dir='ltr'>enim</span> <span class='ocrx_word' id='word_1_599' title='bbox 2559 3440 2665 3496; x_wconf 89' lang='lat' dir='ltr'>viri</span> <span class='ocrx_word' id='word_1_600' title='bbox 2692 3443 2801 3496; x_wconf 94' lang='lat' dir='ltr'>hoc</span> <span class='ocrx_word' id='word_1_601' title='bbox 2821 3442 2993 3509; x_wconf 87' lang='lat' dir='ltr'>facto,</span> <span class='ocrx_word' id='word_1_602' title='bbox 3018 3442 3174 3497; x_wconf 92' lang='lat' dir='ltr'>velut</span> <span class='ocrx_word' id='word_1_603' title='bbox 3196 3442 3257 3497; x_wconf 92' lang='lat' dir='ltr'>in</span> <span class='ocrx_word' id='word_1_604' title='bbox 3278 3443 3617 3516; x_wconf 89' lang='lat' dir='ltr'>triumphali</span> <span class='ocrx_word' id='word_1_605' title='bbox 3638 3462 3811 3500; x_wconf 89' lang='lat' dir='ltr'>curru</span> 
     </span>
    </p>
   </div>
   <div class='ocr_carea' id='block_1_77' title="bbox 2168 3535 3814 3611">
    <p class='ocr_par' dir='ltr' id='par_1_77' title="bbox 2168 3535 3814 3611">
     <span class='ocr_line' id='line_1_78' title="bbox 2168 3535 3814 3611; baseline 0.002 -21"><span class='ocrx_word' id='word_1_606' title='bbox 2168 3535 2362 3608; x_wconf 86' lang='lat' dir='ltr'>positi,</span> <span class='ocrx_word' id='word_1_607' title='bbox 2407 3535 2881 3591; x_wconf 88' lang='lat' dir='ltr'>contestabantur</span> <span class='ocrx_word' id='word_1_608' title='bbox 2917 3535 3175 3591; x_wconf 90' lang='lat' dir='ltr'>dicentes</span> <span class='ocrx_word' id='word_1_609' title='bbox 3208 3553 3222 3591; x_wconf 88' lang='lat'><strong>:</strong></span> <span class='ocrx_word' id='word_1_610' title='bbox 3252 3538 3415 3605; x_wconf 90' lang='lat' dir='ltr'>Ecce,</span> <span class='ocrx_word' id='word_1_611' title='bbox 3456 3543 3814 3611; x_wconf 89' lang='lat' dir='ltr'>persecutor,</span> 
     </span>
    </p>
   </div>
   <div class='ocr_carea' id='block_1_78' title="bbox 2169 3629 3817 3702">
    <p class='ocr_par' dir='ltr' id='par_1_78' title="bbox 2169 3629 3817 3702">
     <span class='ocr_line' id='line_1_79' title="bbox 2169 3629 3817 3702; baseline 0.002 -17"><span class='ocrx_word' id='word_1_612' title='bbox 2169 3647 2298 3685; x_wconf 91' lang='lat' dir='ltr'>ecce</span> <span class='ocrx_word' id='word_1_613' title='bbox 2325 3630 2761 3702; x_wconf 84' lang='lat' dir='ltr'>proficiscimur,</span> <span class='ocrx_word' id='word_1_614' title='bbox 2788 3646 2918 3684; x_wconf 92' lang='lat' dir='ltr'>ecce</span> <span class='ocrx_word' id='word_1_615' title='bbox 2949 3629 3348 3701; x_wconf 64' lang='lat' dir='ltr'>praecedimus.</span> <span class='ocrx_word' id='word_1_616' title='bbox 3374 3631 3525 3696; x_wconf 88' lang='lat' dir='ltr'>Quid</span> <span class='ocrx_word' id='word_1_617' title='bbox 3556 3633 3817 3688; x_wconf 83' lang='lat' dir='ltr'>resides?</span> 
     </span>
    </p>
   </div>
   <div class='ocr_carea' id='block_1_79' title="bbox 2170 3723 3812 3797">
    <p class='ocr_par' dir='ltr' id='par_1_79' title="bbox 2170 3723 3812 3797">
     <span class='ocr_line' id='line_1_80' title="bbox 2170 3723 3812 3797; baseline 0.002 -19"><span class='ocrx_word' id='word_1_618' title='bbox 2170 3723 2310 3795; x_wconf 89' lang='lat' dir='ltr'>quid</span> <span class='ocrx_word' id='word_1_619' title='bbox 2337 3723 2622 3779; x_wconf 83' lang='lat' dir='ltr'>moraris?</span> <span class='ocrx_word' id='word_1_620' title='bbox 2648 3723 3000 3795; x_wconf 89' lang='lat' dir='ltr'>subsequere</span> <span class='ocrx_word' id='word_1_621' title='bbox 3029 3726 3227 3779; x_wconf 91' lang='lat' dir='ltr'>nostra</span> <span class='ocrx_word' id='word_1_622' title='bbox 3246 3724 3508 3797; x_wconf 90' lang='lat' dir='ltr'>vestigia.</span> <span class='ocrx_word' id='word_1_623' title='bbox 3533 3727 3812 3782; x_wconf 85' lang='lat' dir='ltr'>Nolumus</span> 
     </span>
    </p>
   </div>
   <div class='ocr_carea' id='block_1_80' title="bbox 2171 3816 3813 3893">
    <p class='ocr_par' dir='ltr' id='par_1_80' title="bbox 2171 3816 3813 3893">
     <span class='ocr_line' id='line_1_81' title="bbox 2171 3816 3813 3893; baseline 0.002 -20"><span class='ocrx_word' id='word_1_624' title='bbox 2171 3817 2328 3873; x_wconf 90' lang='lat' dir='ltr'>enim</span> <span class='ocrx_word' id='word_1_625' title='bbox 2362 3816 2544 3873; x_wconf 86' lang='lat' dir='ltr'>videri</span> <span class='ocrx_word' id='word_1_626' title='bbox 2574 3817 2736 3873; x_wconf 90' lang='lat' dir='ltr'>inviti</span> <span class='ocrx_word' id='word_1_627' title='bbox 2778 3816 2911 3872; x_wconf 89' lang='lat' dir='ltr'>duci</span> <span class='ocrx_word' id='word_1_628' title='bbox 2947 3817 3022 3872; x_wconf 90' lang='lat' dir='ltr'>ad</span> <span class='ocrx_word' id='word_1_629' title='bbox 3059 3834 3314 3889; x_wconf 85' lang='lat' dir='ltr'>poenam,</span> <span class='ocrx_word' id='word_1_630' title='bbox 3347 3818 3445 3892; x_wconf 91' lang='lat' dir='ltr'>qui</span> <span class='ocrx_word' id='word_1_631' title='bbox 3483 3821 3813 3893; x_wconf 63' lang='lat' dir='ltr'>praecedere</span> 
     </span>
    </p>
   </div>
   <div class='ocr_carea' id='block_1_81' title="bbox 2169 3910 3046 3983">
    <p class='ocr_par' dir='ltr' id='par_1_81' title="bbox 2169 3910 3046 3983">
     <span class='ocr_line' id='line_1_82' title="bbox 2169 3910 3046 3983; baseline -0.001 -17"><span class='ocrx_word' id='word_1_632' title='bbox 2169 3928 2275 3967; x_wconf 90' lang='lat' dir='ltr'>nos</span> <span class='ocrx_word' id='word_1_633' title='bbox 2303 3912 2648 3983; x_wconf 81' lang='lat' dir='ltr'>profitemur</span> <span class='ocrx_word' id='word_1_634' title='bbox 2670 3910 2746 3967; x_wconf 91' lang='lat' dir='ltr'>ad</span> <span class='ocrx_word' id='word_1_635' title='bbox 2776 3910 3046 3983; x_wconf 87' lang='lat' dir='ltr'>gloriam.</span> 
     </span>
    </p>
   </div>
   <div class='ocr_carea' id='block_1_82' title="bbox 2238 4004 3813 4077">
    <p class='ocr_par' dir='ltr' id='par_1_82' title="bbox 2238 4004 3813 4077">
     <span class='ocr_line' id='line_1_83' title="bbox 2238 4004 3813 4077; baseline 0.002 -17"><span class='ocrx_word' id='word_1_636' title='bbox 2238 4006 2394 4060; x_wconf 90' lang='lat' dir='ltr'>Tunc</span> <span class='ocrx_word' id='word_1_637' title='bbox 2426 4004 2709 4061; x_wconf 89' lang='lat' dir='ltr'>Sisinnius</span> <span class='ocrx_word' id='word_1_638' title='bbox 2739 4004 2920 4059; x_wconf 87' lang='lat' dir='ltr'>comis</span> <span class='ocrx_word' id='word_1_639' title='bbox 2954 4006 3075 4059; x_wconf 68' lang='lat' dir='ltr'>haec</span> <span class='ocrx_word' id='word_1_640' title='bbox 3112 4004 3376 4074; x_wconf 88' lang='lat' dir='ltr'>audiens,</span> <span class='ocrx_word' id='word_1_641' title='bbox 3400 4006 3575 4077; x_wconf 86' lang='lat' dir='ltr'>jussit</span> <span class='ocrx_word' id='word_1_642' title='bbox 3608 4006 3813 4063; x_wconf 91' lang='lat' dir='ltr'>beatos</span> 
     </span>
    </p>
   </div>
   <div class='ocr_carea' id='block_1_83' title="bbox 2169 4098 3819 4171">
    <p class='ocr_par' dir='ltr' id='par_1_83' title="bbox 2169 4098 3819 4171">
     <span class='ocr_line' id='line_1_84' title="bbox 2169 4098 3819 4171; baseline 0.001 -16"><span class='ocrx_word' id='word_1_643' title='bbox 2169 4102 2453 4171; x_wconf 89' lang='lat' dir='ltr'>martyres</span> <span class='ocrx_word' id='word_1_644' title='bbox 2483 4098 2929 4171; x_wconf 90' lang='lat' dir='ltr'>comprehendi;</span> <span class='ocrx_word' id='word_1_645' title='bbox 2960 4098 3058 4170; x_wconf 89' lang='lat' dir='ltr'>qui</span> <span class='ocrx_word' id='word_1_646' title='bbox 3090 4098 3271 4170; x_wconf 88' lang='lat' dir='ltr'>judex</span> <span class='ocrx_word' id='word_1_647' title='bbox 3304 4099 3572 4155; x_wconf 77' lang='lat' dir='ltr'>hortatur</span> <span class='ocrx_word' id='word_1_648' title='bbox 3600 4118 3720 4169; x_wconf 90' lang='lat' dir='ltr'>eos,</span> <span class='ocrx_word' id='word_1_649' title='bbox 3751 4104 3819 4157; x_wconf 89' lang='lat' dir='ltr'>ut</span> 
     </span>
    </p>
   </div>
   <div class='ocr_carea' id='block_1_84' title="bbox 2167 4191 3821 4250">
    <p class='ocr_par' dir='ltr' id='par_1_84' title="bbox 2167 4191 3821 4250">
     <span class='ocr_line' id='line_1_85' title="bbox 2167 4191 3821 4250; baseline 0 -1"><span class='ocrx_word' id='word_1_650' title='bbox 2167 4193 2290 4249; x_wconf 76' lang='lat' dir='ltr'>Iovi</span> <span class='ocrx_word' id='word_1_651' title='bbox 2318 4194 2488 4249; x_wconf 90' lang='lat' dir='ltr'>thura</span> <span class='ocrx_word' id='word_1_652' title='bbox 2512 4192 2809 4249; x_wconf 73' lang='lat' dir='ltr'>offerrent.</span> <span class='ocrx_word' id='word_1_653' title='bbox 2841 4191 3165 4248; x_wconf 90' lang='lat' dir='ltr'>Beatissimi</span> <span class='ocrx_word' id='word_1_654' title='bbox 3193 4210 3327 4249; x_wconf 91' lang='lat' dir='ltr'>vero</span> <span class='ocrx_word' id='word_1_655' title='bbox 3353 4194 3561 4250; x_wconf 82' lang='lat' dir='ltr'>famuli</span> <span class='ocrx_word' id='word_1_656' title='bbox 3588 4194 3691 4249; x_wconf 91' lang='lat' dir='ltr'>Dei</span> <span class='ocrx_word' id='word_1_657' title='bbox 3717 4212 3821 4249; x_wconf 84' lang='lat' dir='ltr'>ex-</span> 
     </span>
    </p>
   </div>
   <div class='ocr_carea' id='block_1_85' title="bbox 2170 4286 3822 4358">
    <p class='ocr_par' dir='ltr' id='par_1_85' title="bbox 2170 4286 3822 4358">
     <span class='ocr_line' id='line_1_86' title="bbox 2170 4286 3822 4358; baseline 0 -15"><span class='ocrx_word' id='word_1_658' title='bbox 2170 4290 2461 4343; x_wconf 89' lang='lat' dir='ltr'>secrantes</span> <span class='ocrx_word' id='word_1_659' title='bbox 2489 4286 2758 4343; x_wconf 90' lang='lat' dir='ltr'>dixerunt</span> <span class='ocrx_word' id='word_1_660' title='bbox 2782 4304 2842 4342; x_wconf 90' lang='lat' dir='ltr'>se</span> <span class='ocrx_word' id='word_1_661' title='bbox 2869 4303 3193 4358; x_wconf 88' lang='lat' dir='ltr'>numquam</span> <span class='ocrx_word' id='word_1_662' title='bbox 3222 4286 3527 4343; x_wconf 65' lang='lat' dir='ltr'>daemoniis</span> <span class='ocrx_word' id='word_1_663' title='bbox 3552 4288 3822 4343; x_wconf 86' lang='lat' dir='ltr'>immola-</span> 
     </span>
    </p>
   </div>
   <div class='ocr_carea' id='block_1_86' title="bbox 2168 4380 3822 4453">
    <p class='ocr_par' dir='ltr' id='par_1_86' title="bbox 2168 4380 3822 4453">
     <span class='ocr_line' id='line_1_87' title="bbox 2168 4380 3822 4453; baseline 0.001 -18"><span class='ocrx_word' id='word_1_664' title='bbox 2168 4383 2348 4449; x_wconf 89' lang='lat' dir='ltr'>turos,</span> <span class='ocrx_word' id='word_1_665' title='bbox 2373 4380 2475 4435; x_wconf 92' lang='lat' dir='ltr'>sed</span> <span class='ocrx_word' id='word_1_666' title='bbox 2498 4380 2888 4453; x_wconf 91' lang='lat' dir='ltr'>omnipotenti</span> <span class='ocrx_word' id='word_1_667' title='bbox 2906 4380 3150 4435; x_wconf 91' lang='lat' dir='ltr'>Domino</span> <span class='ocrx_word' id='word_1_668' title='bbox 3177 4380 3275 4453; x_wconf 90' lang='lat' dir='ltr'>qui</span> <span class='ocrx_word' id='word_1_669' title='bbox 3295 4381 3435 4437; x_wconf 89' lang='lat' dir='ltr'>fecit</span> <span class='ocrx_word' id='word_1_670' title='bbox 3458 4383 3686 4450; x_wconf 67' lang='lat' dir='ltr'>caelum,</span> <span class='ocrx_word' id='word_1_671' title='bbox 3706 4386 3822 4438; x_wconf 88' lang='lat' dir='ltr'>ter-</span> 
     </span>
    </p>
   </div>
   <div class='ocr_carea' id='block_1_87' title="bbox 2169 4473 3821 4545">
    <p class='ocr_par' dir='ltr' id='par_1_87' title="bbox 2169 4473 3821 4545">
     <span class='ocr_line' id='line_1_88' title="bbox 2169 4473 3821 4545; baseline 0.001 -16"><span class='ocrx_word' id='word_1_672' title='bbox 2169 4490 2315 4544; x_wconf 90' lang='lat' dir='ltr'>ram,</span> <span class='ocrx_word' id='word_1_673' title='bbox 2354 4491 2517 4530; x_wconf 93' lang='lat' dir='ltr'>mare</span> <span class='ocrx_word' id='word_1_674' title='bbox 2553 4477 2612 4529; x_wconf 93' lang='lat' dir='ltr'>et</span> <span class='ocrx_word' id='word_1_675' title='bbox 2640 4473 2840 4530; x_wconf 88' lang='lat' dir='ltr'>omnia</span> <span class='ocrx_word' id='word_1_676' title='bbox 2871 4490 2997 4545; x_wconf 69' lang='lat' dir='ltr'>qua:</span> <span class='ocrx_word' id='word_1_677' title='bbox 3037 4474 3096 4529; x_wconf 91' lang='lat' dir='ltr'>in</span> <span class='ocrx_word' id='word_1_678' title='bbox 3134 4474 3214 4529; x_wconf 91' lang='lat' dir='ltr'>eis</span> <span class='ocrx_word' id='word_1_679' title='bbox 3250 4478 3401 4530; x_wconf 90' lang='lat' dir='ltr'>sunt.</span> <span class='ocrx_word' id='word_1_680' title='bbox 3435 4476 3583 4530; x_wconf 86' lang='lat' dir='ltr'>Nam</span> <span class='ocrx_word' id='word_1_681' title='bbox 3619 4475 3821 4530; x_wconf 88' lang='lat' dir='ltr'>omnia</span> 
     </span>
    </p>
   </div>
   <div class='ocr_carea' id='block_1_88' title="bbox 426 4566 3820 4653">
    <p class='ocr_par' dir='ltr' id='par_1_88' title="bbox 426 4566 3820 4653">
     <span class='ocr_line' id='line_1_89' title="bbox 426 4566 3820 4653; baseline -0.001 -27"><span class='ocrx_word' id='word_1_682' title='bbox 426 4570 590 4626; x_wconf 90' lang='lat' dir='ltr'>Unde</span> <span class='ocrx_word' id='word_1_683' title='bbox 630 4569 769 4641; x_wconf 87' lang='lat' dir='ltr'>quid</span> <span class='ocrx_word' id='word_1_684' title='bbox 799 4569 1059 4641; x_wconf 90' lang='lat' dir='ltr'>jussione</span> <span class='ocrx_word' id='word_1_685' title='bbox 1094 4569 1283 4622; x_wconf 90' lang='lat' dir='ltr'>vestra</span> <span class='ocrx_word' id='word_1_686' title='bbox 1323 4566 1708 4636; x_wconf 90' lang='lat' dir='ltr'>decreveritis,</span> <span class='ocrx_word' id='word_1_687' title='bbox 1751 4567 2067 4622; x_wconf 87' lang='lat' dir='ltr'>decernite.</span> <span class='ocrx_word' id='word_1_688' title='bbox 2090 4580 2150 4653; x_wconf 84' lang='lat' dir='ltr'><strong>D</strong></span> <span class='ocrx_word' id='word_1_689' title='bbox 2174 4568 2348 4637; x_wconf 90' lang='lat' dir='ltr'>idola,</span> <span class='ocrx_word' id='word_1_690' title='bbox 2372 4567 2487 4623; x_wconf 91' lang='lat' dir='ltr'>sive</span> <span class='ocrx_word' id='word_1_691' title='bbox 2508 4568 2607 4640; x_wconf 90' lang='lat' dir='ltr'>qui</span> <span class='ocrx_word' id='word_1_692' title='bbox 2626 4584 2694 4623; x_wconf 90' lang='lat' dir='ltr'>ea</span> <span class='ocrx_word' id='word_1_693' title='bbox 2714 4568 2929 4636; x_wconf 90' lang='lat' dir='ltr'>colunt,</span> <span class='ocrx_word' id='word_1_694' title='bbox 2953 4585 3085 4623; x_wconf 89' lang='lat' dir='ltr'>cum</span> <span class='ocrx_word' id='word_1_695' title='bbox 3108 4567 3326 4623; x_wconf 90' lang='lat' dir='ltr'>eisdem</span> <span class='ocrx_word' id='word_1_696' title='bbox 3346 4568 3515 4624; x_wconf 90' lang='lat' dir='ltr'>ibunt</span> <span class='ocrx_word' id='word_1_697' title='bbox 3535 4569 3593 4623; x_wconf 90' lang='lat' dir='ltr'>in</span> <span class='ocrx_word' id='word_1_698' title='bbox 3616 4569 3820 4641; x_wconf 87' lang='lat' dir='ltr'>ignem</span> 
     </span>
    </p>
   </div>
   <div class='ocr_carea' id='block_1_89' title="bbox 428 4659 2072 4719">
    <p class='ocr_par' dir='ltr' id='par_1_89' title="bbox 428 4659 2072 4719">
     <span class='ocr_line' id='line_1_90' title="bbox 428 4659 2072 4719; baseline -0.002 -1"><span class='ocrx_word' id='word_1_699' title='bbox 428 4663 523 4719; x_wconf 85' lang='lat' dir='ltr'>His</span> <span class='ocrx_word' id='word_1_700' title='bbox 549 4662 759 4719; x_wconf 89' lang='lat' dir='ltr'>auditis</span> <span class='ocrx_word' id='word_1_701' title='bbox 780 4659 1251 4717; x_wconf 89' lang='lat' dir='ltr'>sceleratissimus</span> <span class='ocrx_word' id='word_1_702' title='bbox 1279 4659 1649 4717; x_wconf 90' lang='lat' dir='ltr'>Dioclitianus</span> <span class='ocrx_word' id='word_1_703' title='bbox 1667 4661 2072 4717; x_wconf 90' lang='lat' dir='ltr'>vehementius</span> 
     </span>
    </p>
   </div>
   <div class='ocr_carea' id='block_1_90' title="bbox 428 4754 2070 4823">
    <p class='ocr_par' dir='ltr' id='par_1_90' title="bbox 428 4754 2070 4823">
     <span class='ocr_line' id='line_1_91' title="bbox 428 4754 2070 4823; baseline -0.002 -12"><span class='ocrx_word' id='word_1_704' title='bbox 428 4760 514 4811; x_wconf 89' lang='lat' dir='ltr'>est</span> <span class='ocrx_word' id='word_1_705' title='bbox 539 4758 890 4822; x_wconf 92' lang='lat' dir='ltr'>commotus,</span> <span class='ocrx_word' id='word_1_706' title='bbox 915 4757 974 4809; x_wconf 88' lang='lat' dir='ltr'>et</span> <span class='ocrx_word' id='word_1_707' title='bbox 997 4754 1151 4809; x_wconf 89' lang='lat' dir='ltr'>hanc</span> <span class='ocrx_word' id='word_1_708' title='bbox 1171 4754 1333 4809; x_wconf 91' lang='lat' dir='ltr'>dedit</span> <span class='ocrx_word' id='word_1_709' title='bbox 1356 4754 1786 4823; x_wconf 90' lang='lat' dir='ltr'>auctoritatem,</span> <span class='ocrx_word' id='word_1_710' title='bbox 1813 4757 1878 4809; x_wconf 91' lang='lat' dir='ltr'>ut</span> <span class='ocrx_word' id='word_1_711' title='bbox 1906 4754 1955 4809; x_wconf 91' lang='lat' dir='ltr'>si</span> <span class='ocrx_word' id='word_1_712' title='bbox 1979 4771 2070 4809; x_wconf 89' lang='lat' dir='ltr'>sa-</span> 
     </span>
    </p>
   </div>
   <div class='ocr_carea' id='block_1_91' title="bbox 427 4846 2068 4920">
    <p class='ocr_par' dir='ltr' id='par_1_91' title="bbox 427 4846 2068 4920">
     <span class='ocr_line' id='line_1_92' title="bbox 427 4846 2068 4920; baseline -0.002 -14"><span class='ocrx_word' id='word_1_713' title='bbox 427 4849 683 4906; x_wconf 86' lang='lat' dir='ltr'>criﬁcare</span> <span class='ocrx_word' id='word_1_714' title='bbox 712 4846 1052 4915; x_wconf 90' lang='lat' dir='ltr'>noluissent,</span> <span class='ocrx_word' id='word_1_715' title='bbox 1078 4847 1308 4919; x_wconf 90' lang='lat' dir='ltr'>capitali</span> <span class='ocrx_word' id='word_1_716' title='bbox 1335 4848 1626 4903; x_wconf 89' lang='lat' dir='ltr'>sententia</span> <span class='ocrx_word' id='word_1_717' title='bbox 1651 4849 2068 4920; x_wconf 88' lang='lat' dir='ltr'>plecterentur.</span> 
     </span>
    </p>
   </div>
   <div class='ocr_carea' id='block_1_92' title="bbox 425 4939 2071 5015">
    <p class='ocr_par' dir='ltr' id='par_1_92' title="bbox 425 4939 2071 5015">
     <span class='ocr_line' id='line_1_93' title="bbox 425 4939 2071 5015; baseline -0.002 -16"><span class='ocrx_word' id='word_1_718' title='bbox 425 4945 686 5015; x_wconf 89' lang='lat' dir='ltr'>Cumque</span> <span class='ocrx_word' id='word_1_719' title='bbox 708 4940 910 5013; x_wconf 87' lang='lat' dir='ltr'>iniqua</span> <span class='ocrx_word' id='word_1_720' title='bbox 932 4939 1217 4997; x_wconf 90' lang='lat' dir='ltr'>sententia</span> <span class='ocrx_word' id='word_1_721' title='bbox 1235 4941 1591 5014; x_wconf 88' lang='lat' dir='ltr'>pervenisset</span> <span class='ocrx_word' id='word_1_722' title='bbox 1612 4941 1686 4995; x_wconf 91' lang='lat' dir='ltr'>ad</span> <span class='ocrx_word' id='word_1_723' title='bbox 1704 4940 2071 4996; x_wconf 88' lang='lat' dir='ltr'>beatissimos</span> 
     </span>
    </p>
   </div>
   <div class='ocr_carea' id='block_1_93' title="bbox 427 5033 2070 5107">
    <p class='ocr_par' dir='ltr' id='par_1_93' title="bbox 427 5033 2070 5107">
     <span class='ocr_line' id='line_1_94' title="bbox 427 5033 2070 5107; baseline -0.001 -16"><span class='ocrx_word' id='word_1_724' title='bbox 427 5039 733 5107; x_wconf 89' lang='lat' dir='ltr'>martyres,</span> <span class='ocrx_word' id='word_1_725' title='bbox 764 5051 1001 5091; x_wconf 89' lang='lat' dir='ltr'>ascenso</span> <span class='ocrx_word' id='word_1_726' title='bbox 1033 5034 1293 5091; x_wconf 92' lang='lat' dir='ltr'>vehiculo</span> <span class='ocrx_word' id='word_1_727' title='bbox 1323 5052 1439 5090; x_wconf 88' lang='lat' dir='ltr'>una</span> <span class='ocrx_word' id='word_1_728' title='bbox 1465 5051 1595 5089; x_wconf 91' lang='lat' dir='ltr'>cum</span> <span class='ocrx_word' id='word_1_729' title='bbox 1623 5033 1946 5106; x_wconf 63' lang='lat' dir='ltr'>paedagogo</span> <span class='ocrx_word' id='word_1_730' title='bbox 1968 5051 2070 5089; x_wconf 91' lang='lat' dir='ltr'>suo</span> 
     </span>
    </p>
   </div>
   <div class='ocr_carea' id='block_1_94' title="bbox 426 5127 2071 5202">
    <p class='ocr_par' dir='ltr' id='par_1_94' title="bbox 426 5127 2071 5202">
     <span class='ocr_line' id='line_1_95' title="bbox 426 5127 2071 5202; baseline -0.001 -17"><span class='ocrx_word' id='word_1_731' title='bbox 426 5132 599 5185; x_wconf 91' lang='lat' dir='ltr'>Proto</span> <span class='ocrx_word' id='word_1_732' title='bbox 641 5146 709 5184; x_wconf 88' lang='lat' dir='ltr'>ex</span> <span class='ocrx_word' id='word_1_733' title='bbox 749 5129 889 5184; x_wconf 90' lang='lat' dir='ltr'>urbe</span> <span class='ocrx_word' id='word_1_734' title='bbox 932 5129 1318 5202; x_wconf 82' lang='lat' dir='ltr'>Aquilegense</span> <span class='ocrx_word' id='word_1_735' title='bbox 1361 5127 1575 5200; x_wconf 89' lang='lat' dir='ltr'>egressi</span> <span class='ocrx_word' id='word_1_736' title='bbox 1614 5130 1767 5196; x_wconf 91' lang='lat' dir='ltr'>sunt,</span> <span class='ocrx_word' id='word_1_737' title='bbox 1814 5127 2071 5184; x_wconf 87' lang='lat' dir='ltr'>divinam</span> 
     </span>
    </p>
   </div>
   <div class='ocr_carea' id='block_1_95' title="bbox 428 5221 2071 5296">
    <p class='ocr_par' dir='ltr' id='par_1_95' title="bbox 428 5221 2071 5296">
     <span class='ocr_line' id='line_1_96' title="bbox 428 5221 2071 5296; baseline -0.002 -15"><span class='ocrx_word' id='word_1_738' title='bbox 428 5223 785 5296; x_wconf 91' lang='lat' dir='ltr'>Scripturam</span> <span class='ocrx_word' id='word_1_739' title='bbox 826 5224 1109 5279; x_wconf 88' lang='lat' dir='ltr'>habentes</span> <span class='ocrx_word' id='word_1_740' title='bbox 1148 5240 1268 5295; x_wconf 69' lang='lat' dir='ltr'>prae</span> <span class='ocrx_word' id='word_1_741' title='bbox 1303 5221 1501 5290; x_wconf 92' lang='lat' dir='ltr'>oculis,</span> <span class='ocrx_word' id='word_1_742' title='bbox 1545 5237 1675 5293; x_wconf 59' lang='lat' dir='ltr'>quas</span> <span class='ocrx_word' id='word_1_743' title='bbox 1711 5221 1851 5277; x_wconf 89' lang='lat' dir='ltr'>dicit</span> <span class='ocrx_word' id='word_1_744' title='bbox 1889 5238 1903 5278; x_wconf 88' lang='lat'><strong>:</strong></span> <span class='ocrx_word' id='word_1_745' title='bbox 1938 5221 2071 5278; x_wconf 87' lang='lat' dir='ltr'>Cum</span> 
     </span>
    </p>
   </div>
   <div class='ocr_carea' id='block_1_96' title="bbox 416 5317 2072 5390">
    <p class='ocr_par' dir='ltr' id='par_1_96' title="bbox 416 5317 2072 5390">
     <span class='ocr_line' id='line_1_97' title="bbox 416 5317 2072 5390; baseline -0.002 -15"><span class='ocrx_word' id='word_1_746' title='bbox 416 5323 816 5390; x_wconf 84' lang='lat' dir='ltr'>persequentur</span> <span class='ocrx_word' id='word_1_747' title='bbox 833 5334 925 5374; x_wconf 81' lang='lat' dir='ltr'>vos</span> <span class='ocrx_word' id='word_1_748' title='bbox 947 5321 1007 5374; x_wconf 85' lang='lat' dir='ltr'>in</span> <span class='ocrx_word' id='word_1_749' title='bbox 1033 5319 1254 5373; x_wconf 82' lang='lat' dir='ltr'>civitate</span> <span class='ocrx_word' id='word_1_750' title='bbox 1280 5318 1407 5380; x_wconf 83' lang='lat' dir='ltr'>ista,</span> <span class='ocrx_word' id='word_1_751' title='bbox 1428 5317 1607 5385; x_wconf 79' lang='lat' dir='ltr'>fugite</span> <span class='ocrx_word' id='word_1_752' title='bbox 1626 5318 1685 5372; x_wconf 87' lang='lat' dir='ltr'>in</span> <span class='ocrx_word' id='word_1_753' title='bbox 1707 5317 1895 5372; x_wconf 84' lang='lat' dir='ltr'>aliam.</span> <span class='ocrx_word' id='word_1_754' title='bbox 1919 5317 2072 5371; x_wconf 88' lang='lat' dir='ltr'>Nun-</span> 
     </span>
    </p>
   </div>
   <div class='ocr_carea' id='block_1_97' title="bbox 426 5409 2069 5484">
    <p class='ocr_par' dir='ltr' id='par_1_97' title="bbox 426 5409 2069 5484">
     <span class='ocr_line' id='line_1_98' title="bbox 426 5409 2069 5484; baseline 0 -18"><span class='ocrx_word' id='word_1_755' title='bbox 426 5412 603 5468; x_wconf 91' lang='lat' dir='ltr'>tiatur</span> <span class='ocrx_word' id='word_1_756' title='bbox 630 5429 769 5483; x_wconf 90' lang='lat' dir='ltr'>ergo</span> <span class='ocrx_word' id='word_1_757' title='bbox 802 5409 1179 5484; x_wconf 90' lang='lat' dir='ltr'>iniquissimis</span> <span class='ocrx_word' id='word_1_758' title='bbox 1210 5409 1504 5482; x_wconf 90' lang='lat' dir='ltr'>judicibus</span> <span class='ocrx_word' id='word_1_759' title='bbox 1534 5413 1763 5466; x_wconf 89' lang='lat' dir='ltr'>sanctos</span> <span class='ocrx_word' id='word_1_760' title='bbox 1798 5410 1902 5466; x_wconf 93' lang='lat' dir='ltr'>Dei</span> <span class='ocrx_word' id='word_1_761' title='bbox 1934 5426 2069 5481; x_wconf 92' lang='lat' dir='ltr'>pro-</span> 
     </span>
    </p>
   </div>
   <div class='ocr_carea' id='block_1_98' title="bbox 425 5503 2067 5577">
    <p class='ocr_par' dir='ltr' id='par_1_98' title="bbox 425 5503 2067 5577">
     <span class='ocr_line' id='line_1_99' title="bbox 425 5503 2067 5577; baseline 0 -18"><span class='ocrx_word' id='word_1_762' title='bbox 425 5522 678 5577; x_wconf 90' lang='lat' dir='ltr'>perasse.</span> <span class='ocrx_word' id='word_1_763' title='bbox 702 5507 855 5562; x_wconf 90' lang='lat' dir='ltr'>Tunc</span> <span class='ocrx_word' id='word_1_764' title='bbox 884 5504 1171 5563; x_wconf 89' lang='lat' dir='ltr'>Sisinnius</span> <span class='ocrx_word' id='word_1_765' title='bbox 1196 5504 1377 5560; x_wconf 88' lang='lat' dir='ltr'>comis</span> <span class='ocrx_word' id='word_1_766' title='bbox 1402 5521 1518 5560; x_wconf 91' lang='lat' dir='ltr'>una</span> <span class='ocrx_word' id='word_1_767' title='bbox 1545 5503 2067 5577; x_wconf 14' lang='lat' dir='ltr'>cum‘spiculatori-</span> 
     </span>
    </p>
   </div>
   <div class='ocr_carea' id='block_1_99' title="bbox 423 5597 2069 5677">
    <p class='ocr_par' dir='ltr' id='par_1_99' title="bbox 423 5597 2069 5677">
     <span class='ocr_line' id='line_1_100' title="bbox 423 5597 2069 5677; baseline 0.001 -25"><span class='ocrx_word' id='word_1_768' title='bbox 423 5598 530 5653; x_wconf 91' lang='lat' dir='ltr'>bus</span> <span class='ocrx_word' id='word_1_769' title='bbox 562 5615 629 5654; x_wconf 87' lang='lat' dir='ltr'>ex</span> <span class='ocrx_word' id='word_1_770' title='bbox 654 5603 945 5674; x_wconf 71' lang='lat' dir='ltr'>praecepto</span> <span class='ocrx_word' id='word_1_771' title='bbox 976 5598 1309 5673; x_wconf 88' lang='lat' dir='ltr'>impiissimi</span> <span class='ocrx_word' id='word_1_772' title='bbox 1341 5597 1665 5656; x_wconf 89' lang='lat' dir='ltr'>Dioclitiani</span> <span class='ocrx_word' id='word_1_773' title='bbox 1701 5598 2069 5677; x_wconf 71' lang='lat' dir='ltr'>imperatoris</span> 
     </span>
    </p>
   </div>
   <div class='ocr_carea' id='block_1_100' title="bbox 424 5692 810 5767">
    <p class='ocr_par' dir='ltr' id='par_1_100' title="bbox 424 5692 810 5767">
     <span class='ocr_line' id='line_1_101' title="bbox 424 5692 810 5767; baseline 0.01 -21"><span class='ocrx_word' id='word_1_774' title='bbox 424 5692 810 5767; x_wconf 90' lang='lat' dir='ltr'>subsequitur.</span> 
     </span>
    </p>
   </div>
   <div class='ocr_carea' id='block_1_101' title="bbox 497 5835 989 5904">
    <p class='ocr_par' dir='ltr' id='par_1_101' title="bbox 497 5835 989 5904">
     <span class='ocr_line' id='line_1_102' title="bbox 497 5835 989 5904; baseline 0.008 -16"><span class='ocrx_word' id='word_1_775' title='bbox 497 5835 569 5904; x_wconf 80' lang='grc' dir='ltr'>(α)</span> <span class='ocrx_word' id='word_1_776' title='bbox 600 5836 729 5889; x_wconf 65' lang='lat' dir='ltr'>Hec</span> <span class='ocrx_word' id='word_1_777' title='bbox 754 5836 923 5892; x_wconf 88' lang='lat' dir='ltr'>verba</span> <span class='ocrx_word' id='word_1_778' title='bbox 949 5853 989 5892; x_wconf 82' lang='grc' dir='ltr'>ιι</span> 
     </span>
    </p>
   </div>
   <div class='ocr_carea' id='block_1_102' title="bbox 354 5853 1469 5980">
    <p class='ocr_par' dir='ltr' id='par_1_102' title="bbox 354 5853 1469 5980">
     <span class='ocr_line' id='line_1_103' title="bbox 354 5853 1469 5980; baseline 0.015 -32"><span class='ocrx_word' id='word_1_779' title='bbox 354 5934 367 5947; x_wconf 50' lang='grc' dir='ltr'><strong>η</strong></span> <span class='ocrx_word' id='word_1_780' title='bbox 428 5853 1469 5980; x_wconf 55' lang='grc' dir='ltr'>Αὲέᾞτῗὲῗθαηζθέῗέὣᾝῗιέἐεῗίίἳιξῗ</span> 
     </span>
    </p>
   </div>
   <div class='ocr_carea' id='block_1_103' title="bbox 2171 4661 3818 4735">
    <p class='ocr_par' dir='ltr' id='par_1_103' title="bbox 2171 4661 3818 4735">
     <span class='ocr_line' id='line_1_104' title="bbox 2171 4661 3818 4735; baseline 0 -17"><span class='ocrx_word' id='word_1_781' title='bbox 2171 4664 2537 4735; x_wconf 89' lang='lat' dir='ltr'>perpetuum.</span> <span class='ocrx_word' id='word_1_782' title='bbox 2550 4662 2706 4717; x_wconf 89' lang='lat' dir='ltr'>Tunc</span> <span class='ocrx_word' id='word_1_783' title='bbox 2720 4661 2935 4734; x_wconf 90' lang='lat' dir='ltr'>impius</span> <span class='ocrx_word' id='word_1_784' title='bbox 2953 4661 3236 4717; x_wconf 91' lang='lat' dir='ltr'>Sisinnius</span> <span class='ocrx_word' id='word_1_785' title='bbox 3253 4662 3452 4731; x_wconf 91' lang='lat' dir='ltr'>comis,</span> <span class='ocrx_word' id='word_1_786' title='bbox 3468 4663 3576 4718; x_wconf 90' lang='lat' dir='ltr'>hoc</span> <span class='ocrx_word' id='word_1_787' title='bbox 3595 4663 3818 4732; x_wconf 90' lang='lat' dir='ltr'>audito,</span> 
     </span>
    </p>
   </div>
   <div class='ocr_carea' id='block_1_104' title="bbox 2170 4754 3817 4827">
    <p class='ocr_par' dir='ltr' id='par_1_104' title="bbox 2170 4754 3817 4827">
     <span class='ocr_line' id='line_1_105' title="bbox 2170 4754 3817 4827; baseline 0.001 -17"><span class='ocrx_word' id='word_1_788' title='bbox 2170 4755 2336 4811; x_wconf 90' lang='lat' dir='ltr'>valde</span> <span class='ocrx_word' id='word_1_789' title='bbox 2376 4754 2555 4812; x_wconf 87' lang='lat' dir='ltr'>iratus</span> <span class='ocrx_word' id='word_1_790' title='bbox 2599 4757 2705 4825; x_wconf 89' lang='lat' dir='ltr'>est,</span> <span class='ocrx_word' id='word_1_791' title='bbox 2748 4758 2806 4810; x_wconf 91' lang='lat' dir='ltr'>et</span> <span class='ocrx_word' id='word_1_792' title='bbox 2850 4755 3125 4827; x_wconf 62' lang='lat' dir='ltr'>praecepit</span> <span class='ocrx_word' id='word_1_793' title='bbox 3169 4755 3627 4827; x_wconf 89' lang='lat' dir='ltr'>spiculatoribus,</span> <span class='ocrx_word' id='word_1_794' title='bbox 3670 4761 3733 4812; x_wconf 90' lang='lat' dir='ltr'>ut</span> <span class='ocrx_word' id='word_1_795' title='bbox 3771 4756 3817 4811; x_wconf 91' lang='lat' dir='ltr'>si</span> 
     </span>
    </p>
   </div>
   <div class='ocr_carea' id='block_1_105' title="bbox 2168 4848 3826 4921">
    <p class='ocr_par' dir='ltr' id='par_1_105' title="bbox 2168 4848 3826 4921">
     <span class='ocr_line' id='line_1_106' title="bbox 2168 4848 3826 4921; baseline -0.001 -15"><span class='ocrx_word' id='word_1_796' title='bbox 2168 4852 2195 4906; x_wconf 81' lang='lat' dir='ltr'><strong>J</strong></span> <span class='ocrx_word' id='word_1_797' title='bbox 2202 4850 2292 4905; x_wconf 91' lang='lat' dir='ltr'>ovi</span> <span class='ocrx_word' id='word_1_798' title='bbox 2312 4850 2484 4905; x_wconf 90' lang='lat' dir='ltr'>thura</span> <span class='ocrx_word' id='word_1_799' title='bbox 2504 4866 2623 4904; x_wconf 91' lang='lat' dir='ltr'>non</span> <span class='ocrx_word' id='word_1_800' title='bbox 2647 4848 2944 4917; x_wconf 78' lang='lat' dir='ltr'>offerrent,</span> <span class='ocrx_word' id='word_1_801' title='bbox 2970 4849 3161 4921; x_wconf 91' lang='lat' dir='ltr'>capita</span> <span class='ocrx_word' id='word_1_802' title='bbox 3180 4851 3588 4921; x_wconf 89' lang='lat' dir='ltr'>plecterentur.</span> <span class='ocrx_word' id='word_1_803' title='bbox 3606 4850 3826 4906; x_wconf 88' lang='lat' dir='ltr'>Beatis-</span> 
     </span>
    </p>
   </div>
   <div class='ocr_carea' id='block_1_106' title="bbox 2170 4936 3816 5011">
    <p class='ocr_par' dir='ltr' id='par_1_106' title="bbox 2170 4936 3816 5011">
     <span class='ocr_line' id='line_1_107' title="bbox 2170 4936 3816 5011; baseline 0 -17"><span class='ocrx_word' id='word_1_804' title='bbox 2170 4938 2301 4994; x_wconf 90' lang='lat' dir='ltr'>simi</span> <span class='ocrx_word' id='word_1_805' title='bbox 2331 4955 2467 4994; x_wconf 91' lang='lat' dir='ltr'>vero</span> <span class='ocrx_word' id='word_1_806' title='bbox 2502 4940 2785 5010; x_wconf 89' lang='lat' dir='ltr'>martyres</span> <span class='ocrx_word' id='word_1_807' title='bbox 2816 4936 3083 4993; x_wconf 90' lang='lat' dir='ltr'>Cantiani</span> <span class='ocrx_word' id='word_1_808' title='bbox 3113 4956 3228 4993; x_wconf 90' lang='lat' dir='ltr'>una</span> <span class='ocrx_word' id='word_1_809' title='bbox 3255 4955 3387 4993; x_wconf 92' lang='lat' dir='ltr'>cum</span> <span class='ocrx_word' id='word_1_810' title='bbox 3416 4941 3588 4994; x_wconf 93' lang='lat' dir='ltr'>Proto</span> <span class='ocrx_word' id='word_1_811' title='bbox 3618 4939 3816 5011; x_wconf 76' lang='lat' dir='ltr'>paeda-</span> 
     </span>
    </p>
   </div>
   <div class='ocr_carea' id='block_1_107' title="bbox 2169 5032 3816 5105">
    <p class='ocr_par' dir='ltr' id='par_1_107' title="bbox 2169 5032 3816 5105">
     <span class='ocr_line' id='line_1_108' title="bbox 2169 5032 3816 5105; baseline -0.001 -16"><span class='ocrx_word' id='word_1_812' title='bbox 2169 5050 2323 5105; x_wconf 88' lang='lat' dir='ltr'>gogo</span> <span class='ocrx_word' id='word_1_813' title='bbox 2356 5049 2457 5088; x_wconf 90' lang='lat' dir='ltr'>suo</span> <span class='ocrx_word' id='word_1_814' title='bbox 2489 5032 2810 5105; x_wconf 90' lang='lat' dir='ltr'>gaudentes</span> <span class='ocrx_word' id='word_1_815' title='bbox 2836 5034 2893 5087; x_wconf 89' lang='lat' dir='ltr'>et</span> <span class='ocrx_word' id='word_1_816' title='bbox 2920 5033 3230 5104; x_wconf 90' lang='lat' dir='ltr'>psallentes</span> <span class='ocrx_word' id='word_1_817' title='bbox 3256 5032 3619 5087; x_wconf 89' lang='lat' dir='ltr'>ducebantur</span> <span class='ocrx_word' id='word_1_818' title='bbox 3646 5050 3679 5088; x_wconf 89' lang='lat' dir='ltr'>a</span> <span class='ocrx_word' id='word_1_819' title='bbox 3706 5033 3816 5105; x_wconf 88' lang='lat' dir='ltr'>spi-</span> 
     </span>
    </p>
   </div>
   <div class='ocr_carea' id='block_1_108' title="bbox 2171 5125 3814 5198">
    <p class='ocr_par' dir='ltr' id='par_1_108' title="bbox 2171 5125 3814 5198">
     <span class='ocr_line' id='line_1_109' title="bbox 2171 5125 3814 5198; baseline -0.002 -14"><span class='ocrx_word' id='word_1_820' title='bbox 2171 5126 2539 5184; x_wconf 90' lang='lat' dir='ltr'>culatoribus.</span> <span class='ocrx_word' id='word_1_821' title='bbox 2562 5127 2718 5181; x_wconf 91' lang='lat' dir='ltr'>Tunc</span> <span class='ocrx_word' id='word_1_822' title='bbox 2738 5125 2896 5181; x_wconf 91' lang='lat' dir='ltr'>beati</span> <span class='ocrx_word' id='word_1_823' title='bbox 2918 5126 3122 5181; x_wconf 91' lang='lat' dir='ltr'>famuli</span> <span class='ocrx_word' id='word_1_824' title='bbox 3143 5125 3241 5181; x_wconf 89' lang='lat' dir='ltr'>Dei</span> <span class='ocrx_word' id='word_1_825' title='bbox 3264 5125 3527 5198; x_wconf 84' lang='lat' dir='ltr'>expansis</span> <span class='ocrx_word' id='word_1_826' title='bbox 3542 5127 3814 5182; x_wconf 86' lang='lat' dir='ltr'>manibus</span> 
     </span>
    </p>
   </div>
   <div class='ocr_carea' id='block_1_109' title="bbox 2170 5218 3817 5276">
    <p class='ocr_par' dir='ltr' id='par_1_109' title="bbox 2170 5218 3817 5276">
     <span class='ocr_line' id='line_1_110' title="bbox 2170 5218 3817 5276; baseline 0 0"><span class='ocrx_word' id='word_1_827' title='bbox 2170 5221 2245 5276; x_wconf 90' lang='lat' dir='ltr'>ad</span> <span class='ocrx_word' id='word_1_828' title='bbox 2279 5221 2479 5275; x_wconf 60' lang='lat' dir='ltr'>caelum</span> <span class='ocrx_word' id='word_1_829' title='bbox 2510 5218 2834 5275; x_wconf 91' lang='lat' dir='ltr'>orationem</span> <span class='ocrx_word' id='word_1_830' title='bbox 2863 5219 3141 5275; x_wconf 88' lang='lat' dir='ltr'>fuderunt</span> <span class='ocrx_word' id='word_1_831' title='bbox 3175 5219 3249 5275; x_wconf 91' lang='lat' dir='ltr'>ad</span> <span class='ocrx_word' id='word_1_832' title='bbox 3279 5219 3593 5275; x_wconf 90' lang='lat' dir='ltr'>Dominum</span> <span class='ocrx_word' id='word_1_833' title='bbox 3621 5220 3817 5276; x_wconf 90' lang='lat' dir='ltr'>dicen-</span> 
     </span>
    </p>
   </div>
   <div class='ocr_carea' id='block_1_110' title="bbox 2169 5312 3816 5385">
    <p class='ocr_par' dir='ltr' id='par_1_110' title="bbox 2169 5312 3816 5385">
     <span class='ocr_line' id='line_1_111' title="bbox 2169 5312 3816 5385; baseline 0 -15"><span class='ocrx_word' id='word_1_834' title='bbox 2169 5317 2289 5370; x_wconf 89' lang='lat' dir='ltr'>tes:</span> <span class='ocrx_word' id='word_1_835' title='bbox 2312 5312 2554 5370; x_wconf 92' lang='lat' dir='ltr'>Domine</span> <span class='ocrx_word' id='word_1_836' title='bbox 2574 5315 2601 5369; x_wconf 89' lang='lat' dir='ltr'><strong>J</strong></span> <span class='ocrx_word' id='word_1_837' title='bbox 2606 5330 2707 5369; x_wconf 90' lang='lat' dir='ltr'>esu</span> <span class='ocrx_word' id='word_1_838' title='bbox 2726 5313 2969 5383; x_wconf 87' lang='lat' dir='ltr'>Christe,</span> <span class='ocrx_word' id='word_1_839' title='bbox 2994 5313 3093 5385; x_wconf 91' lang='lat' dir='ltr'>qui</span> <span class='ocrx_word' id='word_1_840' title='bbox 3108 5314 3612 5385; x_wconf 87' lang='lat' dir='ltr'>perseverantibus</span> <span class='ocrx_word' id='word_1_841' title='bbox 3634 5314 3694 5369; x_wconf 90' lang='lat' dir='ltr'>in</span> <span class='ocrx_word' id='word_1_842' title='bbox 3715 5318 3816 5370; x_wconf 90' lang='lat' dir='ltr'>tuo</span> 
     </span>
    </p>
   </div>
   <div class='ocr_carea' id='block_1_111' title="bbox 2171 5406 3816 5480">
    <p class='ocr_par' dir='ltr' id='par_1_111' title="bbox 2171 5406 3816 5480">
     <span class='ocr_line' id='line_1_112' title="bbox 2171 5406 3816 5480; baseline -0.001 -16"><span class='ocrx_word' id='word_1_843' title='bbox 2171 5407 2411 5464; x_wconf 91' lang='lat' dir='ltr'>nomine</span> <span class='ocrx_word' id='word_1_844' title='bbox 2445 5412 2504 5463; x_wconf 89' lang='lat' dir='ltr'>te</span> <span class='ocrx_word' id='word_1_845' title='bbox 2546 5410 2772 5480; x_wconf 89' lang='lat' dir='ltr'>patrem</span> <span class='ocrx_word' id='word_1_846' title='bbox 2805 5410 2863 5462; x_wconf 91' lang='lat' dir='ltr'>et</span> <span class='ocrx_word' id='word_1_847' title='bbox 2900 5410 3154 5462; x_wconf 90' lang='lat' dir='ltr'>matrem</span> <span class='ocrx_word' id='word_1_848' title='bbox 3198 5406 3385 5462; x_wconf 85' lang='lat' dir='ltr'>dixisti</span> <span class='ocrx_word' id='word_1_849' title='bbox 3428 5423 3573 5476; x_wconf 90' lang='lat' dir='ltr'>esse,</span> <span class='ocrx_word' id='word_1_850' title='bbox 3612 5411 3671 5462; x_wconf 92' lang='lat' dir='ltr'>et</span> <span class='ocrx_word' id='word_1_851' title='bbox 3710 5424 3816 5479; x_wconf 91' lang='lat' dir='ltr'>pro</span> 
     </span>
    </p>
   </div>
   <div class='ocr_carea' id='block_1_112' title="bbox 2169 5500 3820 5576">
    <p class='ocr_par' dir='ltr' id='par_1_112' title="bbox 2169 5500 3820 5576">
     <span class='ocr_line' id='line_1_113' title="bbox 2169 5500 3820 5576; baseline -0.002 -17"><span class='ocrx_word' id='word_1_852' title='bbox 2169 5502 2584 5576; x_wconf 90' lang='lat' dir='ltr'>temporalibus</span> <span class='ocrx_word' id='word_1_853' title='bbox 2622 5503 2837 5570; x_wconf 88' lang='lat' dir='ltr'>futura,</span> <span class='ocrx_word' id='word_1_854' title='bbox 2875 5504 2935 5557; x_wconf 92' lang='lat' dir='ltr'>et</span> <span class='ocrx_word' id='word_1_855' title='bbox 2972 5518 3076 5573; x_wconf 91' lang='lat' dir='ltr'>pro</span> <span class='ocrx_word' id='word_1_856' title='bbox 3116 5500 3384 5574; x_wconf 88' lang='lat' dir='ltr'>perituris</span> <span class='ocrx_word' id='word_1_857' title='bbox 3421 5504 3725 5573; x_wconf 90' lang='lat' dir='ltr'>perpetua,</span> <span class='ocrx_word' id='word_1_858' title='bbox 3757 5504 3820 5556; x_wconf 89' lang='lat' dir='ltr'>et</span> 
     </span>
    </p>
   </div>
   <div class='ocr_carea' id='block_1_113' title="bbox 2169 5594 3817 5670">
    <p class='ocr_par' dir='ltr' id='par_1_113' title="bbox 2169 5594 3817 5670">
     <span class='ocr_line' id='line_1_114' title="bbox 2169 5594 3817 5670; baseline -0.002 -18"><span class='ocrx_word' id='word_1_859' title='bbox 2169 5614 2274 5670; x_wconf 92' lang='lat' dir='ltr'>pro</span> <span class='ocrx_word' id='word_1_860' title='bbox 2289 5595 2500 5653; x_wconf 91' lang='lat' dir='ltr'>divitiis</span> <span class='ocrx_word' id='word_1_861' title='bbox 2518 5594 2762 5651; x_wconf 91' lang='lat' dir='ltr'>terrenis</span> <span class='ocrx_word' id='word_1_862' title='bbox 2778 5594 3175 5667; x_wconf 89' lang='lat' dir='ltr'>incorruptam</span> <span class='ocrx_word' id='word_1_863' title='bbox 3187 5594 3365 5650; x_wconf 89' lang='lat' dir='ltr'>vitam</span> <span class='ocrx_word' id='word_1_864' title='bbox 3378 5597 3663 5649; x_wconf 67' lang='lat' dir='ltr'>teternam</span> <span class='ocrx_word' id='word_1_865' title='bbox 3682 5610 3817 5650; x_wconf 91' lang='lat' dir='ltr'>cum</span> 
     </span>
    </p>
   </div>
   <div class='ocr_carea' id='block_1_114' title="bbox 2170 5688 3822 5762">
    <p class='ocr_par' dir='ltr' id='par_1_114' title="bbox 2170 5688 3822 5762">
     <span class='ocr_line' id='line_1_115' title="bbox 2170 5688 3822 5762; baseline -0.002 -15"><span class='ocrx_word' id='word_1_866' title='bbox 2170 5691 2444 5747; x_wconf 88' lang='lat' dir='ltr'>felicitate</span> <span class='ocrx_word' id='word_1_867' title='bbox 2486 5689 2625 5746; x_wconf 91' lang='lat' dir='ltr'>dare</span> <span class='ocrx_word' id='word_1_868' title='bbox 2666 5688 2980 5762; x_wconf 88' lang='lat' dir='ltr'>promisisti</span> <span class='ocrx_word' id='word_1_869' title='bbox 3020 5704 3035 5745; x_wconf 90' lang='lat'><strong>:</strong></span> <span class='ocrx_word' id='word_1_870' title='bbox 3067 5692 3124 5745; x_wconf 92' lang='lat' dir='ltr'>te</span> <span class='ocrx_word' id='word_1_871' title='bbox 3151 5688 3544 5759; x_wconf 88' lang='lat' dir='ltr'>obsecramus,</span> <span class='ocrx_word' id='word_1_872' title='bbox 3575 5690 3822 5745; x_wconf 82' lang='lat' dir='ltr'>Amator</span> 
     </span>
    </p>
   </div>
   <div class='ocr_carea' id='block_1_115' title="bbox 1099 5831 3820 5918">
    <p class='ocr_par' dir='ltr' id='par_1_115' title="bbox 1099 5831 3820 5918">
     <span class='ocr_line' id='line_1_116' title="bbox 1099 5831 3820 5918; baseline -0.002 -25"><span class='ocrx_word' id='word_1_873' title='bbox 1099 5854 1132 5893; x_wconf 91' lang='lat' dir='ltr'>e</span> <span class='ocrx_word' id='word_1_874' title='bbox 1166 5838 1237 5894; x_wconf 87' lang='lat' dir='ltr'>ad</span> <span class='ocrx_word' id='word_1_875' title='bbox 1269 5840 1605 5918; x_wconf 68' lang='lat' dir='ltr'>sequentem</span> <span class='ocrx_word' id='word_1_876' title='bbox 1639 5838 1965 5909; x_wconf 87' lang='lat' dir='ltr'>sectionem,</span> <span class='ocrx_word' id='word_1_877' title='bbox 1997 5834 2193 5912; x_wconf 86' lang='lat' dir='ltr'>paucis</span> <span class='ocrx_word' id='word_1_878' title='bbox 2230 5832 2652 5910; x_wconf 82' lang='lat' dir='ltr'>praetermissis,</span> <span class='ocrx_word' id='word_1_879' title='bbox 2683 5834 2957 5906; x_wconf 85' lang='lat' dir='ltr'>leguntur</span> <span class='ocrx_word' id='word_1_880' title='bbox 2999 5833 3060 5891; x_wconf 90' lang='lat' dir='ltr'>in</span> <span class='ocrx_word' id='word_1_881' title='bbox 3095 5833 3323 5907; x_wconf 85' lang='lat' dir='ltr'>vulgato</span> <span class='ocrx_word' id='word_1_882' title='bbox 3364 5847 3628 5891; x_wconf 88' lang='lat' dir='ltr'>sermone</span> <span class='ocrx_word' id='word_1_883' title='bbox 3663 5831 3820 5906; x_wconf 90' lang='lat' dir='ltr'>apud</span> 
     </span>
    </p>
   </div>
  </div>
