4014 6230
160 374 243 429 441
766 373 854 425 ΑΙ)
888 371 1379 428 PMCEDENTIA
1417 372 1750 428 LITURGUE
1788 372 2201 428 MONUMENTA
2238 372 2575 429 APPENDIX
2614 375 2897 431 ALTERA.
3428 381 3532 437 442

158 496 303 554 ραι-ω
316 477 702 547 conscientiae,
723 482 790 535 ut
803 479 1070 550 respicias
1085 479 1155 534 de
1174 478 1500 536 summitate
1516 481 1785 537 calorum
1804 492 1866 567 Α
1883 480 2068 553 ligens
2094 480 2548 538 beatissimorum
2568 486 2887 554 martyrum
2911 499 3167 557 corpora,
3196 486 3444 545 condivit
3463 505 3530 545 ea

158 575 219 629 ad
244 574 385 628 hanc
412 572 640 643 horam,
668 575 737 628 ut
761 572 1032 645 suscipias
1055 573 1275 628 animas
1293 578 1515 630 nostras
1536 574 1599 631 in
1624 592 1784 650 pace,
1887 575 2236 632 aromatibus
2274 575 2558 646 pretiosis,
2594 580 2652 633 et
2674 576 2734 632 in
2758 577 2942 633 loculo
2967 580 3296 637 conlocavit.
3342 583 3449 647 Qui
3473 589 3531 640 et

161 674 208 725 et
230 668 372 723 inter
400 670 629 722 sanctos
652 666 872 722 Electos
897 671 1027 722 tuos
1054 667 1336 723 conlocari
1368 668 1684 740 praecipias,
1722 676 1788 728 ut
1884 669 2006 740 ipse
2031 673 2254 725 sanctus
2280 669 2479 725 Zoelus
2502 673 2632 741 post
2655 670 3010 743 aliquantum
3040 678 3267 745 tempus
3296 692 3528 750 suscep-

160 764 480 833 cognoscant
505 776 707 815 omnes
743 760 877 832 quia
902 764 964 816 tu
990 776 1050 816 es
1085 761 1233 817 Deus
1269 760 1422 816 solus
1461 766 1519 817 et
1549 761 1783 819 benedi-
1885 761 2055 817 tionis
2090 778 2206 818 suae
2250 762 2358 819 hoc
2394 763 2592 821 ordine
2627 765 2879 836 perrexit
2912 766 2985 822 ad
3026 766 3347 824 Dominum.
3374 770 3528 826 Passi

159 860 267 911 ctus
289 854 346 908 in
369 853 603 910 smcula.
632 855 700 909 Et
723 870 855 908 cum
893 854 1270 926 complessent
1304 853 1638 926 orationem,
1677 873 1784 927 po-
1886 860 2019 911 sunt
2044 860 2238 912 autem
2261 856 2566 912 beatissimi
2582 863 2862 931 martyres
2877 860 3126 932 Cautius,
3147 863 3453 920 Cantianus
3473 869 3530 922 et

157 954 337 1004 nentes
381 963 574 1019 genua
617 952 987 1020 susceperunt
1036 948 1311 1021 gladium,
1353 953 1412 1004 et
1448 953 1788 1019 accepenmt
1884 949 2261 1018 Cantianella,
2312 951 2496 1022 pridie
2540 953 2657 1007 Kal.
2699 953 2921 1024 lunias,
2973 961 3249 1026 regnante
3287 959 3526 1014 Domino

157 1058 368 1098 coronas
391 1040 811 1113 sempiternas:
857 1047 914 1098 et
957 1058 1084 1099 ecce
1124 1042 1359 1114 sanguis
1397 1058 1596 1099 eorum
1636 1047 1784 1099 tam-
1884 1047 2079 1098 nostro
2126 1045 2254 1099 Jesu
2298 1044 2541 1115 Christo,
2587 1045 2678 1100 cui
2714 1051 2797 1101 est
2838 1048 3036 1119 gloria,
3080 1049 3264 1107 honor
3314 1054 3372 1108 et
3417 1068 3522 1123 po-

155 1152 309 1208 quam
331 1136 414 1190 lac
438 1134 709 1191 omnibus
732 1135 1058 1192 videntibus
1084 1136 1367 1208 apparuit.
1884 1140 2055 1194 testas
2081 1137 2143 1194 in
2168 1138 2373 1194 saecula
2391 1138 2751 1207 saeculorum,
2777 1156 2966 1198 amen.

215 1231 326 1294 Quo
354 1233 617 1302 tempore
657 1229 993 1287 venerabilis
1015 1229 1103 1286 vir
1128 1230 1326 1288 Zoelus
1352 1230 1650 1303 presbyter
1677 1232 1787 1288 col-

907 1590 1858 1707 APPENDIX
1972 1593 2775 1710 ALTERA.

149 1799 257 1900 In
360 1828 562 1931 quo
676 1800 1194 1903 variantes
1294 1804 1841 1933 scripturw
1942 1834 2270 1903 sacrae
2374 1805 2845 1907 lectiones
2945 1808 3522 1940 praecipuis

710 1976 839 2045 eae
924 1943 1557 2045 Lectionario
1655 1941 2186 2047 Gallicano
2285 1945 2926 2049 exhibentur.

211 2266 384 2340 471
411 2265 695 2333 Quoniam
713 2281 1060 2338 magnopere
1073 2265 1460 2325 interestscire
1478 2267 1774 2340 antiquam
1792 2280 1850 2355 B
1872 2270 2017 2340 filias
2033 2269 2331 2339 pharetra,
2362 2269 2570 2341 Graace,
2601 2278 2721 2335 ἰοὺς.
2751 2271 3025 2342 Lection.,
3050 2272 3273 2343 phialas
3310 2273 3518 2342 phare-

150 2361 435 2434 Scripturas
461 2377 640 2417 sacrae
665 2360 1005 2431 versionem,
1037 2377 1152 2432 qua
1178 2359 1384 2433 primis
1417 2362 1773 2434 temporibus
1873 2367 1990 2431 ira,
2013 2362 2157 2419 forte
2184 2362 2473 2419 mendose.

149 2472 233 2510 usa
249 2459 327 2510 est
351 2454 641 2511 Gallicana
664 2454 919 2523 ecclesia,
950 2453 1077 2511 ideo
1104 2454 1196 2510 hic
1234 2454 1338 2510 sub
1371 2470 1488 2511 uno
1531 2472 1770 2529 conspe-
1942 2457 2143 2513 Ezaca.
2199 2473 2350 2525 1.11111,
2404 2459 2494 2526 20,
2553 2462 2605 2513 et
2656 2472 2822 2528 super
2868 2472 3121 2513 coronam
3162 2460 3222 2514 in
3262 2461 3514 2524 circuitu,

150 2554 231 2604 ctu
255 2549 538 2604 variantes
563 2549 896 2605 Lectionarii
920 2548 1299 2621 antiquissimi
1322 2549 1592 2605 lectiones
1628 2549 1769 2606 insi-
1870 2550 2078 2618 Graece,
2118 2560 2276 2623 βασιν.
2322 2550 2593 2619 Lection.,
2630 2555 2683 2607 et
2726 2566 2891 2622 super
2920 2567 3126 2607 cornua
3162 2554 3223 2607 in
3260 2555 3511 2609 circuitu.

150 2643 354 2715 gniores
378 2643 597 2699 referre
626 2644 809 2698 visum
834 2648 918 2699 est
943 2659 1132 2715 operae
1156 2643 1429 2715 pretium,
1477 2649 1545 2699 ut
1576 2660 1648 2701 ex
1681 2645 1771 2700 his
1869 2673 1939 2685 --—
1965 2644 2099 2717 Cap.
2126 2660 2274 2713 XLIV,
2310 2648 2364 2713 3,
2395 2645 2450 2713 4,
2478 2645 2803 2713 egredietur.
2837 2647 2909 2701 Et
2960 2646 3206 2702 adduxit
3237 2663 3340 2711 me,
3384 2663 3517 2702 cum

146 2736 238 2791 viri
261 2737 409 2791 docti
432 2753 600 2792 suam
626 2736 696 2793 de
724 2736 818 2792 illa
843 2737 1104 2793 versione
1147 2738 1485 2795 sententiam
1524 2743 1770 2795 statuere
1869 2738 2015 2793 LXX.
2055 2738 2326 2808 Lection.,
2369 2739 2696 2807 egredietur.
2731 2739 2822 2794 Sic
2863 2740 3003 2795 sicut
3041 2745 3119 2795 est
3156 2742 3367 2805 clausa,
3402 2743 3517 2797 Rea:

146 2832 360 2904 possint.
1770 2856 1775 2863 ·
1871 2834 2128 2887 transivit
2144 2848 2249 2902 per
2277 2848 2414 2888 eam.
2441 2835 2512 2889 Et
2536 2833 2776 2888 adduxit
2802 2848 2905 2888 me.

206 2928 268 2981 Et
297 2925 484 2999 primo
527 2925 760 2998 quidem
809 2925 1126 2998 generatim
1167 2925 1583 2983 observandum
1618 2927 1767 2984 anti-
1939 2926 2150 2980 DANIEL
2187 2942 2269 2989 111,
2319 2930 2371 2989 1,
2414 2926 2907 2985 Nabuchodonosor
2947 2941 3047 2982 rea:
3062 2929 3212 2995 fecit.
3240 2926 3513 2998 Lection.,

146 3037 301 3093 quam
326 3020 484 3077 illam
503 3020 826 3076 versionem
843 3020 1097 3092 Vulgatae
1119 3023 1329 3076 nostrae
1357 3020 1569 3093 passim
1592 3020 1772 3078 inhaa.
1869 3034 2001 3074 cum
2043 3019 2189 3088 LXX,
2237 3034 2382 3075 anno
2415 3024 2601 3075 octavo
2646 3021 2848 3075 decimo
2886 3020 3378 3077 Nabuchodonosor
3417 3037 3516 3076 rem

146 3128 276 3185 rere,
304 3119 360 3171 et
380 3115 685 3187 plerasque
714 3113 985 3170 lectiones
1026 3113 1306 3171 variantes
1342 3115 1536 3187 potius
1579 3132 1650 3172 ex
1692 3116 1767 3171 li-
1866 3114 2015 3181 fecit.
2050 3111 2215 3182 lbid.,
2246 3128 2391 3169 vers.
2415 3116 2469 3180 6,
2506 3116 2593 3180 15,
2618 3115 2709 3183 20,
2749 3116 3027 3182 fornacem
3065 3116 3210 3183 ignis
3244 3115 3514 3179 ardentis,

144 3208 447 3264 brariorum
472 3208 644 3281 genio
660 3208 750 3265 vel
772 3224 986 3278 errore,
1015 3224 1188 3281 quam
1213 3224 1285 3264 ex
1299 3208 1568 3265 versionis
1590 3209 1770 3282 ipsius
1867 3206 2138 3277 Lection.,
2176 3222 2308 3261 cum
2346 3206 2492 3277 LXX,
2520 3204 2736 3278 ubique
2776 3207 2951 3263 habet
2988 3208 3290 3263 ardentem.
3348 3207 3512 3275 lbid.,

144 3302 502 3375 discrepantia
546 3301 900 3375 repetendas.
947 3302 1159 3358 Deinde
1183 3303 1283 3357 ubi
1319 3302 1500 3358 versio
1535 3303 1768 3377 antiqua
1865 3315 2010 3355 vers.
2052 3300 2142 3368 94,
2180 3301 2473 3358 Sarabala.
2518 3299 2792 3369 Lection.,
2845 3316 2976 3357 cum
3022 3302 3170 3372 LXX,
3220 3302 3510 3381 sarabara,

146 3396 317 3451 differt
357 3414 390 3450 a
432 3399 628 3452 nostra
678 3395 938 3467 Vulgata,
986 3411 1111 3451 eam
1151 3396 1379 3468 saepius,
1433 3413 1551 3452 non
1575 3400 1766 3453 tamen
1865 3393 2029 3463 lbid.,
2073 3409 2219 3449 vers.
2266 3396 2353 3463 96,
2387 3396 2627 3465 positum
2669 3396 2875 3450 esthoc
2903 3396 3195 3452 decretum.
3232 3395 3511 3467 Lection.,

145 3492 421 3562 perpetuo,
469 3505 606 3545 cum
655 3488 912 3545 versione
964 3489 1154 3544 Graeca
1203 3490 1526 3546 convenire.
1579 3491 1766 3547 Tertio
1865 3502 1997 3541 cum
2019 3486 2167 3554 LXX,
2201 3490 2541 3557 propositum
2565 3493 2643 3544 est
2670 3489 2962 3544 decretum.
3014 3489 3178 3557 lbid.,
3220 3505 3369 3545 vers.
3418 3493 3509 3559 97,

147 3582 430 3655 Scriptqu
466 3582 664 3651 libros,
696 3599 766 3638 ex
817 3582 1023 3655 quibus
1065 3582 1329 3639 lectiones
1371 3584 1434 3639 in
1471 3584 1761 3640 Lectiona-
1801 3649 1838 3655 ᾧ
1865 3582 1955 3643 98,
1983 3581 2042 3635 in
2059 3582 2347 3651 prouincia
2366 3581 2681 3650 Babylonis.
2702 3582 3216 3640 Nabuchodonosor.
3234 3583 3510 3651 Lection.,

144 3649 283 3731 rium
307 3682 566 3733 nostrum
586 3649 1008 3750 acceptae-sunt,
1028 3676 1131 3732 hos
1148 3677 1382 3733 omnino
1401 3693 1541 3749 esse,
1558 3694 1765 3750 nempe
1785 3649 1840 3725 Ο
1864 3675 1925 3729 in
1944 3649 2289 3743 prouinciam
2313 3649 2634 3744 Babylonis,
2664 3679 2715 3731 et
2731 3677 2952 3746 scripsit
2978 3676 3272 3746 epistulam
3296 3678 3376 3731 sic
3391 3649 3515 3732 con-

146 3771 403 3843 Genesim,
442 3772 724 3841 Exodum,
762 3772 950 3841 losue,
989 3770 1242 3841 Tobiam,
1288 3771 1501 3843 Iudith,
1541 3772 1760 3843 Esther,
1864 3769 2139 3824 tinentem.
2175 3767 2685 3836 Nabuchodonosor,
2710 3784 2840 3840 quas
2879 3768 3050 3824 verba
3091 3767 3266 3823 etiam
3307 3768 3515 3825 desunt

148 3880 328 3921 omnes
364 3866 691 3938 prophetas,
744 3865 996 3936 majores
1041 3881 1106 3919 ac
1149 3864 1420 3936 minores,
1467 3881 1537 3920 ex
1577 3865 1765 3923 Veteri
1862 3861 2016 3933 apud
2038 3860 2184 3916 LXX-
2216 3860 2440 3933 --Cap.
2472 3877 2547 3929 IX,
2578 3861 2666 3930 14,
2698 3865 2750 3917 et
2775 3862 3028 3929 vigilavit
3051 3862 3313 3917 Dominus
3348 3878 3514 3932 super

146 3958 518 4030 Testamento;
565 3975 635 4016 ex
680 3960 831 4014 Novo
883 3962 1095 4030 autem,
1153 3963 1397 4032 quatuor
1439 3959 1763 4032 Evangelia,
1862 3955 2151 4011 malitiam.
2183 3955 2350 4011 Deest
2366 3970 2533 4025 super
2555 3955 2828 4011 malitiam
2857 3954 2918 4009 in
2941 3953 3315 4010 Lectionario.
3343 3954 3509 4026 lbid.,

146 4054 296 4107 Actus
330 4054 734 4126 apostolorum,
781 4068 978 4109 omnes
1018 4051 1178 4108 Pauli
1216 4052 1511 4126 Epistolas,
1557 4058 1765 4126 printer
1863 4064 2008 4104 vers.
2061 4051 2154 4117 25,
2202 4049 2335 4104 scito
2378 4064 2503 4118 ergo
2543 4053 2595 4104 et
2630 4049 3022 4105 animadverte.
3067 4046 3321 4105 Lection.
3366 4049 3512 4106 Scito

147 4160 301 4201 unam
322 4148 390 4203 ad
414 4146 823 4219 Philippenses,
853 4161 1051 4202 omnes
1075 4146 1407 4218 Catholicas,
1452 4150 1510 4203 et
1542 4148 1761 4220 Apoca-
1864 4157 2008 4211 ergo,
2036 4146 2087 4197 et
2107 4143 2311 4212 planta
2334 4158 2542 4207 aurem,
2572 4146 2623 4198 et
2653 4142 3046 4198 animadverte.
3532 4214 3543 4239 '

144 4235 327 4311 lypsin.
359 4241 626 4315 Singulos
654 4257 724 4297 ex
750 4239 947 4296 ordine
968 4255 1389 4312 percurramus.
1934 4237 2077 4292 Ossa
2101 4253 2177 4299 1v,
2202 4240 2289 4301 17,
2317 4237 2527 4292 dimitte
2556 4252 2696 4293 eum.
2722 4235 2990 4307 Lection.,
3020 4237 3257 4293 dimittet
3280 4252 3417 4293 eum.
3442 4268 3511 4280 —-

511 4340 580 4394 IN
616 4339 865 4394 VETERI
902 4338 1367 4395 TESTAMENTo.
1862 4330 1994 4401 Cap.
2023 4345 2100 4398 v1,
2123 4333 2177 4400 6,
2206 4334 2257 4386 et
2282 4345 2391 4386 non
2408 4333 2754 4407 sacriﬁcium,
2775 4346 2905 4386 cum
2932 4331 3057 4385 LXX
3081 4330 3329 4387 Lection.
3352 4347 3508 4403 vero,

206 4426 390 4483 Grues.
422 4444 520 4498 v11,
553 4430 638 4492 16,
667 4427 764 4482 ubi
791 4427 1004 4499 legitur
1027 4426 1089 4482 in
1114 4428 1369 4500 Vulgata,
1401 4430 1621 4486 inclusit
1643 4445 1764 4486 eum
1863 4427 1916 4478 ϐε
1941 4439 2050 4478 non
2064 4424 2366 4493 judicium.

146 4519 377 4576 Dominus
404 4523 632 4590 deforis,
653 4521 811 4577 addit
826 4520 1243 4576 Lectionarium
1263 4523 1466 4590 deforis
1477 4526 1536 4579 in
1554 4539 1760 4587 arcam,
1931 4517 2066 4572 101:1.
2092 4533 2131 4586 1,
2164 4520 2250 4586 13,
2286 4518 2495 4573 libatio.
2525 4517 2799 4587 Lection.,
2820 4517 3041 4571 oblatio.
3064 4547 3133 4557 —
3158 4516 3293 4588 Cap.
3325 4534 3385 4588 11,
3415 4521 3506 4588 23,

146 4613 279 4681 quod
320 4615 523 4671 melius
563 4616 754 4672 Graeco
802 4615 985 4671 textui
1019 4614 1342 4687 respondet,
1368 4623 1450 4671 καὶ
1472 4623 1655 4673 ἔκλεισε
1678 4624 1761 4681 τήν
1861 4611 2157 4665 serotinum
2200 4612 2342 4665 sicut
2380 4613 2440 4665 in
2826 4612 2943 4666 Vox
2998 4611 3139 4665 sicut
3182 4610 3340 4666 deest
3387 4628 3509 4667 non

145 4705 329 4755 κιϐωτὸν
347 4708 517 4765 ἔξωθεν
545 4705 716 4757 αὐτοῦ.

1923 4704 2035 4760 mel
2060 4703 2120 4758 in
2148 4703 2515 4760 Lectionario.
2545 4704 2708 4775 lbid.,
2736 4720 2882 4760 vers.
2910 4707 3002 4774 28,
3034 4706 3291 4775 spiritum
3309 4721 3505 4761 meum.

205 4792 361 4849 Josus
399 4811 476 4864 1v,
531 4797 615 4863 19,
664 4795 865 4849 decimo
901 4794 990 4849 die
1026 4796 1225 4850 mensis
1256 4796 1449 4865 primi,
1480 4795 1763 4851 Lectiona-
1861 4797 2134 4865 Lection.,
2162 4798 2227 4852 de
2253 4799 2456 4867 spiritu
2480 4813 2614 4865 meo,
2643 4814 2776 4854 cum
2800 4798 2946 4868 LXX,
2972 4801 3030 4855 et
3057 4797 3136 4854 sic
3160 4798 3303 4871 legit
3330 4799 3505 4856 Lucas

145 4883 277 4939 rium
312 4888 481 4944 habet
530 4888 731 4944 decimo
770 4903 969 4953 mense,
1011 4890 1199 4960 prima
1242 4889 1330 4945 die
1376 4890 1593 4949 mensis.
1638 4888 1763 4944 LXX
1861 4894 1982 4947 Act.
2010 4908 2073 4959 11,
2102 4891 2191 4947 47.

150 4977 375 5051 Vulgatae
401 4982 615 5038 favent.
1782 5027 1842 5057 η
1936 4987 2090 5041 Auos
2119 5000 2239 5054 v111,
2271 4989 2325 5055 5,
2368 4984 2589 5056 quando
2632 4985 2890 5041 transibit
2924 4988 3145 5057 mensis,
3185 5003 3318 5043 cum
3360 4988 3508 5044 LXX.

208 5027 353 5131 15:11;
382 5092 526 5144 xxv1,
568 5079 622 5146 6,
648 5092 768 5147 pes,
801 5077 968 5147 pedes
986 5078 1271 5148 pauperis.
1318 5073 1587 5144 Lection.,
1632 5072 1760 5128 abs-
1782 5027 1843 5101 D
1864 5079 2140 5149 Lection.,
2166 5027 2548 5148 messisjforte
2575 5078 2884 5135 mendose.-

150 5180 243 5235 que
275 5170 669 5240 geminatione,
695 5186 794 5241 pes
822 5172 1107 5241 pauperis.
1158 5170 1302 5239 LXX,
1346 5175 1505 5235 πόδες,
1562 5167 1759 5224 semel.
1932 5173 2178 5229 Mmcn.
2235 5189 2318 5244 111,
2366 5176 2419 5243 3,
2467 5173 2668 5229 colabit
2709 5188 2817 5229 eos.
2853 5173 3129 5246 Lection.,
3172 5191 3304 5230 cum
3358 5173 3506 5243 LXX,

151 5257 291 5329 lbid.,
322 5280 467 5320 vers.
509 5266 595 5335 18,
634 5269 687 5320 et
720 5266 1034 5335 peperimus
1069 5265 1370 5335 spiritum:
1415 5263 1618 5318 salutes
1655 5278 1765 5318 non
1861 5267 2115 5335 conﬂabit
2142 5281 2249 5336 eos,
2304 5266 2530 5322 rectius.
2582 5266 2745 5338 lbid.,
2793 5283 2937 5323 vers.
2981 5270 3036 5339 8,
3080 5269 3397 5339 conﬁximus
3435 5271 3505 5335 te,

149 5354 368 5428 fecimus,
396 5360 457 5413 in
482 5362 648 5413 terra.
677 5358 926 5415 Lection.
976 5374 1126 5428 vero,
1175 5356 1298 5413 sine
1344 5355 1760 5428 dispunctione,
1860 5376 1994 5415 cum
2018 5360 2163 5430 LXX,
2192 5375 2297 5432 pro
2325 5362 2641 5431 conﬁgimus
2692 5366 2761 5430 te,
2804 5361 2957 5434 quod
3009 5364 3093 5418 est
3136 5361 3197 5416 in
3244 5358 3502 5429 Vulgata.

150 5449 375 5515 Spiritum
400 5454 594 5508 salutis
619 5468 728 5508 non
776 5455 1004 5522 fecimus
1043 5454 1102 5507 in
1158 5457 1324 5513 terra.
1372 5451 1496 5506 LXX
1514 5491 1530 5518 ,
1576 5454 1765 5521 πνεῦμα
1861 5454 2027 5525 lbid.,
2057 5470 2200 5510 vers.
2248 5458 2333 5522 17,
2361 5460 2519 5511 erunt
2540 5456 2695 5511 mihi.
2725 5456 3000 5528 Lection.,
3034 5460 3194 5513 erunt
3219 5455 3355 5510 mihi
3383 5468 3506 5510 oves

150 5550 359 5614 σωτηρίας
382 5568 473 5602 σου
502 5552 813 5617 ιποιησαμεν.
862 5545 1168 5618 Complut.,
1199 5552 1227 5601 ὃ
1250 5552 1480 5611 ἐποίησας
1504 5575 1574 5586 ·-·
1624 5546 1735 5617 Cap

1917 5565 2008 5605 eae.
2037 5580 2105 5590 —
2137 5548 2276 5621 Cap.
2309 5564 2385 5616 1v,
2428 5552 2479 5613 1,
2517 5550 2745 5619 stipula.
2783 5551 3057 5622 Lection.,
3100 5551 3242 5605 sicut
3274 5549 3501 5619 stipula.

152 5646 232 5703 LII,
260 5637 339 5708 14,
368 5640 444 5696 sic
470 5640 740 5709 inglorius
768 5642 892 5696 erit.
921 5639 1191 5711 Lection.,
1232 5642 1310 5697 sic
1334 5641 1621 5711 gloriosior
1638 5641 1760 5696 erit.
1862 5644 2032 5700 Deest
2056 5647 2251 5699 tamen
2276 5642 2400 5699 haec
2423 5642 2698 5715 particula
2720 5642 2872 5715 apud
2906 5643 3054 5714 LXX,
3079 5642 3211 5697 licet
3221 5640 3496 5697 subintel-

153 5722 278 5797 LXX,
302 5748 430 5788 cum
454 5733 716 5806 Vulgata,
742 5740 987 5799 ἁδοξήσιιο

509 5733 716 5806 ulgata,
742 5740 987 5799 ἁδοξήσιιο
1860 5736 2094 5809 ligatur.

213 5820 392 5900 472
415 5827 610 5885 leam.
634 5843 731 5897 ιιι,
766 5832 818 5896 7,
843 5829 903 5883 in
919 5844 1089 5885 manu
1114 5830 1455 5885 inimicorum
1482 5828 1623 5898 ejus.
1640 5826 1764 5883 LXX
2285 5830 2355 5885 ΙΝ
2393 5828 2576 5885 Νονο
2614 5826 3077 5884 TESTAMENTo,

322 5919 591 5996 Lection.,
607 5923 951 5981 inimicorum
968 5938 1226 5983 meorum.
1248 5954 1317 5966 —
1334 5923 1542 5981 Thren.
1564 5937 1647 5994 iu,
1673 5923 1760 5992 13,
1935 5923 2146 5980 Mum.
2176 5937 2253 5995 Vl,
2294 5925 2377 5994 11,
2405 5918 3000 5994 supersubstantialem.
3040 5914 3314 5980 Lection.,
3358 5916 3505 5973 Coti-
