4014 6230
569 344 664 399 431

1357 340 1693 399 APPENDIX
1730 340 1817 396 AD
1856 340 2078 395 OPERA
2117 326 2350 397 SANCTi
2386 340 2687 397 GERMANI
2724 338 3154 397 PAPJSIENSIS.

3848 338 3936 393 432

568 453 850 523 decorato,
881 453 938 506 et
960 450 1269 524 pontiﬁcali
1303 449 1488 505 ofﬁcio
1516 454 1800 519 coronato,
1840 450 2073 505 Bibiano
2108 467 2202 506 or-
2223 462 2285 535 Α
2303 451 2559 522 pleverit.
2590 453 2753 524 Apud
2778 469 2882 507 nos
2908 452 3099 523 itaque
3124 466 3192 505 ex
3222 448 3343 521 ejus
3368 446 3752 505 sollemnitate
3774 447 3937 503 absti-

565 547 798 617 todoxo,
827 546 1141 618 Agustinus
1162 545 1263 600 Dei
1302 560 1595 599 servorum
1638 560 1852 615 servus,
1875 544 1935 599 in
1966 544 2203 601 Domino

565 641 827 696 salutem.
870 640 1103 695 Litteras
1144 639 1488 710 apostolatus
1522 638 1710 707 vestri,
1748 638 2036 693 carissimo
2087 639 2205 694 ﬁlio

563 738 758 789 nostro
782 733 1020 803 Trojano
1048 736 1234 786 vestro
1260 731 1496 786 diacono
1525 732 1830 799 deferente,
1859 732 2043 787 adnos
2070 749 2202 804 per-

561 828 781 884 venisse
827 825 1162 897 comperite;
1217 827 1275 880 et
1325 825 1463 880 dum
1512 825 1748 897 sospitas
1802 829 1988 881 vestra
2039 826 2204 881 nobis

562 920 760 976 fuisset
784 918 1083 975 certiﬁcata
1110 933 1217 990 per
1233 918 1527 990 paginam,
1556 919 1835 974 immensa
1854 919 2203 976 reddidimus

563 1015 678 1069 Deo
724 1012 904 1067 laudis
946 1012 1247 1083 praeconia.
1296 1014 1361 1066 Et
1404 1012 1660 1085 quamvis
1713 1013 1888 1068 simus
1944 1014 2203 1070 absentes

563 1122 816 1179 corpore,
848 1111 1155 1176 praesentes
1186 1110 1376 1162 tamen
1404 1106 1673 1178 ﬂorigera
1702 1107 1951 1177 caritate,
1982 1109 2199 1164 exhila-

559 1201 669 1255 rati
697 1216 895 1255 sumus
929 1200 1088 1255 valde
1126 1218 1233 1272 pro
1274 1201 1581 1257 sanctitatis
1621 1217 1875 1271 rumore,
1918 1206 1975 1256 et
2014 1204 2199 1259 excel-

558 1295 709 1350 lente
752 1293 1002 1349 culmine
1031 1294 1332 1349 sacerdotii
1359 1295 1547 1364 vestri,
1590 1294 1693 1366 qui
1725 1295 1894 1366 longe
1931 1296 2111 1351 radiat
2140 1296 2201 1350 in

558 1387 716 1458 orbe,
744 1405 860 1442 non
885 1388 1072 1443 solum
1098 1387 1414 1443 Occidentis
1440 1393 1497 1444 et
1534 1388 1745 1455 Galliae,
1789 1405 1987 1443 verum
2026 1390 2199 1444 etiam

559 1481 804 1536 Orientis
833 1486 890 1536 et
914 1481 1151 1551 Alfricae,
1183 1482 1522 1537 meritorum
1564 1482 1779 1537 lumine
1808 1488 2196 1554 percurrente.

557 1575 795 1630 Oramus
822 1579 1014 1629 autem
1042 1576 1241 1647 Deum,
1284 1580 1349 1631 ut
1373 1576 1588 1631 bonum
1626 1593 1767 1648 opus
1802 1577 1863 1632 in
1903 1577 2061 1631 vobis
2100 1576 2199 1648 qui

557 1669 745 1740 coepit,
790 1669 912 1740 ipse
958 1674 1138 1741 coepta
1187 1668 1478 1740 perﬁciat;
1524 1670 1806 1742 simulque
1860 1670 2018 1725 vobis
2068 1687 2200 1743 sup-

552 1763 778 1835 pliciter
819 1763 1086 1834 petimus,
1132 1768 1199 1818 ut
1237 1764 1499 1834 precibus
1540 1763 1738 1819 vestris
1777 1764 1959 1835 adjuti
1985 1780 2199 1819 merea-

2303 544 2498 601 nentia
2523 562 2555 599 a
2579 546 2843 601 carnibus
2868 546 2955 601 vel
2980 543 3267 616 conjugali
3300 544 3501 615 copula
3526 543 3659 598 ﬁliis
3687 542 3938 598 Ecclesia-2

2302 638 2600 709 indicatur,
2629 642 2695 694 ut
2722 641 2793 694 ad
2822 639 3175 694 Nativitatem
3223 637 3446 692 Domini
3489 636 3747 693 securius
3794 653 3938 691 com-

2303 733 2617 788 municent.
2646 733 2872 789 Rectius
2893 737 3083 789 autem
3100 732 3207 787 hoc
3224 748 3365 803 opus
3385 731 3444 786 in
3470 731 3651 786 sancti
3676 730 3940 786 Johannis

2304 825 2669 899 conceptione
2714 826 3071 881 instituitur:
3120 825 3256 897 quia
3307 824 3425 896 ipse
3478 823 3774 897 praecessit
3823 830 3941 880 ante

2304 920 2629 991 Dominum,
2654 924 2710 975 et
2733 936 2838 992 per
2862 919 3215 992 praeconium
3232 918 3444 990 angeli,
3465 921 3521 973 et
3543 935 3651 990 per
3667 917 3941 989 signiﬁca-

2300 1012 2470 1068 tionis
2499 1017 2839 1082 contactum,
2872 1013 3009 1067 dum
3040 1011 3313 1066 Dominus
3349 1012 3419 1067 de
3457 1012 3713 1083 Virgine,
3755 1028 3942 1068 servus

2298 1122 2432 1162 vero
2469 1111 2796 1162 nasceretur
2832 1123 2899 1162 ex
2934 1107 3125 1161 vetula
3162 1110 3219 1160 et
3256 1105 3443 1160 sterile
3481 1111 3698 1176 matre;
3745 1110 3804 1161 et
3833 1107 3943 1177 ipse

2300 1200 2522 1255 clausus
2544 1206 2726 1272 utero,
2757 1201 3016 1257 exultans
3041 1199 3103 1255 in
3130 1198 3357 1271 gaudio,
3378 1200 3636 1255 clausum
3653 1199 3941 1254 Christum

2300 1294 2549 1366 Virginis
2597 1296 2721 1349 alvo
2766 1295 3003 1367 mystico
3046 1293 3304 1349 salutavit
3359 1293 3661 1365 prtesagio.
3730 1294 3838 1349 Sed
3892 1300 3941 1348 et

2299 1389 2527 1460 quando
2551 1389 2834 1444 Johannes
2859 1388 3032 1443 sensit
3076 1388 3375 1442 imminere
3413 1387 3564 1442 diem
3607 1386 3801 1441 obitus
3835 1387 3937 1455 sui,

2298 1483 2427 1538 ideo
2456 1483 2613 1538 misit
2637 1483 2709 1537 ad
2734 1483 3043 1537 Dominum
3075 1481 3267 1537 dicens
3298 1498 3312 1536 :
3346 1483 3426 1536 Tu
3452 1498 3506 1536 es
3539 1484 3641 1552 qui
3678 1486 3936 1536 venturus

2298 1592 2373 1639 es,
2403 1593 2477 1631 an
2508 1579 2679 1631 alium
2714 1577 3122 1647 emspeetamus?
3147 1574 3309 1647 quasi
3339 1574 3549 1631 diceret
3586 1575 3668 1629 illi
3698 1592 3712 1628 :
3756 1574 3940 1629 Indica

2296 1670 2442 1725 mihi
2470 1674 2663 1729 utrum
2688 1687 2792 1742 per
2814 1675 2872 1725 te
2891 1670 2963 1725 ad
2991 1668 3199 1724 inferni
3226 1668 3470 1723 claustra
3496 1668 3827 1736 descendas,
3872 1684 3938 1722 an

2296 1764 2367 1818 ad
2395 1763 2753 1820 liberandum
2783 1780 2963 1837 genus
2993 1764 3310 1819 humanum
3337 1762 3513 1817 alium
3540 1763 3738 1819 mittas
3768 1782 3784 1819 :
3814 1764 3942 1835 quia

553 1873 688 1912 mur
710 1858 781 1912 de
816 1857 1032 1928 laqueis
1056 1857 1228 1928 hujus
1253 1857 1442 1913 saeculi
1480 1857 1730 1913 liberari.
1779 1859 1856 1913 De
1901 1875 1967 1914 eo
2004 1862 2196 1914 autem
2216 1842 2279 1915 BA
2297 1858 2441 1914 sicut
2467 1862 2522 1913 te
2548 1858 2607 1912 in
2634 1858 2800 1913 terris
2826 1858 3042 1930 positus
3068 1857 3322 1913 docendo
3348 1861 3403 1912 et
3427 1855 3769 1928 baptizando
3792 1875 3938 1930 pra:-

554 1950 708 2023 quod
747 1950 910 2005 nobis
968 1950 1185 2022 dignati
1226 1950 1412 2005 fuistis
1459 1951 1779 2024 injungere,
1820 1955 1887 2007 ut
1939 1953 2197 2008 ordinem

550 2046 841 2117 Hypponae
864 2044 1158 2115 Regiensis
1184 2044 1451 2114 ecclesiae,
1493 2044 1737 2116 qualiter
1775 2044 1968 2101 divina
2013 2047 2198 2101 ofﬁcia

550 2154 655 2209 per
678 2138 1022 2194 Testamenti
1048 2142 1104 2193 et
1122 2138 1259 2192 Novi
1278 2143 1335 2193 et
1353 2139 1565 2194 Veteris
1589 2139 1859 2211 paginam
1889 2142 2197 2196 annualem

549 2232 823 2304 persolvit
842 2232 1225 2303 harmoniam,
1242 2232 1402 2287 vobis
1414 2232 1662 2305 dirigere
1680 2234 2048 2304 deberemus;
2068 2234 2196 2290 ideo

550 2326 623 2381 ad
651 2342 903 2398 praesens
948 2343 1062 2381 non
1087 2326 1399 2398 potuimus,
1428 2327 1561 2399 quia
1587 2327 1646 2382 in
1688 2328 1833 2383 libro
1879 2330 2196 2384 Exameron

550 2424 772 2475 nostros
782 2419 1030 2475 notarios
1048 2422 1347 2491 occupatos
1374 2420 1746 2476 habebamus.
1765 2422 1873 2477 Sed
1899 2439 2030 2477 cum
2055 2422 2195 2477 illud

552 2531 695 2585 opus
738 2514 929 2582 fuerit,
969 2514 1191 2569 favente
1235 2514 1497 2583 Domino,
1542 2520 2020 2585 consummatum,
2061 2533 2195 2571 mox

551 2606 876 2663 obedientes
932 2612 1117 2680 vestrq
1153 2608 1397 2678 imperio
1450 2625 1553 2680 per
1600 2610 1879 2664 famulum
1922 2614 2191 2679 vestrum,

550 2702 736 2756 ﬁlium
774 2702 836 2757 in
867 2702 1090 2757 Christo
1116 2707 1396 2770 nostrum,
1427 2703 1746 2775 Eugepium
1772 2703 2190 2776 presbyterum,

548 2796 706 2850 vobis
740 2795 1001 2850 libellum
1028 2795 1341 2868 dirigemus
1370 2813 1383 2851 :
1412 2797 1473 2851 in
1497 2813 1611 2868 quo
1641 2796 1815 2852 totius
1849 2797 1985 2853 anni
2028 2797 2191 2869 opiﬁ-

552 2890 702 2945 cium
720 2889 782 2944 in
794 2889 1129 2945 lectionibus
1143 2890 1354 2945 Divinis
1368 2891 1725 2962 perﬂorando
1737 2891 2190 2963 perstrinximus,

547 2983 881 3055 incipientes
916 2984 1178 3040 ordinem
1210 2985 1498 3040 Adventus
1548 2985 1822 3040 Dominici
1872 2986 1942 3040 ab
1996 2990 2193 3041 octavo

548 3078 817 3134 Calendas
848 3078 1093 3134 octubris
1132 3079 1541 3151 aequinoctium
1581 3080 1930 3150 autumnale,
1985 3096 2090 3152 pro
2128 3096 2194 3135 eo

549 3173 704 3245 quod
729 3173 927 3227 eadem
952 3172 1043 3227 die
1067 3173 1350 3228 Johannes
1375 3190 1692 3245 praecursor
1707 3173 1930 3229 Domini
1953 3191 1986 3228 a
2010 3174 2190 3245 majo-

549 3266 708 3321 ribus
731 3266 938 3320 nostris
962 3266 1207 3321 traditur
1232 3270 1288 3322 et
1304 3268 1521 3338 Angelo
1548 3268 1845 3324 nuntiante
1865 3272 2187 3341 conceptus,

551 3364 609 3414 et
635 3359 866 3414 Herodis
892 3360 1103 3415 funesti
1148 3359 1331 3430 gladio
1368 3361 1698 3417 trucidatus.
1746 3363 1842 3417 Est
1887 3367 1943 3417 et
1985 3366 2193 3433 praeter

549 3453 914 3509 Nativitatem
978 3452 1086 3507 alia
1151 3453 1492 3510 sollemnitas
1541 3457 1817 3511 Johannis
1886 3457 2150 3529 Baptistae
2172 3498 2187 3527 ,

551 3552 754 3620 quarto
782 3546 993 3603 scilicet
1017 3548 1290 3603 Calendas
1315 3548 1681 3621 Septembris,
1720 3550 1948 3622 quando
1988 3550 2189 3606 inven-

552 3646 676 3697 tum
716 3641 928 3713 legitur
980 3644 1150 3714 caput
1187 3642 1455 3697 dominici
1498 3644 1880 3715 praecursoris.
1924 3644 2081 3708 Quod
2128 3648 2193 3699 ut

554 3736 755 3808 opinor
773 3737 1020 3793 decrevit
1044 3737 1172 3794 ideo
1199 3737 1539 3809 dispensatio
1570 3738 1822 3808 Deitatis,
1850 3742 1916 3793 ut
1955 3738 2090 3809 quia
2130 3737 2191 3792 in

555 3832 706 3888 unda
733 3831 1107 3903 baptismatis,
1130 3831 1513 3887 ministerium
1539 3832 1856 3901 dumtaxat,
1888 3831 2040 3902 quod
2060 3833 2191 3886 ante

552 3926 757 3983 faciem
784 3926 988 3981 Christi
1025 3926 1351 3998 praedicavit
1376 3926 1680 3996 Johannes,
1718 3940 2008 3980 sacramur
2047 3940 2194 3979 mer-

556 4020 808 4075 sionibus
833 4019 1019 4090 trinis,
1049 4020 1176 4075 ideo
1203 4020 1450 4076 trifarias
1474 4018 1826 4074 sollemniter
1858 4018 2057 4072 reddat
2098 4020 2195 4073 Ec-

557 4114 723 4170 clesia
748 4114 871 4185 ejus
896 4114 1111 4170 laudes.
1139 4116 1206 4169 Et
1231 4114 1362 4186 quia
1383 4114 1451 4169 de
1471 4113 1568 4167 illo
1596 4111 1871 4183 scriptum
1891 4110 2084 4184 459
2112 4115 2196 4167 est

555 4208 789 4264 vocibus
817 4208 1163 4281 propheticis
1209 4212 1266 4263 et
1293 4204 1629 4262 testimoniis
1673 4205 1972 4260 Salvatoris
2002 4223 2016 4261 :
2062 4208 2194 4261 Ecce

561 4320 653 4373 ego
693 4304 847 4359 mitto
876 4305 1128 4372 angelum
1160 4316 1334 4356 meum
1376 4301 1472 4368 qui
1506 4299 1853 4368 praeparabit
1883 4303 2029 4355 viam
2069 4305 2195 4355 ante

557 4402 755 4470 faciem
780 4402 929 4455 tuam
951 4418 968 4466 ;
998 4398 1122 4451 ideo
1148 4401 1204 4449 et
1226 4394 1296 4446 ab
1318 4391 1440 4462 ejus
1465 4394 1740 4463 conceptu
1766 4393 1853 4447 vel
1878 4393 2037 4449 obitu
2078 4394 2196 4449 Ad-

560 4498 761 4551 ventus
785 4492 991 4550 Christi
1005 4489 1339 4544 inchoamus
1367 4484 1639 4541 ofﬁcium.
1670 4486 2011 4558 Dignumest
2038 4505 2196 4543 nam-

2213 3220 2268 3295 C

2296 1968 2530 2008 currens
2555 1951 2736 2025 digito
2750 1952 3049 2007 oriendum
3067 1951 3466 2021 demonstravi,
3487 1951 3564 2006 ita
3582 1951 3714 2006 volo
3730 1951 3941 2024 populo

2296 2046 2356 2101 in
2384 2046 2634 2101 tenebris
2674 2045 2975 2117 resedenti,
3010 2050 3067 2101 et
3110 2050 3166 2101 te
3201 2045 3452 2117 quotidie
3487 2028 3804 2116 postulanti
3845 2047 3940 2101 ad»

2295 2144 2529 2196 ventum
2568 2145 2733 2196 tuum
2772 2140 2965 2211 jussus
3010 2156 3044 2193 a
3086 2144 3162 2209 te,
3215 2138 3472 2206 Domine,
3521 2138 3792 2194 nuntiare
3815 2139 3843 2193 ?
3876 2141 3939 2194 Et

2296 2235 2462 2290 certis
2488 2234 2579 2288 his
2623 2234 2692 2289 de
2736 2234 2918 2289 causis
2964 2233 3024 2288 in
3061 2232 3382 2288 celebritate
3415 2230 3703 2287 Adventus
3749 2233 3938 2287 Domi-

2295 2327 2427 2398 nici,
2458 2328 2803 2384 sollemnitas
2828 2327 3196 2399 anteponitur
3223 2325 3496 2380 Johannis
3521 2326 3814 2398 Baptistae.
3838 2327 3939 2384 Sed

2295 2427 2351 2478 et
2376 2422 2503 2477 vide
2534 2422 2793 2478 ordinem
2820 2427 3144 2493 temporum
3168 2421 3229 2475 in
3255 2420 3507 2491 idipsum
3531 2437 3789 2492 congrue
3815 2438 3939 2477 con~

2295 2516 2641 2571 cordantem.
2676 2517 2735 2570 In
2765 2514 3166 2587 aequinoctium
3204 2515 3487 2586 autumni,
3542 2515 3777 2587 quando
3819 2532 3937 2570 cre-

2296 2613 2459 2663 scunt
2482 2609 2752 2679 tenebrae,
2782 2614 2918 2664 tunc
2943 2608 3186 2663 traditur
3203 2608 3486 2663 Iohannes
3509 2608 3680 2664 fuisse
3706 2626 3941 2682 concep-

2293 2706 2418 2772 tus;
2442 2707 2498 2758 et
2526 2702 2628 2757 sub
2650 2705 2843 2758 rotatu
2869 2702 3125 2774 ejusdem
3139 2701 3413 2781 temporis
3429 2719 3649 2773 passus.
3678 2704 3745 2757 In
3770 2703 3937 2775 aequi-

2293 2796 2550 2852 noctium
2580 2797 2807 2869 quando
2831 2798 2930 2852 lux
2959 2796 3304 2865 extenditur,
3326 2800 3382 2851 ct
3406 2796 3655 2851 tenebrae
3670 2797 3938 2853 minuun-

2292 2894 2405 2958 tur,
2433 2894 2570 2945 tunc
2594 2890 2836 2946 traditur
2859 2890 3113 2946 Christus
3143 2894 3199 2945 et
3225 2893 3528 2960 conceptus
3553 2894 3718 2945 utero
3749 2891 3934 2963 Virgi—

2292 2983 2382 3038 nis
2398 3002 2416 3054 ;
2451 2989 2508 3040 et
2527 2984 2630 3039 sub
2657 2985 2859 3041 eodem
2884 2984 3160 3039 curriculo
3190 2983 3408 3039 adﬁxus
3440 2982 3690 3054 patibulo
3736 2986 3936 3041 crucis.

2294 3078 2357 3132 In
2383 3078 2643 3149 solstitio,
2665 3079 2726 3134 in
2751 3096 2864 3152 quo
2887 3079 3008 3134 dies
3033 3077 3234 3149 incipit
3261 3077 3466 3145 minui,
3496 3083 3552 3133 et
3575 3095 3689 3135 nox
3707 3080 3933 3152 augeri,

2292 3170 2576 3229 Iohannes
2610 3173 2859 3229 creditur
2897 3176 3086 3239 natus,
3129 3175 3193 3228 ut
3226 3171 3476 3226 famulus
3508 3188 3521 3226 :
3563 3172 3624 3227 in
3661 3174 3762 3229 illo
3804 3191 3936 3230 vero

2293 3266 2550 3337 solstitio,
2582 3284 2652 3322 ex
2678 3284 2790 3340 quo
2815 3267 2933 3323 dies
2965 3270 3229 3340 augetur,
3258 3271 3314 3321 et
3370 3266 3616 3323 tenebrae
3657 3267 3936 3324 minuuno

2291 3363 2404 3430 tur,
2434 3365 2598 3416 natus
2629 3366 2713 3416 est
2728 3360 2921 3434 460
2949 3379 3021 3419 ex
3044 3364 3263 3438 virgine
3306 3369 3478 3426 Maria
3517 3366 3794 3423 Salvator.
3834 3365 3936 3418 Pro

2291 3454 2397 3508 hoc
2427 3454 2823 3525 quatripartito
2852 3459 3088 3515 rotantis
3113 3462 3250 3518 anni
3292 3462 3572 3519 curriculo
3610 3460 3786 3517 etiam
3806 3455 3935 3513 libri

2291 3546 2464 3617 hujus
2489 3547 2662 3601 ﬁdem
2686 3550 3048 3609 terminando
3076 3555 3475 3628 distinximus;
3518 3561 3585 3611 ut
3618 3553 3756 3627 quia
3791 3568 3928 3624 qua-

2290 3644 2421 3696 tuor
2447 3644 2707 3713 tempora
2728 3645 2865 3699 anni
2913 3647 3022 3702 isto
3067 3650 3330 3707 videntur
3383 3651 3581 3707 ordine
3616 3644 3932 3713 terminari,

2290 3734 2367 3789 ita
2392 3735 2565 3790 etiam
2603 3741 2847 3809 quatuor
2881 3742 3187 3799 voluminis
3224 3746 3395 3817 hujus
3429 3745 3564 3801 libri
3606 3743 3937 3800 distinctum

2291 3828 2531 3886 reddent
2565 3831 2816 3888 ofﬁcium
2852 3851 2957 3906 per
3003 3837 3283 3894 circulum
3324 3839 3480 3910 anni,
3528 3839 3704 3893 instar
3760 3831 3939 3891 sancti

2291 3921 2599 3996 Evangelii,
2608 3925 2631 3997 j
2641 3930 2777 3981 uxta
2791 3930 2943 4000 quod
2964 3935 3089 3986 rota
3102 3931 3339 3988 inferius
3352 3932 3696 4005 praesignata
3710 3930 3938 3985 videtur

2293 4018 2602 4075 attendere.
2659 4020 2940 4092 Deprecor
2978 4030 3170 4081 autem
3215 4031 3290 4097 te,
3332 4031 3388 4083 et
3433 4043 3629 4082 omnes
3674 4025 3752 4079 ad
3799 4040 3938 4096 quos

2292 4108 2539 4166 formula
2562 4113 2667 4168 ista
2689 4114 2916 4187 legendi
2944 4120 3285 4189 pervenerit,
3313 4126 3381 4176 ut
3404 4118 3788 4191 omnipotenti
3828 4118 3934 4172 Do-

2292 4204 2452 4261 mino
2470 4222 2575 4277 pro
2606 4224 2699 4264 me
2721 4192 2952 4266 exorare
2969 4211 3307 4286 dignemini,
3336 4218 3615 4287 quatenus
3640 4229 3749 4286 pro
3766 4212 3939 4283 hujus

2294 4300 2479 4371 operis
2550 4302 2739 4358 labore
2814 4304 3221 4376 aliquantulam
3280 4309 3430 4380 apud
3480 4308 3671 4380 ipsum
3735 4322 3939 4379 capere

2293 4407 2517 4449 merear
2580 4395 2778 4467 gratiae
2826 4398 3169 4469 portionem.
3214 4403 3351 4457 Data
3401 4401 3672 4457 Calendas
3718 4402 3936 4471 Iunias,

2294 4487 2550 4559 Hippone
2577 4490 2774 4562 Regio,
2794 4493 3030 4549 Arcadio
3056 4500 3112 4551 et
3137 4495 3374 4551 houorio
3402 4496 3652 4569 Agustis.

560 4607 693 4664 que,
720 4593 786 4644 ut
808 4588 879 4642 ab
908 4584 1106 4642 eodem
1144 4579 1234 4634 die
1273 4594 1452 4650 usque
1495 4580 1565 4634 ad
1597 4580 1958 4639 Nativitatem
1994 4583 2199 4640 Christi
2217 4598 2277 4670 D
2369 4583 2619 4639 Felieiter
2678 4587 2904 4657 eaplicit
2966 4590 3199 4659 epistula
3262 4591 3438 4646 sancti
3500 4591 3769 4661 Agustini
3827 4594 3934 4661 epi-

559 4685 973 4758 prophetartun
1034 4690 1250 4746 organa
1302 4674 1736 4747 tympanizando
1798 4678 2031 4734 resultet
2092 4679 2194 4733 Ec-

563 4779 749 4837 clesia.

634 4872 742 4928 Sed
781 4868 913 4941 quia
954 4869 1087 4921 sunt
1121 4865 1380 4921 nonnulli
1416 4865 1515 4939 qui
1550 4867 1872 4923 Adventum
1912 4867 2135 4923 Domini
2166 4886 2199 4923 a

563 4964 862 5026 festivitate
900 4960 1049 5016 beati
1104 4960 1324 5016 Martini
1372 4962 1707 5017 Turonensis
1750 4962 1906 5017 urbis
1953 4962 2200 5035 episcopi

562 5061 826 5118 videntur
853 5055 1183 5128 insipienter
1207 5056 1480 5127 excolere,
1508 5073 1609 5110 nos
1636 5073 1729 5111 eos
1756 5074 1872 5113 non
1898 5060 2200 5130 reprehen—

566 5156 774 5222 dimus,
804 5153 936 5226 quia
962 5168 1080 5207 non
1098 5166 1297 5205 omnes
1322 5148 1510 5204 omnia
1552 5156 1806 5221 possunt,
1854 5157 1911 5208 et
1952 5154 2200 5208 maxime

568 5267 701 5307 cum
722 5248 1017 5322 Apostolus
1060 5245 1243 5300 dicat:
1296 5245 1594 5313 Unicuique
1636 5247 1776 5299 sicut
1818 5248 1963 5301 Deus
2013 5248 2203 5301 divisit

567 5361 878 5403 mensuram
901 5342 1048 5414 ﬁdei.
1074 5339 1180 5395 Sed
1206 5339 1375 5409 longe
1403 5338 1564 5393 aliter
1586 5344 1668 5395 est
1681 5339 1970 5412 plenitudo
1988 5340 2202 5396 ordinis

567 5448 623 5499 et
650 5438 938 5511 religionis
964 5436 1192 5490 nostris.
1220 5431 1490 5487 Martinus
1510 5434 1717 5488 etenim
1765 5437 1990 5488 sanctus
2032 5435 2201 5507 longe

567 5541 697 5610 post
722 5529 1103 5588 ascensionem
1141 5525 1385 5597 Domini,
1424 5527 1511 5582 vel
1536 5532 1662 5599 post
1695 5527 2049 5583 nativitatem
2077 5544 2205 5600 pro-

569 5632 692 5699 diit,
725 5626 811 5682 vel
839 5628 965 5696 post
1001 5626 1245 5677 mortem
1279 5621 1551 5690 discessit,
1596 5622 1806 5693 quippe
1853 5622 1953 5694 qui
1995 5624 2204 5679 nostris

572 5719 923 5795 temporibus
956 5733 1128 5790 prope
1164 5716 1292 5783 fuit,
1339 5715 1593 5787 quamvis
1631 5716 1691 5770 in
1739 5716 1896 5771 brevi
1946 5721 2203 5790 tempore

570 5820 725 5875 fama
749 5812 1056 5870 sanctitatis
1081 5815 1139 5867 et
1162 5810 1387 5867 virtutis
1411 5809 1563 5866 illius
1590 5814 1772 5867 totum
1800 5811 2084 5868 mundum
2110 5828 2201 5869 re-

646 5913 713 5989 (α)
742 5911 873 5966 Vide
900 5925 1037 5982 pag.
1074 5910 1194 5963 H5.

2298 4697 2466 4738 εσουι.

2426 4699 2466 4738 ι.

2356 4696 2422 4750 Op
2616 4753 2700 4808 IV.
2743 4768 2919 4810 δεηΜο
2957 4769 3011 4809 IN
3050 4768 3251 4810 VIGILIA
3288 4770 3612 4814 ΕΡΙΡΗΑΝΙᾸΞ.

2542 4854 2630 4908 Ea:
2671 4854 2840 4907 veteri
2877 4854 3216 4909 Lectionario
3256 4853 3540 4912 Gallicana
3590 4858 3685 4929 (a).

2369 4963 2601 5019 Audivit
2640 4962 2934 5018 nobiscum
2972 4965 3174 5021 caritas
3221 4971 3425 5040 vestra,
3462 4970 3825 5043 Evangelista
3862 4971 3940 5026 di-

2300 5061 2458 5112 cente
2503 5074 2516 5111 :
2572 5057 2704 5111 Cum
2744 5061 2906 5113 natus
2950 5074 3080 5128 esse,
3123 5059 3327 5133 inquit,
3381 5066 3522 5119 Deus
3575 5067 3634 5119 in
3670 5067 3937 5121 Bethleem

2298 5151 2498 5205 Iudaeae
2519 5153 2579 5205 in
2609 5151 2797 5205 diebus
2822 5153 3052 5209 Herodis
3070 5158 3213 5223 regis
3239 5174 3258 5207 :
3283 5172 3393 5212 ecce
3411 5160 3558 5225 magi
3577 5164 3844 5215 venerunt
3869 5160 3937 5213 ab

2303 5243 2518 5299 Oriente
2540 5246 2933 5316 Hyerusolyma
2961 5248 3195 5306 dicentes
3223 5264 3238 5301 :
3278 5250 3380 5306 Ubi
3408 5258 3488 5307 est
3518 5255 3616 5322 qui
3656 5230 3823 5307 natus
3862 5257 3937 5307 est

2300 5340 2415 5394 Rea:
2437 5340 2789 5395 Iudaeorum?
2819 5342 3067 5397 Vidimus
3086 5347 3229 5399 enim
3246 5346 3458 5400 stellam
3482 5346 3601 5415 ejus
3619 5348 3676 5400 in
3700 5345 3935 5410 Oriente,

2304 5439 2355 5490 et
2382 5436 2626 5490 venimus
2668 5435 2900 5491 adorare
2948 5454 3087 5493 eum.
3124 5438 3278 5493 Felix
3310 5437 3408 5492 illa
3451 5438 3662 5510 civitas,
3712 5439 3936 5509 fratres,

2304 5528 2394 5584 cui
2416 5528 2550 5583 civis
2589 5533 2753 5584 natus
2791 5535 2875 5586 est
2927 5530 3109 5586 Deus!
3152 5549 3281 5605 quae
3331 5533 3618 5605 singulare
3668 5534 3939 5589 meritum

2303 5629 2452 5700 ante_
2476 5624 2783 5680 adventum
2818 5625 3112 5680 Salvatoris
3151 5627 3450 5698 accipiens,
3480 5612 3672 5700 prima
3719 5626 3941 5683 laudari

2304 5691 2516 5773 meriiit
2530 5734 2634 5790 per
2647 5718 3002 5790 prophetam,
3025 5734 3198 5790 quam
3213 5691 3453 5777 disceret
3464 5691 3637 5794 quem
3651 5721 3936 5778 sumebat.

2306 5807 2462 5864 Felix
2485 5811 2568 5877 tu,
2600 5807 2790 5863 civitas
2817 5808 3102 5865 Bethleem
3124 5807 3141 5863 l
3169 5808 3302 5881 quia
3320 5826 3437 5867 non
3458 5827 3517 5868 es
3531 5810 3774 5869 minima
3787 5811 3938 5868 inter
