4014 6230
88 403 170 457 433
701 399 791 453 ΑΙ)
830 399 1318 455 PRJECEDENTIA
1357 390 1673 455 LITURGIA

1859 402 2053 457 [υΜΕΝ
2060 403 2143 459 TA
2179 405 2515 461 APPENDIX
2551 407 2780 463 PRIMA.
3340 411 3444 468 434

85 506 336 584 principes
359 504 528 561 Iuda.
559 505 640 561 Ex
679 509 737 562 te
781 507 936 563 enim
978 507 1200 580 prodiet
1233 508 1488 581 Befqui
1541 512 1703 581 reget
1723 510 2025 595 Avagitus
2058 513 2311 584 majores
2353 514 2606 586 gemitus
2652 514 2988 588 exigebant.
3016 516 3182 572 Nulla
3207 516 3437 589 domus,

86 600 334 678 populum
362 615 563 655 meum
584 600 810 655 Israhel.
851 600 999 666 Quid
1023 602 1142 673 agit
1164 602 1325 669 Juda,
1354 618 1556 658 eorum
1592 619 1698 658 eae-
1801 606 1990 660 nullus
2048 606 2281 661 orbitati
2319 612 2637 663 restaverat
2673 610 2850 678 locus,
2878 609 2977 665 ubi
3026 627 3143 666 non
3193 611 3440 684 diligens

87 698 203 753 citas
228 693 524 763 mentium,
568 694 665 765 qui
698 695 1010 750 adventum
1043 695 1349 751 Salvatoris
1386 712 1491 752 nec
1525 696 1693 752 intel-
1796 700 2102 755 crudelitas
2115 700 2238 755 fuit.
2255 702 2531 757 Jacebant
2551 703 2748 759 brevia
2763 705 3434 777 vulneramembrorum,

85 792 234 862 ligere
258 791 610 858 meruerunt,
640 805 746 843 nec
771 788 1313 861 nosse?1mpletum
1352 795 1436 846 est
1477 791 1697 846 cunctis
1798 795 1856 847 et
1892 794 2079 848 velato
2128 795 2287 849 vultu
2331 795 2477 851 tristi
2522 798 2779 853 colorata.
2820 799 3041 869 pallore
3091 802 3434 856 cunctorum

84 883 341 957 propheta:
370 897 715 953 responsum
744 899 758 936 :
788 882 1136 939 Salvatorem
1160 887 1423 939 nostrum
1448 883 1695 955 prodidit
1794 886 2088 941 mentibus
2117 888 2404 959 laerymas
2439 889 2676 945 dabant.
2708 890 2937 945 Minutis
2980 892 3266 948 mortibus
3312 897 3437 951 tota

84 978 276 1033 caelum.
307 975 537 1039 Quando
558 977 715 1032 enim
733 976 911 1033 latere
934 981 1177 1048 poterat,
1200 994 1373 1050 quem
1396 977 1545 1034 Deus
1560 982 1693 1033 ante
1794 979 1991 1035 civitas
2020 981 2370 1052 replebatur,
2402 985 2461 1037 et
2491 984 2758 1039 omnium
2787 985 3125 1056 posteritate
3146 990 3432 1058 truncata,

81 1070 426 1145 praedixerat?
469 1070 762 1126 Bethleem
802 1070 997 1126 civitas
1042 1070 1257 1144 accepit
1294 1072 1364 1127 de
1421 1071 1694 1128 astriferis
1792 1073 1902 1128 hoc
1930 1075 2117 1129 solum
2145 1075 2343 1143 evasit,
2377 1076 2533 1147 quod
2552 1078 2813 1148 vagitum
2831 1079 3046 1135 habere
3065 1096 3183 1135 non
3200 1082 3433 1137 meruit.

79 1164 299 1238 partibus
323 1162 528 1234 civem,
559 1169 615 1219 et
638 1181 744 1236 per
760 1180 975 1220 novum
1000 1165 1244 1221 incolam
1270 1166 1485 1238 grande
1524 1165 1693 1222 meri-
1790 1169 1853 1221 In
1901 1167 2001 1221 illa
2042 1171 2260 1223 matres
2298 1168 2548 1223 ﬁliorum
2598 1170 2915 1241 perniciem
2956 1172 3150 1246 462
3194 1174 3437 1231 intentas

78 1264 177 1313 tum
199 1256 406 1326 transit,
429 1258 569 1330 quia
593 1275 709 1314 non
734 1262 918 1331 potest
945 1258 1097 1314 ﬁniri
1127 1260 1281 1332 quod
1316 1259 1545 1316 meruit.
1582 1261 1691 1317 Sed
1791 1260 2073 1331 grandine
2117 1261 2457 1330 liberorum,
2496 1279 2613 1318 una
2650 1263 2870 1320 femina
2914 1265 3049 1320 felix
3075 1267 3272 1337 evasit,
3302 1286 3432 1340 quae

73 1356 236 1425 postea
276 1367 447 1423 quam
496 1354 696 1423 partus
732 1351 826 1407 ille
870 1353 1079 1409 caelesti
1124 1352 1289 1424 signo
1332 1356 1689 1411 monstrante
1788 1354 1897 1408 fuit
1914 1354 2074 1426 virgo
2104 1358 2235 1427 post
2263 1359 2517 1427 partum.
2553 1355 2702 1421 Quid
2711 1357 2861 1428 juvit
2882 1360 3133 1429 replesse
3159 1364 3246 1416 tot
3272 1363 3436 1418 fune-

74 1448 300 1517 repertus
314 1448 398 1501 est
422 1445 714 1518 visusque,
744 1462 942 1518 magos
966 1447 1290 1502 veneranda
1320 1447 1569 1502 turbavit
1595 1447 1685 1503 in-
1786 1447 1945 1503 ribus
1972 1450 2236 1504 terram?
2276 1449 2416 1521 quid
2446 1450 2665 1522 profuit
2694 1454 2856 1506 tanta
2897 1451 3074 1507 ubera
3122 1453 3432 1511 ﬂuentibus

73 1538 415 1609 fantia.!Nihil
440 1539 525 1594 ibi
542 1539 776 1599 omnino
790 1540 1177 1596 contemtibile
1198 1540 1382 1595 inillis
1406 1541 1686 1613 vagitibus
1787 1541 2046 1611 siecasse,
2079 1559 2212 1597 cum
2242 1544 2504 1598 futurum
2535 1545 2757 1599 malum
2783 1548 2931 1601 Deus
2964 1549 3098 1601 ante
3125 1547 3430 1619 przedixit?

74 1634 178 1699 luit,
202 1632 331 1705 quia
365 1633 653 1688 humanos
682 1635 829 1689 Deus
864 1650 1060 1689 sensus
1103 1634 1350 1706 aspexit;
1395 1634 1494 1690 sed
1529 1639 1684 1706 posts
1784 1636 2023 1692 Constat
2076 1653 2215 1708 ergo
2251 1637 2550 1693 Iudaicam
2607 1641 2845 1709 gentem
2888 1639 3150 1695 nascenti
3180 1642 3428 1698 Domino

72 1743 218 1798 quam
241 1727 538 1798 probatam
566 1727 743 1799 ipsius
766 1726 965 1783 sideris
1002 1728 1194 1799 ﬁdem,
1236 1728 1495 1784 fallentes
1527 1730 1684 1802 magi
1783 1746 2113 1800 praeparare
2172 1729 2519 1801 perniciem;
2574 1731 2838 1803 adeoque
2899 1733 3111 1788 eodem
3166 1736 3429 1806 tempore

72 1820 233 1892 regale
256 1824 630 1893 praeceptum,
659 1824 878 1877 exteras
900 1826 1138 1878 tenuere
1164 1822 1464 1893 regiones;
1505 1824 1681 1879 Hero-
1784 1824 1941 1878 Deus
1957 1824 2213 1878 Christus
2239 1824 2420 1878 voluit
2449 1824 2677 1893 docere,
2714 1825 2850 1897 quia
2871 1827 3104 1882 Iudaeus
3122 1843 3241 1884 non
3262 1845 3432 1884 nove-

70 1916 141 1971 dis
188 1914 331 1986 regis
376 1914 620 1970 vitantes
660 1920 974 1987 aspectum,
1020 1915 1325 1971 voluerunt
1368 1920 1684 1975 monstrare
1703 1900 1761 1973 B
1781 1921 1876 1976 rat
1906 1918 2062 1989 quod
2081 1918 2265 1973 ﬁeret.
2292 1917 2406 1973 Sed
2432 1919 2568 1991 quia
2593 1919 2872 1975 Dominus
2893 1921 3151 1976 Christus
3174 1923 3428 1994 passioni

72 2007 265 2081 plenius
284 2007 465 2081 461
498 2008 653 2081 quod
671 2009 971 2066 timebant.
985 2009 1251 2082 Majorem
1267 2026 1370 2066 rex
1389 2010 1685 2067 stimulum
1784 2010 2107 2083 prohibitus
2154 2012 2241 2065 vel
2278 2011 2487 2066 dilatus
2526 2015 2631 2080 est,
2677 2012 2884 2069 maluit
2912 2014 3217 2071 virtutibus
3264 2016 3425 2086 disci,

73 2103 231 2173 sentit,
273 2102 362 2157 cui
404 2119 522 2158 non
561 2102 880 2159 ostenditur
924 2103 1077 2176 quod
1118 2108 1363 2159 veretur.
1403 2104 1510 2160 Sed
1552 2122 1683 2161 cum
1785 2120 1962 2176 quam
1990 2107 2124 2158 ante
2148 2106 2379 2177 tempus
2400 2104 2604 2159 occidi.

72 2195 302 2253 sollicitus
324 2213 447 2267 rex,
476 2199 760 2253 transacto
797 2201 1058 2271 tempore
1093 2196 1383 2269 veniendi,
1422 2198 1683 2256 fallentes
1834 2199 1897 2252 V.
1930 2214 2317 2254 resrum'ruu
2356 2214 2629 2254 ILLUSTRIS
2669 2215 2933 2257 ωλι-λοιπε.
2971 2216 3367 2259 ERMENTRUDIS.

70 2307 237 2363 magos
275 2291 524 2347 deviasse
573 2294 958 2364 cognosceret,
1012 2292 1196 2365 adque
1241 2292 1366 2363 ejus
1420 2292 1681 2349 animum
1780 2294 1867 2348 Em
1889 2293 2226 2361 autographa
2265 2294 2597 2362 Dionysia-no
2632 2294 2694 2348 in
2726 2294 2923 2349 charta
2959 2296 3286 2366 ﬁgypﬁaca
3321 2297 3420 2369 (a).

72 2384 353 2457 incognitus
393 2385 629 2442 infantis
673 2389 932 2458 aspectus
978 2385 1210 2441 diversis
1242 2386 1489 2442 motibus
1524 2386 1681 2442 dissi-
1969 2385 2387 2441 sacratissimus
2420 2386 2589 2441 ﬁscus
2627 2386 2944 2459 percipeat.
2970 2389 3031 2444 Si
3055 2406 3190 2444 vero
3222 2391 3423 2447 omnia

73 2482 232 2549 paret;
259 2480 364 2535 hoc
389 2479 649 2553 prodidit
673 2480 910 2536 crudelii
935 2484 1056 2536 arte
1082 2479 1320 2550 consilii,
1348 2485 1414 2536 ut
1437 2480 1509 2536 ad
1529 2481 1682 2537 inve-
1780 2479 1937 2551 quod
1961 2479 2020 2534 in
2042 2480 2195 2535 hunc
2215 2482 2635 2535 testamentum
2666 2480 3020 2537 inserui......
3054 2484 3417 2556 custodieris,

73 2572 302 2628 niendam
321 2573 660 2631 successoris
684 2574 1006 2644 infantiam,
1051 2575 1359 2631 occidendo
1395 2580 1679 2647 quaereret
1780 2573 2064 2646 quidquid
2090 2573 2199 2629 tibi
2224 2573 2487 2646 superius
2514 2574 2798 2647 delegavi,
2818 2574 2878 2629 in
2909 2578 3006 2631 tuo
3021 2577 3154 2656 jure
3175 2579 3420 2649 perenni

73 2667 194 2738 quod
228 2667 448 2738 latebat,
492 2669 642 2724 sicut
681 2668 958 2741 scriptum
1001 2673 1085 2725 est
1114 2686 1127 2724 :
1176 2672 1305 2728 Cum
1346 2670 1553 2725 videret
1574 2672 1679 2726 He-
1776 2670 2043 2739 tempore
2074 2671 2681 2740 permaneant.........
2705 2668 2767 2723 in
2792 2671 2947 2725 hunc
2975 2672 3416 2743 testamentum,

73 2760 214 2824 mdes,
240 2763 381 2832 quod
409 2763 630 2819 delusus
651 2766 788 2819 esset
812 2780 847 2818 a
888 2766 1084 2831 magis,
1129 2765 1306 2819 iratus
1346 2764 1677 2829 vehementer
1776 2760 2115 2833 cuicumque
2138 2779 2258 2816 non
2279 2761 2564 2833 depotavi,
2586 2762 2712 2831 tibi,
2737 2762 3069 2818 dulcissime
3080 2764 3181 2833 ﬁli,
3196 2766 3415 2822 habere

73 2857 193 2909 misit
212 2859 269 2910 ut
295 2856 666 2912 occiderentur
694 2872 876 2912 omnes
905 2860 1148 2925 infantes
1188 2861 1249 2912 in
1296 2859 1583 2923 Bethleem,
1623 2863 1676 2915 et
1775 2854 1963 2926 cupio.
1998 2854 2390 2910 Similiter.....
2425 2855 2883 2911 demandatione
2907 2857 3079 2911 bonae
3111 2859 3415 2915 memoriae

72 2951 112 3001 in
135 2950 365 3005 omnibus
384 2951 587 3020 ﬁnibus
612 2952 730 3021 ejus
757 2967 793 3006 a
820 2952 1027 3006 bimam
1050 2956 1102 3007 et
1140 2954 1314 3019 infra.
1356 2951 1510 3007 Felix
1553 2956 1674 3008 erat
1773 2947 2115 3003 Deorovaldi
2148 2948 2301 3003 dono
2330 2947 2432 3003 tibi
2472 2965 2665 3004 eanna
2705 2952 2986 3021 argentea
3009 2951 3238 3006 valente
3286 2954 3417 3024 plus

69 3040 202 3097 ludus
224 3044 487 3114 parvulis,
525 3044 804 3100 moriendi
845 3044 1111 3116 conditio,
1152 3045 1252 3117 qui
1284 3062 1390 3118 pro
1427 3046 1668 3110 Christo,
1770 3042 1964 3097 minus
1990 3041 2203 3097 solidos
2242 3059 2368 3096 xxv.
2397 3044 2465 3097 Et
2493 3060 2527 3097 a
2554 3045 2719 3115 parte
2752 3060 2884 3098 mea
2913 3044 3068 3099 dono
3100 3044 3204 3100 tibi
3235 3062 3412 3103 cauco

68 3141 364 3193 meruerunt
390 3138 535 3210 pati.
561 3139 821 3195 Furentis
863 3139 1017 3212 regis
1048 3155 1254 3196 vesana
1296 3139 1508 3196 saevitia
1542 3157 1668 3196 mo-
1771 3138 2050 3206 argenteo
2092 3135 2319 3190 valente
2365 3137 2469 3191 sol.
2509 3152 2635 3205 xxx,
2677 3139 2737 3191 et
2778 3137 3156 3193 medietatem
3193 3140 3408 3211 ovium,

66 3229 307 3286 rientibus
347 3232 566 3304 profuit
594 3250 608 3287 :
638 3232 738 3305 qui
775 3233 913 3288 dum
939 3249 1321 3290 successorem
1354 3250 1524 3289 suum
1548 3233 1669 3290 dili-
1688 3276 1743 3351 0
1769 3228 2577 3300 quasVigiliusadtendit,cum
2590 3232 2820 3303 pastore
2833 3230 3071 3287 nomine
3084 3232 3408 3304 Gaugiulfo.

68 3324 190 3351 ...Λ-ιε
234 3325 558 3351 ...η-,1-ιει-.ι,.
592 3326 871 3351 ..-.....-:_:1.
942 3327 1140 3351 ,ιε-Α..
1180 3327 1357 3351 εμι---
1392 3331 1666 3351 μ-..ι.--..
1773 3322 1954 3351 eam":
1987 3322 2163 3351 mnAn
2197 3322 2266 3351 ,1η
2302 3323 2324 3351 1’
2350 3323 2594 3351 ηιςηξηιιη
2631 3328 2684 3351 ...ι
2708 3324 3033 3351 ῡηιιιε-εηηη
3075 3321 3207 3351 ἰ......
3236 3328 3408 3351 ..--ιε-

67 3324 193 3394 genti
231 3325 560 3382 crudelitate
592 3326 893 3399 perquirit,
937 3327 1143 3399 dignos
1180 3327 1360 3383 iratus
1392 3321 1959 3401 martyreSESimili
1987 3322 2164 3377 modo
2195 3322 2267 3377 de
2302 3323 2596 3379 Latiniaco
2628 3328 2687 3380 et
2707 3321 3212 3395 Balbiniaco,'tam
3236 3328 3410 3383 vestis

64 3417 189 3473 fecit.
221 3420 357 3474 Nam
397 3420 667 3491 Herodes,
713 3436 887 3493 quem
934 3425 1160 3477 tantum
1215 3421 1441 3478 ravidus
1474 3417 1948 3493 sensus‘mquam
1977 3432 2232 3471 aeramen
2256 3418 2345 3471 vel
2370 3417 2645 3486 utinsilia,
2670 3422 2729 3473 et
2754 3418 2824 3473 de
2843 3419 3099 3473 bovebus
3124 3437 3190 3475 ex
3212 3422 3410 3478 omnia

62 3510 239 3566 furoris
304 3512 523 3569 facibus
587 3493 873 3586 eregebat,
939 3520 1220 3587 quantum
1280 3532 1442 3598 amor
1491 3493 2170 3601 dulcis'm'medietatem,
2196 3510 2323 3579 tibi,
2346 3511 2675 3567 dulcissime
2713 3503 2815 3579 ﬁli,
2844 3512 3060 3567 habere
3109 3515 3403 3587 praecipio.

63 3605 319 3675 potestatis
345 3607 704 3679 accendebat,
723 3608 1011 3664 carniﬁces
1024 3625 1156 3665 suos
1176 3609 1249 3665 ad
1261 3609 1669 3683 inquirendum
1712 3604 1739 3682 ξ
1768 3604 1898 3659 Pari
1927 3604 2260 3660 conditione
2292 3622 2360 3660 ex
2385 3604 2839 3661 demandatione
2883 3605 3055 3661 bonae
3105 3609 3408 3664 memoriae

63 3698 191 3754 misit
239 3700 499 3771 infantes,
559 3701 721 3774 quasi
787 3702 886 3774 qui
932 3703 1112 3759 Deum
1167 3706 1357 3775 posset
1414 3702 1669 3760 invenire
1769 3698 2112 3753 Deorovaldi
2154 3698 2309 3753 dono
2352 3697 2476 3766 tibi,
2511 3699 2838 3754 dulcissime
2883 3698 2983 3767 fili,
3019 3699 3089 3754 de
3136 3700 3404 3771 portione

64 3807 173 3847 cum
196 3793 375 3850 vellet.
401 3798 657 3867 Pergunt
680 3795 743 3851 in
768 3796 1053 3853 civitatem
1068 3795 1316 3852 ministri
1343 3796 1516 3869 regis,
1545 3813 1670 3853 cru-
1771 3792 1893 3863 ejus
1909 3794 1967 3847 et
1983 3791 2053 3846 de
2070 3792 2427 3864 proprietate
2450 3809 2585 3848 mea
2610 3792 2899 3864 mancipia
2924 3792 3012 3848 his
3036 3792 3402 3864 nominebus,

62 3884 170 3939 dele
212 3890 503 3959 portantes
554 3888 888 3961 imperium,
954 3892 1012 3945 et
1060 3890 1269 3945 durum
1312 3893 1666 3962 praeceptum
1769 3886 2140 3957 Unnegiselo,
2181 3886 2591 3956 Aunemundo,
2638 3889 2696 3941 et
2732 3886 2879 3942 ﬁlias
2914 3888 3181 3958 Patricio,
3224 3887 3287 3943 id
3320 3892 3407 3944 est

62 3978 375 4050 ferentes,in
393 3982 692 4054 gladiisad
712 3986 966 4039 matrum
992 3985 1277 4056 lacrymas
1292 3984 1662 4041 festinabant.
1769 3980 2019 4049 Fedane,
2061 3982 2120 4035 et
2155 3980 2525 4051 Ausegunde,
2554 3982 2614 4035 et
2646 3979 3001 4052 Agneehilde
3032 3984 3091 4036 et
3127 3982 3406 4039 Baccione

59 4072 297 4129 Infantile
331 4075 551 4131 bellum
586 4077 646 4131 in
685 4077 951 4132 domibus
1001 4077 1339 4150 gerebatur;
1381 4081 1440 4132 et
1472 4095 1665 4133 secum
1767 4091 1898 4129 cum
1929 4073 2156 4145 gregim
2184 4090 2520 4146 porcorum;
2542 4073 2723 4129 vineae
2746 4073 3059 4146 pedaturas
3085 4076 3247 4146 duas,
3268 4077 3405 4132 sitas

62 4167 163 4221 sola
188 4174 472 4241 pugnante
500 4170 1661 4239 saevitia,orbitatiscrudelitaseminebat.
1765 4167 1826 4223 in
1870 4170 2069 4223 monte
2110 4167 2450 4237 Maurilioni,
2490 4184 2633 4240 quas
2674 4168 3108 4224 Theodaharius
3145 4173 3205 4224 et
3242 4172 3404 4227 Gari-

61 4259 419 4318 Mactabantur
460 4264 521 4319 in
561 4264 723 4320 cunis
763 4264 1036 4334 infantes,
1062 4264 1124 4320 in
1159 4266 1367 4337 quibus
1403 4265 1664 4321 nondum
1762 4262 2017 4317 mundus
2044 4262 2259 4317 colunt.
2286 4262 2480 4317 Vineae
2499 4262 3181 4334 pedaturatertia,sitain
3202 4268 3402 4320 monte

64 4357 167 4407 erat
204 4357 469 4413 nascendi
505 4357 857 4415 conscientia
905 4375 919 4413 :
976 4362 1034 4413 et
1082 4359 1221 4414 illud
1266 4359 1663 4415 membrorum
1763 4356 2268 4424 Metobaure,cum
2286 4355 2532 4411 vinitore
2561 4356 3067 4412 Guntraehario....
3096 4357 3288 4413 Vineae
3308 4375 3404 4429 pe-

62 4445 260 4503 initium
310 4451 563 4523 primum
606 4453 779 4507 funus
829 4452 995 4507 discit
1034 4469 1156 4507 esse
1201 4469 1375 4524 quam
1433 4469 1657 4525 corpus.
1764 4451 1969 4506 datura
1994 4452 2221 4521 quarta,
2252 4449 2361 4505 sita
2387 4449 2748 4521 Taurimaco,
2778 4467 2953 4523 quem
2975 4451 3278 4505 Imnerdus
3304 4468 3399 4506 co—

62 4538 448 4600 Occidebantur
486 4545 651 4601 initia
694 4547 1116 4615 membrorum,
1166 4545 1540 4601 minutissimi
1576 4548 1657 4602 la-
1760 4544 1827 4598 lit
1856 4560 1987 4598 eum
2017 4541 2262 4597 vinitore
2281 4542 2637 4614 Munegisilo.
2657 4544 2850 4600 Vinea:
2868 4544 3151 4616 pedatura
3176 4542 3397 4616 quinta,

61 4636 271 4705 ctantes,
323 4641 379 4693 et
419 4640 638 4711 accepti
689 4656 722 4695 a
760 4639 1042 4696 matribus
1077 4639 1298 4712 parvuli
1342 4640 1401 4694 in
1445 4640 1735 4725 duritiaD
1758 4639 1865 4695 sita
1901 4637 1960 4691 in
1986 4638 2186 4691 monte
2212 4635 2581 4704 Vultoricino,
2614 4654 2789 4709 quem
2841 4638 3026 4694 Sevila
3072 4637 3226 4703 colit,
3267 4654 3401 4692 eum

60 4724 284 4797 lapidum
346 4732 741 4802 vibrabantur,
797 4736 861 4788 ut
897 4733 971 4788 ad
1008 4734 1397 4789 execrandlun
1436 4735 1659 4789 malum
1692 4724 1703 4725 ί
1758 4731 2024 4787 vinitore.
2054 4731 2184 4784 Haec
2215 4729 2414 4784 omnia
2444 4746 2619 4800 supra
2649 4730 2859 4784 scribta
2896 4731 3022 4801 tibi,
3070 4732 3399 4788 dulcissime

61 4836 293 4878 saxorum
320 4842 524 4898 aspera
561 4828 745 4882 moles
779 4830 935 4882 artus
972 4830 1291 4899 spargeret.
1330 4828 1398 4881 Et
1425 4829 1659 4882 necatos
1758 4825 1859 4894 ﬁli,
1888 4842 1955 4880 ex
1986 4840 2120 4880 mea
2141 4824 2437 4879 voluntate
2483 4824 2573 4878 vel
2622 4840 2690 4878 ex
2740 4823 3197 4881 demondatione
3257 4827 3401 4882 divae

63 4917 252 4987 excepit
283 4921 484 4975 nolens
530 4923 687 4975 terra
729 4920 995 4989 conlisos,
1049 4924 1223 4993 atque
1274 4921 1485 4976 iterum
1536 4922 1659 4993 ipsa
1760 4918 2063 4974 memoriae
2078 4917 2421 4973 Deorovaldi
2441 4916 2656 4972 habere
2677 4916 2966 4973 constitui.
2990 4917 3170 4974 Vinea
3202 4919 3311 4976 sita
3341 4921 3401 4977 in

63 5010 363 5069 mortalibus
389 5016 746 5087 sepulturam
782 5015 1047 5087 praebuit,
1082 5015 1179 5087 qui
1222 5015 1447 5087 pridem
1493 5017 1659 5070 natos
1758 5015 1958 5068 monte
1984 5010 2178 5085 463
2206 5012 2403 5067 Me.....
2423 5027 2598 5084 quem
2629 5010 3077 5067 Habundancius
3105 5013 3260 5083 colit,
3284 5031 3405 5071 me-

62 5099 178 5158 leste
202 5109 458 5180 suscepit.
492 5109 609 5165 Sub
637 5112 947 5181 conspectu
977 5112 1229 5164 matrum
1244 5110 1661 5182 premebantur
1762 5107 2039 5162 dietatem
2065 5109 2277 5161 sanctae
2310 5105 2628 5161 ecclesiae...
2668 5105 2883 5160 eliense
2913 5105 3052 5162 dare
3083 5109 3354 5180 praecipio
3385 5126 3399 5165 :

63 5196 252 5267 vagitus
292 5200 602 5272 infantum,
656 5206 715 5257 et
763 5204 1049 5275 laerymas
1099 5220 1229 5259 suas
1267 5204 1326 5258 in
1362 5206 1659 5259 maternos
1761 5200 1937 5256 aliam
1962 5198 2343 5255 medietatem
2370 5199 2444 5254 de
2483 5199 2611 5272 ipsa
2633 5200 2803 5255 vinea
2849 5199 3176 5257 dulcissimo
3204 5203 3402 5274 nepoti

63 5291 223 5345 oculos
243 5297 630 5366 reportabant.
650 5297 909 5353 Salvator
928 5300 1126 5352 noster
1162 5297 1314 5352 inter
1350 5297 1660 5353 infantium
1760 5311 1893 5350 meo
1948 5291 2269 5365 Bertigisilo
2312 5292 2530 5348 habere
2570 5294 2771 5365 jubeo.
2802 5293 3001 5363 Vinea,
3036 5311 3211 5365 quam
3234 5295 3401 5365 Agila

63 5382 235 5441 funera
281 5390 645 5461 quaerebatur
681 5407 694 5445 :
749 5390 848 5463 qui
890 5391 964 5445 ad
1008 5392 1117 5447 hoc
1156 5390 1420 5463 permisit
1452 5409 1556 5464 pro
1600 5408 1660 5447 se
1760 5387 1982 5444 femina
2012 5386 2235 5455 tenuit;
2264 5388 2322 5441 et
2348 5386 2600 5454 vineam,
2631 5403 2807 5457 quam
2825 5387 3219 5443 lmnacharius
3241 5387 3396 5455 colit,

63 5471 277 5535 infantes
303 5483 503 5551 occidi,
535 5487 597 5538 ut
633 5500 739 5556 pro
776 5484 900 5555 ipso
948 5484 1127 5539 ceteri
1167 5484 1455 5540 discerent
1490 5484 1656 5541 mori.
1764 5480 2106 5538 dulcissimae
2146 5480 2305 5553 nepti
2343 5496 2489 5536 meae
2520 5481 2859 5535 Deorovarae
2890 5498 3023 5536 eum
3053 5482 3178 5555 ipso
3208 5484 3397 5537 Imna-

63 5565 310 5631 Natabant
332 5576 538 5632 domus
564 5576 848 5649 sanguine
875 5578 1281 5650 parvulorum;
1307 5594 1414 5633 nec
1435 5577 1545 5633 fuit
1564 5577 1661 5650 qui
1764 5575 1959 5631 chario
1984 5576 2199 5631 habere
2218 5574 2509 5647 praecipio.
2528 5573 2956 5646 Vineaplantas,
2973 5575 3071 5645 qui
3094 5580 3227 5632 sunt
3242 5592 3402 5632 secus

62 5667 558 5727 consolarialterum
589 5673 802 5743 posset,
823 5670 958 5743 quia
981 5688 1098 5727 non
1118 5674 1244 5727 erat
1263 5670 1361 5744 qui
1380 5672 1663 5744 lacrymas
1762 5670 1993 5725 vineam
2028 5669 2296 5738 Sevilam,
2339 5666 2667 5724 dulcissimo
2713 5666 2910 5738 nepoti
2945 5682 3079 5722 meo
3113 5669 3400 5725 Berterico

60 5770 157 5809 non
172 5758 413 5820 haberet.
443 5764 657 5821 Invicta
690 5764 906 5821 orbitas
941 5768 1175 5822 cunctos
1207 5768 1557 5838 aequaverat,
1605 5768 1665 5821 et
1762 5763 1979 5819 habere
2009 5762 2301 5835 praecipio.
2335 5762 2518 5818 Vinea
2544 5778 2718 5835 quem
2738 5759 3090 5817 Vincimalus
3117 5761 3179 5817 in
3200 5764 3399 5817 monte

60 5863 331 5911 commune
342 5860 560 5915 malum
573 5858 787 5933 ubique
798 5859 1043 5916 luctibus
1057 5858 1662 5934 gerebatur.0ppressi
1762 5853 2113 5914 Vultoricino
2140 5857 2294 5926 colit,
2324 5859 2382 5913 et
2400 5857 2612 5930 puella,
2646 5854 2888 5913 nomine
2909 5854 3318 5925 Sunneehilde,
3342 5855 3400 5908 et

124 5943 189 6017 (α)
208 5946 339 6007 Vide
364 5968 500 6027 pag.
530 5953 651 6014 184.
