4014 6230
524 375 627 430 435

1322 326 1654 430 ᾸΡΡΕΝΒΙΧ
1691 372 1779 428 Al)
1815 373 2035 427 OPERA
2073 374 2307 430 SANCTI
2346 375 2645 432 GERMANI
2684 376 3113 432 PARISIENSIS.

3800 381 3902 437 436

527 481 735 539 ancilla
760 480 1000 538 nomine
1019 480 1233 550 Iverize,
1257 497 1387 536 cum
1407 479 1525 536 ﬁlio
1537 478 1797 535 Leudino
1819 479 2165 537 dulcissimae
2187 491 2246 567 Α
2264 482 2462 541 harius
2494 481 2757 539 similiter
2780 499 2913 539 cum
2942 483 3120 539 boves
3149 485 3214 539 ut
3231 483 3500 541 laborent
3515 484 3721 557 jubeo,
3752 488 3906 545 unde

526 595 685 634 norm
710 594 859 633 mea:
879 577 1199 633 Bertovarae
1216 575 1430 630 habere
1446 573 1645 645 jubeo.
1668 575 1812 629 Item
1834 573 2160 632 dulcissimo

528 672 725 745 nepoti
749 688 882 726 meo
908 668 1243 741 Bertegisilo
1270 667 1536 722 ichriario
1566 671 1869 739 argenteo,
1904 671 1963 724 et
1991 685 2158 724 man-

528 766 678 838 cipia
707 765 794 821 his
824 763 1189 830 nominebus,
1219 761 1544 831 Sunniulfo,
1578 764 1637 816 et
1676 778 1873 818 sorore
1918 763 2041 834 ejus
2066 763 2159 819 Gi-

527 864 833 932 bethrude,
862 865 921 917 et
950 861 1095 917 ﬁlias
1132 860 1452 930 Anthimio,
1486 865 1545 916 et
1570 860 1689 916 ﬁlio
2072 880 2161 919 nae

520 960 754 1033 juniore
801 958 1017 1012 habere
1064 955 1370 1011 constituo.
1415 956 1583 1028 Nepti
1634 972 1781 1012 meae
1824 958 2161 1012 Deorovarae

527 1055 764 1110 scutella
794 1052 1074 1122 argentea
1103 1049 1432 1119 cruciolata,
1462 1052 1520 1105 et
1540 1049 1829 1121 mancipia
1857 1050 1945 1105 his
1970 1050 2160 1106 nomi-

528 1148 726 1214 nebus,
763 1144 1171 1201 Tanechildem
1216 1144 1683 1216 Imnegunthem,
1726 1144 2158 1216 lmnegisilum;

524 1244 585 1297 et
606 1239 843 1296 lectaria
870 1239 945 1295 ad
970 1239 1119 1294 lecto
1148 1254 1264 1293 uno
1292 1237 1389 1309 qui
1418 1238 1629 1293 melior
1652 1238 1845 1306 fuerit,
1880 1242 1938 1292 et
1980 1226 2160 1309 puero

526 1334 764 1390 nomine
803 1331 1198 1400 Gundofredo,
1233 1333 1292 1386 et
1337 1330 1547 1387 ancilla
1594 1331 1829 1386 nomine
1872 1331 2159 1402 Theigun-

527 1429 685 1497 dem,
741 1444 969 1483 necnon
1001 1430 1060 1482 et
1096 1426 1288 1497 puella
1330 1426 1565 1481 nomine
1592 1423 2010 1480 Andechildem
2037 1425 2162 1481 dari

526 1521 832 1579 constituo.
865 1519 1205 1576 Dulcissimo
1245 1519 1442 1591 nepoti
1477 1536 1609 1574 meo
1637 1518 1942 1587 Berterico,
1980 1536 2160 1590 puero

526 1615 762 1673 nomine
790 1613 1104 1685 Medigisilo
1138 1613 1352 1669 habere
1373 1612 1572 1683 jubeo.

596 1708 862 1766 Baselicis
891 1706 1212 1763 constitutis
1230 1705 1497 1773 Parisius,
1525 1705 1585 1760 id
1622 1708 1709 1759 est
1741 1704 2006 1761 baselicae
2039 1723 2165 1761 san-

526 1804 600 1861 cti
619 1803 794 1871 Petri,
822 1802 982 1857 urcio
1003 1803 1281 1871 argenteo
1302 1801 1531 1855 valente
1554 1799 1784 1854 soledus
1800 1799 2078 1867 duodece,
2105 1804 2163 1855 et
2181 1869 2219 1871 _
2265 1801 2604 1856 libertorum
2647 1814 2916 1854 meorum
2956 1815 3213 1854 nomena
3238 1799 3297 1854 in
3328 1841 3342 1854 .

2264 578 2456 634 oblata
2496 578 2568 633 ad
2608 576 2859 634 baselica
2897 577 3079 634 sancti
3126 577 3448 634 Sinsuriani
3485 596 3591 651 pro
3634 582 3906 655 requiem

2262 672 2607 729 Deorovaldi
2653 671 2946 728 offeretur.
2979 671 3164 729 Simili
3190 673 3368 729 modo
3394 674 3575 731 vinea:
3618 676 3908 747 pedatura

2263 784 2399 835 una,
2432 766 2539 822 sita
2566 765 2925 835 Tauriniaco,
2954 770 3011 822 et
3036 783 3211 839 quem
3238 767 3421 840 Pinpo
3450 769 3605 838 colit,
3637 770 3909 827 baselicaa

2260 860 2561 918 Domni....
2586 860 2750 932 eorgi
2777 860 3042 932 (Georgii)
3071 861 3237 916 Cal...
3265 860 3439 934 (Cala)
3459 862 3584 919 dari
3604 864 3905 937 praecipio.

2261 957 2454 1012 Vineae
2498 954 2781 1026 pedatura
2812 971 2947 1023 una,
2977 955 3085 1009 sita
3117 955 3177 1032 in
3222 958 3421 1011 monte
3463 957 3697 1025 Buxata,
3730 975 3908 1030 quem

2260 1050 2453 1107 Juvius
2482 1048 2636 1117 colit,
2675 1048 2914 1104 ecclisiaa
2944 1048 3372 1104 Boninsiacinse
3418 1049 3543 1105 dari
3592 1051 3905 1108 constituo.

2262 1144 2461 1212 Vinea,
2491 1159 2667 1216 quem
2693 1142 2927 1198 Uvassio
2954 1143 3110 1212 colit,
3141 1159 3273 1198 cum
3296 1141 3421 1216 ipso
3451 1138 3786 1201 UvasSione.
3834 1187 3847 1200 .
3893 1187 3906 1201 .

2264 1348 2437 1404 quem
2474 1373 2487 1386 .
2534 1373 2545 1386 .
2592 1373 2604 1386 .
2652 1372 2664 1384 .
2712 1372 2724 1386 .
2770 1371 2783 1384 .
2829 1371 2842 1384 .
2887 1331 3119 1385 .colere
3144 1330 3372 1400 debeat,
3405 1331 3670 1389 baselica:
3701 1333 3909 1391 domni

2263 1424 3907 1483 Sinsuriani........oblata........dari

2263 1519 2568 1575 constituo.
2583 1517 2776 1572 Vineae
2792 1516 3075 1588 pedatura
3087 1534 3221 1585 una,
3236 1518 3343 1574 sita
3360 1518 3419 1574 in
3439 1523 3639 1575 monte
3664 1520 3905 1589 Blixata,

2264 1630 2440 1685 quem
2470 1611 2830 1667 Leudefredo
2860 1611 3013 1679 colit,
3035 1611 3297 1667 baselicaz
3326 1613 3505 1669 sancti
3538 1655 3552 1669 .
3597 1656 3609 1669 .
3656 1655 3668 1669 .
3716 1656 3731 1668 .
3777 1656 3790 1669 .
3822 1631 3907 1670 ar-

2265 1706 2369 1762 tini
2395 1707 2539 1777 (Leg.
2571 1704 2818 1776 Martini)
2860 1704 2911 1759 ci
2941 1709 3185 1776 perente
3227 1706 3350 1761 dari
3384 1708 3563 1778 jubeo
3596 1748 3609 1763 .
3657 1749 3669 1761 .
3717 1748 3732 1762 .
3779 1749 3793 1761 .
3834 1750 3847 1763 .
3893 1748 3907 1763 .

3388 1843 3402 1856 .
3448 1842 3462 1856 .
3503 1843 3517 1857 .
3548 1804 3909 1857 testamento

522 1899 660 1954 ﬁbla
685 1869 861 1952 aurea
904 1869 1199 1966 gemmata
1227 1893 1301 1949 ad
1325 1895 1525 1948 mento
1553 1892 1678 1947 dari
1723 1893 2029 1949 constituo.
2056 1895 2160 1949 Ba-
2180 1869 2238 1941 B
2262 1894 2395 1949 abin
2428 1934 2442 1949 .
2487 1935 2501 1949 .
2545 1934 2560 1949 .
2605 1933 2618 1947 .
2666 1934 2680 1948 .
2712 1892 2786 1947 cti
2832 1892 3117 1947 constituo
3160 1893 3587 1966 Medibergane,
3623 1896 3907 1962 Honorio,

525 1992 712 2049 selicae
734 1990 965 2045 domnae
993 1987 1181 2044 Mariae
1208 1990 1449 2059 gravata
1480 1988 1758 2058 argentea
1793 1988 2021 2043 valente
2053 1988 2156 2043 sol.

526 2084 805 2153 duodece,
835 2085 894 2136 et
921 2099 1087 2137 cruce
1122 2098 1300 2137 aurea
1324 2083 1554 2136 valente
1575 2081 1679 2136 sol.
1703 2083 1884 2152 septe,
1917 2080 2043 2135 dari
2065 2081 2157 2152 ju-

523 2179 653 2235 beo.
684 2175 950 2232 Baselicae
976 2175 1177 2230 domni
1203 2174 1425 2231 Stefani
1447 2175 1620 2230 anolo
1656 2190 1832 2229 aureo
1885 2174 2160 2245 nigellato

522 2273 749 2328 valente
769 2271 874 2326 sol.
909 2272 1178 2342 quatuor,
1207 2269 1332 2324 dari
1361 2269 1510 2324 volo.
1539 2267 1790 2323 Basilicas
1808 2267 2011 2323 domni
2031 2268 2164 2324 Ger-

522 2366 642 2421 vasi
676 2367 848 2421 anolo
888 2380 1088 2431 aureo,
1140 2379 1359 2418 nomen
1393 2378 1592 2417 meum
1638 2361 1697 2416 in
1737 2378 1798 2416 se
1847 2362 2162 2417 habentem

521 2459 817 2527 scribtum,
847 2457 971 2513 dari
998 2456 1290 2528 praecipio.
1316 2455 1581 2511 Baselicre
1622 2456 1804 2511 sancti
1843 2455 2164 2512 Sinsuriani

526 2552 679 2625 (Sic),
699 2552 758 2607 in
789 2567 904 2623 qua
934 2550 1102 2605 bonaa
1128 2549 1548 2605 recordationis
1576 2548 1725 2605 ﬁlius
1752 2566 1916 2604 meus
1946 2551 2162 2606 Deoro-

521 2645 721 2701 valdus
746 2643 1072 2716 requiescit,
1102 2645 1271 2699 freno
1300 2644 1525 2703 valente
1552 2644 1656 2699 sol.
1691 2642 1971 2711 duodece,
2000 2646 2058 2697 et
2077 2660 2167 2699 ca-

522 2739 676 2794 ballo
705 2740 906 2805 strato,
936 2740 996 2793 et
1020 2752 1257 2792 carruca
1273 2735 1331 2790 in
1353 2752 1468 2807 qua
1489 2736 1693 2792 sedere
1713 2735 2002 2803 consuevi,
2030 2753 2163 2791 cum

523 2833 697 2888 boves
719 2848 733 2900 ;
757 2832 817 2886 et
860 2830 1098 2886 lectaria
1128 2846 1260 2886 cum
1293 2829 1453 2885 omni
1488 2832 1739 2885 stratura
1763 2846 1886 2897 sua,
1917 2846 2021 2902 pro
2063 2830 2163 2885 de-

521 2925 753 2982 votione
781 2940 914 2980 mea
940 2928 998 2979 et
1040 2923 1303 2995 requiem
1336 2922 1678 2979 Deorovaldi
1708 2922 1832 2977 dari
1872 2923 2162 2995 praecipio.

523 3019 651 3075 Alia
680 3034 920 3076 carruca
945 3033 1078 3072 cum
1124 3017 1298 3073 boves
1328 3018 1416 3071 vel
1444 3015 1606 3072 omni
1644 3019 1896 3071 stratura
1922 3033 2045 3084 sua,
2072 3034 2166 3073 ec-

524 3112 698 3168 clisiaa
734 3110 841 3167 vici
886 3110 1291 3166 Boniciacinsis
1321 3110 1447 3166 dari
1474 3110 1674 3181 jubeo.
1703 3108 1980 3165 Similiter
2005 3109 2166 3166 villa-

524 3223 671 3273 rem,
719 3204 809 3260 cui
848 3204 1187 3260 vocabulum
1227 3207 1313 3259 est
1346 3204 1628 3270 Volonno,
1670 3219 1801 3257 cum
1839 3202 2166 3274 adjacentia

525 3316 648 3367 sua,
672 3315 844 3371 supra
878 3298 1100 3353 scribta).
1136 3297 1375 3354 ecclisias
1402 3295 1808 3363 Bonisiacinse,
1839 3313 1944 3368 pro
1969 3314 2162 3352 reme-

525 3393 687 3450 dium
732 3392 946 3449 animae
987 3407 1133 3448 meae
1176 3392 1391 3447 habere
1428 3390 1721 3462 praecipio.
1774 3392 2163 3447 Sacrosanctaa

525 3487 778 3542 ecclesiae
804 3485 1047 3542 civitatis
1074 3483 1426 3542 Parisiorum
1456 3483 1723 3540 missorio
1751 3487 2051 3556 argenteo,
2071 3502 2163 3541 va-

525 3582 681 3636 lente
734 3582 837 3636 sol.
884 3577 1327 3652 quinquaginta,
1379 3577 1506 3631 dari
1562 3577 1853 3649 praecipio.
1894 3578 2163 3633 Baselicae

526 3677 737 3730 sanctae
766 3675 974 3731 Cruces
1004 3674 1094 3727 vel
1123 3670 1337 3727 Domni
1360 3670 1622 3726 Vincenti
1664 3672 1933 3727 cocliaria
1961 3688 2164 3744 argen-

528 3772 620 3824 tea
650 3769 788 3824 dece
815 3767 942 3823 dari
957 3766 1157 3837 jubeo.
1179 3764 1440 3820 Lectaria
1463 3781 1569 3836 par
1591 3780 1726 3833 uno,
1754 3769 1813 3820 et
1837 3764 2164 3821 vestimenti

526 3862 643 3918 mei
670 3863 901 3934 pareclo
929 3875 1046 3915 uno
1077 3858 1350 3915 fratribus
1377 3858 1452 3913 ad
1475 3858 1666 3914 minsa
1695 3859 1959 3914 baselicaa
1982 3858 2165 3914 sancti

528 3956 749 4012 Dionisi
799 3953 923 4010 dari
966 3952 1259 4024 praecipio.
1291 3952 1419 4007 Alia
1454 3953 1673 4024 pariclo
1718 3952 2049 4009 vestimenti
2089 3951 2165 4007 ad

526 4050 650 4106 vico
682 4047 980 4105 Bonisiaca
1016 4045 1290 4100 fratribus
1319 4045 1443 4101 dari
1472 4045 1664 4120 464
1691 4046 1995 4102 constituo.
2029 4047 2164 4101 Ter-

530 4144 609 4199 tio
641 4141 857 4215 pariclo
893 4138 1224 4195 vestimenti
1264 4140 1473 4197 Emilia
1514 4141 1588 4196 ad
1632 4140 1755 4195 vico
1797 4139 1921 4194 dari
1963 4139 2163 4210 jubeo.

529 4241 674 4293 Item
704 4251 809 4308 pro
837 4233 1164 4289 remedium
1195 4250 1415 4291 anemaa
1444 4251 1610 4301 meae,
1632 4234 1719 4287 vel
1752 4250 1818 4287 ex
1848 4232 2167 4287 demanda-

529 4331 694 4387 cione
710 4330 879 4384 bonaa
897 4328 1321 4385 recordacionis
1340 4330 1422 4385 ﬁli
1442 4328 1558 4384 mei
1579 4325 1923 4382 Deorovaldi
1946 4325 2164 4393 villam,

531 4420 622 4476 cui
648 4418 989 4475 vocabulum
1021 4421 1108 4474 est
1130 4420 1445 4487 Latiniaco,
1479 4416 1589 4470 sita
1621 4414 1681 4469 in
1710 4414 2002 4470 territurio
2031 4416 2168 4470 Mel-

531 4513 715 4581 diuse,
739 4528 872 4567 cum
886 4513 1121 4586 campis,
1144 4512 1432 4570 colonecis
1452 4508 1525 4564 ad
1544 4507 1752 4562 eadem
1786 4508 2166 4580 pertinentes,

2260 1986 2716 2054 Gundileubane,
2758 1985 2955 2055 Piane,
2999 1986 3330 2041 Sumthulfo
3373 1988 3725 2056 Ciuccirane,
3775 1989 3909 2045 Hic-

2261 2081 2540 2148 chicione,
2560 2081 2720 2135 Maxa
2771 2096 2946 2135 uxore
2983 2080 3325 2153 Chioberga,
3358 2081 3700 2150 Sinderedo,
3731 2083 3913 2155 Angi-

2261 2176 2416 2243 lone,
2461 2173 2820 2230 Leudefredo
2861 2190 2993 2229 cum
3036 2191 3211 2230 uxore
3246 2176 3625 2243 Vuandilone,
3653 2176 3909 2233 Cbaide-

2262 2286 2429 2337 runa,
2453 2267 2824 2335 Childeruna,
2855 2268 3295 2341 Thrasteberga,
3328 2270 3784 2339 Tbeodachario,
3814 2271 3910 2326 Vi-

2265 2362 2401 2434 gilio
2427 2379 2561 2418 cum
2588 2378 2762 2417 uxore
2787 2362 3069 2430 Sunnine,
3096 2364 3320 2433 Agione
3347 2380 3478 2419 cum
3493 2365 3611 2419 ﬁlio
3630 2382 3734 2421 suo
3751 2367 3913 2422 Gari-

2263 2457 2424 2524 lulfo,
2450 2455 2770 2511 Vincimalo
2813 2473 2945 2511 cum
2992 2473 3165 2512 uxore
3204 2457 3495 2525 Maurella,
3524 2458 3736 2512 Mcllita
3772 2475 3909 2514 cum

2263 2551 2380 2606 ﬁlio
2412 2567 2513 2606 suo
2534 2549 2789 2620 juniore,
2818 2550 3100 2606 Coccione
3125 2567 3255 2605 cum
3297 2551 3416 2607 ﬁlio
3466 2568 3566 2607 suo
3606 2552 3908 2624 Daigisilo,

2263 2644 2547 2701 Mudilane
2578 2660 2711 2699 cum
2737 2643 2868 2698 ﬁliis
2897 2643 3011 2699 suis
3038 2644 3374 2715 Munegisilo
3403 2648 3461 2700 et
3494 2646 3907 2714 Monechrude,

2263 2737 2571 2805 Acchione,
2604 2739 2860 2800 Bonane,
2888 2737 3333 2807 Leubosaintho,
3362 2738 3587 2795 Gibulfo
3610 2740 3731 2795 ﬁlio
3751 2739 3908 2811 Vigi-

2266 2831 2362 2886 lio.
2394 2834 2808 2899 Dommoruna,
2839 2830 3291 2901 Childerimane,
3326 2832 3568 2901 Basone,
3610 2833 3911 2905 Childegi-

2266 2926 2405 2993 selo,
2439 2924 2883 2996 Childegunthe.
2917 2924 3231 2981 Chrodulfo
3261 2967 3274 2981 .
3321 2967 3334 2981 .
3382 2969 3398 2983 .
3443 2968 3456 2982 .
3480 2925 3672 3000 465
3708 2927 3914 2983 Sinde~

2266 3018 2554 3090 bergane,’
2601 3018 2979 3086 Monechilde,
3030 3020 3303 3088 1Eterno,
3358 3019 3747 3088 Bauderuna;
3804 3022 3912 3077 hos

2267 3128 2474 3167 omnes
2525 3128 2657 3167 cum
2688 3111 2851 3167 omni
2897 3111 3189 3183 peculiare
3230 3129 3452 3181 eorum,
3499 3117 3620 3168 tam
3658 3116 3910 3184 areolas,

2267 3205 2558 3277 hospitiol,
2583 3206 2917 3272 ahortellus,
2944 3206 3033 3260 vel
3054 3205 3329 3275 vineolas,
3359 3210 3418 3261 et
3437 3224 3566 3262 cum
3586 3207 3647 3263 id
3662 3210 3826 3280 quod
3851 3210 3912 3265 in

2267 3298 2611 3371 quibuslibet
2638 3299 2810 3353 rebus
2838 3299 3054 3354 habere
3082 3298 3369 3368 videntur,
3404 3301 3614 3356 liberos
3665 3302 3909 3357 liberas-

2263 3410 2374 3464 que
2406 3410 2529 3447 esse
2555 3392 2856 3463 praccipio;
2889 3396 2947 3447 et
2963 3391 3247 3464 quidquid
3273 3392 3480 3449 exinde
3509 3395 3700 3451 facere
3720 3397 3911 3451 volue-

2262 3486 2398 3554 rint,
2424 3486 2680 3540 habeant
2709 3484 2954 3540 liberam
2986 3489 3355 3557 potestatem.

2335 3579 2613 3635 Similiter
2652 3578 2979 3635 Mumolane
3014 3596 3147 3635 cum
3179 3580 3340 3635 omni
3368 3581 3658 3653 peculiare
3687 3599 3790 3639 suo
3818 3583 3907 3638 in-

2265 3690 2522 3743 genuum
2546 3689 2670 3727 esse
2685 3673 2957 3744 praecipio
2982 3690 2995 3729 :
3015 3674 3329 3729 luminaria
3342 3678 3568 3730 tantum
3581 3676 3640 3730 in
3668 3678 3913 3733 ecclesia

2267 3764 2563 3821 Bonisiaca
2609 3765 2938 3821 ministrare
2989 3766 3235 3823 stodeat.
3278 3769 3723 3825 Vualacharium
3777 3788 3911 3825 cum

2266 3859 2430 3915 omni
2461 3859 2750 3931 peculiare
2773 3877 2897 3928 suo,
2913 3863 3124 3915 etcum
3142 3861 3318 3916 boves
3339 3878 3483 3932 quos
3498 3862 3739 3934 bajolat,
3754 3864 3915 3935 inge-

2267 3970 2448 4009 nuum
2472 3970 2541 4009 ea
2571 3953 2910 4010 condicione
2939 3971 3063 4009 esse
3085 3954 3285 4026 jubeo,
3316 3959 3379 4010 ut
3402 3955 3557 4027 ligna
3576 3960 3809 4013 tantum
3838 3959 3913 4013 ad

2268 4048 2461 4103 oblata
2484 4047 2819 4103 faciendum
2844 4047 3175 4104 ministrare
3207 4054 3495 4121 procuret.
3537 4051 3913 4108 Gundefredo

2268 4158 2400 4196 cum
2424 4141 2599 4197 boves
2616 4141 2761 4197 duos
2786 4141 3051 4197 laborare
3072 4142 3362 4215 praecipio,
3387 4144 3539 4200 unde
3566 4161 3700 4200 cera
3721 4146 3796 4201 ad
3817 4147 3916 4202 ba-

2269 4234 2441 4289 selica
2489 4234 2691 4291 domni
2735 4235 3055 4291 Sinsuriani
3100 4241 3488 4308 comparetur.
3542 4238 3913 4309 Martiniano,

2268 4328 2648 4384 Theoderuna
2687 4346 2819 4384 cum
2858 4329 2975 4385 ﬁlio
3019 4347 3120 4384 suo
3157 4330 3406 4400 seniore,
3439 4348 3569 4387 cum
3617 4334 3916 4404 peculiare

2270 4439 2493 4489 eorum,
2516 4423 2660 4478 sicut
2677 4440 2849 4494 supra
2872 4423 3460 4494 scribtibenemereti,
3482 4426 3772 4499 ingenuos
3785 4445 3914 4484 esse

2262 4515 2461 4586 jubeo.
2494 4515 2677 4571 Simili
2702 4516 2879 4572 modo
2910 4533 3013 4588 pro
3059 4517 3383 4573 remedium
3414 4518 3628 4574 anima;
3656 4537 3827 4588 meae,
3856 4526 3917 4576 et

531 4623 664 4663 cum
695 4606 873 4679 pratis
901 4608 1142 4679 pascuis,
1173 4606 1344 4671 silvis,
1367 4602 1456 4657 vel
1484 4599 1645 4666 omni
1665 4601 1798 4672 jure
1829 4605 1886 4658 et
1916 4604 2166 4661 termino
2186 4611 2246 4685 D
2270 4626 2338 4663 ex
2363 4608 2817 4664 demandatione
2847 4610 2928 4664 fili
2946 4610 3059 4666 mei
3085 4610 3445 4679 Deorovaldi,
3476 4612 3737 4684 Gygone,
3778 4614 3916 4686 Sep-

533 4718 656 4770 suo,
689 4700 821 4773 quia
840 4701 899 4757 in
926 4703 1193 4775 portione
1220 4711 1393 4767 supra
1417 4695 1728 4750 memorati
1752 4696 1854 4751 ﬁlii
1881 4697 1997 4752 mei
2017 4699 2164 4755 Deo-

532 4795 752 4851 rovaldi
797 4796 1056 4863 obvenit,
1108 4806 1239 4846 cum
1285 4787 1448 4843 omni
1504 4787 1836 4860 integritate
1902 4790 2165 4848 baselicm

533 4889 716 4945 sancti
740 4886 1079 4952 Sinsuriani,
1115 4882 1210 4936 ubi
1244 4883 1537 4954 sepultura
1568 4883 1782 4938 habere
1827 4883 2164 4954 dinuscitur,

532 5000 635 5056 pro
664 4985 926 5057 requiem
949 4980 1073 5049 ejus
1102 4975 1228 5030 dari
1247 4976 1538 5049 praecipio.
1567 4976 1847 5033 Similiter
1876 4979 2164 5049 porcario,

532 5078 767 5134 nomine
795 5072 1097 5138 Gudilane,
1144 5086 1275 5125 cum
1308 5070 1533 5143 gregim
1565 5088 1892 5143 porcorum,
1926 5076 1985 5127 et
2021 5074 2165 5128 Bau-

533 5173 773 5228 domere
796 5183 927 5223 cum
952 5163 1178 5237 gregim
1202 5163 1414 5233 ovium,
1437 5169 1495 5220 et
1514 5168 1721 5238 troppo
1741 5167 2165 5238 jumentorum,

531 5266 629 5338 qui
662 5264 796 5319 sunt
826 5260 899 5315 ad
929 5274 1103 5330 supra
1146 5258 1356 5331 scripta
1386 5258 1517 5314 villa
1551 5259 1863 5329 Latiniaco,
1905 5259 2166 5332 supradi-

530 5362 636 5414 ctae
656 5352 923 5411 baselicae
947 5352 1126 5408 sancti
1159 5351 1479 5409 Sinsuriani
1499 5353 1713 5409 habere
1730 5353 1931 5425 jubeo.

603 5448 885 5509 Goderico
914 5452 972 5503 et
994 5449 1315 5504 Gunderico
1342 5448 1401 5504 in
1430 5465 1603 5520 supra
1628 5447 1904 5520 scriptam
1949 5448 2165 5518 villam,

530 5559 707 5620 quem
734 5542 997 5598 baselicaa
1018 5543 1219 5599 domni
1245 5541 1565 5599 Sinsuriani
1593 5541 1862 5614 deligavi,
1896 5542 1976 5598 ita
1988 5542 2168 5614 jubeo

530 5644 593 5694 ut
622 5636 906 5705 laborent,
943 5637 1094 5693 unde
1130 5637 1204 5693 ad
1254 5636 1379 5708 ipsa
1421 5635 1671 5691 basileca
1709 5635 1904 5692 oblata
1946 5636 2171 5693 cotidie:

527 5730 905 5789 ministretur.
929 5730 1208 5787 Leudulfo
1226 5747 1359 5786 cum
1375 5729 1563 5799 vinea,
1592 5745 1766 5802 quem
1790 5730 2059 5787 Sabucito
2082 5747 2173 5787 co-

520 5827 607 5893 lit,
637 5824 711 5881 ad
741 5826 1016 5893 oraturio,
1046 5825 1147 5896 qui
1177 5827 1263 5880 est
1288 5824 1348 5879 in
1379 5823 1511 5879 villa
1543 5822 1856 5891 Latiniaco,
1890 5825 2043 5880 unde
2070 5824 2172 5882 ibi-

526 5921 660 5979 dem
696 5920 890 5977 oblata
912 5920 1196 5986 occurrat,
1226 5916 1352 5973 dari
1376 5917 1523 5973 volo.
1551 5916 1883 5986 Baudulfus,
1908 5917 2175 5977 Sumtha-

2265 4703 2468 4757 teredo
2486 4719 2617 4757 cum
2644 4719 2820 4758 uxore
2846 4704 3174 4773 Goderuna,
3201 4705 3611 4775 Tbeodonivia,
3635 4707 3917 4763 Baudonic

2266 4796 2377 4864 via,
2405 4796 2646 4864 Carane,
2676 4796 2922 4852 Patricio
2959 4814 3090 4853 cum
3122 4816 3296 4855 uxore
3334 4799 3599 4869 Eusebia,
3634 4802 3915 4872 Dagarico

2268 4906 2399 4945 cum
2426 4906 2601 4945 uxore
2635 4890 2944 4959 Aurovefa,
2977 4890 3331 4960 Ciuncileno,
3373 4891 3759 4951 Blidemundo
3782 4912 3915 4950 cum

2266 4983 2385 5038 ﬁlia
2424 4983 2796 5052 Blidechilde,
2826 4984 3171 5052 Manileubo,
3223 4986 3536 5055 Trasilane,
3582 4989 3915 5057 Eumundo,

2268 5076 2573 5132 lmneredo
2632 5093 2763 5131 cum
2806 5093 2981 5132 uxore
3029 5078 3278 5151 Torigia,
3339 5080 3644 5149 Chadulfo,
3695 5082 3914 5149 Aridia,

2228 5178 2241 5187 '
2266 5170 2611 5239 Rocculane,
2645 5170 2984 5240 Babiccono,
3003 5172 3352 5229 Guntbivera
3376 5190 3389 5242 ;
3412 5174 3520 5230 hos
3551 5191 3755 5230 omnes
3781 5193 3915 5231 cum

2270 5262 2431 5318 omni
2460 5262 2769 5335 peculiare,
2805 5268 2928 5320 tam
2963 5267 3207 5335 areolas,
3256 5284 3435 5338 quam
3470 5267 3808 5340 hospiciola,
3834 5269 3914 5324 vi-

2270 5357 2468 5413 neolas
2495 5358 2583 5412 vel
2605 5358 2902 5427 hortellus,
2936 5375 3068 5414 cum
3086 5359 3146 5414 id
3174 5360 3328 5431 quod
3350 5362 3623 5433 praesenti
3649 5365 3916 5434 tempore

2269 5450 2485 5506 habere
2516 5451 2803 5517 videntur,
2830 5452 3121 5523 ingenuus
3144 5470 3267 5509 esse
3303 5456 3611 5524 constituo,
3635 5456 3915 5512 Baudulfo

2271 5547 2329 5601 et
2342 5545 2778 5616 Sumthahario,
2806 5563 2939 5602 cum
2970 5547 3146 5603 boves
3171 5564 3318 5620 quos
3337 5548 3620 5620 bajolant,
3649 5550 3917 5606 laborare

2270 5640 2560 5714 praecipio,
2587 5640 2739 5698 unde
2762 5641 2957 5698 oblata
2986 5641 3060 5696 ab
3084 5641 3339 5699 baselica
3363 5642 3573 5699 Domni
3592 5642 3921 5700 Sinsuriani

2265 5733 2486 5807 jugiter
2511 5736 2891 5793 ministretur.
2937 5737 3026 5793 Ita
3066 5736 3162 5806 do,
3191 5736 3274 5794 ita
3301 5735 3439 5808 ligo,
3477 5736 3559 5793 ita
3605 5739 3809 5806 testor,
3840 5737 3919 5793 ita

2273 5844 2372 5884 vos
2401 5829 2544 5885 mihi
2575 5828 2810 5895 Quiritis
2849 5830 3248 5887 testimonium
3286 5830 3680 5904 perhibetote;
3730 5830 3916 5895 citeri,

2274 5922 2580 5996 citeraeque
2604 5922 2870 5996 proximi,
2898 5923 3636 5999 proximaeque,_exheredis
3665 5925 3819 5982 mihi
3839 5943 3917 5982 es-
