4014 6230
138 342 218 395 i3?
766 338 855 395 AD
898 338 1385 395 PRAECEDENTIA
1423 339 1756 397 LITURGI.E
1794 340 2209 397 MONUMENTA
2248 343 2585 400 APPENDIX
2622 345 2848 402 PRIMA.

3387 353 3491 409 438

131 456 239 511 tote
264 469 277 509 :
309 452 634 526 proculque
662 450 935 508 habetote
968 449 1013 506 si
1042 467 1171 523 qua
1193 449 1381 505 litura
1406 450 1494 505 vel
1527 467 1757 508 caraxa-
1783 458 1843 533 Α
1866 449 2179 506 Germania
2207 452 2389 507 Pratis
2414 468 2566 517 mss.,
2594 454 2754 519 ibid.,
2790 457 2850 510 in
2884 453 3045 512 Cana
3076 458 3330 531 Domini).
3365 461 3500 517 Post

134 556 262 606 tura
283 547 343 603 in
374 547 489 603 hoc
516 548 867 603 testamento
898 562 1031 602 meo
1063 549 1216 615 sunt,
1240 562 1350 617 ego
1377 545 1485 601 feci
1517 546 1759 622 ﬁerique

136 641 381 718 pracipi,
427 642 573 697 dum
619 640 765 696 mihi
811 641 1019 713 sapius
1058 640 1213 696 volui
1264 638 1571 695 recenseri.
1611 640 1762 696 Addi

136 739 295 794 etiam
333 736 631 804 constitui,
668 735 715 791 si
751 735 877 807 quis
915 738 1117 790 contra
1154 735 1309 790 hunc
1344 737 1760 790 testamentum

136 831 313 887 venire
331 829 601 898 voluerit,
626 832 726 886 aut
743 831 1103 886 voluntatem
1129 845 1323 884 meam
1346 828 1404 883 in
1427 827 1620 900 aliquo
1642 845 1762 884 cor-

136 942 387 997 rumpere
411 924 810 996 temptaverit,
844 941 878 978 a
904 922 1315 978 communione
1343 922 1606 979 omnium
1628 939 1758 978 san-

137 1025 343 1075 ctorum
369 1021 428 1073 et
458 1036 493 1073 a
518 1017 848 1073 limenebus
874 1017 1243 1073 ecclesiarum
1264 1017 1562 1072 efficeatur
1582 1019 1763 1073 extra-

139 1131 282 1181 neus,
317 1116 374 1168 et
408 1112 653 1184 insuper
687 1114 822 1167 ante
852 1112 1106 1167 tribunal
1132 1111 1343 1168 Christi
1368 1110 1762 1167 anathimatus

138 1209 481 1280 permaneat.
499 1209 709 1261 Actum
728 1204 976 1261 Parisius
997 1206 1100 1261 sub
1119 1205 1212 1260 die
1230 1208 1288 1260 et
1303 1209 1565 1277 tempore
1588 1222 1762 1278 supra

136 1302 347 1373 scripto.
364 1300 615 1371 Signum
627 1308 665 1373 ιι-
682 1299 1166 1355 Erminethrudia
1188 1298 1511 1355 testatricis.
1535 1299 1572 1361 ’ἷ-
1587 1302 1763 1355 Mum-

136 1395 303 1450 molus
349 1410 528 1462 com.,
581 1397 826 1466 rogante
871 1397 930 1447 et
975 1396 1261 1465 prasente
1310 1394 1758 1461 Ermenthrude,

136 1491 272 1543 hunc
293 1490 710 1543 testamentum
738 1488 889 1543 subs.
915 1487 1167 1560 Scupilio
1190 1486 1493 1559 spatarius,
1516 1490 1760 1559 rogante

136 1580 625 1650 Erminethrudia,
652 1581 785 1636 huic
814 1584 1231 1635 testamentum
1262 1580 1413 1634 subs.
1444 1597 1541 1635 no.
1575 1579 1667 1635 die
1704 1582 1763 1635 et

134 1692 273 1730 anno
312 1675 522 1746 quibus
563 1692 754 1746 supra.
789 1674 1195 1745 Munegiselus,
1232 1675 1477 1744 rogante
1519 1676 1577 1727 et
1612 1689 1760 1745 pra-

134 1772 277 1824 sente
304 1767 840 1836 Ermminethrude,
864 1769 1017 1823 hunc
1044 1770 1465 1823 testamentum
1486 1768 1616 1822 test.
1635 1808 1647 1820 .
1674 1807 1686 1821 .
1709 1807 1722 1821 .
1744 1808 1758 1821 .

137 1880 218 1917 no.
246 1861 336 1917 die
369 1866 427 1917 et
453 1860 654 1936 466
683 1833 838 1917 anno
872 1861 1078 1934 quibus
1105 1878 1299 1933 supra.
1340 1859 1762 1915 Baudacharius
1782 1833 1839 1905 B

136 1957 390 2011 defensor
422 1957 581 2011 subs.
612 1956 889 2012 Eusebius
928 1958 1165 2027 rogatus
1207 1956 1279 2011 ab
1312 1954 1761 2010 Erminethrude

138 2051 272 2106 hunc
302 2053 717 2107 testamentum
751 2052 969 2123 scripsi,
1004 2050 1185 2121 relegi
1214 2052 1273 2105 et
1300 2048 1451 2104 subs.

196 2147 275 2201 Ea:
299 2149 619 2201 testamento
642 2148 819 2201 sancti
845 2146 1075 2213 Remigii
1092 2145 1411 2201 Rhemorum
1434 2144 1688 2214 episcopi.

197 2241 299 2294 Vas
328 2243 681 2312 argenteum
713 2241 917 2295 decem
950 2242 1009 2294 et
1037 2241 1165 2294 octo
1196 2238 1474 2292 librarum
1505 2237 1658 2291 inter
1680 2240 1759 2306 te,

140 2334 287 2388 heres
330 2350 464 2389 mea
506 2334 768 2405 (Ecclesia
809 2333 1139 2401 Rhemensis)
1181 2335 1239 2386 et
1272 2330 1565 2386 diacesim
1602 2334 1763 2386 tuam

144 2428 420 2482 ecclesiam
450 2428 917 2494 Laudunensem,
945 2427 1110 2481 factis
1136 2426 1219 2497 (id
1246 2431 1323 2481 est
1349 2424 1640 2496 faciendis)
1668 2441 1765 2496 pa-

143 2520 270 2575 tenis
294 2523 467 2593 atque
494 2522 770 2576 calicibus
792 2522 865 2576 ad
895 2519 1283 2575 ministerium
1311 2520 1760 2587 sacrosanctum,

145 2619 293 2685 prout
328 2616 501 2683 valui,
546 2618 662 2671 Deo
699 2618 994 2670 annuente
1026 2612 1309 2668 distribui.
1343 2611 1513 2667 Aliud
1542 2629 1641 2667 vas
1669 2628 1760 2667 ar-

144 2711 416 2778 genteum,
450 2709 611 2781 quod
650 2709 794 2764 mihi
832 2711 1087 2765 Domnus
1124 2706 1356 2762 illustris
1386 2706 1764 2762 Chludovicus

143 2804 315 2872 (quem
351 2803 422 2858 de
461 2820 629 2859 sacro
663 2802 1027 2874 baptismatis
1065 2802 1225 2857 fonte
1262 2800 1505 2872 suscepi)
1543 2800 1762 2855 donare

142 2895 391 2966 dignatus
412 2900 522 2965 est,
548 2896 653 2952 tibi
676 2896 879 2951 heredi
902 2912 1049 2951 mea
1077 2895 1330 2950 ecclesia
1352 2911 1525 2966 supra
1544 2910 1765 2950 memo-

144 2989 449 3060 ratajubeo
471 2990 817 3046 turriculum
841 2993 899 3045 et
917 2990 1303 3061 imaginatum
1328 2988 1567 3044 calicem
1590 2988 1665 3060 (a)
1685 2988 1764 3043 fa-

141 3083 352 3139 bricari.
392 3126 405 3139 .
449 3127 462 3139 .
505 3126 520 3139 .
558 3084 820 3152 Vineam,
850 3100 1028 3155 quam
1066 3081 1442 3139 Bebrimodus
1473 3082 1628 3150 facit,
1658 3082 1762 3137 tibi

144 3180 364 3233 eatenus
386 3178 753 3250 derelinquo,
778 3181 840 3232 ut
860 3177 1063 3232 diebus
1088 3176 1247 3232 festis
1274 3179 1333 3231 et
1356 3176 1628 3231 omnibus
1648 3176 1759 3231 Do-
1782 3207 1838 3281 Ο

143 3270 371 3339 minicis,
388 3272 567 3329 sacris
588 3272 866 3328 altaribus
883 3288 1016 3327 mea
1034 3270 1312 3327 offeratur
1332 3269 1545 3325 oblatio
1560 3269 1654 3341 (b).
1674 3311 1686 3324 .
1709 3312 1721 3325 .
1745 3311 1759 3325 .

143 3364 363 3421 Vineam
394 3366 493 3435 do,
527 3382 704 3438 quam
735 3364 897 3437 posui
922 3363 1301 3432 Vindonissa,
1335 3364 1438 3418 sub
1465 3381 1534 3419 ea
1563 3364 1761 3419 condi-

145 3457 306 3527 tione,
334 3464 394 3515 ut
427 3478 461 3516 a
501 3460 764 3532 patribus
793 3459 929 3528 suis,
962 3458 1231 3514 omnibus
1265 3458 1468 3514 diebus
1500 3457 1660 3513 festis
1698 3474 1765 3512 ac

142 3553 451 3623 Dominicis,
482 3571 591 3626 pro
623 3553 1181 3609 commemoratione
1213 3569 1344 3608 mea
1375 3552 1550 3609 sacris
1575 3550 1766 3607 altari-

144 3644 237 3700 bus
264 3647 536 3704 oﬂ'eratur
564 3648 802 3704 oblatio.

460 3766 548 3819 VI.
591 3781 912 3821 FRAGMENTA
952 3777 1424 3819 caaauonumuu.

147 3859 210 3910 De
248 3861 495 3927 passione
553 3874 664 3913 non
724 3859 949 3927 legenda
1012 3858 1289 3913 Dominica
1338 3856 1654 3911 Palmarum
1703 3857 1764 3911 in

648 3932 828 3985 missis
865 3931 1104 3999 privatis
1151 3928 1233 3999 (ο).

210 4022 497 4087 Dominica
526 4024 585 4078 in
610 4022 841 4078 Palmis.
869 4064 881 4078 .
916 4064 929 4077 .
957 4064 969 4077 .
1004 4065 1015 4077 .
1047 4020 1388 4077 Sacerdotes
1413 4020 1487 4076 ad
1514 4020 1763 4091 privatas

151 4116 332 4172 missas
368 4134 548 4173 unam
591 4119 820 4173 tantum
868 4116 1181 4172 Collectam
1230 4114 1454 4182 dicant;
1501 4116 1759 4185 Evange-

150 4208 271 4265 lium
305 4228 319 4266 :
350 4212 483 4268 Cum
516 4213 1048 4283 appropinquasset;
1086 4209 1417 4281 passionem
1456 4209 1645 4263 nullus
1679 4208 1760 4262 le-

151 4307 251 4372 gat,
273 4305 375 4361 nisi
404 4307 613 4362 fratres
640 4304 739 4378 qui
766 4305 826 4360 in
858 4303 1060 4360 formis
1085 4305 1341 4358 cantant.
1372 4303 1761 4373 (Lanfrancus,

151 4398 198 4450 in
222 4400 411 4456 Decret.
436 4416 542 4471 pro
568 4399 686 4455 0rd.
716 4400 893 4454 sancti
913 4398 1139 4460 Bened.,
1160 4413 1295 4468 pag.
1328 4396 1475 4467 260.)

210 4492 265 4545 ln
284 4493 478 4549 Ramis
492 4494 823 4549 Palmarum
841 4492 913 4547 ad
931 4491 1335 4547 matutinalem
1358 4490 1598 4545 missam
1620 4505 1764 4545 non-

1861 543 2117 623 Primam
2141 544 2408 601 dicentur
2428 550 2650 620 septem
2677 548 2904 621 psalmi,
2930 553 2987 605 et
3007 551 3271 621 Letania;
3295 558 3497 627 postea

1861 637 2156 694 veniemus
2211 657 2432 697 sessum
2483 640 2673 715 467
2726 642 2785 698 in
2838 644 3106 702 claustro.
3158 646 3498 705 Sacerdotes

1861 730 2028 787 ibunt
2062 732 2278 788 dictum
2318 734 2522 790 missas
2558 753 2709 805 suas,
2748 739 2805 791 et
2844 755 3049 794 omnes
3089 739 3304 797 debent
3348 744 3494 798 cele-

1860 826 2031 881 brare
2059 827 2152 881 die
2182 827 2307 897 illa;
2337 831 2394 884 et
2420 829 2798 887 celebrabant
2826 830 2950 887 sine
2981 833 3136 905 igne.

1862 944 1972 999 VII.
2041 959 2230 1000 rassxo
2303 962 2735 1004 nanissmoauu
2810 965 3103 1008 MARTYRUI
3176 968 3496 1012 sucroavx

2481 1033 2881 1077 CANTIANORUM.

1933 1112 2021 1165 Em
2046 1125 2148 1165 ms.
2178 1109 2368 1165 Codice
2393 1112 2503 1166 viri
2528 1113 2822 1170 clarissimi
2855 1116 3025 1171 Ulrici
3056 1118 3307 1175 Obrechti
3329 1118 3425 1191 (ἀ).

1934 1203 2143 1259 Omnia
2172 1204 2236 1275 (e)
2270 1220 2397 1276 qua
2425 1222 2458 1259 a
2490 1205 2700 1260 sanctis
2725 1211 2888 1277 gesta
2918 1212 3051 1265 sunt
3082 1211 3169 1266 vel
3196 1216 3498 1283 geruntur,

1863 1295 1909 1351 si
1940 1297 2067 1370 quis
2094 1297 2337 1353 voluerit
2364 1297 2617 1353 studiose
2648 1300 3004 1371 perquirere,
3035 1307 3091 1357 et
3118 1304 3221 1358 sibi
3254 1308 3311 1360 et
3332 1307 3505 1377 pluri-

1862 1390 1970 1445 mis
2012 1390 2407 1446 aditicationis
2441 1391 2672 1447 exhibet
2713 1393 2985 1449 fructum.
3030 1397 3099 1450 Et
3136 1397 3281 1453 sicut
3328 1400 3503 1455 arbor

1864 1484 2161 1540 fructifera
2186 1503 2302 1540 non
2327 1486 2448 1541 sine
2482 1502 2653 1541 causa
2679 1486 2959 1559 probatur
2980 1491 3196 1546 terram
3222 1508 3502 1564 occupare

1863 1579 2000 1633 dum
2021 1579 2174 1648 vivit,
2200 1595 2331 1634 cum
2355 1583 2413 1633 et
2441 1580 2563 1651 ipsa
2590 1580 2705 1634 suis
2732 1581 2922 1652 pomis
2948 1585 3205 1652 ornatur,
3232 1589 3289 1637 et
3312 1586 3501 1641 omnis

1863 1672 1959 1743 qui
1981 1689 2047 1728 ex
2074 1689 2142 1727 eo
2170 1673 2356 1727 fructu
2383 1674 2724 1744 perceperit,
2753 1674 3070 1745 saginatur.
3100 1676 3418 1733 Scribimus
3441 1682 3505 1733 ut

1863 1766 1921 1821 in
1954 1767 2127 1838 gestis
2163 1766 2509 1834 invenimus,
2544 1768 2681 1838 quid
2714 1768 2961 1840 egerint,
2997 1770 3136 1841 quid
3170 1771 3343 1826 locuti
3378 1772 3504 1827 fue-

1863 1860 1999 1928 rint,
2024 1860 2160 1932 quid
2177 1860 2328 1932 passi
2349 1859 2463 1915 sint
2484 1860 2683 1916 sancti.
2716 1861 3028 1917 Ostenditis
3047 1880 3146 1919 vos
3168 1881 3290 1919 esse
3312 1867 3505 1922 catho-

1864 1955 2022 2021 licos,
2054 1954 2153 2025 qui
2187 1953 2455 2009 victorias
2489 1954 2697 2009 Christi
2734 1955 2984 2011 libenter
3014 1958 3223 2029 legitis,
3258 1958 3506 2014 libenter

1865 2048 2092 2103 auditis.
2116 2050 2415 2119 Interrogo
2435 2064 2535 2103 vos
2563 2048 2661 2119 qui
2686 2048 2795 2103 ista
2814 2049 2968 2104 inter
2994 2052 3394 2123 apochryphas
3412 2053 3502 2109 lit-

1864 2146 2017 2197 teras
2052 2142 2368 2196 exvolanda
2407 2141 2651 2197 censetis
2688 2159 2701 2197 :
2734 2159 2838 2214 per
2878 2160 3022 2215 quos
3057 2149 3282 2200 constat
3315 2163 3503 2203 canon

1863 2235 2288 2307 Scripturarum
2310 2234 2575 2290 omnium
2592 2235 2956 2291 divinarum?
2978 2239 3263 2316 numquid
3283 2255 3387 2311 per
3403 2256 3504 2294 eos

1864 2328 1963 2401 qui
1992 2346 2098 2401 pro
2128 2329 2251 2400 ipso
2280 2345 2504 2384 canone
2533 2328 2715 2384 occidi
2743 2330 2931 2401 magis
2958 2334 3300 2402 optaverant
3326 2350 3503 2404 quam

1862 2425 2051 2481 vinci?
2083 2425 2231 2491 Quid
2267 2441 2407 2497 ergo
2445 2429 2761 2481 tenuerunt
2795 2428 3125 2498 martyres?
3169 2429 3368 2483 Fidem
3411 2446 3505 2484 re-

1864 2523 2039 2588 ctam,
2072 2536 2200 2591 qua
2237 2519 2412 2574 sacris
2448 2520 2838 2576 voluminibus
2878 2524 3035 2577 certo
3077 2522 3359 2578 librorum
3395 2540 3503 2578 nu-

1864 2630 2027 2669 mero
2057 2613 2401 2669 continetur.
2430 2614 2625 2685 Agunt
2650 2613 2759 2669 illis
2786 2614 3002 2686 gratias
3028 2615 3217 2688 apices
3246 2616 3507 2672 sacratis-

1865 2707 2015 2776 simi,
2039 2706 2137 2779 qui
2156 2724 2261 2778 per
2281 2724 2481 2763 eorum
2508 2708 2999 2779 perseverantiam
3028 2714 3420 2781 perseverant.
3436 2712 3508 2767 Et

1864 2800 1995 2856 ideo
2021 2801 2222 2856 volunt
2250 2817 2450 2856 eorum
2488 2804 2650 2873 gesta
2681 2802 2984 2871 conscribi,
3013 2806 3075 2857 ut
3104 2803 3162 2857 in
3191 2809 3504 2876 conspectu

1865 2894 1963 2949 Dei
2002 2897 2060 2949 et
2098 2894 2405 2949 hominum
2450 2912 2683 2967 semper
2718 2895 3028 2952 laudentur
3065 2897 3268 2966 sancti,
3299 2897 3396 2971 qui
3443 2898 3503 2953 in

1865 2990 2172 3060 conspectu
2202 2987 2633 3043 incredulorum
2662 3006 2765 3061 pro
2794 3006 2996 3045 eorum
3024 2990 3363 3046 defensione
3389 2994 3506 3047 tor-

1863 3085 2063 3137 menta
2083 3081 2364 3137 immania
2384 3084 2763 3153 pertulerunt.
2779 3084 2929 3139 Nihil
2950 3087 3162 3156 prater
3183 3085 3506 3157 Scripturas

1863 3175 2169 3231 canonicas
2202 3174 2566 3247 recipientes,
2603 3175 2712 3231 ista
2745 3178 2997 3233 studiose
3037 3178 3517 3251 conscripsimus,

1864 3270 2236 3325 ostendentes
2267 3269 2482 3341 dogma
2508 3269 2855 3325 catholicum
2884 3288 2989 3344 per
3016 3273 3327 3328 catholicos
3354 3289 3506 3329 mar-

1864 3368 2018 3435 tyres
2046 3362 2413 3418 custoditum.
2444 3364 2780 3434 Exemplum
2804 3364 3049 3435 posteris
3075 3366 3299 3435 damus,
3323 3367 3504 3422 adiﬁ-

1865 3458 2154 3513 cationem
2180 3456 2545 3511 credentibus
2576 3457 2876 3525 tradimus,
2905 3461 3092 3514 artem
3122 3460 3259 3514 belli
3295 3460 3505 3516 Christi

1864 3550 2141 3607 militibus
2162 3550 2651 3605 demonstremus.
2681 3552 2919 3607 Constat
2939 3568 3038 3607 eos
3060 3554 3212 3607 nolle
3239 3570 3504 3625 pugnare

1866 3645 1912 3699 si
1937 3661 2170 3700 necesse
2196 3644 2287 3712 sit,
2320 3643 2418 3716 qui
2446 3645 2652 3699 nolunt
2678 3645 2873 3715 legere
2912 3648 3284 3716 pugnatores.
3312 3650 3502 3719 Impe-

1865 3741 1996 3794 rent
2030 3738 2323 3794 silentium
2356 3737 2715 3805 inﬁdelibus,
2751 3741 3014 3809 spectent
3047 3740 3273 3811 pugiles
3302 3740 3502 3796 diabo-

1864 3834 2002 3888 licos
2027 3832 2124 3904 qui
2152 3834 2398 3888 athletas
2419 3830 2651 3887 Domini
2677 3834 2936 3903 spectare
2964 3835 3366 3888 contemnunt.
3389 3836 3503 3889 Nos

1863 3926 2085 3982 divinas
2119 3926 2356 3981 virtutes
2395 3926 2707 3999 loquimur,
2740 3926 3063 3995 scribimus,
3097 3927 3499 3998 pradicamus.

1862 4019 2212 4077 Prohibeant
2240 4019 2455 4089 amuli,
2488 4019 2781 4092 imperent
2815 4019 3107 4075 silentium
3136 4020 3341 4089 timidi,
3372 4037 3502 4075 ver-

1862 4114 2069 4169 berent
2092 4115 2537 4168 contemnentes
2570 4131 2582 4169 :
2612 4115 2874 4185 legentes
2903 4114 3225 4186 increpent,
3257 4113 3506 4169 libenter

1862 4208 1985 4263 hac
2006 4206 2309 4261 audientes
2327 4210 2615 4275 accusent;
2641 4206 2834 4281 468
2858 4206 3142 4279 gloriosos
3163 4207 3381 4263 facient
3400 4207 3507 4263 mi-

1861 4301 1992 4357 lites
2033 4301 2273 4355 vulnera
2309 4316 2415 4371 pro
2456 4300 2826 4373 imperatoris
2865 4301 3033 4356 laude
3079 4304 3362 4373 suscepta,
3397 4318 3503 4373 pro

1862 4395 2023 4467 cujus
2042 4411 2240 4450 amore
2262 4393 2440 4450 etiam
2462 4395 2687 4450 animas
2704 4412 2923 4467 ponere
2944 4396 3195 4451 libenter
3210 4398 3499 4466 optamus.

1861 4488 2308 4561 Triumphorum
2329 4487 2541 4544 Christi
2563 4505 2627 4542 ac
2653 4488 3024 4545 victoriarum
3050 4489 3276 4544 labores
3297 4488 3506 4543 exerci-

150 4582 242 4639 nisi
266 4603 374 4642 una
393 4588 647 4644 Collecta
664 4589 751 4641 est
771 4586 1045 4653 dicenda;
1071 4602 1178 4639 nec
1196 4583 1387 4657 passio
1409 4584 1639 4656 legitur,
1660 4582 1760 4638 sed
1780 4582 1839 4654 Ι)
1864 4582 2015 4637 tibus
2041 4582 2112 4637 de
2151 4582 2385 4637 occultis
2420 4581 2560 4637 foris
2599 4582 2970 4652 proferimus.
3000 4584 3224 4641 Scimus
3256 4598 3502 4655 pugnas,

148 4675 232 4732 illa
256 4681 480 4736 tantum
511 4681 681 4736 lectio
713 4680 894 4736 sancti
926 4678 1221 4749 Evangelii
1252 4695 1266 4733 :
1296 4678 1429 4734 Cum
1458 4680 1764 4749 appropin-

146 4779 316 4839 quaret
345 4778 514 4831 Iesus.
555 4775 722 4839 Quod
758 4774 935 4830 etiam
967 4772 1185 4828 cunctis
1219 4771 1638 4840 sacerdotibus,
1672 4772 1770 4842 qui

146 4863 369 4933 privatas
398 4869 604 4924 missas
630 4868 1009 4936 cantaverint,
1042 4865 1391 4938 pracipitur,
1424 4867 1489 4919 ut
1514 4864 1629 4919 sint
1664 4881 1770 4936 pa-

147 4958 240 5012 rati
264 4961 331 5015 ad
357 4963 500 5019 duas
524 4961 920 5036 processiones
944 4977 1073 5033 qua
1099 4960 1196 5015 illo
1222 4958 1316 5013 die
1346 4961 1480 5013 sunt
1499 4958 1767 5030 agenda.

148 5049 457 5120 (Udalricus,
482 5060 543 5111 in
570 5058 664 5111 lib.
691 5073 710 5112 1
739 5055 1069 5112 Consuetud.
1099 5054 1375 5117 Cluniac.,
1410 5068 1533 5124 cap.
1571 5051 1681 5124 54.)

210 5146 436 5211 Quando
468 5151 685 5206 erimus
709 5150 859 5205 circa
882 5149 1063 5204 ﬁnem
1084 5149 1348 5216 Tractus,
1382 5145 1619 5203 sacrista
1642 5146 1769 5218 pul-

151 5237 276 5296 sabit
291 5260 464 5299 unam
482 5260 722 5316 parvam
742 5258 1087 5315 campanam
1105 5258 1211 5313 pro
1230 5239 1647 5314 congregando
1669 5240 1768 5295 do-

155 5331 320 5391 minos
346 5337 419 5394 ad
447 5337 803 5393 audiendam
829 5336 1182 5410 passionem,
1206 5334 1343 5407 quia
1373 5334 1502 5407 ipsa
1532 5351 1649 5390 non
1677 5333 1770 5388 de-

153 5422 236 5481 bet
264 5429 371 5504 legi
402 5430 513 5487 nisi
546 5431 606 5486 in
646 5447 865 5502 magna
900 5429 1076 5485 missa
1112 5429 1567 5502 (Consuetudines
1596 5429 1774 5483 sancti

232 5559 261 5597 a
306 5546 441 5602 Vide
470 5564 647 5619 pagg.
678 5550 745 5603 66
777 5549 835 5601 et
859 5548 947 5602 93.

237 5543 281 5755 δξ
306 5617 441 5702 Vide
472 5634 607 5691 pag.
642 5618 763 5674 184.

235 5702 260 5740 c
300 5689 434 5745 Vide
463 5706 603 5755 pag.
640 5693 761 5746 l27.

237 5614 281 5691 b)
302 5617 441 5691 Vide
471 5614 620 5691 pagi
642 5618 763 5674 184.

235 5689 280 5763 ei
300 5689 434 5763 Yide
463 5689 603 5763 ias.
640 5693 761 5746 427-

238 5757 451 5833 d_)AVide
468 5757 615 5833 'pa'g.
652 5763 773 5833 386.

237 5825 521 5903 e)_Passioh
528 5825 609 5887 a'c
621 5831 773 5903 apud
784 5828 1171 5903 Horpbritium
1181 5827 1489 5903 Ambrosio
1502 5825 1772 5903 tribuitur

165 5897 253 5953 sub
283 5900 385 5959 hoc
412 5903 577 5962 initio
607 5921 622 5962 :
654 5897 851 5965 Servus
880 5899 1082 5960 Christi
1114 5900 1435 5959 Ambrosius
1466 5900 1766 5974 episcopus,

213 5542 235 5895 ἒ

1870 4693 2013 4748 quas
2032 4675 2113 4730 illi
2139 4675 2438 4731 visibiliter
2462 4674 2613 4748 passi
2639 4675 2772 4743 sint,
2792 4676 3153 4733 invisibiliter
3177 4676 3344 4732 nobis
3365 4675 3509 4731 exci-

1870 4769 1980 4826 tari
2001 4768 2280 4842 quotidie,
2296 4772 2354 4824 et
2372 4770 2753 4841 neglegenter
2769 4774 3098 4840 pugnantes
3114 4771 3302 4827 acrius
3318 4770 3523 4825 vulne--

1869 4863 2005 4919 rari.
2019 4864 2170 4935 Ergo
2192 4865 2256 4918 ut
2274 4879 2438 4918 arma
2465 4864 2802 4936 pertractes,
2826 4862 3077 4918 adtende
3098 4864 3412 4932 bellantes;
3434 4863 3509 4919 da

1870 4959 2131 5012 mentem
2157 4955 2376 5024 studiis,
2405 4959 2470 5011 ut
2494 4956 2674 5012 hostis
2696 4955 2934 5027 incipiat
2963 4958 3020 5011 te
3049 4956 3277 5011 timere.

1940 5055 1993 5106 2.
2021 5048 2388 5105 Beatissimos
2412 5053 2696 5122 martyres
2724 5050 3013 5119 Cantium,
3042 5052 3412 5122 Cantianum,
3447 5058 3507 5110 et

1871 5145 2316 5213 Cantianellum,
2348 5160 2383 5198 a
2408 5143 2730 5217 padagogo
2761 5161 2862 5199 suo
2884 5146 3054 5201 Proto
3081 5146 3246 5201 valde
3268 5148 3382 5203 fide
3412 5164 3506 5202 ca-

1871 5239 2084 5295 tholica
2112 5238 2288 5294 fuisse
2319 5237 2571 5293 edoctos.
2605 5280 2618 5292 .
2647 5280 2660 5293 .
2686 5238 2782 5309 qui
2812 5238 2883 5293 de
2904 5254 3119 5311 genere
3147 5241 3504 5308 Aniciorum,

1870 5333 1981 5388 hoc
2003 5335 2089 5387 est
2104 5332 2247 5387 diva
2264 5330 2562 5387 memoria
2580 5330 2773 5389 Carini
2790 5330 3177 5405 imperatoris,
3195 5336 3510 5388 noscuntur

1871 5425 2182 5498 progeniti,
2206 5428 2265 5481 et
2284 5426 2438 5481 intra
2458 5425 2662 5481 urbem
2682 5426 2953 5495 Romam,
2976 5426 3035 5481 in
3058 5431 3263 5498 quarta
3280 5425 3507 5481 decima

1871 5541 2143 5598 Christum
2165 5545 2335 5598 Deum
2353 5558 2540 5598 verum
2560 5543 2856 5599 colentibus
2880 5542 3154 5611 fratribus
3166 5558 3273 5612 per
3301 5557 3509 5597 omnem

1869 5615 2112 5678 Italiam,
2160 5616 2220 5669 in
2254 5616 2481 5670 Domino
2517 5630 2724 5669 omnem
2766 5615 3014 5669 salutem.
3061 5612 3257 5668 Omnia
3302 5629 3424 5683 qua
3473 5630 3510 5668 a

1869 5687 2106 5749 Sanctis,
2140 5701 2324 5756 usque
2360 5684 2434 5740 ad
2465 5688 2805 5756 sequentem
2835 5684 3412 5756 versum,_Scribimus
3447 5689 3509 5739 ut

1872 5757 1932 5810 in
1965 5759 2129 5824 gestis
2154 5753 2482 5820 inuenimus,
2511 5753 2642 5822 etc.,
2678 5755 2884 5826 quibus
2920 5753 3165 5823 omissis,
3196 5753 3509 5810 resumitur

1875 5826 2043 5883 lectio
2074 5845 2110 5883 a
2140 5826 2402 5900 sequenti
2427 5842 2674 5885 numero
2706 5829 2932 5899 quarto.
