4014 6230
468 329 569 383 439

1252 324 1587 381 ΑΡΡΕΝΒΙΧ
1622 324 1711 379 ΑΒ
1747 322 1974 377 OPERA
2011 319 2246 377 SANCTI
2283 318 2583 376 GERMANI
2620 319 3047 377 PARISIENSIS.

3741 326 3870 381 440

467 433 730 506 regione,
777 432 902 490 nati
943 436 1117 506 atque
1158 431 1346 489 edocti
1380 430 1721 503 probantur,
1761 427 2105 485 Dioclitiano
2127 439 2189 516 Α
2282 426 2600 484 Beatissimi
2619 444 2755 484 vero
2777 430 3063 501 martyres
3088 444 3324 487 ascenso
3345 430 3419 502 (α)
3441 430 3705 487 vehiculo
3728 431 3869 504 jun-

468 530 668 586 Romae
712 527 1060 601 imperante,
1106 531 1163 582 et
1196 525 1538 583 Maximiano
1579 522 1837 596 partibus
1875 522 2103 596 Illyrici,

467 622 674 679 Carino
697 639 928 696 quoque
957 622 1110 677 intra
1137 619 1344 677 Gallias
1367 619 1518 675 bene
1550 620 1762 691 agente
1790 634 1931 689 erga
1954 616 2112 673 Chri-

472 718 708 786 stianos,
736 716 832 789 qui
854 708 969 772 non
993 717 1122 787 post
1146 714 1395 769 multum
1422 716 1657 785 tempus
1676 712 1981 768 defunctus
2003 714 2105 767 est.

467 814 604 867 Post
654 811 814 882 cujus
874 810 1095 865 obitum
1153 807 1576 863 sceleratissimi
1625 805 2003 863 Dioclitianus
2054 809 2113 861 et

468 904 839 962 Maximianus
876 919 982 974 per
1023 918 1227 957 omnes
1267 900 1588 973 provincias
1632 901 1866 957 decreta
1906 916 2111 972 posue-

471 1002 626 1067 runt,
665 1002 727 1053 ut
760 997 853 1051 ubi
894 995 1204 1051 Christiani
1245 994 1662 1063 invenirentur,
1702 995 1750 1049 si
1790 992 2108 1049 sacrificare

470 1092 932 1159 contemnerent,
947 1089 1183 1145 diversis
1194 1090 1378 1161 poenis
1395 1089 1529 1145 adﬂi
1536 1092 1831 1161 gerentur.
1847 1089 2109 1160 Cumque

471 1187 560 1241 his
576 1185 741 1240 dictis
753 1182 1076 1240 beatissimi
1092 1186 1380 1255 martyres
1396 1183 1666 1240 Cantiani
1681 1182 1742 1238 in
1758 1183 1905 1238 urbe
1926 1183 2111 1237 Roma

468 1270 712 1335 fuissent
738 1278 939 1350 positi,
972 1277 1211 1335 consilio
1238 1276 1435 1333 habito
1464 1294 1596 1332 eum
1623 1277 1795 1332 beato
1824 1278 2019 1343 Proto,
2048 1278 2113 1331 ut

470 1374 731 1446 iniquam
747 1373 999 1428 vitarent
1019 1371 1388 1441 sententiam,
1413 1371 1633 1444 praedia
1655 1388 1758 1426 sua
1777 1370 2109 1426 suburbano

468 1468 656 1540 posita
687 1467 792 1522 sub
835 1466 1023 1538 specie
1053 1458 1397 1521 visitationis
1432 1464 1672 1520 circuire
1708 1464 2108 1520 decreverunt.

542 1566 594 1618 3.
614 1560 723 1626 Qui
742 1560 952 1617 eodem
976 1562 1239 1631 tempore
1257 1558 1317 1614 in
1337 1559 1544 1614 urbem
1558 1558 2010 1631 Aquilegensem
2026 1574 2113 1612 re-

466 1656 757 1728 pedarunt
778 1671 792 1710 :
816 1654 876 1708 in
899 1670 1015 1726 qua
1032 1657 1172 1709 tunc
1192 1652 1472 1725 temporis
1492 1669 1610 1708 non
1630 1669 1809 1725 parva
1827 1668 1965 1707 rura
1984 1668 2113 1724 pos-

470 1749 757 1805 sidebant.
785 1749 899 1805 Sed
922 1748 1057 1820 quia
1076 1750 1275 1803 lumen
1299 1747 1358 1802 in
1381 1746 1637 1802 tenebris
1661 1747 1843 1802 latere
1865 1763 1984 1801 non
2004 1762 2107 1817 po-

2211 522 2315 578 etis
2341 521 2625 591 mulabus,
2650 538 2784 577 cum
2807 523 3079 579 secedere
3102 523 3437 595 voluissent,
3460 528 3518 579 et
3539 542 3660 581 non
3681 526 3868 598 longe

2212 617 2284 672 ab
2315 616 2472 671 urbis
2498 615 2785 672 moenibus
2809 617 2922 672 iter
2952 623 3214 689 agerent,
3243 621 3301 673 et
3326 635 3506 673 unum
3534 618 3765 675 animal
3793 620 3870 676 de

2212 710 2530 783 subjunctis
2550 710 2737 766 subito
2760 711 3070 767 corruisset
3085 712 3143 767 in
3167 713 3294 767 loco
3316 712 3415 784 qui
3431 714 3766 785 appellatur
3780 714 3874 769 Ad

2209 807 2403 877 Aquas
2425 805 2724 875 Gradatas,
2748 805 2830 861 ita
2849 805 3007 861 illine
3023 808 3157 861 sunt
3172 824 3206 861 a
3225 807 3694 878 persecutoribus
3712 825 3876 864 eom-

2211 899 2502 971 prehensi.
2531 898 2698 964 Quod
2724 898 2943 955 factum
2981 916 3157 972 quam
3185 900 3504 972 gloriosum
3532 900 3607 956 sit
3628 905 3688 956 et
3718 919 3756 957 a
3783 902 3869 958 di-

2210 992 2447 1050 vinitate
2498 992 2873 1065 dispositum,
2925 993 3202 1049 debemus
3252 994 3574 1050 advertere.
3616 995 3873 1069 Semper

2213 1087 2371 1142 enim
2400 1088 2551 1143 Deus
2587 1103 2731 1159 quos
2774 1087 2970 1159 elegit,
3007 1087 3170 1160 quasi
3202 1087 3446 1143 victores
3480 1105 3613 1143 cum
3653 1090 3866 1146 subve-

2213 1181 2403 1237 ctione
2432 1180 2662 1237 sublimi
2685 1180 2746 1236 in
2776 1182 2967 1237 aulam
2989 1181 3159 1254 regni
3185 1181 3426 1238 caelestis
3446 1181 3689 1239 inducit.
3714 1185 3867 1240 Nam

2213 1275 2357 1332 sicut
2380 1275 2570 1331 Helias
2596 1291 2729 1330 eum
2760 1275 3050 1348 adplicato
3078 1275 3364 1348 quadriga
3389 1277 3729 1333 ascenditin
3751 1295 3868 1333 cae-

2211 1370 2354 1438 lum,
2388 1369 2470 1425 ita
2497 1373 2557 1424 et
2581 1369 2676 1424 isti
2694 1370 2958 1425 vehiculo
2980 1372 3179 1425 amoto
3201 1370 3276 1425 ad
3294 1371 3639 1443 martyrium
3662 1389 3867 1444 perve-

2216 1465 2457 1531 nerunt;
2492 1466 2550 1518 et
2580 1462 2865 1535 quadriga
2894 1464 3042 1518 sicut
3066 1464 3232 1519 illum
3259 1464 3443 1519 evexit
3465 1465 3540 1521 ad
3568 1466 3863 1538 requiem,

2213 1557 2294 1612 ita
2319 1560 2377 1612 et
2400 1557 2507 1612 hos
2526 1556 2778 1629 portavit
2796 1557 2870 1612 ad
2895 1556 3166 1629 gloriam.
3190 1559 3260 1613 Et
3280 1559 3542 1631 quamvis
3564 1559 3663 1615 illa
3682 1560 3867 1632 ignea

2213 1650 2497 1723 quadriga
2535 1651 2727 1720 fuerit,
2768 1652 2891 1706 haec
2932 1654 3131 1711 tamen
3165 1669 3282 1707 non
3315 1652 3559 1709 inferior
3586 1654 3867 1710 habenda

2212 1748 2325 1813 est;
2368 1745 2505 1817 quia
2545 1744 2642 1800 illa
2681 1762 2861 1800 unum
2903 1746 3152 1817 gestavit
3184 1747 3552 1819 prophetam,
3587 1748 3713 1803 hazc
3744 1751 3865 1804 tres

468 1846 638 1912 terat,
660 1859 891 1898 necesse
914 1818 1039 1898 erat
1060 1844 1123 1896 ut
1144 1858 1243 1897 eos
1264 1840 1543 1897 Dominus
1565 1841 1640 1895 ad
1660 1839 1907 1911 gloriam
1928 1839 2112 1895 nomi-
2130 1818 2188 1892 Β
2212 1841 2498 1911 martyres
2537 1838 2896 1895 sustentavit.
2930 1840 3045 1896 Sed
3086 1839 3224 1895 dicit
3254 1840 3461 1912 aliquis
3497 1857 3511 1896 :
3545 1839 3865 1898 Gloriosius

470 1938 560 1993 nis
592 1936 679 1991 sui
711 1937 1035 1992 coronaret.
1056 1935 1317 2008 Cumque
1344 1934 1406 1989 in
1434 1933 1883 2006 Aquilegensem
1903 1933 2109 1989 urbem

467 2030 653 2087 sancti
693 2029 938 2085 fuissent
978 2028 1225 2101 ingressi
1248 2071 1263 2098 ,
1311 2027 1605 2084 duriorem
1648 2027 1930 2083 saevitiam
1972 2045 2112 2101 erga

469 2123 823 2181 Christianos
843 2122 1202 2195 repperiunt,
1222 2139 1399 2195 quam
1417 2122 1775 2194 reliquerant
1793 2123 2012 2179 Romae.
2028 2124 2111 2178 Ita

463 2218 623 2273 enim
652 2234 858 2273 omnes
883 2220 1216 2272 sanctorum
1236 2218 1324 2271 vel
1351 2216 1748 2272 confessorum
1769 2233 1875 2288 pro
1897 2215 2110 2273 Christi

466 2311 705 2368 nomine
727 2310 1039 2367 multitudo
1060 2310 1120 2365 in
1149 2309 1390 2365 vinculis
1416 2326 1717 2365 carcerum
1745 2310 2005 2365 custodia
2032 2313 2115 2365 te-

468 2406 777 2473 nebantur,
806 2407 871 2459 ut
900 2403 1235 2459 enumerari
1262 2420 1380 2459 non
1404 2403 1749 2474 potuissent,
1779 2406 1989 2475 agente
2012 2401 2115 2459 sci-

465 2499 602 2556 licet
630 2497 889 2555 Dulcidio
918 2497 1187 2569 praeside,
1214 2514 1330 2552 una
1355 2513 1489 2552 cum
1520 2496 1772 2553 Sisinnio
1804 2497 2037 2552 comite.

540 2594 593 2647 4.
621 2590 939 2647 Audientes
966 2592 1164 2664 itaque
1196 2593 1424 2647 sanctos
1444 2591 1548 2646 Dei
1573 2590 1894 2660 advenisse,
1918 2590 2114 2647 statim

467 2685 718 2743 inveniri
742 2686 813 2741 ab
836 2685 1262 2757 apparitoribus
1286 2685 1791 2758 prmcipiunturmt
1812 2684 1921 2739 diis
1944 2686 2116 2741 thura

466 2782 774 2853 ponerent.
803 2781 959 2835 Tunc
996 2779 1319 2835 beatissimi
1351 2782 1637 2851 martyres
1676 2778 2021 2851 aspicientes
2054 2779 2114 2833 in

468 2875 674 2929 caelum
704 2872 1134 2945 responderunt
1162 2889 1174 2928 :
1207 2874 1321 2928 Nos
1353 2871 1655 2928 daemoniis
1681 2889 1799 2927 non
1830 2870 2114 2927 sacriﬁca-

468 2985 620 3037 mus,
646 2967 783 3040 quia
803 2967 1081 3038 scriptum
1102 2969 1189 3021 est
1210 2982 1223 3022 :
1245 2966 1438 3022 Omnes
1461 2967 1543 3022 dii
1560 2968 1802 3035 gentium
1825 2966 2112 3030 daemonia,

465 3064 730 3120 Dominus
761 3066 944 3117 autem
981 3061 1133 3116 caelos
1165 3062 1316 3143 fecit.
1352 3061 1419 3114 Et
1455 3060 1667 3115 iterum
1701 3077 1715 3115 :
1750 3060 1964 3115 Similes
2000 3060 2114 3115 illis

465 3160 606 3227 ﬁant
631 3156 729 3225 qui
750 3157 968 3224 faciunt
993 3170 1077 3218 ea,
1109 3158 1161 3209 et
1189 3170 1369 3209 omnes
1395 3155 1494 3224 qui
1516 3153 1795 3223 conﬁdunt
1818 3155 1878 3207 in
1903 3155 1999 3209 eis.
2029 3155 2111 3207 Ite
2132 3196 2187 3271 Ο

476 3265 604 3271 -μ..-
638 3249 898 3271 __-__11-L_
928 3247 1123 3271 2-1."-..
1152 3248 1383 3271 ...υ-..-ΣᾹΞ
1412 3250 1597 3271 ---ρι-,ι
1642 3264 1747 3271 --..
1768 3264 1869 3271 -..Α
1902 3245 2107 3271 [πμ-,εμπ

469 3265 610 3320 ergo
638 3249 902 3303 nuntiate
928 3247 1127 3319 iniquo
1152 3248 1388 3319 praesidi
1412 3250 1622 3315 vestro,
1642 3264 1748 3302 nos
1768 3264 1874 3319 pro
1902 3245 2112 3303 Christi

467 3342 707 3400 nomine
732 3344 931 3413 optare
963 3341 1134 3409 mori,
1160 3357 1335 3413 quam
1362 3341 1434 3395 ab
1462 3340 1587 3412 ejus
1606 3340 1899 3396 mandatis
1920 3341 2114 3395 absce-

469 3437 630 3504 dere,
654 3434 790 3507 quia
819 3435 891 3490 ab
916 3434 1052 3507 ipsis
1082 3434 1382 3490 cunabulis
1402 3434 1715 3490 Dominum
1734 3436 1929 3491 Jesum
1955 3432 2114 3490 Chri-

468 3533 624 3584 stum
662 3529 1026 3584 conﬁtemur.
1058 3530 1132 3583 At
1170 3528 1254 3583 illi
1291 3528 1601 3584 redeuntes
1630 3527 1864 3601 praesidi
1892 3528 1981 3582 vel
2011 3543 2109 3583 eo-

469 3622 598 3680 miti
628 3623 955 3677 retulerunt
981 3621 1183 3677 omnia
1212 3638 1341 3694 quas
1373 3624 1537 3694 gesta
1562 3623 1812 3678 fuerant.

542 3714 735 3790 469
771 3717 926 3771 Tune
965 3715 1256 3771 Dulcidius
1286 3732 1499 3787 praeses
1533 3732 1651 3771 una
1688 3731 1821 3770 cum
1859 3712 2112 3770 Sisinnio

469 3809 681 3866 comite
701 3810 868 3866 valde
890 3809 1189 3878 commoti,
1214 3811 1390 3866 talem
1412 3810 1699 3865 dederunt
1714 3808 1897 3881 impio
1914 3808 2114 3865 Diocli-

468 3905 631 3961 tiano
665 3904 1099 3976 suggestionem
1136 3921 1149 3959 :
1183 3903 1458 3972 Piissimi,
1501 3902 1797 3959 subvenite
1836 3902 2113 3959 Romanis

467 3998 716 4069 legibus,
746 4014 852 4069 pro
890 3997 1097 4069 quibus
1137 3996 1335 4053 victrix
1369 3998 1605 4051 dextera
1638 4000 1829 4052 vestra
1857 3997 2113 4053 hostium

470 4091 719 4146 cervices
776 4090 1035 4161 inclinat,
1093 4093 1153 4147 et
1206 4091 1315 4146 diis
1364 4089 1878 4161 omnipotentibus,
1930 4090 2027 4161 qui
2079 4108 2113 4145 a

470 4184 809 4241 Christianis
845 4187 1316 4253 contemnuntur,
1341 4183 1646 4255 juvamina
1682 4184 1956 4255 praebete.
1997 4183 2111 4238 Ad-

470 4282 756 4334 venerunt
794 4279 950 4335 enim
991 4282 1110 4335 tres
1149 4277 1417 4350 germani
1460 4293 1529 4331 ex
1569 4277 1710 4332 urbe
1751 4278 1953 4345 Roma,
1996 4293 2111 4332 uno

473 4372 673 4429 animo
702 4373 928 4428 fortiter
946 4374 1317 4439 reluctantes,
1338 4373 1396 4425 et
1412 4369 1606 4425 nescio
1629 4386 1803 4442 quem
1823 4370 2114 4426 Christum

471 4469 832 4537 conﬁtentes,
849 4471 907 4523 et
927 4469 1372 4523 contemnentes
1390 4466 1622 4521 decreta
1642 4465 1872 4537 pietatis
1888 4469 2110 4522 vestras.

2210 1934 2455 2005 gestavit
2500 1933 2784 2006 quadriga
2823 1933 3015 2004 ignea,
3069 1950 3246 2005 quam
3292 1937 3542 1990 terrena.
3585 1937 3703 1991 Nec
3750 1936 3865 1991 hoc

2209 2029 2382 2100 plane
2414 2027 2599 2083 defuit
2637 2027 2847 2083 sanctis
2878 2027 3030 2082 viris.
3064 2028 3209 2083 Nam
3238 2027 3385 2083 sicut
3421 2028 3645 2085 Heliam
3682 2029 3862 2101 ignea

2211 2121 2495 2195 quadriga
2522 2121 2791 2194 portavit,
2822 2121 2904 2176 ita
2934 2124 2993 2177 et
3024 2124 3308 2194 martyres
3339 2122 3483 2177 ﬁdes
3514 2123 3689 2194 ignea
3726 2124 3859 2194 jam

2212 2216 2453 2272 ferebat.
2483 2216 2729 2271 Ferebat
2753 2216 2903 2284 illos,
2932 2215 3196 2288 inquam,
3226 2215 3502 2286 Christus,
3528 2218 3628 2290 qui
3657 2218 3858 2273 lumen

2213 2314 2319 2379 est,
2354 2309 2452 2383 qui
2482 2309 2635 2381 ignis
2664 2312 2768 2378 est,
2793 2310 2865 2365 de
2896 2326 3010 2381 quo
3040 2309 3316 2382 scriptum
3345 2313 3431 2365 est
3459 2327 3472 2366 :
3502 2315 3645 2367 Deus
3676 2316 3863 2369 noster

2211 2407 2355 2474 ignis
2382 2419 2699 2460 consumens
2731 2409 2826 2459 est.
2857 2405 3009 2475 Ergo
3039 2420 3169 2459 cum
3199 2404 3402 2460 beatos
3434 2404 3504 2460 de
3538 2405 3747 2476 quibus
3774 2408 3859 2461 lo-

2214 2498 2448 2571 quimur
2472 2497 2806 2570 persecutor
2835 2500 3128 2568 urgueret,
3155 2497 3481 2553 vehiculum
3502 2500 3860 2555 conscende-

2212 2595 2366 2647 runt.
2400 2592 2525 2657 Qua
2549 2591 2762 2647 causa?
2791 2594 2853 2646 ut
2889 2592 3203 2663 fugerent?
3240 2592 3420 2659 absit;
3452 2609 3571 2647 non
3600 2595 3666 2648 ut
3690 2594 3861 2665 fuge-

2213 2688 2364 2755 rent,
2398 2685 2501 2740 sed
2531 2688 2595 2740 ut
2626 2685 2700 2740 ad
2730 2684 3075 2756 martyrium
3105 2685 3269 2740 citius
3300 2685 3705 2758 pervenirent;
3741 2705 3861 2743 non

2214 2783 2279 2835 ut
2313 2780 2628 2847 latitarent,
2675 2778 2869 2851 470
2907 2779 3011 2833 sed
3046 2782 3109 2833 ut
3148 2796 3208 2833 se
3248 2779 3602 2836 Christianos
3640 2781 3861 2836 eunetis

2213 2872 2645 2928 transeuntibus
2675 2871 3139 2927 manifestarent.
3167 2873 3438 2928 Ceterum
3472 2874 3750 2930 occultius
3780 2875 3861 2930 in-

2213 2970 2303 3021 ter
2336 2968 2531 3038 plures
2555 2966 2616 3021 in
2646 2965 2873 3021 civitate
2911 2967 3091 3021 latere
3127 2969 3426 3039 poterant;
3454 2968 3555 3023 sed
3581 2969 3691 3025 hoc
3721 2986 3856 3042 ege-

2213 3063 2369 3129 runt,
2402 3063 2467 3116 ut
2502 3059 2678 3116 totius
2712 3059 2912 3132 populi
2951 3060 3145 3128 corda,
3190 3060 3329 3116 dum
3362 3078 3469 3133 per
3506 3061 3731 3119 diversa
3768 3064 3857 3119 fu-

2214 3154 2399 3226 giunt,
2433 3152 2641 3209 Christi
2672 3170 2868 3209 amore
2904 3153 3304 3209 ﬂammentur.
3336 3157 3411 3210 At
3436 3172 3572 3213 vero
3606 3157 3705 3212 ubi
3734 3158 3860 3229 quis

2212 3247 2460 3303 vehiculi
2487 3248 2770 3319 adparato
2798 3246 3096 3319 disposito,
3119 3265 3226 3320 per
3254 3264 3532 3321 aggerem
3560 3250 3856 3322 publicum

2214 3340 2509 3414 graditur;
2537 3341 2654 3396 illic
2691 3359 2809 3396 non
2838 3343 2980 3413 fuga
3006 3340 3254 3398 dicenda
3280 3346 3384 3412 est,
3418 3344 3519 3399 sed
3545 3346 3854 3416 profectus.

2212 3434 2405 3493 Sancti
2424 3435 2583 3490 enim
2603 3435 2710 3489 viri
2736 3436 2846 3491 hoc
2865 3436 3038 3503 facto,
3062 3437 3219 3491 velut
3240 3436 3301 3491 in
3323 3436 3659 3510 triumphali
3681 3456 3851 3495 curru

2212 3529 2406 3602 positi,
2451 3529 2925 3585 contestabantur
2961 3529 3219 3585 dicentes
3253 3547 3267 3585 :
3296 3532 3459 3600 Ecce,
3501 3536 3852 3604 persecutor,

2213 3640 2343 3679 ecce
2368 3623 2805 3696 proficiscimur,
2832 3640 2962 3679 ecce
2993 3623 3393 3695 praacedimus.
3418 3625 3569 3690 Quid
3598 3627 3855 3683 resides?

2214 3717 2354 3789 quid
2380 3717 2666 3773 moraris?
2692 3717 3044 3789 subsequere
3072 3721 3271 3773 nostra
3290 3718 3551 3791 vestigia.
3577 3722 3851 3776 Nolumus

2215 3810 2372 3867 enim
2406 3810 2587 3866 videri
2618 3811 2781 3866 inviti
2822 3810 2955 3866 duci
2992 3811 3066 3866 ad
3103 3828 3358 3883 pcenam,
3391 3813 3489 3885 qui
3526 3814 3851 3886 praecedere

2212 3922 2319 3961 nos
2347 3905 2692 3977 proﬁtemur
2714 3904 2790 3960 ad
2820 3904 3090 3977 gloriam.

2283 3998 2753 4055 Tune'Sisinnius
2783 3998 2964 4053 comis
2998 3999 3119 4055 haec
3157 3998 3419 4069 audiens,
3445 3999 3617 4071 jussit
3650 4001 3851 4057 beatos

2212 4095 2497 4164 martyres
2526 4092 2972 4164 comprehendi;
3003 4092 3103 4164 qui
3134 4092 3315 4164 judex
3348 4094 3615 4149 hortatur
3643 4111 3762 4164 eos,
3795 4096 3854 4149 ut

2211 4186 2334 4242 Jovi
2360 4188 2532 4243 thura
2556 4186 2853 4242 offerrent.
2886 4185 3210 4242 Beatissimi
3236 4204 3371 4244 vero
3397 4188 3602 4243 famuli
3629 4188 3733 4243 Dei
3760 4206 3855 4244 ex-

2214 4284 2504 4336 secrantes
2533 4280 2802 4336 dixerunt
2826 4297 2885 4335 se
2912 4297 3236 4353 numquam
3266 4281 3570 4338 daemoniis
3594 4282 3856 4338 immola-

2213 4377 2393 4443 turos,
2417 4374 2519 4429 sed
2542 4373 2932 4447 omnipotenti
2950 4375 3194 4430 Domino
3221 4375 3319 4447 qui
3339 4375 3478 4431 fecit
3503 4377 3730 4445 caelum,
3753 4380 3856 4433 ter-

2212 4484 2359 4537 ram,
2398 4484 2561 4523 mare
2597 4470 2656 4522 et
2684 4467 2884 4524 omnia
2915 4484 3042 4540 quae
3080 4469 3142 4523 in
3178 4467 3258 4523 eis
3294 4472 3446 4523 sunt.
3479 4470 3626 4525 Nam
3663 4470 3855 4525 omnia

470 4563 634 4619 Unde
675 4563 814 4635 quid
843 4562 1104 4633 jussione
1138 4562 1327 4615 vestra
1368 4559 1753 4629 decreveritis,
1796 4560 2111 4615 decernite.
2134 4574 2194 4646 D
2216 4562 2392 4630 idola,
2416 4560 2530 4617 sive
2552 4561 2653 4634 qui
2670 4578 2739 4617 ea
2757 4563 2973 4630 colunt,
2998 4579 3129 4617 cum
3152 4561 3371 4617 eisdem
3391 4563 3560 4618 ibunt
3579 4563 3637 4617 in
3660 4563 3851 4635 ignem

471 4656 568 4711 His
594 4656 803 4712 auditis
824 4653 1296 4711 sceleratissimus
1324 4652 1694 4710 Dioclitianus
1713 4654 2116 4710 vehementius

472 4752 560 4804 est
585 4751 935 4816 commotus,
959 4751 1018 4802 et
1041 4748 1194 4803 hanc
1216 4747 1378 4803 dedit
1400 4747 1830 4817 auctoritatem,
1859 4750 1923 4802 ut
1951 4748 1999 4802 si
2023 4764 2114 4802 sa-

472 4842 728 4899 criﬁcare
756 4840 1096 4909 noluissent,
1122 4840 1353 4913 capitali
1380 4842 1672 4897 sententia
1697 4843 2113 4914 plecterentur.

470 4937 730 5007 Cumque
751 4933 955 5006 iniqua
975 4934 1261 4990 sententia
1280 4934 1636 5007 pervenisset
1656 4934 1732 4989 ad
1747 4932 2115 4989 beatissimos

472 5031 777 5100 martyres,
808 5044 1046 5084 ascenso
1077 5028 1338 5085 vehiculo
1368 5046 1484 5084 una
1509 5045 1639 5083 eum
1668 5026 1990 5099 paedagogo
2012 5044 2114 5083 suo

471 5124 643 5179 Proto
686 5139 753 5177 ex
794 5122 934 5177 urbe
976 5122 1362 5195 Aquilegense
1405 5121 1619 5193 egressi
1659 5122 1812 5188 sunt,
1859 5120 2116 5176 divinam

473 5216 829 5289 Scripturam
870 5216 1153 5273 habentes
1193 5232 1312 5288 prae
1347 5215 1546 5282 oculis,
1590 5229 1719 5285 quae
1757 5213 1896 5269 dicit
1934 5230 1947 5270 :
1983 5214 2115 5270 Cum

460 5316 861 5383 persequentur
878 5328 969 5368 vos
991 5314 1051 5366 in
1076 5312 1297 5366 civitate
1323 5311 1451 5372 ista,
1472 5310 1652 5377 fugite
1671 5310 1731 5364 in
1752 5309 1939 5365 aliam.
1963 5309 2117 5364 Nun-

468 5405 646 5461 tiatur
674 5422 812 5477 ergo
845 5402 1223 5476 iniquissimis
1255 5401 1549 5474 judicibus
1578 5406 1808 5459 sanctos
1843 5402 1946 5458 Dei
1978 5418 2113 5473 pro-

470 5515 721 5570 perasse.
744 5501 899 5555 Tunc
928 5496 1215 5554 Sisinnius
1239 5496 1421 5552 comis
1446 5514 1563 5553 una
1589 5514 1721 5553 cum
1750 5494 2110 5569 spiculatori-

467 5591 573 5647 bus
605 5611 673 5649 ex
698 5595 989 5666 praecepto
1021 5590 1352 5665 impiissimi
1385 5590 1710 5649 Dioclitiani
1746 5589 2113 5668 imperatoris

468 5684 853 5758 subsequitur.

540 5828 612 5899 (ᾳ)
642 5829 773 5899 Haec
796 5828 967 5886 verba

471 5897 835 5956 Ambrosium
858 5904 917 5957 et
934 5897 1512 5975 apud'Augustinum.

2215 4658 2581 4729 perpetuum.
2594 4656 2749 4710 Tunc
2764 4655 2978 4727 impius
2996 4655 3279 4712 Sisinnius
3296 4655 3496 4725 comis,
3512 4657 3621 4712 hoc
3639 4657 3852 4723 audito,

2214 4749 2380 4804 valde
2419 4748 2599 4805 iratus
2643 4750 2748 4818 est,
2791 4752 2849 4803 et
2894 4750 3168 4821 praecepit
3212 4749 3671 4821 spiculatoribus,
3713 4755 3777 4806 ut
3812 4749 3852 4804 si

2212 4844 2240 4899 Ι
2246 4843 2335 4898 ovi
2356 4842 2528 4898 thura
2547 4859 2667 4898 non
2691 4842 2987 4911 oﬂ'errent,
3013 4843 3205 4915 capita
3222 4844 3632 4915 plecterentur.
3650 4844 3857 4899 Beatis-

2214 4930 2345 4987 simi
2375 4947 2511 4987 vero
2545 4934 2828 5003 martyres
2859 4931 3127 4987 Cantiani
3157 4949 3271 4987 una
3298 4949 3431 4987 eum
3460 4935 3633 4988 Proto
3663 4934 3851 5005 paeda-

2213 5042 2366 5098 gogo
2400 5042 2501 5081 suo
2532 5025 2853 5097 gaudentes
2879 5028 2937 5081 et
2964 5027 3274 5097 psallentes
3300 5026 3663 5081 ducebantur
3690 5045 3723 5082 a
3750 5026 3849 5099 spi-

2214 5119 2583 5176 culatoribus.
2606 5119 2761 5173 Tune
2781 5118 2940 5174 beati
2961 5119 3165 5174 famuli
3187 5119 3286 5175 Dei
3308 5119 3571 5191 expansis
3587 5120 3847 5176 manibus

2214 5213 2288 5269 ad
2323 5213 2523 5268 caelum
2554 5211 2878 5267 orationem
2907 5212 3185 5268 fuderunt
3218 5213 3293 5268 ad
3322 5213 3638 5269 Dominum
3664 5214 3849 5270 dicen-

2213 5308 2332 5363 tes:
2356 5305 2598 5362 Domine
2617 5306 2644 5361 J
2650 5322 2751 5361 esu
2770 5306 3013 5375 Christe,
3038 5306 3135 5379 qui
3153 5307 3656 5378 perseverantibus
3678 5308 3737 5363 in
3757 5311 3849 5362 tuo

2214 5399 2454 5456 nomine
2488 5404 2547 5455 te
2590 5402 2815 5471 patrem
2849 5402 2908 5454 et
2944 5403 3197 5455 matrem
3241 5399 3430 5456 dixisti
3472 5417 3617 5470 esse,
3656 5404 3714 5456 et
3752 5418 3849 5474 pro

2212 5494 2627 5568 temporalibus
2665 5495 2881 5563 futura,
2919 5496 2978 5549 et
3015 5511 3119 5566 pro
3158 5493 3428 5567 perituris
3465 5498 3768 5567 perpetua,
3800 5497 3853 5550 et

2212 5605 2317 5662 pro
2332 5587 2543 5644 divitiis
2559 5586 2805 5643 terrenis
2822 5586 3217 5660 incorruptam
3230 5587 3410 5644 vitam
3423 5591 3706 5644 aeternam
3724 5604 3851 5644 cum

2212 5682 2487 5739 felicitate
2529 5682 2667 5738 dare
2709 5680 3024 5755 promisisti
3064 5697 3078 5739 :
3110 5685 3167 5737 te
3194 5682 3588 5753 obsecramus,
3619 5684 3855 5739 Amator

992 5846 1175 5904 usque
1209 5830 1281 5887 ad
1314 5831 1648 5904 sequentem
1683 5829 2008 5902 sectionem,
2040 5826 2236 5904 paucis
2274 5825 2695 5903 praetermissis,
2726 5827 3001 5899 leguntur
3041 5826 3103 5883 in
3138 5826 3367 5901 vulgato
3408 5841 3670 5886 sermone
3705 5824 3853 5900 apud
