4014 6230
177 375 287 429 441

821 379 907 430 AD
943 375 1432 430 PBrECEDENTIA
1473 375 1804 430 LITURGL‘E
1842 375 2254 430 MONUMENTA
2293 373 2628 430 APPENDIX
2669 376 2951 431 ALTERA.

3484 381 3586 435 442

174 499 352 554 purae
368 483 756 550 conscientiae,
779 486 845 539 ut
859 483 1123 554 respicias
1139 483 1208 538 de
1229 483 1554 539 summitate
1571 484 1839 540 caelorum
1860 495 1920 568 Α
1938 483 1976 538 li
1983 499 2122 554 gens
2149 481 2603 538 beatissimorum
2624 488 2941 554 martyrum
2966 500 3221 556 corpora,
3251 486 3499 544 condivit
3519 505 3584 543 ea

175 578 258 632 ad
290 578 442 632 hanc
470 578 694 647 horam,
723 581 790 632 ut
817 577 1086 649 suscipias
1110 577 1330 632 animas
1348 582 1569 633 nostms
1592 578 1652 633 in
1681 595 1838 651 pace,

180 677 244 726 et
275 671 428 726 inter
458 675 682 726 sanctos
707 672 926 726 Electos
952 676 1081 726 tuos
1109 671 1389 726 conlocari
1424 672 1738 742 praecipias,
1778 679 1843 729 ut

179 770 538 836 cognoscant
565 782 761 819 omnes
798 765 931 836 quia
957 769 1018 820 tu
1045 781 1104 820 es
1141 766 1288 820 Deus
1325 764 1476 819 solus
1516 770 1572 819 et
1605 765 1837 822 benedi-

178 863 315 913 ctus
342 859 403 913 in
427 859 658 914 saecula.
688 860 909 914 Etcum
949 859 1325 930 complessent
1361 857 1692 928 orationem,
1733 877 1839 930 p0-

177 958 394 1008 nentes
441 969 629 1024 genua
673 957 1042 1024 susceperunt
1092 953 1366 1024 gladium,
1409 957 1466 1007 et
1504 956 1843 1022 acceperunt

177 1062 427 1101 coronas
452 1046 866 1118 sempiternas:
913 1051 969 1101 et
1013 1063 1138 1102 ecce
1180 1045 1415 1117 sanguis
1453 1062 1651 1102 eorum
1692 1050 1838 1102 tam-

176 1156 366 1210 quam
391 1141 476 1195 lac
500 1140 764 1196 omnibus
789 1140 1112 1196 videntibus
1140 1141 1422 1212 apparuit.

257 1236 383 1298 Quo
415 1240 672 1306 tempore
713 1234 1048 1291 venerabilis
1072 1234 1158 1290 vir
1185 1235 1382 1291 Zoelus
1409 1235 1706 1306 presbyter
1733 1235 1842 1290 col-

1942 577 2291 633 aromatibus
2329 576 2612 648 pretiosis,
2649 582 2706 632 et
2730 577 2789 632 in
2813 578 2996 633 loculo
3022 580 3350 636 conlocavit.
3397 582 3503 646 Qui
3529 587 3586 638 et

1940 671 2060 742 ipse
2086 675 2309 726 sanctus
2335 671 2534 726 Zoelus
2558 675 2687 742 post
2711 671 3064 743 aliquantum
3097 678 3322 744 tempus
3352 693 3582 748 suscep-

1941 765 2109 819 tionis
2145 781 2260 819 suae
2307 765 2412 819 hoc
2449 765 2646 822 ordine
2683 765 2934 836 perrexit
2968 767 3040 821 ad
3082 767 3402 823 Dominum.
3431 771 3583 824 Passi

1942 863 2074 912 sunt
2100 863 2293 913 autem
2318 858 2620 914 beatissimi
2639 865 2918 931 martyres
2933 861 3182 930 Cantius,
3203 863 3508 918 Cantianus
3529 869 3585 920 et

1940 951 2316 1020 Cantianella,
2369 953 2551 1024 pridie
2597 955 2712 1008 Kal.
2755 955 2976 1023 lunias,
3029 961 3303 1026 regnante
3345 958 3582 1012 Domino

1940 1050 2134 1100 nostro
2182 1047 2309 1101 Jesu
2355 1045 2596 1116 Christo,
2643 1047 2734 1100 cui
2771 1052 2852 1102 est
2895 1048 3090 1119 gloria,
3137 1049 3319 1106 honor
3371 1053 3428 1107 et
3474 1068 3578 1122 po-

1941 1143 2110 1196 testas
2138 1140 2198 1195 in
2225 1140 2428 1195 saecula
2447 1139 2806 1207 saeculorum,
2833 1157 3021 1197 amen.

964 1593 1914 1710 APPENDIX
2029 1595 2831 1711 ALTERA.

173 1805 310 1905 In
423 1835 618 1937 quo
733 1805 1251 1908 variantes
1352 1807 1898 1936 scriptura:
1999 1836 2327 1905 sacrae
2432 1807 2902 1907 lectiones
3004 1809 3580 1939 prtecipute

767 1982 895 2049 ese
982 1947 1614 2049 Lectionario
1713 1944 2243 2049 Gallicano
2343 1947 2984 2050 ean/tibentur.

259 2272 447 2346 471
475 2271 753 2338 Quoniam
772 2285 1117 2343 magnopere
1133 2269 1518 2327 interestscire
1537 2270 1832 2343 antiquam
1851 2283 1908 2356 Β
1931 2272 2075 2342 ﬁlias
2093 2272 2389 2340 pharetrae,
2420 2271 2628 2342 Graece,
2660 2279 2779 2335 ἰοὺς.
2809 2271 3083 2342 Lection.,
3110 2272 3332 2342 phialas
3370 2272 3575 2341 phare-

179 2368 498 2439 Scripturas
524 2383 698 2421 sacrae
723 2365 1064 2434 versionem,
1096 2381 1210 2436 qua
1237 2364 1441 2436 primis
1475 2365 1831 2436 temporibus

177 2479 284 2516 usa
306 2465 389 2516 est
415 2460 700 2516 Gallicana
723 2459 977 2526 ecclesia,
1010 2458 1135 2514 ideo
1164 2459 1255 2514 hic
1293 2459 1396 2513 sub
1429 2475 1545 2513 uno
1590 2475 1828 2532 conspe-

180 2560 283 2610 ctu
315 2555 597 2610 variantes
623 2553 955 2609 Lectionarii
979 2552 1356 2625 antiquissimi
1381 2553 1650 2608 lectiones
1687 2553 1827 2608 insi-

183 2650 418 2722 gniores
442 2649 656 2704 referre
685 2649 868 2703 visum
894 2652 977 2702 est
1002 2665 1190 2719 operae
1216 2648 1487 2719 pretium,
1536 2653 1603 2702 ut
1635 2664 1706 2703 ex
1741 2649 1830 2702 his

179 2743 294 2798 viri
323 2744 471 2798 docti
497 2759 659 2797 suam
685 2742 754 2798 de
784 2742 877 2796 illa
904 2742 1163 2797 versione
1207 2742 1543 2798 sententiam
1583 2746 1830 2798 statuere

179 2839 423 2912 possint.

257 2936 328 2989 Et
359 2932 546 3005 primo
587 2931 819 3003 quidem
869 2929 1185 3002 generatim
1227 2929 1643 2986 observandum
1677 2931 1826 2986 anti-

183 3045 362 3102 quam
390 3027 545 3082 illam
565 3025 885 3081 versionem
904 3025 1156 3096 Vulgata:
1181 3027 1389 3079 nostrae
1417 3025 1628 3096 passim
1653 3024 1831 3080 inhie-

184 3137 336 3192 rere,
366 3127 422 3177 et
443 3121 744 3192 plerasque
773 3118 1045 3174 lectiones
1087 3117 1365 3174 variantes
1403 3119 1596 3190 potius
1639 3136 1708 3174 ex
1753 3119 1826 3173 li-

179 3217 510 3272 brariorum
535 3213 703 3286 genio
721 3214 808 3269 vel
833 3229 1046 3281 errore,
1076 3229 1247 3284 quam
1274 3229 1344 3267 ex
1359 3212 1628 3268 versionis
1651 3213 1829 3284 ipsius

180 3309 562 3382 discrepantia
606 3307 960 3380 repetendas.
1008 3306 1218 3362 Deinde
1244 3307 1343 3361 ubi
1380 3306 1560 3362 versio
1597 3306 1828 3379 antiqua

181 3405 377 3460 differt
420 3421 452 3456 a
496 3405 688 3457 nostra
739 3401 998 3472 Vulgata,
1047 3416 1172 3455 eam
1213 3401 1439 3472 saepius,
1495 3416 1610 3455 non
1636 3404 1826 3456 tamen

181 3501 485 3571 perpetuo,
533 3512 666 3550 cum
715 3494 972 3550 versione
1025 3495 1214 3549 Graeca
1265 3494 1586 3549 convenire.
1641 3494 1826 3549 Tertio

182 3591 493 3662 Scriptura:
530 3589 724 3656 libros,
757 3605 827 3643 ex
879 3587 1084 3659 quibus
1126 3587 1390 3642 lectiones
1432 3588 1495 3642 in
1533 3587 1822 3643 Lectiona-

180 3687 338 3741 rium
368 3688 626 3739 nostrum
646 3687 890 3754 acceptae
917 3685 1068 3750 sunt,
1090 3681 1192 3736 hos
1209 3681 1443 3736 omnino
1462 3697 1602 3752 esse,
1620 3698 1825 3753 nempe
1847 3652 1901 3727 Ο

181 3779 467 3848 Genesim,
507 3778 785 3846 Exodum,
824 3778 1010 3846 Josue,
1050 3775 1303 3845 Tobiam,
1349 3774 1562 3846 Iudith,
1604 3775 1821 3846 Esther,

183 3889 387 3929 omnes
427 3873 752 3943 prophetas,
805 3870 1056 3941 majores
1103 3886 1166 3924 ac
1212 3869 1481 3939 minores,
1529 3885 1597 3923 ex
1640 3869 1826 3925 Veteri

180 3971 578 4036 Testamento;
627 3982 697 4022 ex
741 3965 892 4020 Novo
945 3967 1156 4033 autem,
1215 3969 1458 4036 quatuor
1501 3963 1824 4034 Evangelia,

180 4067 353 4117 Actus
390 4061 795 4133 apostolorum,
843 4073 1040 4114 omnes
1081 4057 1238 4112 Pauli
1279 4056 1572 4130 Epistolas,
1620 4062 1826 4129 praeter

178 4172 357 4210 unam
381 4155 453 4210 ad
480 4153 884 4225 Philippenses,
915 4166 1113 4207 omnes
1137 4150 1468 4221 Catholicas,
1515 4154 1572 4206 et
1604 4153 1822 4223 Apoca-

176 4249 386 4322 lypsin.
423 4248 687 4321 Singulos
716 4263 785 4302 ex
812 4246 1007 4301 ordine
1030 4261 1450 4317 percurramus.

573 4347 640 4400 IN
679 4346 925 4400 VETERI
963 4343 1429 4399 TESTAMENTO.

250 4437 455 4491 Genus.
485 4451 582 4504 v11,
614 4437 699 4497 16,
730 4433 825 4487 ubi
854 4433 1065 4503 legitur
1090 4431 1150 4487 in
1177 4432 1432 4504 Vulgata,
1464 4434 1682 4488 inclusit
1705 4449 1825 4488 eum

176 4533 441 4584 Dominus
469 4530 694 4596 deforis,
715 4526 872 4582 addit
889 4525 1305 4581 Lectionarium
1327 4527 1529 4594 deforis
1541 4529 1598 4581 in
1617 4543 1821 4590 arcam,

177 4624 332 4695 quod
380 4621 584 4676 melius
625 4622 816 4676 Graeco
864 4621 1046 4676 textui
1082 4619 1404 4691 respondet,
1431 4627 1513 4674 καὶ
1535 4628 1717 4676 ἔκλεισε
1741 4628 1824 4684 τήν

177 4716 388 4764 κιϐωτὸν
411 4713 578 4770 ἔξωθεν
608 4711 778 4762 αὐτοῦ.

248 4804 424 4857 Iosue
463 4817 538 4868 1v,
594 4804 678 4868 19,
727 4801 927 4854 decimo
965 4800 1052 4854 die
1091 4801 1288 4854 mensis
1319 4800 1512 4868 primi,
1545 4797 1825 4852 Lectiona-

176 4897 330 4950 rium
370 4895 543 4950 habet
593 4895 794 4949 decimo
834 4909 1032 4957 mense,
1075 4896 1261 4964 prima
1305 4893 1392 4948 die
1440 4894 1656 4950 mensis.
1703 4891 1826 4946 LXX

181 4990 440 5061 Vulgatae
467 4989 678 5044 favent.

253 5085 416 5138 [saw
445 5099 588 5149 χχιιι,
633 5084 685 5151 6,
714 5098 832 5151 pes,
866 5081 1031 5152 pedes
1052 5082 1334 5151 pauperis.
1382 5077 1651 5146 Lection.,
1697 5075 1824 5131 abs-

180 5194 292 5249 que
329 5176 732 5248 geminatione,
759 5192 858 5245 pes
886 5177 1170 5245 pauperis.
1223 5174 1366 5242 LXX,
1411 5179 1568 5237 πόδες,
1627 5171 1822 5226 semel.

183 5271 347 5336 lbid.,
384 5286 530 5325 vers.
573 5271 658 5338 18,
699 5274 750 5324 et
786 5271 1098 5339 peperimus
1134 5269 1391 5339 spiritum
1417 5285 1434 5320 :
1481 5267 1682 5321 salutes
1720 5281 1828 5320 non

177 5367 430 5433 feci-mus,
460 5366 520 5418 in
547 5369 713 5419 terra.
742 5363 991 5418 Lection.
1041 5379 1190 5431 vero,
1240 5360 1362 5415 sine
1410 5359 1824 5431 dispunctione,

180 5461 438 5530 spiritum
465 5460 658 5512 salutis
684 5473 790 5511 non
841 5459 1068 5525 fecimus
1109 5459 1166 5509 in
1223 5460 1389 5512 terra.
1437 5454 1594 5520 LXX,
1641 5457 1830 5523 πνεῦμα

178 5559 420 5624 σωτηρίας
445 5575 536 5607 σου
567 5558 876 5621 ἐποιησαμεν.
927 5549 1233 5621 Complut.,
1265 5555 1291 5603 ὃ
1315 5553 1544 5612 ἐποίησας
1570 5578 1639 5587 -—
1689 5548 1824 5618 Cap.

181 5663 279 5714 ιιι,
313 5646 400 5714 14,
430 5646 508 5700 sic
536 5645 804 5713 inglorius
833 5646 956 5700 erit.
987 5643 1256 5713 Lection.,
1297 5644 1375 5698 sic
1400 5643 1686 5713 gloriosior
1703 5643 1824 5698 erit.

179 5739 330 5807 LXX,
360 5755 493 5793 cum
518 5738 780 5810 Vulgata,
808 5745 1051 5804 ἀδοξήσει.

256 5831 455 5906 472
480 5833 675 5888 lanam.
700 5849 797 5900 x11,
832 5837 883 5900 7,
908 5835 967 5887 in
985 5849 1154 5888 manu
1179 5833 1521 5888 inimicorum
1549 5831 1688 5900 ejus.
1706 5829 1829 5885 LXX

185 5934 353 5995 αὐτῆς.
383 5927 655 6000 Lection.,
673 5929 1015 5986 inimicorum
1033 5943 1292 5987 meorum.
1314 5959 1383 5969 —
1401 5926 1607 5984 Thren.
1631 5941 1712 5998 111,
1739 5926 1826 5996 13,

1846 5030 1906 5103 D

1932 2371 2047 2432 trae,
2072 2365 2216 2420 forte
2243 2364 2531 2420 mendose.

2003 2460 2202 2514 Ezncu.
2258 2475 2408 2526 1.11111,
2463 2461 2552 2526 20,
2612 2464 2664 2514 et
2715 2473 2880 2528 super
2927 2473 3179 2513 coronam
3221 2461 3280 2514 in
3321 2461 3573 2523 circuitu,

1929 2553 2137 2620 Graece,
2177 2562 2334 2624 βασιν.
2380 2552 2651 2618 Lection.,
2689 2557 2741 2606 et
2785 2568 2950 2622 super
2979 2568 3184 2607 cornua
3222 2554 3282 2606 in
3319 2555 3570 2608 circuitu.

1929 2676 1998 2687 --—
2025 2647 2158 2718 Cap.
2186 2663 2332 2714 xuv,
2369 2650 2422 2714 3,
2455 2647 2508 2714 4,
2538 2647 2861 2715 egredietur.
2897 2647 2967 2700 Et
3019 2647 3265 2702 adduxit
3297 2663 3400 2710 me,
3444 2663 3575 2701 cum

1929 2741 2074 2796 LXX.
2115 2741 2384 2809 Lection.,
2429 2741 2756 2808 egredietur.
2791 2741 2881 2794 Sic
2923 2742 3061 2795 sicut
3101 2745 3178 2795 est
3217 2742 3427 2804 clausa,
3462 2743 3576 2796 Rea:

1932 2836 2187 2889 transivit
2205 2850 2308 2904 per
2336 2850 2472 2889 eam.
2501 2837 2570 2889 Et
2595 2834 2834 2888 adduxit
2862 2849 2964 2888 me.

2001 2928 2209 2982 DANIEL
2246 2944 2328 2989 111,
2380 2931 2430 2990 1,
2473 2928 2966 2986 Nabuchodonosor
3008 2943 3106 2982 rea:
3123 2929 3272 2995 fecit.
3301 2926 3572 2996 Lection.,

1929 3037 2062 3076 cum
2103 3022 2249 3090 LXX,
2297 3036 2441 3075 anno
2475 3026 2661 3076 octavo
2707 3022 2908 3076 decimo
2947 3021 3438 3077 Nabuchodonosor
3477 3036 3576 3075 rea:

1927 3117 2075 3182 fecit.
2112 3113 2274 3183 lbid.,
2307 3130 2450 3169 vers.
2475 3118 2529 3182 6,
2567 3117 2652 3181 15,
2681 3116 2769 3184 20,
2809 3117 3086 3182 fornacem
3127 3116 3270 3182 ignis
3305 3114 3574 3177 ardentis,

1929 3208 2198 3278 Lection.,
2236 3224 2367 3262 cum
2406 3208 2551 3278 LXX,
2581 3207 2795 3279 ubique
2837 3207 3011 3263 habet
3049 3209 3350 3262 ardentem.
3409 3206 3572 3273 lbid.,

1926 3318 2070 3357 vers.
2113 3303 2202 3368 94,
2241 3303 2534 3359 Sarabala.
2579 3301 2852 3369 Lection.,
2906 3317 3037 3356 cum
3083 3302 3230 3370 LXX,
3281 3301 3570 3356 sarabara.

1925 3395 2089 3464 lbid.,
2135 3411 2279 3451 vers.
2327 3398 2414 3465 96,
2449 3399 2687 3466 positum
2730 3402 2808 3450 est
2839 3398 2934 3450 hoc
2965 3396 3255 3451 decretum.
3293 3395 3572 3465 Lection.,

1926 3505 2057 3544 cum
2080 3489 2226 3556 LXX,
2263 3491 2602 3560 prepositum
2626 3495 2704 3544 est
2731 3491 3021 3545 decretum.
3075 3489 3239 3556 lbid.,
3282 3505 3430 3544 vers.
3479 3492 3570 3557 97,

1926 3585 2015 3646 98,
2046 3585 2102 3637 in
2121 3584 2407 3653 provincia
2428 3583 2742 3650 Babylonis.
2763 3583 3276 3640 Nabuchodonosor.
3296 3583 3571 3649 Lection.,

1926 3679 1985 3731 in
2006 3679 2349 3745 provinciam
2375 3677 2695 3746 Babylonis,
2725 3681 2776 3731 et
2793 3678 3012 3746 scripsit
3039 3676 3332 3745 epistulam
3358 3677 3436 3730 sic
3453 3691 3575 3730 con-

1926 3772 2200 3826 tinentem.
2238 3770 2746 3837 Nabuchodonosor,
2771 3785 2900 3840 quin
2941 3769 3110 3824 verba
3152 3767 3327 3823 etiam
3368 3768 3576 3824 desunt

1925 3863 2076 3935 apud
2101 3863 2246 3918 LXX.
2278 3893 2346 3902 —-
2367 3862 2501 3934 Cap.
2535 3879 2608 3931 1x,
2640 3863 2728 3930 14,
2760 3866 2811 3917 et
2837 3863 3088 3930 vigilavit
3112 3863 3375 3916 Dominus
3411 3877 3574 3931 super

1924 3957 2212 4012 malitiam.
2246 3957 2412 4012 Deest
2429 3971 2594 4026 super
2618 3957 2889 4011 malitiam
2919 3954 2979 4008 in
3003 3953 3376 4010 Lectionario.
3406 3954 3571 4025 lbid.,

1925 4067 2069 4105 vers.
2124 4053 2216 4119 25,
2266 4051 2397 4105 scito
2441 4066 2564 4118 ergo
2605 4054 2657 4104 et
2692 4049 3084 4104 animadverte.
3130 4047 3383 4104 Lection.
3428 4049 3573 4104 Scito

1926 4160 2070 4212 ergo,
2099 4149 2149 4198 et
2170 4145 2373 4214 planta
2398 4159 2604 4206 aurem,
2634 4147 2685 4197 et
2715 4142 3108 4197 animadverte.

1996 4239 2139 4294 051-31;
2164 4255 2239 4301 1v,
2267 4242 2352 4302 17,
2381 4239 2590 4292 dimitte
2619 4252 2758 4292 eum.
2785 4235 3052 4305 Lection.,
3083 4237 3318 4291 dimittet
3343 4253 3479 4291 eum.
3504 4215 3604 4278 -’

1924 4332 2056 4403 Cap.
2086 4348 2162 4399 v1,
2187 4335 2239 4402 6,
2270 4336 2319 4387 et
2345 4347 2452 4387 non
2471 4333 2816 4401 sacriﬁcium,
2838 4347 2968 4385 cum
2997 4331 3120 4385 LXX
3145 4330 3392 4386 Lection.
3416 4347 3570 4401 vero,

1926 4429 1979 4480 et
2004 4441 2112 4479 non
2128 4426 2428 4494 judicium.

1995 4520 2128 4573 JosL
2156 4535 2193 4588 1,
2229 4521 2313 4587 13,
2349 4519 2557 4573 libatio.
2588 4519 2862 4587 Lection.,
2884 4519 3104 4572 oblatio.
3127 4547 3196 4556 —
3222 4516 3356 4588 Cap.
3388 4533 3447 4586 11,
3479 4519 3567 4587 23,

1925 4613 2220 4668 serotinum
2264 4613 2404 4666 sicut
2444 4614 2503 4666 in
2544 4614 2840 4682 principio.
2891 4613 3006 4666 Vox
3062 4613 3201 4665 sicut
3247 4611 3402 4665 deest
3452 4627 3571 4665 non

1923 4707 2096 4763 semel
2123 4706 2182 4760 in
2211 4704 2578 4761 Lectionario.
2609 4705 2772 4774 lbid.,
2801 4722 2945 4760 vers.
2975 4707 3065 4774 28,
3099 4707 3352 4774 spiritum
3373 4721 3568 4760 meum.

1924 4801 2196 4868 Lection.,
2225 4800 2290 4854 de
2317 4801 2519 4868 spiritu
2544 4814 2678 4865 meo,
2707 4815 2839 4853 cum
2864 4799 3011 4867 LXX,
3037 4802 3094 4854 et
3121 4797 3199 4853 sic
3224 4799 3365 4871 legit
3393 4799 3568 4854 Lucas

1925 4897 2044 4950 Act.
2073 4911 2135 4962 11,
2166 4895 2254 4949 47.

2000 4990 2154 5043 A1103
2182 5003 2302 5055 VIII,
2335 4991 2388 5057 5,
2432 4986 2652 5057 quando
2697 4986 2953 5041 transibit
2990 4987 3208 5055 mensis,
3249 5001 3380 5040 cum
3424 4987 3571 5042 LXX.

1929 5081 2204 5151 Lection.,
2231 5083 2438 5149 messis,
2466 5081 2612 5136 forte
2640 5079 2932 5136 mendose.
3205 5150 3207 5152 η

1997 5176 2241 5231 ΜΑιΑειι.
2300 5191 2382 5244 111,
2430 5178 2482 5244 3,
2531 5175 2731 5229 celabit
2775 5189 2882 5230 eos.
2919 5173 3192 5245 Lection.,
3235 5190 3366 5229 cum
3423 5173 3570 5243 LXX,

1926 5269 2178 5337 conﬂabit
2207 5284 2313 5337 eos,
2369 5268 2594 5324 rectius.
2649 5268 2809 5338 lbid.,
2857 5283 3001 5323 vers.
3045 5270 3099 5337 8,
3145 5269 3461 5338 conﬁximus
3500 5271 3570 5334 te,

1925 5378 2058 5416 cum
2084 5362 2228 5431 LXX,
2258 5378 2362 5432 pro
2391 5364 2705 5431 conﬁgimus
2757 5368 2825 5430 te,
2869 5361 3021 5433 quod
3074 5364 3155 5416 est
3200 5361 3260 5414 in
3308 5357 3566 5427 Vulgata.

1926 5456 2092 5526 lbid.,
2123 5471 2265 5511 vers.
2313 5459 2398 5522 17,
2427 5461 2583 5510 erunt
2606 5457 2759 5510 mihi.
2791 5457 3063 5526 Lection.,
3097 5459 3257 5510 erunt
3284 5454 3420 5508 mihi
3449 5467 3570 5508 oves

1926 5567 2072 5606 meae.
2103 5581 2171 5591 -—
2203 5551 2341 5622 Cap.
2374 5565 2450 5616 1v,
2493 5554 2544 5613 1,
2583 5551 2810 5619 stipula.
2848 5551 3120 5620 Lection.,
3165 5550 3305 5604 sicut
3339 5548 3566 5618 stipula.

1927 5647 2097 5701 Deest
2122 5649 2317 5700 tamen
2342 5644 2465 5700 haec
2488 5643 2764 5716 particula
2786 5644 2936 5716 apud
2973 5644 3118 5715 LXX,
3145 5643 3276 5698 licet
3287 5639 3560 5697 subintel-

1927 5738 2160 5810 ligatur.

2353 5833 2420 5888 ΙΝ
2459 5831 2641 5888 ΝΟνο
2679 5828 3143 5886 TESTAMENTO.

2003 5926 2213 5984 Manu.
2245 5943 2320 5997 v1,
2361 5929 2443 5997 11,
2473 5922 3068 5996 supersubstantialem.
3109 5919 3378 5980 Lection.,
3425 5917 3565 5974 Coti-
