  <div class='ocr_page' id='page_1' title='image "/cluster/home/n/w/nwhite01/storage/ocr_20150623/72/uva.x000827084/299.png"; bbox 0 0 4014 6230; ppageno 0'>
   <div class='ocr_carea' id='block_1_1' title="bbox 552 339 647 393">
    <p class='ocr_par' dir='ltr' id='par_1_1' title="bbox 552 339 647 393">
     <span class='ocr_line' id='line_1_1' title="bbox 552 339 647 393; baseline 0 -1"><span class='ocrx_word' id='word_1_1' title='bbox 552 339 647 393; x_wconf 82' lang='grc'><strong>431</strong></span> 
     </span>
    </p>
   </div>
   <div class='ocr_carea' id='block_1_2' title="bbox 1339 318 3137 392">
    <p class='ocr_par' dir='ltr' id='par_1_2' title="bbox 1339 318 3137 392">
     <span class='ocr_line' id='line_1_2' title="bbox 1339 318 3137 392; baseline -0.004 0"><span class='ocrx_word' id='word_1_2' title='bbox 1339 334 1674 392; x_wconf 83' lang='lat' dir='ltr'><strong>APPENDIX</strong></span> <span class='ocrx_word' id='word_1_3' title='bbox 1712 334 1799 389; x_wconf 84' lang='lat' dir='ltr'><strong>AD</strong></span> <span class='ocrx_word' id='word_1_4' title='bbox 1837 333 2061 389; x_wconf 81' lang='lat' dir='ltr'><strong>OPERA</strong></span> <span class='ocrx_word' id='word_1_5' title='bbox 2098 318 2333 390; x_wconf 76' lang='lat' dir='ltr'><strong>SANCTi</strong></span> <span class='ocrx_word' id='word_1_6' title='bbox 2368 332 2669 390; x_wconf 84' lang='lat' dir='ltr'><strong>GERMANI</strong></span> <span class='ocrx_word' id='word_1_7' title='bbox 2707 330 3137 390; x_wconf 80' lang='lat' dir='ltr'><strong>PARISIENSIS.</strong></span> 
     </span>
    </p>
   </div>
   <div class='ocr_carea' id='block_1_3' title="bbox 3829 330 3925 384">
    <p class='ocr_par' dir='ltr' id='par_1_3' title="bbox 3829 330 3925 384">
     <span class='ocr_line' id='line_1_3' title="bbox 3829 330 3925 384; baseline 0.01 -1"><span class='ocrx_word' id='word_1_8' title='bbox 3829 330 3925 384; x_wconf 65' lang='grc'><strong>432</strong></span> 
     </span>
    </p>
   </div>
   <div class='ocr_carea' id='block_1_4' title="bbox 551 439 3926 529">
    <p class='ocr_par' dir='ltr' id='par_1_4' title="bbox 551 439 3926 529">
     <span class='ocr_line' id='line_1_4' title="bbox 551 439 3926 529; baseline -0.002 -27"><span class='ocrx_word' id='word_1_9' title='bbox 551 447 833 516; x_wconf 89' lang='lat' dir='ltr'><strong>decorato,</strong></span> <span class='ocrx_word' id='word_1_10' title='bbox 864 446 921 501; x_wconf 90' lang='lat' dir='ltr'><strong>et</strong></span> <span class='ocrx_word' id='word_1_11' title='bbox 942 444 1253 518; x_wconf 88' lang='lat' dir='ltr'><strong>pontiﬁcali</strong></span> <span class='ocrx_word' id='word_1_12' title='bbox 1287 443 1470 497; x_wconf 84' lang='lat' dir='ltr'><strong>ofﬁcio</strong></span> <span class='ocrx_word' id='word_1_13' title='bbox 1499 448 1783 513; x_wconf 89' lang='lat' dir='ltr'><strong>coronato,</strong></span> <span class='ocrx_word' id='word_1_14' title='bbox 1823 443 2054 499; x_wconf 90' lang='lat' dir='ltr'><strong>Bibiano</strong></span> <span class='ocrx_word' id='word_1_15' title='bbox 2090 461 2183 498; x_wconf 92' lang='lat' dir='ltr'><strong>or-</strong></span> <span class='ocrx_word' id='word_1_16' title='bbox 2204 455 2267 529; x_wconf 73' lang='grc' dir='ltr'><strong>Α</strong></span> <span class='ocrx_word' id='word_1_17' title='bbox 2285 444 2541 516; x_wconf 90' lang='lat' dir='ltr'><strong>pleverit.</strong></span> <span class='ocrx_word' id='word_1_18' title='bbox 2572 445 2734 516; x_wconf 84' lang='lat' dir='ltr'><strong>Apud</strong></span> <span class='ocrx_word' id='word_1_19' title='bbox 2760 461 2864 500; x_wconf 90' lang='lat' dir='ltr'><strong>nos</strong></span> <span class='ocrx_word' id='word_1_20' title='bbox 2890 445 3081 516; x_wconf 83' lang='lat' dir='ltr'><strong>itaque</strong></span> <span class='ocrx_word' id='word_1_21' title='bbox 3106 459 3175 498; x_wconf 87' lang='lat' dir='ltr'><strong>ex</strong></span> <span class='ocrx_word' id='word_1_22' title='bbox 3204 441 3327 514; x_wconf 85' lang='lat' dir='ltr'><strong>ejus</strong></span> <span class='ocrx_word' id='word_1_23' title='bbox 3351 439 3732 498; x_wconf 81' lang='lat' dir='ltr'><strong>sollemnitate</strong></span> <span class='ocrx_word' id='word_1_24' title='bbox 3754 440 3926 495; x_wconf 89' lang='lat' dir='ltr'><strong>absti-</strong></span> 
     </span>
    </p>
   </div>
   <div class='ocr_carea' id='block_1_5' title="bbox 548 537 2185 611">
    <p class='ocr_par' dir='ltr' id='par_1_5' title="bbox 548 537 2185 611">
     <span class='ocr_line' id='line_1_5' title="bbox 548 537 2185 611; baseline 0.001 -17"><span class='ocrx_word' id='word_1_25' title='bbox 548 541 781 610; x_wconf 91' lang='lat' dir='ltr'><strong>todoxo,</strong></span> <span class='ocrx_word' id='word_1_26' title='bbox 810 540 1124 611; x_wconf 89' lang='lat' dir='ltr'><strong>Agustinus</strong></span> <span class='ocrx_word' id='word_1_27' title='bbox 1145 539 1246 593; x_wconf 88' lang='lat' dir='ltr'><strong>Dei</strong></span> <span class='ocrx_word' id='word_1_28' title='bbox 1285 553 1577 592; x_wconf 88' lang='lat' dir='ltr'><strong>servorum</strong></span> <span class='ocrx_word' id='word_1_29' title='bbox 1621 553 1834 608; x_wconf 87' lang='lat' dir='ltr'><strong>servus,</strong></span> <span class='ocrx_word' id='word_1_30' title='bbox 1857 537 1917 592; x_wconf 92' lang='lat' dir='ltr'><strong>in</strong></span> <span class='ocrx_word' id='word_1_31' title='bbox 1946 537 2185 595; x_wconf 90' lang='lat' dir='ltr'><strong>Domino</strong></span> 
     </span>
    </p>
   </div>
   <div class='ocr_carea' id='block_1_6' title="bbox 549 631 2186 703">
    <p class='ocr_par' dir='ltr' id='par_1_6' title="bbox 549 631 2186 703">
     <span class='ocr_line' id='line_1_6' title="bbox 549 631 2186 703; baseline 0 -16"><span class='ocrx_word' id='word_1_32' title='bbox 549 635 810 690; x_wconf 85' lang='lat' dir='ltr'><strong>salutem.</strong></span> <span class='ocrx_word' id='word_1_33' title='bbox 853 634 1086 689; x_wconf 80' lang='lat' dir='ltr'><strong>Litteras</strong></span> <span class='ocrx_word' id='word_1_34' title='bbox 1126 632 1470 703; x_wconf 86' lang='lat' dir='ltr'><strong>apostolatus</strong></span> <span class='ocrx_word' id='word_1_35' title='bbox 1506 631 1693 701; x_wconf 85' lang='lat' dir='ltr'><strong>vestri,</strong></span> <span class='ocrx_word' id='word_1_36' title='bbox 1730 631 2018 686; x_wconf 89' lang='lat' dir='ltr'><strong>carissimo</strong></span> <span class='ocrx_word' id='word_1_37' title='bbox 2068 632 2186 687; x_wconf 86' lang='lat' dir='ltr'><strong>ﬁlio</strong></span> 
     </span>
    </p>
   </div>
   <div class='ocr_carea' id='block_1_7' title="bbox 545 724 2184 797">
    <p class='ocr_par' dir='ltr' id='par_1_7' title="bbox 545 724 2184 797">
     <span class='ocr_line' id='line_1_7' title="bbox 545 724 2184 797; baseline -0.002 -14"><span class='ocrx_word' id='word_1_38' title='bbox 545 732 741 783; x_wconf 91' lang='lat' dir='ltr'><strong>nostro</strong></span> <span class='ocrx_word' id='word_1_39' title='bbox 764 726 1003 797; x_wconf 86' lang='lat' dir='ltr'><strong>Trojano</strong></span> <span class='ocrx_word' id='word_1_40' title='bbox 1030 729 1217 780; x_wconf 91' lang='lat' dir='ltr'><strong>vestro</strong></span> <span class='ocrx_word' id='word_1_41' title='bbox 1243 724 1479 780; x_wconf 84' lang='lat' dir='ltr'><strong>diacono</strong></span> <span class='ocrx_word' id='word_1_42' title='bbox 1508 725 1813 793; x_wconf 85' lang='lat' dir='ltr'><strong>deferente,</strong></span> <span class='ocrx_word' id='word_1_43' title='bbox 1842 726 1913 780; x_wconf 89' lang='lat' dir='ltr'><strong>ad</strong></span> <span class='ocrx_word' id='word_1_44' title='bbox 1925 742 2026 780; x_wconf 91' lang='lat' dir='ltr'><strong>nos</strong></span> <span class='ocrx_word' id='word_1_45' title='bbox 2053 742 2184 797; x_wconf 89' lang='lat' dir='ltr'><strong>per-</strong></span> 
     </span>
    </p>
   </div>
   <div class='ocr_carea' id='block_1_8' title="bbox 544 818 2187 890">
    <p class='ocr_par' dir='ltr' id='par_1_8' title="bbox 544 818 2187 890">
     <span class='ocr_line' id='line_1_8' title="bbox 544 818 2187 890; baseline -0.001 -15"><span class='ocrx_word' id='word_1_46' title='bbox 544 821 764 878; x_wconf 81' lang='lat' dir='ltr'><strong>venisse</strong></span> <span class='ocrx_word' id='word_1_47' title='bbox 809 819 1145 890; x_wconf 85' lang='lat' dir='ltr'><strong>comperite;</strong></span> <span class='ocrx_word' id='word_1_48' title='bbox 1200 820 1257 874; x_wconf 91' lang='lat' dir='ltr'><strong>et</strong></span> <span class='ocrx_word' id='word_1_49' title='bbox 1308 818 1446 873; x_wconf 90' lang='lat' dir='ltr'><strong>dum</strong></span> <span class='ocrx_word' id='word_1_50' title='bbox 1495 818 1730 890; x_wconf 86' lang='lat' dir='ltr'><strong>sospitas</strong></span> <span class='ocrx_word' id='word_1_51' title='bbox 1784 823 1970 874; x_wconf 87' lang='lat' dir='ltr'><strong>vestra</strong></span> <span class='ocrx_word' id='word_1_52' title='bbox 2020 819 2187 875; x_wconf 90' lang='lat' dir='ltr'><strong>nobis</strong></span> 
     </span>
    </p>
   </div>
   <div class='ocr_carea' id='block_1_9' title="bbox 545 912 2185 984">
    <p class='ocr_par' dir='ltr' id='par_1_9' title="bbox 545 912 2185 984">
     <span class='ocr_line' id='line_1_9' title="bbox 545 912 2185 984; baseline 0 -15"><span class='ocrx_word' id='word_1_53' title='bbox 545 914 743 969; x_wconf 86' lang='lat' dir='ltr'><strong>fuisset</strong></span> <span class='ocrx_word' id='word_1_54' title='bbox 767 913 1067 968; x_wconf 85' lang='lat' dir='ltr'><strong>certiﬁcata</strong></span> <span class='ocrx_word' id='word_1_55' title='bbox 1094 927 1200 984; x_wconf 93' lang='lat' dir='ltr'><strong>per</strong></span> <span class='ocrx_word' id='word_1_56' title='bbox 1216 912 1509 983; x_wconf 86' lang='lat' dir='ltr'><strong>paginam,</strong></span> <span class='ocrx_word' id='word_1_57' title='bbox 1538 912 1817 969; x_wconf 88' lang='lat' dir='ltr'><strong>immensa</strong></span> <span class='ocrx_word' id='word_1_58' title='bbox 1835 913 2185 969; x_wconf 78' lang='lat' dir='ltr'><strong>reddidimus</strong></span> 
     </span>
    </p>
   </div>
   <div class='ocr_carea' id='block_1_10' title="bbox 546 1005 2184 1078">
    <p class='ocr_par' dir='ltr' id='par_1_10' title="bbox 546 1005 2184 1078">
     <span class='ocr_line' id='line_1_10' title="bbox 546 1005 2184 1078; baseline 0.001 -16"><span class='ocrx_word' id='word_1_59' title='bbox 546 1008 661 1062; x_wconf 92' lang='lat' dir='ltr'><strong>Deo</strong></span> <span class='ocrx_word' id='word_1_60' title='bbox 706 1005 886 1061; x_wconf 86' lang='lat' dir='ltr'><strong>laudis</strong></span> <span class='ocrx_word' id='word_1_61' title='bbox 929 1005 1232 1076; x_wconf 65' lang='lat' dir='ltr'><strong>praeconia.</strong></span> <span class='ocrx_word' id='word_1_62' title='bbox 1277 1007 1343 1060; x_wconf 90' lang='lat' dir='ltr'><strong>Et</strong></span> <span class='ocrx_word' id='word_1_63' title='bbox 1386 1006 1642 1078; x_wconf 87' lang='lat' dir='ltr'><strong>quamvis</strong></span> <span class='ocrx_word' id='word_1_64' title='bbox 1694 1006 1870 1061; x_wconf 90' lang='lat' dir='ltr'><strong>simus</strong></span> <span class='ocrx_word' id='word_1_65' title='bbox 1925 1007 2184 1063; x_wconf 85' lang='lat' dir='ltr'><strong>absentes</strong></span> 
     </span>
    </p>
   </div>
   <div class='ocr_carea' id='block_1_11' title="bbox 546 1100 2179 1172">
    <p class='ocr_par' dir='ltr' id='par_1_11' title="bbox 546 1100 2179 1172">
     <span class='ocr_line' id='line_1_11' title="bbox 546 1100 2179 1172; baseline 0.001 -17"><span class='ocrx_word' id='word_1_66' title='bbox 546 1116 799 1172; x_wconf 91' lang='lat' dir='ltr'><strong>corpore,</strong></span> <span class='ocrx_word' id='word_1_67' title='bbox 831 1105 1138 1170; x_wconf 63' lang='lat' dir='ltr'><strong>praesentes</strong></span> <span class='ocrx_word' id='word_1_68' title='bbox 1168 1103 1359 1155; x_wconf 90' lang='lat' dir='ltr'><strong>tamen</strong></span> <span class='ocrx_word' id='word_1_69' title='bbox 1386 1100 1655 1171; x_wconf 86' lang='lat' dir='ltr'><strong>ﬂorigera</strong></span> <span class='ocrx_word' id='word_1_70' title='bbox 1683 1100 1933 1171; x_wconf 88' lang='lat' dir='ltr'><strong>caritate,</strong></span> <span class='ocrx_word' id='word_1_71' title='bbox 1963 1103 2179 1158; x_wconf 87' lang='lat' dir='ltr'><strong>exhila-</strong></span> 
     </span>
    </p>
   </div>
   <div class='ocr_carea' id='block_1_12' title="bbox 542 1193 2181 1265">
    <p class='ocr_par' dir='ltr' id='par_1_12' title="bbox 542 1193 2181 1265">
     <span class='ocr_line' id='line_1_12' title="bbox 542 1193 2181 1265; baseline 0.002 -17"><span class='ocrx_word' id='word_1_72' title='bbox 542 1193 653 1248; x_wconf 90' lang='lat' dir='ltr'><strong>rati</strong></span> <span class='ocrx_word' id='word_1_73' title='bbox 680 1209 877 1248; x_wconf 89' lang='lat' dir='ltr'><strong>sumus</strong></span> <span class='ocrx_word' id='word_1_74' title='bbox 912 1193 1071 1248; x_wconf 81' lang='lat' dir='ltr'><strong>valde</strong></span> <span class='ocrx_word' id='word_1_75' title='bbox 1109 1210 1216 1265; x_wconf 91' lang='lat' dir='ltr'><strong>pro</strong></span> <span class='ocrx_word' id='word_1_76' title='bbox 1256 1194 1563 1250; x_wconf 87' lang='lat' dir='ltr'><strong>sanctitatis</strong></span> <span class='ocrx_word' id='word_1_77' title='bbox 1603 1210 1857 1264; x_wconf 89' lang='lat' dir='ltr'><strong>rumore,</strong></span> <span class='ocrx_word' id='word_1_78' title='bbox 1901 1199 1957 1250; x_wconf 92' lang='lat' dir='ltr'><strong>et</strong></span> <span class='ocrx_word' id='word_1_79' title='bbox 1996 1197 2181 1252; x_wconf 85' lang='lat' dir='ltr'><strong>excel-</strong></span> 
     </span>
    </p>
   </div>
   <div class='ocr_carea' id='block_1_13' title="bbox 541 1286 2183 1360">
    <p class='ocr_par' dir='ltr' id='par_1_13' title="bbox 541 1286 2183 1360">
     <span class='ocr_line' id='line_1_13' title="bbox 541 1286 2183 1360; baseline 0.001 -18"><span class='ocrx_word' id='word_1_80' title='bbox 541 1288 691 1344; x_wconf 90' lang='lat' dir='ltr'><strong>lente</strong></span> <span class='ocrx_word' id='word_1_81' title='bbox 736 1286 985 1341; x_wconf 87' lang='lat' dir='ltr'><strong>culmine</strong></span> <span class='ocrx_word' id='word_1_82' title='bbox 1013 1287 1314 1342; x_wconf 84' lang='lat' dir='ltr'><strong>sacerdotii</strong></span> <span class='ocrx_word' id='word_1_83' title='bbox 1341 1288 1529 1358; x_wconf 80' lang='lat' dir='ltr'><strong>vestri,</strong></span> <span class='ocrx_word' id='word_1_84' title='bbox 1572 1287 1675 1360; x_wconf 85' lang='lat' dir='ltr'><strong>qui</strong></span> <span class='ocrx_word' id='word_1_85' title='bbox 1708 1288 1875 1359; x_wconf 91' lang='lat' dir='ltr'><strong>longe</strong></span> <span class='ocrx_word' id='word_1_86' title='bbox 1912 1290 2093 1345; x_wconf 84' lang='lat' dir='ltr'><strong>radiat</strong></span> <span class='ocrx_word' id='word_1_87' title='bbox 2122 1290 2183 1344; x_wconf 92' lang='lat' dir='ltr'><strong>in</strong></span> 
     </span>
    </p>
   </div>
   <div class='ocr_carea' id='block_1_14' title="bbox 542 1381 2181 1452">
    <p class='ocr_par' dir='ltr' id='par_1_14' title="bbox 542 1381 2181 1452">
     <span class='ocr_line' id='line_1_14' title="bbox 542 1381 2181 1452; baseline 0.001 -16"><span class='ocrx_word' id='word_1_88' title='bbox 542 1381 698 1452; x_wconf 83' lang='lat' dir='ltr'><strong>orbe,</strong></span> <span class='ocrx_word' id='word_1_89' title='bbox 727 1398 843 1436; x_wconf 91' lang='lat' dir='ltr'><strong>non</strong></span> <span class='ocrx_word' id='word_1_90' title='bbox 867 1381 1053 1435; x_wconf 91' lang='lat' dir='ltr'><strong>solum</strong></span> <span class='ocrx_word' id='word_1_91' title='bbox 1080 1381 1397 1437; x_wconf 84' lang='lat' dir='ltr'><strong>Occidentis</strong></span> <span class='ocrx_word' id='word_1_92' title='bbox 1422 1386 1479 1437; x_wconf 91' lang='lat' dir='ltr'><strong>et</strong></span> <span class='ocrx_word' id='word_1_93' title='bbox 1516 1381 1728 1449; x_wconf 73' lang='lat' dir='ltr'><strong>Galliae,</strong></span> <span class='ocrx_word' id='word_1_94' title='bbox 1771 1398 1969 1436; x_wconf 89' lang='lat' dir='ltr'><strong>verum</strong></span> <span class='ocrx_word' id='word_1_95' title='bbox 2008 1383 2181 1438; x_wconf 89' lang='lat' dir='ltr'><strong>etiam</strong></span> 
     </span>
    </p>
   </div>
   <div class='ocr_carea' id='block_1_15' title="bbox 542 1474 2177 1547">
    <p class='ocr_par' dir='ltr' id='par_1_15' title="bbox 542 1474 2177 1547">
     <span class='ocr_line' id='line_1_15' title="bbox 542 1474 2177 1547; baseline 0.002 -18"><span class='ocrx_word' id='word_1_96' title='bbox 542 1474 787 1530; x_wconf 89' lang='lat' dir='ltr'><strong>Orientis</strong></span> <span class='ocrx_word' id='word_1_97' title='bbox 816 1479 872 1529; x_wconf 92' lang='lat' dir='ltr'><strong>et</strong></span> <span class='ocrx_word' id='word_1_98' title='bbox 897 1474 1133 1544; x_wconf 80' lang='lat' dir='ltr'><strong>Atfricae,</strong></span> <span class='ocrx_word' id='word_1_99' title='bbox 1165 1475 1505 1530; x_wconf 90' lang='lat' dir='ltr'><strong>meritorum</strong></span> <span class='ocrx_word' id='word_1_100' title='bbox 1547 1475 1762 1530; x_wconf 89' lang='lat' dir='ltr'><strong>lumine</strong></span> <span class='ocrx_word' id='word_1_101' title='bbox 1791 1481 2177 1547; x_wconf 88' lang='lat' dir='ltr'><strong>percurrente.</strong></span> 
     </span>
    </p>
   </div>
   <div class='ocr_carea' id='block_1_16' title="bbox 540 1569 2181 1641">
    <p class='ocr_par' dir='ltr' id='par_1_16' title="bbox 540 1569 2181 1641">
     <span class='ocr_line' id='line_1_16' title="bbox 540 1569 2181 1641; baseline 0.002 -19"><span class='ocrx_word' id='word_1_102' title='bbox 540 1569 778 1623; x_wconf 88' lang='lat' dir='ltr'><strong>Oramus</strong></span> <span class='ocrx_word' id='word_1_103' title='bbox 805 1572 997 1623; x_wconf 87' lang='lat' dir='ltr'><strong>autem</strong></span> <span class='ocrx_word' id='word_1_104' title='bbox 1024 1569 1223 1639; x_wconf 91' lang='lat' dir='ltr'><strong>Deum,</strong></span> <span class='ocrx_word' id='word_1_105' title='bbox 1266 1573 1331 1624; x_wconf 90' lang='lat' dir='ltr'><strong>ut</strong></span> <span class='ocrx_word' id='word_1_106' title='bbox 1355 1570 1571 1624; x_wconf 89' lang='lat' dir='ltr'><strong>bonum</strong></span> <span class='ocrx_word' id='word_1_107' title='bbox 1608 1587 1750 1641; x_wconf 90' lang='lat' dir='ltr'><strong>opus</strong></span> <span class='ocrx_word' id='word_1_108' title='bbox 1785 1570 1845 1624; x_wconf 90' lang='lat' dir='ltr'><strong>in</strong></span> <span class='ocrx_word' id='word_1_109' title='bbox 1885 1570 2043 1625; x_wconf 90' lang='lat' dir='ltr'><strong>vobis</strong></span> <span class='ocrx_word' id='word_1_110' title='bbox 2081 1569 2181 1641; x_wconf 90' lang='lat' dir='ltr'><strong>qui</strong></span> 
     </span>
    </p>
   </div>
   <div class='ocr_carea' id='block_1_17' title="bbox 540 1662 2182 1736">
    <p class='ocr_par' dir='ltr' id='par_1_17' title="bbox 540 1662 2182 1736">
     <span class='ocr_line' id='line_1_17' title="bbox 540 1662 2182 1736; baseline 0.001 -18"><span class='ocrx_word' id='word_1_111' title='bbox 540 1662 727 1734; x_wconf 87' lang='lat' dir='ltr'><strong>coepit,</strong></span> <span class='ocrx_word' id='word_1_112' title='bbox 773 1662 893 1733; x_wconf 90' lang='lat' dir='ltr'><strong>ipse</strong></span> <span class='ocrx_word' id='word_1_113' title='bbox 940 1667 1121 1735; x_wconf 84' lang='lat' dir='ltr'><strong>coepta</strong></span> <span class='ocrx_word' id='word_1_114' title='bbox 1170 1662 1460 1734; x_wconf 89' lang='lat' dir='ltr'><strong>perﬁciat;</strong></span> <span class='ocrx_word' id='word_1_115' title='bbox 1507 1663 1788 1735; x_wconf 88' lang='lat' dir='ltr'><strong>simulque</strong></span> <span class='ocrx_word' id='word_1_116' title='bbox 1842 1664 2000 1719; x_wconf 89' lang='lat' dir='ltr'><strong>vobis</strong></span> <span class='ocrx_word' id='word_1_117' title='bbox 2050 1680 2182 1736; x_wconf 90' lang='lat' dir='ltr'><strong>sup-</strong></span> 
     </span>
    </p>
   </div>
   <div class='ocr_carea' id='block_1_18' title="bbox 535 1756 2181 1828">
    <p class='ocr_par' dir='ltr' id='par_1_18' title="bbox 535 1756 2181 1828">
     <span class='ocr_line' id='line_1_18' title="bbox 535 1756 2181 1828; baseline 0.001 -18"><span class='ocrx_word' id='word_1_118' title='bbox 535 1756 760 1828; x_wconf 88' lang='lat' dir='ltr'><strong>pliciter</strong></span> <span class='ocrx_word' id='word_1_119' title='bbox 801 1756 1067 1827; x_wconf 91' lang='lat' dir='ltr'><strong>petimus,</strong></span> <span class='ocrx_word' id='word_1_120' title='bbox 1115 1761 1181 1811; x_wconf 89' lang='lat' dir='ltr'><strong>ut</strong></span> <span class='ocrx_word' id='word_1_121' title='bbox 1220 1757 1482 1827; x_wconf 87' lang='lat' dir='ltr'><strong>precibus</strong></span> <span class='ocrx_word' id='word_1_122' title='bbox 1523 1756 1721 1812; x_wconf 82' lang='lat' dir='ltr'><strong>vestris</strong></span> <span class='ocrx_word' id='word_1_123' title='bbox 1760 1757 1941 1828; x_wconf 90' lang='lat' dir='ltr'><strong>adjuti</strong></span> <span class='ocrx_word' id='word_1_124' title='bbox 1968 1773 2181 1812; x_wconf 89' lang='lat' dir='ltr'><strong>merea-</strong></span> 
     </span>
    </p>
   </div>
   <div class='ocr_carea' id='block_1_19' title="bbox 2284 534 3926 609">
    <p class='ocr_par' dir='ltr' id='par_1_19' title="bbox 2284 534 3926 609">
     <span class='ocr_line' id='line_1_19' title="bbox 2284 534 3926 609; baseline -0.002 -16"><span class='ocrx_word' id='word_1_125' title='bbox 2284 537 2480 593; x_wconf 89' lang='lat' dir='ltr'><strong>nentia</strong></span> <span class='ocrx_word' id='word_1_126' title='bbox 2505 555 2537 592; x_wconf 89' lang='lat' dir='ltr'><strong>a</strong></span> <span class='ocrx_word' id='word_1_127' title='bbox 2561 539 2826 594; x_wconf 88' lang='lat' dir='ltr'><strong>carnibus</strong></span> <span class='ocrx_word' id='word_1_128' title='bbox 2850 538 2938 593; x_wconf 89' lang='lat' dir='ltr'><strong>vel</strong></span> <span class='ocrx_word' id='word_1_129' title='bbox 2963 536 3249 609; x_wconf 88' lang='lat' dir='ltr'><strong>conjugali</strong></span> <span class='ocrx_word' id='word_1_130' title='bbox 3283 537 3485 608; x_wconf 90' lang='lat' dir='ltr'><strong>copula</strong></span> <span class='ocrx_word' id='word_1_131' title='bbox 3509 536 3639 591; x_wconf 82' lang='lat' dir='ltr'><strong>filiis</strong></span> <span class='ocrx_word' id='word_1_132' title='bbox 3668 534 3926 590; x_wconf 65' lang='lat' dir='ltr'><strong>Ecclesiae</strong></span> 
     </span>
    </p>
   </div>
   <div class='ocr_carea' id='block_1_20' title="bbox 2284 629 3926 703">
    <p class='ocr_par' dir='ltr' id='par_1_20' title="bbox 2284 629 3926 703">
     <span class='ocr_line' id='line_1_20' title="bbox 2284 629 3926 703; baseline -0.002 -17"><span class='ocrx_word' id='word_1_133' title='bbox 2284 631 2582 703; x_wconf 88' lang='lat' dir='ltr'><strong>indicatur,</strong></span> <span class='ocrx_word' id='word_1_134' title='bbox 2611 635 2677 687; x_wconf 90' lang='lat' dir='ltr'><strong>ut</strong></span> <span class='ocrx_word' id='word_1_135' title='bbox 2705 633 2775 687; x_wconf 90' lang='lat' dir='ltr'><strong>ad</strong></span> <span class='ocrx_word' id='word_1_136' title='bbox 2804 632 3157 687; x_wconf 87' lang='lat' dir='ltr'><strong>Nativitatem</strong></span> <span class='ocrx_word' id='word_1_137' title='bbox 3206 630 3429 685; x_wconf 87' lang='lat' dir='ltr'><strong>Domini</strong></span> <span class='ocrx_word' id='word_1_138' title='bbox 3472 629 3726 685; x_wconf 90' lang='lat' dir='ltr'><strong>securius</strong></span> <span class='ocrx_word' id='word_1_139' title='bbox 3775 646 3926 683; x_wconf 89' lang='lat' dir='ltr'><strong>com-</strong></span> 
     </span>
    </p>
   </div>
   <div class='ocr_carea' id='block_1_21' title="bbox 2285 723 3929 796">
    <p class='ocr_par' dir='ltr' id='par_1_21' title="bbox 2285 723 3929 796">
     <span class='ocr_line' id='line_1_21' title="bbox 2285 723 3929 796; baseline -0.002 -16"><span class='ocrx_word' id='word_1_140' title='bbox 2285 725 2599 781; x_wconf 90' lang='lat' dir='ltr'><strong>municent.</strong></span> <span class='ocrx_word' id='word_1_141' title='bbox 2627 725 2854 781; x_wconf 84' lang='lat' dir='ltr'><strong>Rectius</strong></span> <span class='ocrx_word' id='word_1_142' title='bbox 2875 730 3066 782; x_wconf 90' lang='lat' dir='ltr'><strong>autem</strong></span> <span class='ocrx_word' id='word_1_143' title='bbox 3082 725 3189 779; x_wconf 93' lang='lat' dir='ltr'><strong>hoc</strong></span> <span class='ocrx_word' id='word_1_144' title='bbox 3207 741 3348 796; x_wconf 90' lang='lat' dir='ltr'><strong>opus</strong></span> <span class='ocrx_word' id='word_1_145' title='bbox 3367 724 3428 779; x_wconf 91' lang='lat' dir='ltr'><strong>in</strong></span> <span class='ocrx_word' id='word_1_146' title='bbox 3453 724 3632 779; x_wconf 85' lang='lat' dir='ltr'><strong>sancti</strong></span> <span class='ocrx_word' id='word_1_147' title='bbox 3656 723 3929 778; x_wconf 85' lang='lat' dir='ltr'><strong>Johannis</strong></span> 
     </span>
    </p>
   </div>
   <div class='ocr_carea' id='block_1_22' title="bbox 2286 816 3930 891">
    <p class='ocr_par' dir='ltr' id='par_1_22' title="bbox 2286 816 3930 891">
     <span class='ocr_line' id='line_1_22' title="bbox 2286 816 3930 891; baseline -0.001 -18"><span class='ocrx_word' id='word_1_148' title='bbox 2286 819 2651 891; x_wconf 83' lang='lat' dir='ltr'><strong>conceptione</strong></span> <span class='ocrx_word' id='word_1_149' title='bbox 2696 818 3053 874; x_wconf 89' lang='lat' dir='ltr'><strong>instituitur:</strong></span> <span class='ocrx_word' id='word_1_150' title='bbox 3103 818 3239 890; x_wconf 87' lang='lat' dir='ltr'><strong>quia</strong></span> <span class='ocrx_word' id='word_1_151' title='bbox 3289 817 3409 889; x_wconf 89' lang='lat' dir='ltr'><strong>ipse</strong></span> <span class='ocrx_word' id='word_1_152' title='bbox 3461 816 3753 889; x_wconf 60' lang='lat' dir='ltr'><strong>praecessit</strong></span> <span class='ocrx_word' id='word_1_153' title='bbox 3805 821 3930 872; x_wconf 86' lang='lat' dir='ltr'><strong>ante</strong></span> 
     </span>
    </p>
   </div>
   <div class='ocr_carea' id='block_1_23' title="bbox 2285 910 3928 985">
    <p class='ocr_par' dir='ltr' id='par_1_23' title="bbox 2285 910 3928 985">
     <span class='ocr_line' id='line_1_23' title="bbox 2285 910 3928 985; baseline -0.002 -18"><span class='ocrx_word' id='word_1_154' title='bbox 2285 913 2611 983; x_wconf 92' lang='lat' dir='ltr'><strong>Dominum,</strong></span> <span class='ocrx_word' id='word_1_155' title='bbox 2635 917 2693 969; x_wconf 91' lang='lat' dir='ltr'><strong>et</strong></span> <span class='ocrx_word' id='word_1_156' title='bbox 2716 929 2820 985; x_wconf 89' lang='lat' dir='ltr'><strong>per</strong></span> <span class='ocrx_word' id='word_1_157' title='bbox 2844 912 3197 984; x_wconf 61' lang='lat' dir='ltr'><strong>praeconium</strong></span> <span class='ocrx_word' id='word_1_158' title='bbox 3215 911 3426 983; x_wconf 83' lang='lat' dir='ltr'><strong>angeli,</strong></span> <span class='ocrx_word' id='word_1_159' title='bbox 3448 915 3503 966; x_wconf 90' lang='lat' dir='ltr'><strong>et</strong></span> <span class='ocrx_word' id='word_1_160' title='bbox 3526 927 3631 983; x_wconf 91' lang='lat' dir='ltr'><strong>per</strong></span> <span class='ocrx_word' id='word_1_161' title='bbox 3647 910 3928 982; x_wconf 86' lang='lat' dir='ltr'><strong>signiﬁca-</strong></span> 
     </span>
    </p>
   </div>
   <div class='ocr_carea' id='block_1_24' title="bbox 2282 1004 3929 1075">
    <p class='ocr_par' dir='ltr' id='par_1_24' title="bbox 2282 1004 3929 1075">
     <span class='ocr_line' id='line_1_24' title="bbox 2282 1004 3929 1075; baseline -0.002 -14"><span class='ocrx_word' id='word_1_162' title='bbox 2282 1006 2452 1061; x_wconf 88' lang='lat' dir='ltr'><strong>tionis</strong></span> <span class='ocrx_word' id='word_1_163' title='bbox 2481 1011 2821 1075; x_wconf 87' lang='lat' dir='ltr'><strong>contactum,</strong></span> <span class='ocrx_word' id='word_1_164' title='bbox 2854 1006 2993 1060; x_wconf 90' lang='lat' dir='ltr'><strong>dum</strong></span> <span class='ocrx_word' id='word_1_165' title='bbox 3024 1004 3296 1059; x_wconf 88' lang='lat' dir='ltr'><strong>Dominus</strong></span> <span class='ocrx_word' id='word_1_166' title='bbox 3331 1005 3401 1060; x_wconf 92' lang='lat' dir='ltr'><strong>de</strong></span> <span class='ocrx_word' id='word_1_167' title='bbox 3439 1004 3693 1075; x_wconf 83' lang='lat' dir='ltr'><strong>Virgine,</strong></span> <span class='ocrx_word' id='word_1_168' title='bbox 3733 1020 3929 1059; x_wconf 81' lang='lat' dir='ltr'><strong>servus</strong></span> 
     </span>
    </p>
   </div>
   <div class='ocr_carea' id='block_1_25' title="bbox 2280 1098 3933 1170">
    <p class='ocr_par' dir='ltr' id='par_1_25' title="bbox 2280 1098 3933 1170">
     <span class='ocr_line' id='line_1_25' title="bbox 2280 1098 3933 1170; baseline -0.001 -16"><span class='ocrx_word' id='word_1_169' title='bbox 2280 1116 2413 1155; x_wconf 89' lang='lat' dir='ltr'><strong>vero</strong></span> <span class='ocrx_word' id='word_1_170' title='bbox 2450 1104 2778 1156; x_wconf 90' lang='lat' dir='ltr'><strong>nasceretur</strong></span> <span class='ocrx_word' id='word_1_171' title='bbox 2814 1116 2883 1155; x_wconf 91' lang='lat' dir='ltr'><strong>ex</strong></span> <span class='ocrx_word' id='word_1_172' title='bbox 2916 1100 3108 1155; x_wconf 89' lang='lat' dir='ltr'><strong>vetula</strong></span> <span class='ocrx_word' id='word_1_173' title='bbox 3144 1103 3201 1154; x_wconf 89' lang='lat' dir='ltr'><strong>et</strong></span> <span class='ocrx_word' id='word_1_174' title='bbox 3239 1098 3426 1153; x_wconf 88' lang='lat' dir='ltr'><strong>sterile</strong></span> <span class='ocrx_word' id='word_1_175' title='bbox 3464 1103 3677 1167; x_wconf 87' lang='lat' dir='ltr'><strong>matre;</strong></span> <span class='ocrx_word' id='word_1_176' title='bbox 3724 1103 3785 1153; x_wconf 90' lang='lat' dir='ltr'><strong>et</strong></span> <span class='ocrx_word' id='word_1_177' title='bbox 3816 1098 3933 1170; x_wconf 89' lang='lat' dir='ltr'><strong>ipse</strong></span> 
     </span>
    </p>
   </div>
   <div class='ocr_carea' id='block_1_26' title="bbox 2282 1191 3928 1265">
    <p class='ocr_par' dir='ltr' id='par_1_26' title="bbox 2282 1191 3928 1265">
     <span class='ocr_line' id='line_1_26' title="bbox 2282 1191 3928 1265; baseline -0.001 -17"><span class='ocrx_word' id='word_1_178' title='bbox 2282 1194 2504 1249; x_wconf 88' lang='lat' dir='ltr'><strong>clausus</strong></span> <span class='ocrx_word' id='word_1_179' title='bbox 2526 1199 2708 1265; x_wconf 90' lang='lat' dir='ltr'><strong>utero,</strong></span> <span class='ocrx_word' id='word_1_180' title='bbox 2738 1195 2998 1250; x_wconf 83' lang='lat' dir='ltr'><strong>exultans</strong></span> <span class='ocrx_word' id='word_1_181' title='bbox 3023 1193 3085 1248; x_wconf 91' lang='lat' dir='ltr'><strong>in</strong></span> <span class='ocrx_word' id='word_1_182' title='bbox 3112 1192 3339 1265; x_wconf 87' lang='lat' dir='ltr'><strong>gaudio,</strong></span> <span class='ocrx_word' id='word_1_183' title='bbox 3361 1193 3617 1247; x_wconf 91' lang='lat' dir='ltr'><strong>clausum</strong></span> <span class='ocrx_word' id='word_1_184' title='bbox 3633 1191 3928 1247; x_wconf 87' lang='lat' dir='ltr'><strong>Christum</strong></span> 
     </span>
    </p>
   </div>
   <div class='ocr_carea' id='block_1_27' title="bbox 2281 1286 3931 1360">
    <p class='ocr_par' dir='ltr' id='par_1_27' title="bbox 2281 1286 3931 1360">
     <span class='ocr_line' id='line_1_27' title="bbox 2281 1286 3931 1360; baseline -0.001 -19"><span class='ocrx_word' id='word_1_185' title='bbox 2281 1287 2530 1359; x_wconf 82' lang='lat' dir='ltr'><strong>Virginis</strong></span> <span class='ocrx_word' id='word_1_186' title='bbox 2579 1289 2703 1343; x_wconf 86' lang='lat' dir='ltr'><strong>alvo</strong></span> <span class='ocrx_word' id='word_1_187' title='bbox 2748 1288 2985 1360; x_wconf 80' lang='lat' dir='ltr'><strong>mystico</strong></span> <span class='ocrx_word' id='word_1_188' title='bbox 3029 1286 3285 1341; x_wconf 86' lang='lat' dir='ltr'><strong>salutavit</strong></span> <span class='ocrx_word' id='word_1_189' title='bbox 3341 1286 3640 1358; x_wconf 68' lang='lat' dir='ltr'><strong>priesagio.</strong></span> <span class='ocrx_word' id='word_1_190' title='bbox 3707 1286 3822 1342; x_wconf 90' lang='lat' dir='ltr'><strong>Sed</strong></span> <span class='ocrx_word' id='word_1_191' title='bbox 3878 1291 3931 1340; x_wconf 89' lang='lat' dir='ltr'><strong>et</strong></span> 
     </span>
    </p>
   </div>
   <div class='ocr_carea' id='block_1_28' title="bbox 2281 1379 3925 1454">
    <p class='ocr_par' dir='ltr' id='par_1_28' title="bbox 2281 1379 3925 1454">
     <span class='ocr_line' id='line_1_28' title="bbox 2281 1379 3925 1454; baseline -0.002 -19"><span class='ocrx_word' id='word_1_192' title='bbox 2281 1382 2509 1454; x_wconf 90' lang='lat' dir='ltr'><strong>quando</strong></span> <span class='ocrx_word' id='word_1_193' title='bbox 2532 1382 2816 1437; x_wconf 87' lang='lat' dir='ltr'><strong>Johannes</strong></span> <span class='ocrx_word' id='word_1_194' title='bbox 2841 1381 3014 1437; x_wconf 89' lang='lat' dir='ltr'><strong>sensit</strong></span> <span class='ocrx_word' id='word_1_195' title='bbox 3058 1380 3358 1435; x_wconf 90' lang='lat' dir='ltr'><strong>imminere</strong></span> <span class='ocrx_word' id='word_1_196' title='bbox 3395 1380 3546 1435; x_wconf 90' lang='lat' dir='ltr'><strong>diem</strong></span> <span class='ocrx_word' id='word_1_197' title='bbox 3589 1379 3782 1435; x_wconf 91' lang='lat' dir='ltr'><strong>obitus</strong></span> <span class='ocrx_word' id='word_1_198' title='bbox 3816 1380 3925 1447; x_wconf 87' lang='lat' dir='ltr'><strong>sui,</strong></span> 
     </span>
    </p>
   </div>
   <div class='ocr_carea' id='block_1_29' title="bbox 2280 1474 3926 1545">
    <p class='ocr_par' dir='ltr' id='par_1_29' title="bbox 2280 1474 3926 1545">
     <span class='ocr_line' id='line_1_29' title="bbox 2280 1474 3926 1545; baseline -0.002 -14"><span class='ocrx_word' id='word_1_199' title='bbox 2280 1476 2408 1531; x_wconf 89' lang='lat' dir='ltr'><strong>ideo</strong></span> <span class='ocrx_word' id='word_1_200' title='bbox 2438 1476 2595 1531; x_wconf 87' lang='lat' dir='ltr'><strong>misit</strong></span> <span class='ocrx_word' id='word_1_201' title='bbox 2619 1476 2689 1530; x_wconf 89' lang='lat' dir='ltr'><strong>ad</strong></span> <span class='ocrx_word' id='word_1_202' title='bbox 2716 1477 3025 1531; x_wconf 88' lang='lat' dir='ltr'><strong>Dominum</strong></span> <span class='ocrx_word' id='word_1_203' title='bbox 3058 1474 3249 1530; x_wconf 90' lang='lat' dir='ltr'><strong>dicens</strong></span> <span class='ocrx_word' id='word_1_204' title='bbox 3280 1491 3294 1529; x_wconf 88' lang='lat'><strong>:</strong></span> <span class='ocrx_word' id='word_1_205' title='bbox 3328 1477 3408 1529; x_wconf 88' lang='lat' dir='ltr'><strong>Tu</strong></span> <span class='ocrx_word' id='word_1_206' title='bbox 3435 1490 3489 1529; x_wconf 90' lang='lat' dir='ltr'><strong>es</strong></span> <span class='ocrx_word' id='word_1_207' title='bbox 3523 1476 3621 1545; x_wconf 86' lang='lat' dir='ltr'><strong>qui</strong></span> <span class='ocrx_word' id='word_1_208' title='bbox 3658 1478 3926 1528; x_wconf 82' lang='lat' dir='ltr'><strong>venturus</strong></span> 
     </span>
    </p>
   </div>
   <div class='ocr_carea' id='block_1_30' title="bbox 2280 1566 3929 1640">
    <p class='ocr_par' dir='ltr' id='par_1_30' title="bbox 2280 1566 3929 1640">
     <span class='ocr_line' id='line_1_30' title="bbox 2280 1566 3929 1640; baseline -0.002 -16"><span class='ocrx_word' id='word_1_209' title='bbox 2280 1584 2356 1633; x_wconf 87' lang='lat' dir='ltr'><strong>es,</strong></span> <span class='ocrx_word' id='word_1_210' title='bbox 2385 1586 2458 1624; x_wconf 91' lang='lat' dir='ltr'><strong>an</strong></span> <span class='ocrx_word' id='word_1_211' title='bbox 2489 1572 2661 1624; x_wconf 87' lang='lat' dir='ltr'><strong>alium</strong></span> <span class='ocrx_word' id='word_1_212' title='bbox 2696 1570 3104 1640; x_wconf 64' lang='lat' dir='ltr'><strong>exspectamus?</strong></span> <span class='ocrx_word' id='word_1_213' title='bbox 3129 1567 3291 1639; x_wconf 89' lang='lat' dir='ltr'><strong>quasi</strong></span> <span class='ocrx_word' id='word_1_214' title='bbox 3320 1568 3532 1624; x_wconf 88' lang='lat' dir='ltr'><strong>diceret</strong></span> <span class='ocrx_word' id='word_1_215' title='bbox 3568 1567 3649 1622; x_wconf 86' lang='lat' dir='ltr'><strong>illi</strong></span> <span class='ocrx_word' id='word_1_216' title='bbox 3678 1584 3691 1622; x_wconf 91' lang='lat'><strong>:</strong></span> <span class='ocrx_word' id='word_1_217' title='bbox 3735 1566 3929 1622; x_wconf 87' lang='lat' dir='ltr'><strong>Indica</strong></span> 
     </span>
    </p>
   </div>
   <div class='ocr_carea' id='block_1_31' title="bbox 2278 1661 3929 1735">
    <p class='ocr_par' dir='ltr' id='par_1_31' title="bbox 2278 1661 3929 1735">
     <span class='ocr_line' id='line_1_31' title="bbox 2278 1661 3929 1735; baseline -0.002 -17"><span class='ocrx_word' id='word_1_218' title='bbox 2278 1663 2424 1718; x_wconf 89' lang='lat' dir='ltr'><strong>mihi</strong></span> <span class='ocrx_word' id='word_1_219' title='bbox 2450 1667 2644 1722; x_wconf 89' lang='lat' dir='ltr'><strong>utrum</strong></span> <span class='ocrx_word' id='word_1_220' title='bbox 2670 1680 2774 1735; x_wconf 92' lang='lat' dir='ltr'><strong>per</strong></span> <span class='ocrx_word' id='word_1_221' title='bbox 2796 1667 2855 1718; x_wconf 90' lang='lat' dir='ltr'><strong>te</strong></span> <span class='ocrx_word' id='word_1_222' title='bbox 2873 1663 2945 1717; x_wconf 92' lang='lat' dir='ltr'><strong>ad</strong></span> <span class='ocrx_word' id='word_1_223' title='bbox 2973 1661 3181 1717; x_wconf 75' lang='lat' dir='ltr'><strong>inferni</strong></span> <span class='ocrx_word' id='word_1_224' title='bbox 3208 1661 3453 1716; x_wconf 89' lang='lat' dir='ltr'><strong>claustra</strong></span> <span class='ocrx_word' id='word_1_225' title='bbox 3479 1662 3809 1729; x_wconf 88' lang='lat' dir='ltr'><strong>descendas,</strong></span> <span class='ocrx_word' id='word_1_226' title='bbox 3856 1676 3929 1715; x_wconf 90' lang='lat' dir='ltr'><strong>an</strong></span> 
     </span>
    </p>
   </div>
   <div class='ocr_carea' id='block_1_32' title="bbox 2277 1755 3932 1829">
    <p class='ocr_par' dir='ltr' id='par_1_32' title="bbox 2277 1755 3932 1829">
     <span class='ocr_line' id='line_1_32' title="bbox 2277 1755 3932 1829; baseline -0.001 -19"><span class='ocrx_word' id='word_1_227' title='bbox 2277 1757 2349 1811; x_wconf 92' lang='lat' dir='ltr'><strong>ad</strong></span> <span class='ocrx_word' id='word_1_228' title='bbox 2377 1757 2734 1813; x_wconf 88' lang='lat' dir='ltr'><strong>liberandum</strong></span> <span class='ocrx_word' id='word_1_229' title='bbox 2765 1773 2945 1829; x_wconf 91' lang='lat' dir='ltr'><strong>genus</strong></span> <span class='ocrx_word' id='word_1_230' title='bbox 2974 1757 3293 1812; x_wconf 91' lang='lat' dir='ltr'><strong>humanum</strong></span> <span class='ocrx_word' id='word_1_231' title='bbox 3319 1755 3498 1810; x_wconf 88' lang='lat' dir='ltr'><strong>alium</strong></span> <span class='ocrx_word' id='word_1_232' title='bbox 3524 1756 3714 1811; x_wconf 90' lang='lat' dir='ltr'><strong>mittas</strong></span> <span class='ocrx_word' id='word_1_233' title='bbox 3745 1775 3761 1812; x_wconf 90' lang='lat'><strong>:</strong></span> <span class='ocrx_word' id='word_1_234' title='bbox 3792 1756 3932 1828; x_wconf 87' lang='lat' dir='ltr'><strong>quia</strong></span> 
     </span>
    </p>
   </div>
   <div class='ocr_carea' id='block_1_33' title="bbox 535 1834 3928 1923">
    <p class='ocr_par' dir='ltr' id='par_1_33' title="bbox 535 1834 3928 1923">
     <span class='ocr_line' id='line_1_33' title="bbox 535 1834 3928 1923; baseline -0 -18"><span class='ocrx_word' id='word_1_235' title='bbox 535 1866 670 1905; x_wconf 90' lang='lat' dir='ltr'><strong>mur</strong></span> <span class='ocrx_word' id='word_1_236' title='bbox 693 1851 764 1905; x_wconf 92' lang='lat' dir='ltr'><strong>de</strong></span> <span class='ocrx_word' id='word_1_237' title='bbox 799 1850 1015 1921; x_wconf 89' lang='lat' dir='ltr'><strong>laqueis</strong></span> <span class='ocrx_word' id='word_1_238' title='bbox 1039 1850 1210 1921; x_wconf 81' lang='lat' dir='ltr'><strong>hujus</strong></span> <span class='ocrx_word' id='word_1_239' title='bbox 1235 1851 1425 1905; x_wconf 72' lang='lat' dir='ltr'><strong>saeculi</strong></span> <span class='ocrx_word' id='word_1_240' title='bbox 1463 1850 1712 1906; x_wconf 88' lang='lat' dir='ltr'><strong>liberari.</strong></span> <span class='ocrx_word' id='word_1_241' title='bbox 1762 1853 1838 1906; x_wconf 91' lang='lat' dir='ltr'><strong>De</strong></span> <span class='ocrx_word' id='word_1_242' title='bbox 1883 1868 1949 1906; x_wconf 89' lang='lat' dir='ltr'><strong>eo</strong></span> <span class='ocrx_word' id='word_1_243' title='bbox 1986 1855 2177 1907; x_wconf 90' lang='lat' dir='ltr'><strong>autem</strong></span> <span class='ocrx_word' id='word_1_244' title='bbox 2198 1834 2261 1908; x_wconf 81' lang='grc' dir='ltr'>Β</span> <span class='ocrx_word' id='word_1_245' title='bbox 2279 1850 2422 1907; x_wconf 89' lang='lat' dir='ltr'><strong>sicut</strong></span> <span class='ocrx_word' id='word_1_246' title='bbox 2447 1855 2504 1906; x_wconf 90' lang='lat' dir='ltr'><strong>te</strong></span> <span class='ocrx_word' id='word_1_247' title='bbox 2529 1851 2590 1905; x_wconf 90' lang='lat' dir='ltr'><strong>in</strong></span> <span class='ocrx_word' id='word_1_248' title='bbox 2614 1851 2782 1906; x_wconf 88' lang='lat' dir='ltr'><strong>terris</strong></span> <span class='ocrx_word' id='word_1_249' title='bbox 2808 1851 3024 1923; x_wconf 91' lang='lat' dir='ltr'><strong>positus</strong></span> <span class='ocrx_word' id='word_1_250' title='bbox 3050 1850 3304 1905; x_wconf 90' lang='lat' dir='ltr'><strong>docendo</strong></span> <span class='ocrx_word' id='word_1_251' title='bbox 3330 1854 3386 1905; x_wconf 87' lang='lat' dir='ltr'><strong>et</strong></span> <span class='ocrx_word' id='word_1_252' title='bbox 3409 1848 3746 1921; x_wconf 88' lang='lat' dir='ltr'><strong>baptizando</strong></span> <span class='ocrx_word' id='word_1_253' title='bbox 3770 1866 3928 1922; x_wconf 84' lang='lat' dir='ltr'><strong>prae-</strong></span> 
     </span>
    </p>
   </div>
   <div class='ocr_carea' id='block_1_34' title="bbox 537 1943 2179 2016">
    <p class='ocr_par' dir='ltr' id='par_1_34' title="bbox 537 1943 2179 2016">
     <span class='ocr_line' id='line_1_34' title="bbox 537 1943 2179 2016; baseline 0.001 -18"><span class='ocrx_word' id='word_1_254' title='bbox 537 1944 691 2015; x_wconf 90' lang='lat' dir='ltr'><strong>quod</strong></span> <span class='ocrx_word' id='word_1_255' title='bbox 730 1943 892 2007; x_wconf 88' lang='lat' dir='ltr'><strong>nobis</strong></span> <span class='ocrx_word' id='word_1_256' title='bbox 951 1943 1167 2015; x_wconf 84' lang='lat' dir='ltr'><strong>dignati</strong></span> <span class='ocrx_word' id='word_1_257' title='bbox 1208 1943 1395 1999; x_wconf 88' lang='lat' dir='ltr'><strong>fuistis</strong></span> <span class='ocrx_word' id='word_1_258' title='bbox 1442 1944 1762 2016; x_wconf 90' lang='lat' dir='ltr'><strong>injungere,</strong></span> <span class='ocrx_word' id='word_1_259' title='bbox 1804 1948 1870 1999; x_wconf 93' lang='lat' dir='ltr'><strong>ut</strong></span> <span class='ocrx_word' id='word_1_260' title='bbox 1922 1945 2179 2001; x_wconf 89' lang='lat' dir='ltr'><strong>ordinem</strong></span> 
     </span>
    </p>
   </div>
   <div class='ocr_carea' id='block_1_35' title="bbox 533 2037 2180 2109">
    <p class='ocr_par' dir='ltr' id='par_1_35' title="bbox 533 2037 2180 2109">
     <span class='ocr_line' id='line_1_35' title="bbox 533 2037 2180 2109; baseline 0.001 -16"><span class='ocrx_word' id='word_1_261' title='bbox 533 2039 824 2109; x_wconf 83' lang='lat' dir='ltr'><strong>Hypponae</strong></span> <span class='ocrx_word' id='word_1_262' title='bbox 847 2037 1141 2108; x_wconf 81' lang='lat' dir='ltr'><strong>Regiensis</strong></span> <span class='ocrx_word' id='word_1_263' title='bbox 1167 2038 1434 2107; x_wconf 65' lang='lat' dir='ltr'><strong>ecclesias,</strong></span> <span class='ocrx_word' id='word_1_264' title='bbox 1477 2038 1720 2109; x_wconf 88' lang='lat' dir='ltr'><strong>qualiter</strong></span> <span class='ocrx_word' id='word_1_265' title='bbox 1758 2038 1950 2094; x_wconf 89' lang='lat' dir='ltr'><strong>divina</strong></span> <span class='ocrx_word' id='word_1_266' title='bbox 1995 2039 2180 2094; x_wconf 85' lang='lat' dir='ltr'><strong>ofﬁcia</strong></span> 
     </span>
    </p>
   </div>
   <div class='ocr_carea' id='block_1_36' title="bbox 533 2131 2178 2204">
    <p class='ocr_par' dir='ltr' id='par_1_36' title="bbox 533 2131 2178 2204">
     <span class='ocr_line' id='line_1_36' title="bbox 533 2131 2178 2204; baseline 0.002 -20"><span class='ocrx_word' id='word_1_267' title='bbox 533 2147 638 2203; x_wconf 90' lang='lat' dir='ltr'><strong>per</strong></span> <span class='ocrx_word' id='word_1_268' title='bbox 661 2131 1005 2187; x_wconf 86' lang='lat' dir='ltr'><strong>Testamenti</strong></span> <span class='ocrx_word' id='word_1_269' title='bbox 1031 2134 1087 2186; x_wconf 89' lang='lat' dir='ltr'><strong>et</strong></span> <span class='ocrx_word' id='word_1_270' title='bbox 1104 2131 1241 2185; x_wconf 86' lang='lat' dir='ltr'><strong>Novi</strong></span> <span class='ocrx_word' id='word_1_271' title='bbox 1261 2136 1318 2186; x_wconf 90' lang='lat' dir='ltr'><strong>et</strong></span> <span class='ocrx_word' id='word_1_272' title='bbox 1336 2132 1548 2187; x_wconf 86' lang='lat' dir='ltr'><strong>Veteris</strong></span> <span class='ocrx_word' id='word_1_273' title='bbox 1572 2132 1842 2204; x_wconf 84' lang='lat' dir='ltr'><strong>paginam</strong></span> <span class='ocrx_word' id='word_1_274' title='bbox 1871 2134 2178 2189; x_wconf 90' lang='lat' dir='ltr'><strong>annualem</strong></span> 
     </span>
    </p>
   </div>
   <div class='ocr_carea' id='block_1_37' title="bbox 532 2224 2177 2297">
    <p class='ocr_par' dir='ltr' id='par_1_37' title="bbox 532 2224 2177 2297">
     <span class='ocr_line' id='line_1_37' title="bbox 532 2224 2177 2297; baseline 0.001 -17"><span class='ocrx_word' id='word_1_275' title='bbox 532 2225 807 2297; x_wconf 89' lang='lat' dir='ltr'><strong>persolvit</strong></span> <span class='ocrx_word' id='word_1_276' title='bbox 824 2225 1208 2296; x_wconf 90' lang='lat' dir='ltr'><strong>harmoniam,</strong></span> <span class='ocrx_word' id='word_1_277' title='bbox 1224 2224 1384 2280; x_wconf 87' lang='lat' dir='ltr'><strong>vobis</strong></span> <span class='ocrx_word' id='word_1_278' title='bbox 1396 2225 1644 2297; x_wconf 89' lang='lat' dir='ltr'><strong>dirigere</strong></span> <span class='ocrx_word' id='word_1_279' title='bbox 1663 2227 1998 2282; x_wconf 87' lang='lat' dir='ltr'><strong>deberemus</strong></span> <span class='ocrx_word' id='word_1_280' title='bbox 2013 2246 2030 2297; x_wconf 82' lang='lat'><strong>;</strong></span> <span class='ocrx_word' id='word_1_281' title='bbox 2050 2227 2177 2282; x_wconf 90' lang='lat' dir='ltr'><strong>ideo</strong></span> 
     </span>
    </p>
   </div>
   <div class='ocr_carea' id='block_1_38' title="bbox 532 2319 2178 2391">
    <p class='ocr_par' dir='ltr' id='par_1_38' title="bbox 532 2319 2178 2391">
     <span class='ocr_line' id='line_1_38' title="bbox 532 2319 2178 2391; baseline 0.001 -18"><span class='ocrx_word' id='word_1_282' title='bbox 532 2319 605 2374; x_wconf 89' lang='lat' dir='ltr'><strong>ad</strong></span> <span class='ocrx_word' id='word_1_283' title='bbox 634 2335 886 2390; x_wconf 73' lang='lat' dir='ltr'><strong>praesens</strong></span> <span class='ocrx_word' id='word_1_284' title='bbox 929 2336 1045 2374; x_wconf 91' lang='lat' dir='ltr'><strong>non</strong></span> <span class='ocrx_word' id='word_1_285' title='bbox 1070 2319 1382 2390; x_wconf 81' lang='lat' dir='ltr'><strong>potuimus,</strong></span> <span class='ocrx_word' id='word_1_286' title='bbox 1410 2320 1543 2391; x_wconf 87' lang='lat' dir='ltr'><strong>quia</strong></span> <span class='ocrx_word' id='word_1_287' title='bbox 1570 2320 1628 2374; x_wconf 91' lang='lat' dir='ltr'><strong>in</strong></span> <span class='ocrx_word' id='word_1_288' title='bbox 1670 2320 1815 2375; x_wconf 91' lang='lat' dir='ltr'><strong>libro</strong></span> <span class='ocrx_word' id='word_1_289' title='bbox 1861 2322 2178 2376; x_wconf 89' lang='lat' dir='ltr'><strong>Exameron</strong></span> 
     </span>
    </p>
   </div>
   <div class='ocr_carea' id='block_1_39' title="bbox 532 2412 2177 2484">
    <p class='ocr_par' dir='ltr' id='par_1_39' title="bbox 532 2412 2177 2484">
     <span class='ocr_line' id='line_1_39' title="bbox 532 2412 2177 2484; baseline 0.001 -17"><span class='ocrx_word' id='word_1_290' title='bbox 532 2416 754 2468; x_wconf 90' lang='lat' dir='ltr'><strong>nostros</strong></span> <span class='ocrx_word' id='word_1_291' title='bbox 764 2412 1013 2467; x_wconf 87' lang='lat' dir='ltr'><strong>notarios</strong></span> <span class='ocrx_word' id='word_1_292' title='bbox 1031 2415 1330 2484; x_wconf 89' lang='lat' dir='ltr'><strong>occupatos</strong></span> <span class='ocrx_word' id='word_1_293' title='bbox 1355 2412 1728 2468; x_wconf 90' lang='lat' dir='ltr'><strong>habebamus.</strong></span> <span class='ocrx_word' id='word_1_294' title='bbox 1747 2414 1854 2469; x_wconf 91' lang='lat' dir='ltr'><strong>Sed</strong></span> <span class='ocrx_word' id='word_1_295' title='bbox 1881 2431 2010 2469; x_wconf 90' lang='lat' dir='ltr'><strong>cum</strong></span> <span class='ocrx_word' id='word_1_296' title='bbox 2036 2414 2177 2469; x_wconf 89' lang='lat' dir='ltr'><strong>illud</strong></span> 
     </span>
    </p>
   </div>
   <div class='ocr_carea' id='block_1_40' title="bbox 535 2506 2177 2579">
    <p class='ocr_par' dir='ltr' id='par_1_40' title="bbox 535 2506 2177 2579">
     <span class='ocr_line' id='line_1_40' title="bbox 535 2506 2177 2579; baseline 0.002 -19"><span class='ocrx_word' id='word_1_297' title='bbox 535 2523 677 2578; x_wconf 90' lang='lat' dir='ltr'><strong>opus</strong></span> <span class='ocrx_word' id='word_1_298' title='bbox 718 2506 911 2574; x_wconf 89' lang='lat' dir='ltr'><strong>fuerit,</strong></span> <span class='ocrx_word' id='word_1_299' title='bbox 952 2506 1174 2561; x_wconf 89' lang='lat' dir='ltr'><strong>favente</strong></span> <span class='ocrx_word' id='word_1_300' title='bbox 1217 2507 1480 2576; x_wconf 91' lang='lat' dir='ltr'><strong>Domino,</strong></span> <span class='ocrx_word' id='word_1_301' title='bbox 1523 2512 2002 2579; x_wconf 89' lang='lat' dir='ltr'><strong>consummatum,</strong></span> <span class='ocrx_word' id='word_1_302' title='bbox 2042 2525 2177 2564; x_wconf 86' lang='lat' dir='ltr'><strong>mox</strong></span> 
     </span>
    </p>
   </div>
   <div class='ocr_carea' id='block_1_41' title="bbox 534 2600 2173 2672">
    <p class='ocr_par' dir='ltr' id='par_1_41' title="bbox 534 2600 2173 2672">
     <span class='ocr_line' id='line_1_41' title="bbox 534 2600 2173 2672; baseline 0.002 -18"><span class='ocrx_word' id='word_1_303' title='bbox 534 2600 858 2655; x_wconf 90' lang='lat' dir='ltr'><strong>obedientes</strong></span> <span class='ocrx_word' id='word_1_304' title='bbox 916 2604 1101 2671; x_wconf 79' lang='lat' dir='ltr'><strong>vestrq</strong></span> <span class='ocrx_word' id='word_1_305' title='bbox 1137 2600 1379 2671; x_wconf 90' lang='lat' dir='ltr'><strong>imperio</strong></span> <span class='ocrx_word' id='word_1_306' title='bbox 1431 2617 1535 2672; x_wconf 92' lang='lat' dir='ltr'><strong>per</strong></span> <span class='ocrx_word' id='word_1_307' title='bbox 1582 2602 1862 2656; x_wconf 88' lang='lat' dir='ltr'><strong>famulum</strong></span> <span class='ocrx_word' id='word_1_308' title='bbox 1904 2606 2173 2671; x_wconf 89' lang='lat' dir='ltr'><strong>vestrum,</strong></span> 
     </span>
    </p>
   </div>
   <div class='ocr_carea' id='block_1_42' title="bbox 534 2694 2172 2768">
    <p class='ocr_par' dir='ltr' id='par_1_42' title="bbox 534 2694 2172 2768">
     <span class='ocr_line' id='line_1_42' title="bbox 534 2694 2172 2768; baseline 0.001 -20"><span class='ocrx_word' id='word_1_309' title='bbox 534 2694 718 2748; x_wconf 89' lang='lat' dir='ltr'><strong>ﬁlium</strong></span> <span class='ocrx_word' id='word_1_310' title='bbox 756 2695 818 2749; x_wconf 91' lang='lat' dir='ltr'><strong>in</strong></span> <span class='ocrx_word' id='word_1_311' title='bbox 849 2694 1074 2750; x_wconf 90' lang='lat' dir='ltr'><strong>Christo</strong></span> <span class='ocrx_word' id='word_1_312' title='bbox 1099 2699 1378 2763; x_wconf 86' lang='lat' dir='ltr'><strong>nostrum,</strong></span> <span class='ocrx_word' id='word_1_313' title='bbox 1409 2695 1727 2767; x_wconf 89' lang='lat' dir='ltr'><strong>Eugepium</strong></span> <span class='ocrx_word' id='word_1_314' title='bbox 1755 2696 2172 2768; x_wconf 86' lang='lat' dir='ltr'><strong>presbyterum,</strong></span> 
     </span>
    </p>
   </div>
   <div class='ocr_carea' id='block_1_43' title="bbox 532 2787 2173 2862">
    <p class='ocr_par' dir='ltr' id='par_1_43' title="bbox 532 2787 2173 2862">
     <span class='ocr_line' id='line_1_43' title="bbox 532 2787 2173 2862; baseline 0.001 -18"><span class='ocrx_word' id='word_1_315' title='bbox 532 2788 689 2844; x_wconf 81' lang='lat' dir='ltr'><strong>vobis</strong></span> <span class='ocrx_word' id='word_1_316' title='bbox 722 2787 983 2843; x_wconf 88' lang='lat' dir='ltr'><strong>libellum</strong></span> <span class='ocrx_word' id='word_1_317' title='bbox 1010 2788 1324 2860; x_wconf 82' lang='lat' dir='ltr'><strong>dirigemus</strong></span> <span class='ocrx_word' id='word_1_318' title='bbox 1352 2806 1365 2843; x_wconf 91' lang='lat'><strong>:</strong></span> <span class='ocrx_word' id='word_1_319' title='bbox 1394 2789 1456 2843; x_wconf 90' lang='lat' dir='ltr'><strong>in</strong></span> <span class='ocrx_word' id='word_1_320' title='bbox 1480 2806 1594 2861; x_wconf 92' lang='lat' dir='ltr'><strong>quo</strong></span> <span class='ocrx_word' id='word_1_321' title='bbox 1623 2789 1797 2845; x_wconf 89' lang='lat' dir='ltr'><strong>totius</strong></span> <span class='ocrx_word' id='word_1_322' title='bbox 1832 2790 1966 2845; x_wconf 89' lang='lat' dir='ltr'><strong>anni</strong></span> <span class='ocrx_word' id='word_1_323' title='bbox 2010 2790 2173 2862; x_wconf 85' lang='lat' dir='ltr'><strong>opiﬁ-</strong></span> 
     </span>
    </p>
   </div>
   <div class='ocr_carea' id='block_1_44' title="bbox 534 2882 2172 2955">
    <p class='ocr_par' dir='ltr' id='par_1_44' title="bbox 534 2882 2172 2955">
     <span class='ocr_line' id='line_1_44' title="bbox 534 2882 2172 2955; baseline 0.001 -18"><span class='ocrx_word' id='word_1_324' title='bbox 534 2882 685 2937; x_wconf 92' lang='lat' dir='ltr'><strong>cium</strong></span> <span class='ocrx_word' id='word_1_325' title='bbox 702 2882 765 2937; x_wconf 90' lang='lat' dir='ltr'><strong>in</strong></span> <span class='ocrx_word' id='word_1_326' title='bbox 776 2882 1113 2938; x_wconf 87' lang='lat' dir='ltr'><strong>lectionibus</strong></span> <span class='ocrx_word' id='word_1_327' title='bbox 1126 2882 1337 2937; x_wconf 88' lang='lat' dir='ltr'><strong>Divinis</strong></span> <span class='ocrx_word' id='word_1_328' title='bbox 1351 2884 1708 2954; x_wconf 85' lang='lat' dir='ltr'><strong>perﬂorando</strong></span> <span class='ocrx_word' id='word_1_329' title='bbox 1719 2884 2172 2955; x_wconf 80' lang='lat' dir='ltr'><strong>perstrinximus,</strong></span> 
     </span>
    </p>
   </div>
   <div class='ocr_carea' id='block_1_45' title="bbox 530 2976 2175 3048">
    <p class='ocr_par' dir='ltr' id='par_1_45' title="bbox 530 2976 2175 3048">
     <span class='ocr_line' id='line_1_45' title="bbox 530 2976 2175 3048; baseline 0.001 -17"><span class='ocrx_word' id='word_1_330' title='bbox 530 2976 863 3048; x_wconf 87' lang='lat' dir='ltr'><strong>incipientes</strong></span> <span class='ocrx_word' id='word_1_331' title='bbox 900 2976 1160 3032; x_wconf 91' lang='lat' dir='ltr'><strong>ordinem</strong></span> <span class='ocrx_word' id='word_1_332' title='bbox 1193 2977 1480 3033; x_wconf 81' lang='lat' dir='ltr'><strong>Adventus</strong></span> <span class='ocrx_word' id='word_1_333' title='bbox 1531 2978 1804 3033; x_wconf 89' lang='lat' dir='ltr'><strong>Dominici</strong></span> <span class='ocrx_word' id='word_1_334' title='bbox 1855 2979 1924 3033; x_wconf 87' lang='lat' dir='ltr'><strong>ab</strong></span> <span class='ocrx_word' id='word_1_335' title='bbox 1978 2983 2175 3033; x_wconf 89' lang='lat' dir='ltr'><strong>octavo</strong></span> 
     </span>
    </p>
   </div>
   <div class='ocr_carea' id='block_1_46' title="bbox 530 3070 2175 3144">
    <p class='ocr_par' dir='ltr' id='par_1_46' title="bbox 530 3070 2175 3144">
     <span class='ocr_line' id='line_1_46' title="bbox 530 3070 2175 3144; baseline 0 -18"><span class='ocrx_word' id='word_1_336' title='bbox 530 3071 800 3126; x_wconf 87' lang='lat' dir='ltr'><strong>Calendas</strong></span> <span class='ocrx_word' id='word_1_337' title='bbox 831 3070 1076 3127; x_wconf 88' lang='lat' dir='ltr'><strong>octubris</strong></span> <span class='ocrx_word' id='word_1_338' title='bbox 1115 3071 1523 3143; x_wconf 62' lang='lat' dir='ltr'><strong>inquinoctium</strong></span> <span class='ocrx_word' id='word_1_339' title='bbox 1563 3072 1912 3142; x_wconf 89' lang='lat' dir='ltr'><strong>autumnale,</strong></span> <span class='ocrx_word' id='word_1_340' title='bbox 1966 3089 2072 3144; x_wconf 89' lang='lat' dir='ltr'><strong>pro</strong></span> <span class='ocrx_word' id='word_1_341' title='bbox 2110 3088 2175 3128; x_wconf 90' lang='lat' dir='ltr'><strong>eo</strong></span> 
     </span>
    </p>
   </div>
   <div class='ocr_carea' id='block_1_47' title="bbox 532 3164 2172 3238">
    <p class='ocr_par' dir='ltr' id='par_1_47' title="bbox 532 3164 2172 3238">
     <span class='ocr_line' id='line_1_47' title="bbox 532 3164 2172 3238; baseline 0.001 -18"><span class='ocrx_word' id='word_1_342' title='bbox 532 3165 687 3238; x_wconf 91' lang='lat' dir='ltr'><strong>quod</strong></span> <span class='ocrx_word' id='word_1_343' title='bbox 711 3166 910 3220; x_wconf 89' lang='lat' dir='ltr'><strong>eadem</strong></span> <span class='ocrx_word' id='word_1_344' title='bbox 934 3164 1026 3220; x_wconf 92' lang='lat' dir='ltr'><strong>die</strong></span> <span class='ocrx_word' id='word_1_345' title='bbox 1049 3165 1333 3220; x_wconf 84' lang='lat' dir='ltr'><strong>Johannes</strong></span> <span class='ocrx_word' id='word_1_346' title='bbox 1357 3182 1675 3237; x_wconf 68' lang='lat' dir='ltr'><strong>praecursor</strong></span> <span class='ocrx_word' id='word_1_347' title='bbox 1689 3166 1913 3221; x_wconf 88' lang='lat' dir='ltr'><strong>Domini</strong></span> <span class='ocrx_word' id='word_1_348' title='bbox 1935 3183 1969 3220; x_wconf 91' lang='lat' dir='ltr'><strong>a</strong></span> <span class='ocrx_word' id='word_1_349' title='bbox 1992 3167 2172 3237; x_wconf 87' lang='lat' dir='ltr'><strong>majo-</strong></span> 
     </span>
    </p>
   </div>
   <div class='ocr_carea' id='block_1_48' title="bbox 532 3259 2169 3332">
    <p class='ocr_par' dir='ltr' id='par_1_48' title="bbox 532 3259 2169 3332">
     <span class='ocr_line' id='line_1_48' title="bbox 532 3259 2169 3332; baseline 0 -18"><span class='ocrx_word' id='word_1_350' title='bbox 532 3259 690 3314; x_wconf 89' lang='lat' dir='ltr'><strong>ribus</strong></span> <span class='ocrx_word' id='word_1_351' title='bbox 714 3259 919 3314; x_wconf 90' lang='lat' dir='ltr'><strong>nostris</strong></span> <span class='ocrx_word' id='word_1_352' title='bbox 944 3259 1189 3314; x_wconf 89' lang='lat' dir='ltr'><strong>traditur</strong></span> <span class='ocrx_word' id='word_1_353' title='bbox 1214 3263 1270 3315; x_wconf 90' lang='lat' dir='ltr'><strong>et</strong></span> <span class='ocrx_word' id='word_1_354' title='bbox 1286 3261 1502 3331; x_wconf 82' lang='lat' dir='ltr'><strong>Angelo</strong></span> <span class='ocrx_word' id='word_1_355' title='bbox 1531 3261 1828 3316; x_wconf 82' lang='lat' dir='ltr'><strong>nuntiante</strong></span> <span class='ocrx_word' id='word_1_356' title='bbox 1848 3264 2169 3332; x_wconf 91' lang='lat' dir='ltr'><strong>conceptus,</strong></span> 
     </span>
    </p>
   </div>
   <div class='ocr_carea' id='block_1_49' title="bbox 533 3352 2175 3425">
    <p class='ocr_par' dir='ltr' id='par_1_49' title="bbox 533 3352 2175 3425">
     <span class='ocr_line' id='line_1_49' title="bbox 533 3352 2175 3425; baseline 0.001 -18"><span class='ocrx_word' id='word_1_357' title='bbox 533 3357 590 3408; x_wconf 91' lang='lat' dir='ltr'><strong>et</strong></span> <span class='ocrx_word' id='word_1_358' title='bbox 616 3352 847 3408; x_wconf 88' lang='lat' dir='ltr'><strong>Herodis</strong></span> <span class='ocrx_word' id='word_1_359' title='bbox 874 3353 1085 3407; x_wconf 87' lang='lat' dir='ltr'><strong>funesti</strong></span> <span class='ocrx_word' id='word_1_360' title='bbox 1129 3352 1312 3423; x_wconf 90' lang='lat' dir='ltr'><strong>gladio</strong></span> <span class='ocrx_word' id='word_1_361' title='bbox 1350 3353 1680 3409; x_wconf 89' lang='lat' dir='ltr'><strong>trucidatus.</strong></span> <span class='ocrx_word' id='word_1_362' title='bbox 1727 3355 1824 3408; x_wconf 89' lang='lat' dir='ltr'><strong>Est</strong></span> <span class='ocrx_word' id='word_1_363' title='bbox 1869 3359 1926 3410; x_wconf 90' lang='lat' dir='ltr'><strong>et</strong></span> <span class='ocrx_word' id='word_1_364' title='bbox 1967 3358 2175 3425; x_wconf 74' lang='lat' dir='ltr'><strong>praeter</strong></span> 
     </span>
    </p>
   </div>
   <div class='ocr_carea' id='block_1_50' title="bbox 531 3446 2170 3520">
    <p class='ocr_par' dir='ltr' id='par_1_50' title="bbox 531 3446 2170 3520">
     <span class='ocr_line' id='line_1_50' title="bbox 531 3446 2170 3520; baseline 0.001 -18"><span class='ocrx_word' id='word_1_365' title='bbox 531 3446 895 3502; x_wconf 87' lang='lat' dir='ltr'><strong>Nativitatem</strong></span> <span class='ocrx_word' id='word_1_366' title='bbox 960 3446 1067 3501; x_wconf 86' lang='lat' dir='ltr'><strong>alia</strong></span> <span class='ocrx_word' id='word_1_367' title='bbox 1132 3446 1475 3502; x_wconf 87' lang='lat' dir='ltr'><strong>sollemnitas</strong></span> <span class='ocrx_word' id='word_1_368' title='bbox 1523 3448 1800 3503; x_wconf 83' lang='lat' dir='ltr'><strong>Johannis</strong></span> <span class='ocrx_word' id='word_1_369' title='bbox 1867 3448 2132 3520; x_wconf 65' lang='lat' dir='ltr'><strong>Baptistae</strong></span> <span class='ocrx_word' id='word_1_370' title='bbox 2155 3490 2170 3518; x_wconf 93' lang='lat'><strong>,</strong></span> 
     </span>
    </p>
   </div>
   <div class='ocr_carea' id='block_1_51' title="bbox 532 3540 2171 3614">
    <p class='ocr_par' dir='ltr' id='par_1_51' title="bbox 532 3540 2171 3614">
     <span class='ocr_line' id='line_1_51' title="bbox 532 3540 2171 3614; baseline 0.002 -19"><span class='ocrx_word' id='word_1_371' title='bbox 532 3545 736 3614; x_wconf 88' lang='lat' dir='ltr'><strong>quarto</strong></span> <span class='ocrx_word' id='word_1_372' title='bbox 763 3540 974 3597; x_wconf 87' lang='lat' dir='ltr'><strong>scilicet</strong></span> <span class='ocrx_word' id='word_1_373' title='bbox 999 3541 1273 3596; x_wconf 87' lang='lat' dir='ltr'><strong>Calendas</strong></span> <span class='ocrx_word' id='word_1_374' title='bbox 1298 3540 1663 3612; x_wconf 70' lang='lat' dir='ltr'><strong>Septembris,</strong></span> <span class='ocrx_word' id='word_1_375' title='bbox 1703 3542 1931 3613; x_wconf 88' lang='lat' dir='ltr'><strong>quando</strong></span> <span class='ocrx_word' id='word_1_376' title='bbox 1970 3542 2171 3598; x_wconf 89' lang='lat' dir='ltr'><strong>inven-</strong></span> 
     </span>
    </p>
   </div>
   <div class='ocr_carea' id='block_1_52' title="bbox 533 3633 2176 3707">
    <p class='ocr_par' dir='ltr' id='par_1_52' title="bbox 533 3633 2176 3707">
     <span class='ocr_line' id='line_1_52' title="bbox 533 3633 2176 3707; baseline 0 -16"><span class='ocrx_word' id='word_1_377' title='bbox 533 3640 657 3691; x_wconf 88' lang='lat' dir='ltr'><strong>tum</strong></span> <span class='ocrx_word' id='word_1_378' title='bbox 698 3634 909 3707; x_wconf 83' lang='lat' dir='ltr'><strong>legitur</strong></span> <span class='ocrx_word' id='word_1_379' title='bbox 961 3637 1132 3707; x_wconf 87' lang='lat' dir='ltr'><strong>caput</strong></span> <span class='ocrx_word' id='word_1_380' title='bbox 1169 3633 1436 3689; x_wconf 89' lang='lat' dir='ltr'><strong>dominici</strong></span> <span class='ocrx_word' id='word_1_381' title='bbox 1480 3636 1862 3707; x_wconf 75' lang='lat' dir='ltr'><strong>prazcursoris.</strong></span> <span class='ocrx_word' id='word_1_382' title='bbox 1907 3636 2064 3700; x_wconf 86' lang='lat' dir='ltr'><strong>Quod</strong></span> <span class='ocrx_word' id='word_1_383' title='bbox 2111 3640 2176 3692; x_wconf 90' lang='lat' dir='ltr'><strong>ut</strong></span> 
     </span>
    </p>
   </div>
   <div class='ocr_carea' id='block_1_53' title="bbox 535 3728 2175 3802">
    <p class='ocr_par' dir='ltr' id='par_1_53' title="bbox 535 3728 2175 3802">
     <span class='ocr_line' id='line_1_53' title="bbox 535 3728 2175 3802; baseline 0.001 -17"><span class='ocrx_word' id='word_1_384' title='bbox 535 3729 736 3802; x_wconf 90' lang='lat' dir='ltr'><strong>opinor</strong></span> <span class='ocrx_word' id='word_1_385' title='bbox 755 3730 1001 3786; x_wconf 90' lang='lat' dir='ltr'><strong>decrevit</strong></span> <span class='ocrx_word' id='word_1_386' title='bbox 1026 3729 1155 3785; x_wconf 92' lang='lat' dir='ltr'><strong>ideo</strong></span> <span class='ocrx_word' id='word_1_387' title='bbox 1181 3728 1522 3800; x_wconf 87' lang='lat' dir='ltr'><strong>dispensatio</strong></span> <span class='ocrx_word' id='word_1_388' title='bbox 1552 3730 1804 3800; x_wconf 88' lang='lat' dir='ltr'><strong>Deitatis,</strong></span> <span class='ocrx_word' id='word_1_389' title='bbox 1833 3734 1899 3785; x_wconf 92' lang='lat' dir='ltr'><strong>ut</strong></span> <span class='ocrx_word' id='word_1_390' title='bbox 1937 3730 2072 3802; x_wconf 86' lang='lat' dir='ltr'><strong>quia</strong></span> <span class='ocrx_word' id='word_1_391' title='bbox 2114 3730 2175 3786; x_wconf 90' lang='lat' dir='ltr'><strong>in</strong></span> 
     </span>
    </p>
   </div>
   <div class='ocr_carea' id='block_1_54' title="bbox 534 3822 2176 3897">
    <p class='ocr_par' dir='ltr' id='par_1_54' title="bbox 534 3822 2176 3897">
     <span class='ocr_line' id='line_1_54' title="bbox 534 3822 2176 3897; baseline -0.001 -16"><span class='ocrx_word' id='word_1_392' title='bbox 534 3826 687 3881; x_wconf 89' lang='lat' dir='ltr'><strong>unda</strong></span> <span class='ocrx_word' id='word_1_393' title='bbox 715 3824 1089 3897; x_wconf 87' lang='lat' dir='ltr'><strong>baptismatis,</strong></span> <span class='ocrx_word' id='word_1_394' title='bbox 1112 3822 1496 3878; x_wconf 88' lang='lat' dir='ltr'><strong>ministerium</strong></span> <span class='ocrx_word' id='word_1_395' title='bbox 1523 3823 1839 3894; x_wconf 80' lang='lat' dir='ltr'><strong>dumtaxat,</strong></span> <span class='ocrx_word' id='word_1_396' title='bbox 1871 3824 2023 3896; x_wconf 89' lang='lat' dir='ltr'><strong>quod</strong></span> <span class='ocrx_word' id='word_1_397' title='bbox 2043 3827 2176 3880; x_wconf 86' lang='lat' dir='ltr'><strong>ante</strong></span> 
     </span>
    </p>
   </div>
   <div class='ocr_carea' id='block_1_55' title="bbox 534 3917 2178 3991">
    <p class='ocr_par' dir='ltr' id='par_1_55' title="bbox 534 3917 2178 3991">
     <span class='ocr_line' id='line_1_55' title="bbox 534 3917 2178 3991; baseline -0.001 -16"><span class='ocrx_word' id='word_1_398' title='bbox 534 3920 739 3976; x_wconf 89' lang='lat' dir='ltr'><strong>faciem</strong></span> <span class='ocrx_word' id='word_1_399' title='bbox 764 3919 970 3975; x_wconf 86' lang='lat' dir='ltr'><strong>Christi</strong></span> <span class='ocrx_word' id='word_1_400' title='bbox 1006 3917 1333 3991; x_wconf 80' lang='lat' dir='ltr'><strong>praedicavit</strong></span> <span class='ocrx_word' id='word_1_401' title='bbox 1359 3918 1663 3989; x_wconf 71' lang='lat' dir='ltr'><strong>Iohannes,</strong></span> <span class='ocrx_word' id='word_1_402' title='bbox 1701 3934 1991 3973; x_wconf 88' lang='lat' dir='ltr'><strong>sacramur</strong></span> <span class='ocrx_word' id='word_1_403' title='bbox 2031 3935 2178 3974; x_wconf 85' lang='lat' dir='ltr'><strong>mer-</strong></span> 
     </span>
    </p>
   </div>
   <div class='ocr_carea' id='block_1_56' title="bbox 538 4012 2179 4082">
    <p class='ocr_par' dir='ltr' id='par_1_56' title="bbox 538 4012 2179 4082">
     <span class='ocr_line' id='line_1_56' title="bbox 538 4012 2179 4082; baseline -0.001 -14"><span class='ocrx_word' id='word_1_404' title='bbox 538 4013 790 4068; x_wconf 90' lang='lat' dir='ltr'><strong>sionibus</strong></span> <span class='ocrx_word' id='word_1_405' title='bbox 814 4012 1000 4082; x_wconf 90' lang='lat' dir='ltr'><strong>trinis,</strong></span> <span class='ocrx_word' id='word_1_406' title='bbox 1032 4012 1159 4068; x_wconf 91' lang='lat' dir='ltr'><strong>ideo</strong></span> <span class='ocrx_word' id='word_1_407' title='bbox 1185 4012 1433 4067; x_wconf 86' lang='lat' dir='ltr'><strong>trifarias</strong></span> <span class='ocrx_word' id='word_1_408' title='bbox 1458 4012 1809 4067; x_wconf 89' lang='lat' dir='ltr'><strong>sollemniter</strong></span> <span class='ocrx_word' id='word_1_409' title='bbox 1842 4012 2041 4067; x_wconf 86' lang='lat' dir='ltr'><strong>reddat</strong></span> <span class='ocrx_word' id='word_1_410' title='bbox 2081 4014 2179 4067; x_wconf 86' lang='lat' dir='ltr'><strong>Ec-</strong></span> 
     </span>
    </p>
   </div>
   <div class='ocr_carea' id='block_1_57' title="bbox 538 4104 2179 4178">
    <p class='ocr_par' dir='ltr' id='par_1_57' title="bbox 538 4104 2179 4178">
     <span class='ocr_line' id='line_1_57' title="bbox 538 4104 2179 4178; baseline -0.001 -16"><span class='ocrx_word' id='word_1_411' title='bbox 538 4108 705 4162; x_wconf 89' lang='lat' dir='ltr'><strong>clesia</strong></span> <span class='ocrx_word' id='word_1_412' title='bbox 729 4106 852 4178; x_wconf 88' lang='lat' dir='ltr'><strong>ejus</strong></span> <span class='ocrx_word' id='word_1_413' title='bbox 877 4106 1094 4162; x_wconf 89' lang='lat' dir='ltr'><strong>laudes.</strong></span> <span class='ocrx_word' id='word_1_414' title='bbox 1121 4108 1188 4162; x_wconf 88' lang='lat' dir='ltr'><strong>Et</strong></span> <span class='ocrx_word' id='word_1_415' title='bbox 1213 4106 1345 4178; x_wconf 85' lang='lat' dir='ltr'><strong>quia</strong></span> <span class='ocrx_word' id='word_1_416' title='bbox 1366 4106 1435 4162; x_wconf 88' lang='lat' dir='ltr'><strong>de</strong></span> <span class='ocrx_word' id='word_1_417' title='bbox 1455 4106 1552 4159; x_wconf 90' lang='lat' dir='ltr'><strong>illo</strong></span> <span class='ocrx_word' id='word_1_418' title='bbox 1580 4105 1854 4177; x_wconf 88' lang='lat' dir='ltr'><strong>scriptum</strong></span> <span class='ocrx_word' id='word_1_419' title='bbox 1875 4104 2068 4178; x_wconf 85' lang='grc'><strong>459</strong></span> <span class='ocrx_word' id='word_1_420' title='bbox 2095 4109 2179 4160; x_wconf 89' lang='lat' dir='ltr'><strong>est</strong></span> 
     </span>
    </p>
   </div>
   <div class='ocr_carea' id='block_1_58' title="bbox 537 4198 2178 4273">
    <p class='ocr_par' dir='ltr' id='par_1_58' title="bbox 537 4198 2178 4273">
     <span class='ocr_line' id='line_1_58' title="bbox 537 4198 2178 4273; baseline -0.002 -16"><span class='ocrx_word' id='word_1_421' title='bbox 537 4202 770 4257; x_wconf 86' lang='lat' dir='ltr'><strong>vocibus</strong></span> <span class='ocrx_word' id='word_1_422' title='bbox 798 4200 1145 4273; x_wconf 90' lang='lat' dir='ltr'><strong>propheticis</strong></span> <span class='ocrx_word' id='word_1_423' title='bbox 1191 4204 1248 4256; x_wconf 93' lang='lat' dir='ltr'><strong>et</strong></span> <span class='ocrx_word' id='word_1_424' title='bbox 1275 4198 1613 4255; x_wconf 87' lang='lat' dir='ltr'><strong>testimoniis</strong></span> <span class='ocrx_word' id='word_1_425' title='bbox 1657 4198 1956 4254; x_wconf 88' lang='lat' dir='ltr'><strong>Salvatoris</strong></span> <span class='ocrx_word' id='word_1_426' title='bbox 1985 4215 2000 4252; x_wconf 89' lang='lat'><strong>:</strong></span> <span class='ocrx_word' id='word_1_427' title='bbox 2046 4201 2178 4253; x_wconf 86' lang='lat' dir='ltr'><strong>Ecce</strong></span> 
     </span>
    </p>
   </div>
   <div class='ocr_carea' id='block_1_59' title="bbox 541 4292 2179 4366">
    <p class='ocr_par' dir='ltr' id='par_1_59' title="bbox 541 4292 2179 4366">
     <span class='ocr_line' id='line_1_59' title="bbox 541 4292 2179 4366; baseline -0.004 -14"><span class='ocrx_word' id='word_1_428' title='bbox 541 4313 634 4366; x_wconf 85' lang='lat' dir='ltr'><strong>ego</strong></span> <span class='ocrx_word' id='word_1_429' title='bbox 675 4297 827 4351; x_wconf 82' lang='lat' dir='ltr'><strong>mitto</strong></span> <span class='ocrx_word' id='word_1_430' title='bbox 858 4297 1111 4364; x_wconf 85' lang='lat' dir='ltr'><strong>angelum</strong></span> <span class='ocrx_word' id='word_1_431' title='bbox 1144 4308 1317 4349; x_wconf 89' lang='lat' dir='ltr'><strong>meum</strong></span> <span class='ocrx_word' id='word_1_432' title='bbox 1359 4294 1456 4361; x_wconf 89' lang='lat' dir='ltr'><strong>qui</strong></span> <span class='ocrx_word' id='word_1_433' title='bbox 1490 4292 1837 4361; x_wconf 69' lang='lat' dir='ltr'><strong>praeparabit</strong></span> <span class='ocrx_word' id='word_1_434' title='bbox 1867 4294 2014 4346; x_wconf 83' lang='lat' dir='ltr'><strong>viam</strong></span> <span class='ocrx_word' id='word_1_435' title='bbox 2053 4298 2179 4347; x_wconf 87' lang='lat' dir='ltr'><strong>ante</strong></span> 
     </span>
    </p>
   </div>
   <div class='ocr_carea' id='block_1_60' title="bbox 537 4384 2179 4462">
    <p class='ocr_par' dir='ltr' id='par_1_60' title="bbox 537 4384 2179 4462">
     <span class='ocr_line' id='line_1_60' title="bbox 537 4384 2179 4462; baseline -0.004 -15"><span class='ocrx_word' id='word_1_436' title='bbox 537 4394 737 4462; x_wconf 84' lang='lat' dir='ltr'><strong>faciem</strong></span> <span class='ocrx_word' id='word_1_437' title='bbox 761 4395 911 4447; x_wconf 84' lang='lat' dir='ltr'><strong>tuam</strong></span> <span class='ocrx_word' id='word_1_438' title='bbox 933 4409 950 4457; x_wconf 90' lang='lat'><strong><em>;</em></strong></span> <span class='ocrx_word' id='word_1_439' title='bbox 979 4389 1105 4443; x_wconf 92' lang='lat' dir='ltr'><strong>ideo</strong></span> <span class='ocrx_word' id='word_1_440' title='bbox 1131 4393 1186 4440; x_wconf 88' lang='lat' dir='ltr'><strong>et</strong></span> <span class='ocrx_word' id='word_1_441' title='bbox 1209 4386 1280 4439; x_wconf 89' lang='lat' dir='ltr'><strong>ab</strong></span> <span class='ocrx_word' id='word_1_442' title='bbox 1302 4384 1424 4455; x_wconf 89' lang='lat' dir='ltr'><strong>ejus</strong></span> <span class='ocrx_word' id='word_1_443' title='bbox 1449 4386 1724 4456; x_wconf 91' lang='lat' dir='ltr'><strong>conceptu</strong></span> <span class='ocrx_word' id='word_1_444' title='bbox 1751 4386 1837 4440; x_wconf 90' lang='lat' dir='ltr'><strong>vel</strong></span> <span class='ocrx_word' id='word_1_445' title='bbox 1862 4385 2020 4440; x_wconf 87' lang='lat' dir='ltr'><strong>obitu</strong></span> <span class='ocrx_word' id='word_1_446' title='bbox 2061 4386 2179 4441; x_wconf 85' lang='lat' dir='ltr'><strong>Ad-</strong></span> 
     </span>
    </p>
   </div>
   <div class='ocr_carea' id='block_1_61' title="bbox 540 4477 2179 4551">
    <p class='ocr_par' dir='ltr' id='par_1_61' title="bbox 540 4477 2179 4551">
     <span class='ocr_line' id='line_1_61' title="bbox 540 4477 2179 4551; baseline -0.006 -7"><span class='ocrx_word' id='word_1_447' title='bbox 540 4490 743 4543; x_wconf 88' lang='lat' dir='ltr'><strong>ventus</strong></span> <span class='ocrx_word' id='word_1_448' title='bbox 766 4482 973 4541; x_wconf 88' lang='lat' dir='ltr'><strong>Christi</strong></span> <span class='ocrx_word' id='word_1_449' title='bbox 988 4481 1322 4534; x_wconf 88' lang='lat' dir='ltr'><strong>inchoamus</strong></span> <span class='ocrx_word' id='word_1_450' title='bbox 1351 4477 1623 4534; x_wconf 81' lang='lat' dir='ltr'><strong>ofﬁcium.</strong></span> <span class='ocrx_word' id='word_1_451' title='bbox 1654 4479 1995 4551; x_wconf 91' lang='lat' dir='ltr'><strong>Dignumest</strong></span> <span class='ocrx_word' id='word_1_452' title='bbox 2021 4498 2179 4536; x_wconf 90' lang='lat' dir='ltr'><strong>nam-</strong></span> 
     </span>
    </p>
   </div>
   <div class='ocr_carea' id='block_1_62' title="bbox 2195 3212 2250 3287">
    <p class='ocr_par' dir='ltr' id='par_1_62' title="bbox 2195 3212 2250 3287">
     <span class='ocr_line' id='line_1_62' title="bbox 2195 3212 2250 3287; baseline 0 0"><span class='ocrx_word' id='word_1_453' title='bbox 2195 3212 2250 3287; x_wconf 94' lang='lat' dir='ltr'><strong>C</strong></span> 
     </span>
    </p>
   </div>
   <div class='ocr_carea' id='block_1_63' title="bbox 2278 1943 3930 2017">
    <p class='ocr_par' dir='ltr' id='par_1_63' title="bbox 2278 1943 3930 2017">
     <span class='ocr_line' id='line_1_63' title="bbox 2278 1943 3930 2017; baseline -0.001 -16"><span class='ocrx_word' id='word_1_454' title='bbox 2278 1961 2512 2001; x_wconf 89' lang='lat' dir='ltr'><strong>currens</strong></span> <span class='ocrx_word' id='word_1_455' title='bbox 2536 1944 2718 2017; x_wconf 89' lang='lat' dir='ltr'><strong>digito</strong></span> <span class='ocrx_word' id='word_1_456' title='bbox 2732 1944 3033 2000; x_wconf 90' lang='lat' dir='ltr'><strong>oriendum</strong></span> <span class='ocrx_word' id='word_1_457' title='bbox 3049 1943 3449 2014; x_wconf 89' lang='lat' dir='ltr'><strong>demonstravi,</strong></span> <span class='ocrx_word' id='word_1_458' title='bbox 3470 1943 3547 1998; x_wconf 92' lang='lat' dir='ltr'><strong>ita</strong></span> <span class='ocrx_word' id='word_1_459' title='bbox 3564 1943 3694 1998; x_wconf 88' lang='lat' dir='ltr'><strong>volo</strong></span> <span class='ocrx_word' id='word_1_460' title='bbox 3709 1943 3930 2016; x_wconf 91' lang='lat' dir='ltr'><strong>populo</strong></span> 
     </span>
    </p>
   </div>
   <div class='ocr_carea' id='block_1_64' title="bbox 2277 2022 3930 2110">
    <p class='ocr_par' dir='ltr' id='par_1_64' title="bbox 2277 2022 3930 2110">
     <span class='ocr_line' id='line_1_64' title="bbox 2277 2022 3930 2110; baseline -0.001 -17"><span class='ocrx_word' id='word_1_461' title='bbox 2277 2039 2338 2093; x_wconf 92' lang='lat' dir='ltr'><strong>in</strong></span> <span class='ocrx_word' id='word_1_462' title='bbox 2366 2039 2616 2094; x_wconf 89' lang='lat' dir='ltr'><strong>tenebris</strong></span> <span class='ocrx_word' id='word_1_463' title='bbox 2656 2038 2957 2109; x_wconf 89' lang='lat' dir='ltr'><strong>resedenti,</strong></span> <span class='ocrx_word' id='word_1_464' title='bbox 2992 2043 3049 2093; x_wconf 91' lang='lat' dir='ltr'><strong>et</strong></span> <span class='ocrx_word' id='word_1_465' title='bbox 3092 2042 3148 2093; x_wconf 90' lang='lat' dir='ltr'><strong>te</strong></span> <span class='ocrx_word' id='word_1_466' title='bbox 3182 2037 3435 2110; x_wconf 90' lang='lat' dir='ltr'><strong>quotidie</strong></span> <span class='ocrx_word' id='word_1_467' title='bbox 3470 2022 3785 2109; x_wconf 84' lang='lat' dir='ltr'><strong>postulanti</strong></span> <span class='ocrx_word' id='word_1_468' title='bbox 3828 2038 3930 2092; x_wconf 90' lang='lat' dir='ltr'><strong>ad-</strong></span> 
     </span>
    </p>
   </div>
   <div class='ocr_carea' id='block_1_65' title="bbox 2277 2130 3999 2204">
    <p class='ocr_par' dir='ltr' id='par_1_65' title="bbox 2277 2130 3999 2204">
     <span class='ocr_line' id='line_1_65' title="bbox 2277 2130 3999 2204; baseline -0.002 -16"><span class='ocrx_word' id='word_1_469' title='bbox 2277 2136 2511 2188; x_wconf 89' lang='lat' dir='ltr'><strong>ventum</strong></span> <span class='ocrx_word' id='word_1_470' title='bbox 2549 2138 2714 2189; x_wconf 92' lang='lat' dir='ltr'><strong>tuum</strong></span> <span class='ocrx_word' id='word_1_471' title='bbox 2754 2133 2947 2204; x_wconf 89' lang='lat' dir='ltr'><strong>jussus</strong></span> <span class='ocrx_word' id='word_1_472' title='bbox 2992 2149 3026 2186; x_wconf 90' lang='lat' dir='ltr'><strong>a</strong></span> <span class='ocrx_word' id='word_1_473' title='bbox 3068 2136 3143 2201; x_wconf 90' lang='lat' dir='ltr'><strong>te,</strong></span> <span class='ocrx_word' id='word_1_474' title='bbox 3196 2131 3455 2199; x_wconf 90' lang='lat' dir='ltr'><strong>Domine,</strong></span> <span class='ocrx_word' id='word_1_475' title='bbox 3504 2130 3773 2186; x_wconf 89' lang='lat' dir='ltr'><strong>nuntiare</strong></span> <span class='ocrx_word' id='word_1_476' title='bbox 3796 2130 3826 2185; x_wconf 85' lang='lat'><strong>?</strong></span> <span class='ocrx_word' id='word_1_477' title='bbox 3862 2133 3927 2186; x_wconf 88' lang='lat' dir='ltr'><strong>Et</strong></span> <span class='ocrx_word' id='word_1_478' title='bbox 3998 2138 3999 2159; x_wconf 63' lang='lat'><strong>‘</strong></span> 
     </span>
    </p>
   </div>
   <div class='ocr_carea' id='block_1_66' title="bbox 2278 2224 3926 2283">
    <p class='ocr_par' dir='ltr' id='par_1_66' title="bbox 2278 2224 3926 2283">
     <span class='ocr_line' id='line_1_66' title="bbox 2278 2224 3926 2283; baseline -0.002 -2"><span class='ocrx_word' id='word_1_479' title='bbox 2278 2227 2444 2283; x_wconf 88' lang='lat' dir='ltr'><strong>certis</strong></span> <span class='ocrx_word' id='word_1_480' title='bbox 2470 2227 2560 2281; x_wconf 90' lang='lat' dir='ltr'><strong>his</strong></span> <span class='ocrx_word' id='word_1_481' title='bbox 2605 2227 2674 2281; x_wconf 90' lang='lat' dir='ltr'><strong>de</strong></span> <span class='ocrx_word' id='word_1_482' title='bbox 2717 2227 2900 2282; x_wconf 89' lang='lat' dir='ltr'><strong>causis</strong></span> <span class='ocrx_word' id='word_1_483' title='bbox 2944 2226 3005 2280; x_wconf 90' lang='lat' dir='ltr'><strong>in</strong></span> <span class='ocrx_word' id='word_1_484' title='bbox 3042 2224 3364 2281; x_wconf 89' lang='lat' dir='ltr'><strong>celebritate</strong></span> <span class='ocrx_word' id='word_1_485' title='bbox 3397 2224 3687 2280; x_wconf 86' lang='lat' dir='ltr'><strong>Adventus</strong></span> <span class='ocrx_word' id='word_1_486' title='bbox 3728 2225 3926 2279; x_wconf 90' lang='lat' dir='ltr'><strong>Domi—</strong></span> 
     </span>
    </p>
   </div>
   <div class='ocr_carea' id='block_1_67' title="bbox 2276 2318 3927 2392">
    <p class='ocr_par' dir='ltr' id='par_1_67' title="bbox 2276 2318 3927 2392">
     <span class='ocr_line' id='line_1_67' title="bbox 2276 2318 3927 2392; baseline -0.001 -17"><span class='ocrx_word' id='word_1_487' title='bbox 2276 2319 2409 2391; x_wconf 92' lang='lat' dir='ltr'><strong>nici,</strong></span> <span class='ocrx_word' id='word_1_488' title='bbox 2440 2321 2784 2376; x_wconf 86' lang='lat' dir='ltr'><strong>sollemnitas</strong></span> <span class='ocrx_word' id='word_1_489' title='bbox 2809 2320 3177 2392; x_wconf 88' lang='lat' dir='ltr'><strong>anteponitur</strong></span> <span class='ocrx_word' id='word_1_490' title='bbox 3204 2318 3477 2373; x_wconf 84' lang='lat' dir='ltr'><strong>Johannis</strong></span> <span class='ocrx_word' id='word_1_491' title='bbox 3504 2319 3797 2390; x_wconf 70' lang='lat' dir='ltr'><strong>Baptistae.</strong></span> <span class='ocrx_word' id='word_1_492' title='bbox 3821 2318 3927 2376; x_wconf 93' lang='lat' dir='ltr'><strong>Sed</strong></span> 
     </span>
    </p>
   </div>
   <div class='ocr_carea' id='block_1_68' title="bbox 2277 2412 3928 2486">
    <p class='ocr_par' dir='ltr' id='par_1_68' title="bbox 2277 2412 3928 2486">
     <span class='ocr_line' id='line_1_68' title="bbox 2277 2412 3928 2486; baseline -0.001 -16"><span class='ocrx_word' id='word_1_493' title='bbox 2277 2419 2334 2470; x_wconf 89' lang='lat' dir='ltr'><strong>et</strong></span> <span class='ocrx_word' id='word_1_494' title='bbox 2358 2414 2484 2470; x_wconf 90' lang='lat' dir='ltr'><strong>vide</strong></span> <span class='ocrx_word' id='word_1_495' title='bbox 2516 2414 2774 2470; x_wconf 87' lang='lat' dir='ltr'><strong>ordinem</strong></span> <span class='ocrx_word' id='word_1_496' title='bbox 2800 2420 3125 2486; x_wconf 89' lang='lat' dir='ltr'><strong>temporum</strong></span> <span class='ocrx_word' id='word_1_497' title='bbox 3150 2413 3210 2467; x_wconf 91' lang='lat' dir='ltr'><strong>in</strong></span> <span class='ocrx_word' id='word_1_498' title='bbox 3236 2412 3488 2484; x_wconf 92' lang='lat' dir='ltr'><strong>idipsum</strong></span> <span class='ocrx_word' id='word_1_499' title='bbox 3513 2428 3770 2485; x_wconf 88' lang='lat' dir='ltr'><strong>congrue</strong></span> <span class='ocrx_word' id='word_1_500' title='bbox 3798 2431 3928 2469; x_wconf 90' lang='lat' dir='ltr'><strong>con-</strong></span> 
     </span>
    </p>
   </div>
   <div class='ocr_carea' id='block_1_69' title="bbox 2277 2507 3926 2580">
    <p class='ocr_par' dir='ltr' id='par_1_69' title="bbox 2277 2507 3926 2580">
     <span class='ocr_line' id='line_1_69' title="bbox 2277 2507 3926 2580; baseline 0.001 -18"><span class='ocrx_word' id='word_1_501' title='bbox 2277 2508 2622 2563; x_wconf 90' lang='lat' dir='ltr'><strong>cordantem.</strong></span> <span class='ocrx_word' id='word_1_502' title='bbox 2656 2510 2717 2563; x_wconf 88' lang='lat' dir='ltr'><strong>In</strong></span> <span class='ocrx_word' id='word_1_503' title='bbox 2745 2507 3146 2580; x_wconf 62' lang='lat' dir='ltr'><strong>aequinoctium</strong></span> <span class='ocrx_word' id='word_1_504' title='bbox 3185 2507 3469 2577; x_wconf 89' lang='lat' dir='ltr'><strong>autumni,</strong></span> <span class='ocrx_word' id='word_1_505' title='bbox 3525 2507 3757 2579; x_wconf 91' lang='lat' dir='ltr'><strong>quando</strong></span> <span class='ocrx_word' id='word_1_506' title='bbox 3802 2524 3926 2563; x_wconf 86' lang='lat' dir='ltr'><strong>cre-</strong></span> 
     </span>
    </p>
   </div>
   <div class='ocr_carea' id='block_1_70' title="bbox 2277 2600 3930 2674">
    <p class='ocr_par' dir='ltr' id='par_1_70' title="bbox 2277 2600 3930 2674">
     <span class='ocr_line' id='line_1_70' title="bbox 2277 2600 3930 2674; baseline 0.001 -18"><span class='ocrx_word' id='word_1_507' title='bbox 2277 2606 2442 2656; x_wconf 91' lang='lat' dir='ltr'><strong>scunt</strong></span> <span class='ocrx_word' id='word_1_508' title='bbox 2463 2602 2732 2672; x_wconf 70' lang='lat' dir='ltr'><strong>tenebraa,</strong></span> <span class='ocrx_word' id='word_1_509' title='bbox 2762 2607 2899 2657; x_wconf 90' lang='lat' dir='ltr'><strong>tunc</strong></span> <span class='ocrx_word' id='word_1_510' title='bbox 2923 2601 3167 2656; x_wconf 88' lang='lat' dir='ltr'><strong>traditur</strong></span> <span class='ocrx_word' id='word_1_511' title='bbox 3184 2600 3468 2655; x_wconf 80' lang='lat' dir='ltr'><strong>Iohannes</strong></span> <span class='ocrx_word' id='word_1_512' title='bbox 3491 2600 3663 2656; x_wconf 89' lang='lat' dir='ltr'><strong>fuisse</strong></span> <span class='ocrx_word' id='word_1_513' title='bbox 3689 2618 3930 2674; x_wconf 90' lang='lat' dir='ltr'><strong>concep-</strong></span> 
     </span>
    </p>
   </div>
   <div class='ocr_carea' id='block_1_71' title="bbox 2274 2694 3925 2773">
    <p class='ocr_par' dir='ltr' id='par_1_71' title="bbox 2274 2694 3925 2773">
     <span class='ocr_line' id='line_1_71' title="bbox 2274 2694 3925 2773; baseline 0 -23"><span class='ocrx_word' id='word_1_514' title='bbox 2274 2699 2400 2764; x_wconf 88' lang='lat' dir='ltr'><strong>tus;</strong></span> <span class='ocrx_word' id='word_1_515' title='bbox 2423 2700 2479 2750; x_wconf 90' lang='lat' dir='ltr'><strong>et</strong></span> <span class='ocrx_word' id='word_1_516' title='bbox 2507 2694 2609 2750; x_wconf 90' lang='lat' dir='ltr'><strong>sub</strong></span> <span class='ocrx_word' id='word_1_517' title='bbox 2630 2698 2823 2751; x_wconf 88' lang='lat' dir='ltr'><strong>rotatu</strong></span> <span class='ocrx_word' id='word_1_518' title='bbox 2848 2695 3106 2767; x_wconf 90' lang='lat' dir='ltr'><strong>ejusdem</strong></span> <span class='ocrx_word' id='word_1_519' title='bbox 3118 2694 3394 2773; x_wconf 88' lang='lat' dir='ltr'><strong>temporis</strong></span> <span class='ocrx_word' id='word_1_520' title='bbox 3410 2711 3631 2766; x_wconf 89' lang='lat' dir='ltr'><strong>passus.</strong></span> <span class='ocrx_word' id='word_1_521' title='bbox 3663 2696 3725 2750; x_wconf 88' lang='lat' dir='ltr'><strong>In</strong></span> <span class='ocrx_word' id='word_1_522' title='bbox 3750 2695 3925 2768; x_wconf 69' lang='lat' dir='ltr'><strong>sequi-</strong></span> 
     </span>
    </p>
   </div>
   <div class='ocr_carea' id='block_1_72' title="bbox 2274 2788 3928 2862">
    <p class='ocr_par' dir='ltr' id='par_1_72' title="bbox 2274 2788 3928 2862">
     <span class='ocr_line' id='line_1_72' title="bbox 2274 2788 3928 2862; baseline 0.001 -18"><span class='ocrx_word' id='word_1_523' title='bbox 2274 2789 2531 2845; x_wconf 92' lang='lat' dir='ltr'><strong>noctium</strong></span> <span class='ocrx_word' id='word_1_524' title='bbox 2560 2790 2787 2862; x_wconf 86' lang='lat' dir='ltr'><strong>quando</strong></span> <span class='ocrx_word' id='word_1_525' title='bbox 2812 2790 2910 2844; x_wconf 89' lang='lat' dir='ltr'><strong>lux</strong></span> <span class='ocrx_word' id='word_1_526' title='bbox 2939 2788 3286 2858; x_wconf 88' lang='lat' dir='ltr'><strong>extenditur,</strong></span> <span class='ocrx_word' id='word_1_527' title='bbox 3308 2792 3364 2843; x_wconf 87' lang='lat' dir='ltr'><strong>ct</strong></span> <span class='ocrx_word' id='word_1_528' title='bbox 3386 2788 3637 2843; x_wconf 78' lang='lat' dir='ltr'><strong>tenebrae</strong></span> <span class='ocrx_word' id='word_1_529' title='bbox 3653 2789 3928 2845; x_wconf 89' lang='lat' dir='ltr'><strong>minuun-</strong></span> 
     </span>
    </p>
   </div>
   <div class='ocr_carea' id='block_1_73' title="bbox 2273 2882 3922 2955">
    <p class='ocr_par' dir='ltr' id='par_1_73' title="bbox 2273 2882 3922 2955">
     <span class='ocr_line' id='line_1_73' title="bbox 2273 2882 3922 2955; baseline 0.001 -19"><span class='ocrx_word' id='word_1_530' title='bbox 2273 2886 2387 2950; x_wconf 90' lang='lat' dir='ltr'><strong>tur,</strong></span> <span class='ocrx_word' id='word_1_531' title='bbox 2414 2887 2551 2938; x_wconf 90' lang='lat' dir='ltr'><strong>tunc</strong></span> <span class='ocrx_word' id='word_1_532' title='bbox 2574 2883 2816 2939; x_wconf 90' lang='lat' dir='ltr'><strong>traditur</strong></span> <span class='ocrx_word' id='word_1_533' title='bbox 2839 2882 3095 2938; x_wconf 89' lang='lat' dir='ltr'><strong>Christus</strong></span> <span class='ocrx_word' id='word_1_534' title='bbox 3123 2887 3180 2938; x_wconf 93' lang='lat' dir='ltr'><strong>et</strong></span> <span class='ocrx_word' id='word_1_535' title='bbox 3206 2885 3510 2953; x_wconf 90' lang='lat' dir='ltr'><strong>conceptus</strong></span> <span class='ocrx_word' id='word_1_536' title='bbox 3536 2886 3701 2938; x_wconf 89' lang='lat' dir='ltr'><strong>utero</strong></span> <span class='ocrx_word' id='word_1_537' title='bbox 3729 2883 3922 2955; x_wconf 89' lang='lat' dir='ltr'><strong>Virgi-</strong></span> 
     </span>
    </p>
   </div>
   <div class='ocr_carea' id='block_1_74' title="bbox 2274 2975 3926 3047">
    <p class='ocr_par' dir='ltr' id='par_1_74' title="bbox 2274 2975 3926 3047">
     <span class='ocr_line' id='line_1_74' title="bbox 2274 2975 3926 3047; baseline 0.001 -16"><span class='ocrx_word' id='word_1_538' title='bbox 2274 2976 2397 3047; x_wconf 85' lang='lat' dir='ltr'><strong>nis;</strong></span> <span class='ocrx_word' id='word_1_539' title='bbox 2432 2982 2489 3033; x_wconf 90' lang='lat' dir='ltr'><strong>et</strong></span> <span class='ocrx_word' id='word_1_540' title='bbox 2509 2977 2611 3032; x_wconf 87' lang='lat' dir='ltr'><strong>sub</strong></span> <span class='ocrx_word' id='word_1_541' title='bbox 2638 2978 2840 3033; x_wconf 89' lang='lat' dir='ltr'><strong>eodem</strong></span> <span class='ocrx_word' id='word_1_542' title='bbox 2864 2976 3142 3032; x_wconf 88' lang='lat' dir='ltr'><strong>curriculo</strong></span> <span class='ocrx_word' id='word_1_543' title='bbox 3171 2976 3390 3031; x_wconf 87' lang='lat' dir='ltr'><strong>adﬁxus</strong></span> <span class='ocrx_word' id='word_1_544' title='bbox 3423 2975 3674 3047; x_wconf 88' lang='lat' dir='ltr'><strong>patibulo</strong></span> <span class='ocrx_word' id='word_1_545' title='bbox 3715 2978 3926 3033; x_wconf 91' lang='lat' dir='ltr'><strong>crucis.</strong></span> 
     </span>
    </p>
   </div>
   <div class='ocr_carea' id='block_1_75' title="bbox 2276 3069 3922 3144">
    <p class='ocr_par' dir='ltr' id='par_1_75' title="bbox 2276 3069 3922 3144">
     <span class='ocr_line' id='line_1_75' title="bbox 2276 3069 3922 3144; baseline 0.001 -20"><span class='ocrx_word' id='word_1_546' title='bbox 2276 3071 2337 3124; x_wconf 90' lang='lat' dir='ltr'><strong>In</strong></span> <span class='ocrx_word' id='word_1_547' title='bbox 2364 3070 2624 3141; x_wconf 89' lang='lat' dir='ltr'><strong>solstitio,</strong></span> <span class='ocrx_word' id='word_1_548' title='bbox 2646 3071 2707 3126; x_wconf 93' lang='lat' dir='ltr'><strong>in</strong></span> <span class='ocrx_word' id='word_1_549' title='bbox 2732 3088 2844 3143; x_wconf 93' lang='lat' dir='ltr'><strong>quo</strong></span> <span class='ocrx_word' id='word_1_550' title='bbox 2868 3071 2990 3126; x_wconf 90' lang='lat' dir='ltr'><strong>dies</strong></span> <span class='ocrx_word' id='word_1_551' title='bbox 3013 3070 3216 3141; x_wconf 85' lang='lat' dir='ltr'><strong>incipit</strong></span> <span class='ocrx_word' id='word_1_552' title='bbox 3242 3069 3448 3137; x_wconf 91' lang='lat' dir='ltr'><strong>minui,</strong></span> <span class='ocrx_word' id='word_1_553' title='bbox 3478 3075 3535 3126; x_wconf 93' lang='lat' dir='ltr'><strong>et</strong></span> <span class='ocrx_word' id='word_1_554' title='bbox 3557 3086 3672 3126; x_wconf 87' lang='lat' dir='ltr'><strong>nox</strong></span> <span class='ocrx_word' id='word_1_555' title='bbox 3691 3072 3922 3144; x_wconf 86' lang='lat' dir='ltr'><strong>augeri,</strong></span> 
     </span>
    </p>
   </div>
   <div class='ocr_carea' id='block_1_76' title="bbox 2274 3163 3925 3232">
    <p class='ocr_par' dir='ltr' id='par_1_76' title="bbox 2274 3163 3925 3232">
     <span class='ocr_line' id='line_1_76' title="bbox 2274 3163 3925 3232; baseline 0.002 -14"><span class='ocrx_word' id='word_1_556' title='bbox 2274 3163 2557 3221; x_wconf 74' lang='lat' dir='ltr'><strong>Iohannes</strong></span> <span class='ocrx_word' id='word_1_557' title='bbox 2591 3164 2840 3221; x_wconf 90' lang='lat' dir='ltr'><strong>creditur</strong></span> <span class='ocrx_word' id='word_1_558' title='bbox 2878 3169 3067 3232; x_wconf 89' lang='lat' dir='ltr'><strong>natus,</strong></span> <span class='ocrx_word' id='word_1_559' title='bbox 3109 3167 3174 3219; x_wconf 90' lang='lat' dir='ltr'><strong>ut</strong></span> <span class='ocrx_word' id='word_1_560' title='bbox 3208 3163 3458 3219; x_wconf 90' lang='lat' dir='ltr'><strong>famulus</strong></span> <span class='ocrx_word' id='word_1_561' title='bbox 3490 3180 3503 3218; x_wconf 91' lang='lat'>:</span> <span class='ocrx_word' id='word_1_562' title='bbox 3546 3164 3606 3219; x_wconf 90' lang='lat' dir='ltr'><strong>in</strong></span> <span class='ocrx_word' id='word_1_563' title='bbox 3642 3166 3741 3220; x_wconf 90' lang='lat' dir='ltr'><strong>illo</strong></span> <span class='ocrx_word' id='word_1_564' title='bbox 3785 3183 3925 3221; x_wconf 90' lang='lat' dir='ltr'><strong>vero</strong></span> 
     </span>
    </p>
   </div>
   <div class='ocr_carea' id='block_1_77' title="bbox 2275 3258 3925 3333">
    <p class='ocr_par' dir='ltr' id='par_1_77' title="bbox 2275 3258 3925 3333">
     <span class='ocr_line' id='line_1_77' title="bbox 2275 3258 3925 3333; baseline 0.002 -21"><span class='ocrx_word' id='word_1_565' title='bbox 2275 3258 2532 3328; x_wconf 90' lang='lat' dir='ltr'><strong>solstitio,</strong></span> <span class='ocrx_word' id='word_1_566' title='bbox 2563 3276 2633 3315; x_wconf 90' lang='lat' dir='ltr'><strong>ex</strong></span> <span class='ocrx_word' id='word_1_567' title='bbox 2659 3276 2771 3331; x_wconf 90' lang='lat' dir='ltr'><strong>quo</strong></span> <span class='ocrx_word' id='word_1_568' title='bbox 2796 3259 2915 3315; x_wconf 91' lang='lat' dir='ltr'><strong>dies</strong></span> <span class='ocrx_word' id='word_1_569' title='bbox 2946 3263 3210 3333; x_wconf 89' lang='lat' dir='ltr'><strong>augetur,</strong></span> <span class='ocrx_word' id='word_1_570' title='bbox 3240 3261 3296 3312; x_wconf 89' lang='lat' dir='ltr'><strong>et</strong></span> <span class='ocrx_word' id='word_1_571' title='bbox 3351 3258 3598 3315; x_wconf 62' lang='lat' dir='ltr'><strong>tenebrae</strong></span> <span class='ocrx_word' id='word_1_572' title='bbox 3638 3258 3925 3315; x_wconf 86' lang='lat' dir='ltr'><strong>minuun—</strong></span> 
     </span>
    </p>
   </div>
   <div class='ocr_carea' id='block_1_78' title="bbox 2273 3353 3925 3430">
    <p class='ocr_par' dir='ltr' id='par_1_78' title="bbox 2273 3353 3925 3430">
     <span class='ocr_line' id='line_1_78' title="bbox 2273 3353 3925 3430; baseline 0.002 -24"><span class='ocrx_word' id='word_1_573' title='bbox 2273 3354 2386 3423; x_wconf 88' lang='lat' dir='ltr'><strong>tur,</strong></span> <span class='ocrx_word' id='word_1_574' title='bbox 2415 3357 2581 3408; x_wconf 89' lang='lat' dir='ltr'><strong>natus</strong></span> <span class='ocrx_word' id='word_1_575' title='bbox 2610 3357 2694 3408; x_wconf 89' lang='lat' dir='ltr'><strong>est</strong></span> <span class='ocrx_word' id='word_1_576' title='bbox 2710 3353 2902 3427; x_wconf 83' lang='grc'><strong>460</strong></span> <span class='ocrx_word' id='word_1_577' title='bbox 2930 3371 3002 3411; x_wconf 89' lang='lat' dir='ltr'><strong>ex</strong></span> <span class='ocrx_word' id='word_1_578' title='bbox 3025 3356 3246 3430; x_wconf 85' lang='lat' dir='ltr'><strong>virgine</strong></span> <span class='ocrx_word' id='word_1_579' title='bbox 3287 3361 3460 3417; x_wconf 87' lang='lat' dir='ltr'><strong>Maria</strong></span> <span class='ocrx_word' id='word_1_580' title='bbox 3500 3359 3774 3415; x_wconf 85' lang='lat' dir='ltr'><strong>Salvator.</strong></span> <span class='ocrx_word' id='word_1_581' title='bbox 3818 3357 3925 3409; x_wconf 91' lang='lat' dir='ltr'><strong>Pro</strong></span> 
     </span>
    </p>
   </div>
   <div class='ocr_carea' id='block_1_79' title="bbox 2272 3446 3925 3519">
    <p class='ocr_par' dir='ltr' id='par_1_79' title="bbox 2272 3446 3925 3519">
     <span class='ocr_line' id='line_1_79' title="bbox 2272 3446 3925 3519; baseline 0.002 -19"><span class='ocrx_word' id='word_1_582' title='bbox 2272 3446 2380 3501; x_wconf 92' lang='lat' dir='ltr'><strong>hoc</strong></span> <span class='ocrx_word' id='word_1_583' title='bbox 2409 3447 2804 3519; x_wconf 88' lang='lat' dir='ltr'><strong>quatripartito</strong></span> <span class='ocrx_word' id='word_1_584' title='bbox 2834 3452 3070 3507; x_wconf 87' lang='lat' dir='ltr'><strong>rotantis</strong></span> <span class='ocrx_word' id='word_1_585' title='bbox 3094 3455 3232 3510; x_wconf 91' lang='lat' dir='ltr'><strong>anni</strong></span> <span class='ocrx_word' id='word_1_586' title='bbox 3274 3454 3553 3511; x_wconf 90' lang='lat' dir='ltr'><strong>curriculo</strong></span> <span class='ocrx_word' id='word_1_587' title='bbox 3593 3451 3767 3508; x_wconf 90' lang='lat' dir='ltr'><strong>etiam</strong></span> <span class='ocrx_word' id='word_1_588' title='bbox 3787 3446 3925 3505; x_wconf 85' lang='lat' dir='ltr'><strong>libri</strong></span> 
     </span>
    </p>
   </div>
   <div class='ocr_carea' id='block_1_80' title="bbox 2273 3540 3917 3620">
    <p class='ocr_par' dir='ltr' id='par_1_80' title="bbox 2273 3540 3917 3620">
     <span class='ocr_line' id='line_1_80' title="bbox 2273 3540 3917 3620; baseline 0.004 -26"><span class='ocrx_word' id='word_1_589' title='bbox 2273 3540 2447 3611; x_wconf 75' lang='lat' dir='ltr'><strong>huius</strong></span> <span class='ocrx_word' id='word_1_590' title='bbox 2471 3541 2644 3595; x_wconf 89' lang='lat' dir='ltr'><strong>ﬁdem</strong></span> <span class='ocrx_word' id='word_1_591' title='bbox 2668 3543 3029 3601; x_wconf 90' lang='lat' dir='ltr'><strong>terminando</strong></span> <span class='ocrx_word' id='word_1_592' title='bbox 3059 3547 3457 3620; x_wconf 83' lang='lat' dir='ltr'><strong>distinximus;</strong></span> <span class='ocrx_word' id='word_1_593' title='bbox 3500 3552 3566 3603; x_wconf 90' lang='lat' dir='ltr'><strong>ut</strong></span> <span class='ocrx_word' id='word_1_594' title='bbox 3601 3545 3734 3618; x_wconf 86' lang='lat' dir='ltr'><strong>quia</strong></span> <span class='ocrx_word' id='word_1_595' title='bbox 3771 3560 3917 3616; x_wconf 86' lang='lat' dir='ltr'><strong>qua-</strong></span> 
     </span>
    </p>
   </div>
   <div class='ocr_carea' id='block_1_81' title="bbox 2273 3637 3921 3707">
    <p class='ocr_par' dir='ltr' id='par_1_81' title="bbox 2273 3637 3921 3707">
     <span class='ocr_line' id='line_1_81' title="bbox 2273 3637 3921 3707; baseline 0.002 -19"><span class='ocrx_word' id='word_1_596' title='bbox 2273 3638 2404 3689; x_wconf 89' lang='lat' dir='ltr'><strong>tuor</strong></span> <span class='ocrx_word' id='word_1_597' title='bbox 2431 3638 2688 3707; x_wconf 89' lang='lat' dir='ltr'><strong>tempora</strong></span> <span class='ocrx_word' id='word_1_598' title='bbox 2710 3638 2847 3692; x_wconf 90' lang='lat' dir='ltr'><strong>anni</strong></span> <span class='ocrx_word' id='word_1_599' title='bbox 2896 3639 3004 3694; x_wconf 89' lang='lat' dir='ltr'><strong>isto</strong></span> <span class='ocrx_word' id='word_1_600' title='bbox 3049 3642 3312 3699; x_wconf 90' lang='lat' dir='ltr'><strong>videntur</strong></span> <span class='ocrx_word' id='word_1_601' title='bbox 3365 3643 3563 3699; x_wconf 92' lang='lat' dir='ltr'><strong>ordine</strong></span> <span class='ocrx_word' id='word_1_602' title='bbox 3596 3637 3921 3706; x_wconf 81' lang='lat' dir='ltr'><strong>terminari,</strong></span> 
     </span>
    </p>
   </div>
   <div class='ocr_carea' id='block_1_82' title="bbox 2274 3728 3927 3809">
    <p class='ocr_par' dir='ltr' id='par_1_82' title="bbox 2274 3728 3927 3809">
     <span class='ocr_line' id='line_1_82' title="bbox 2274 3728 3927 3809; baseline 0.002 -27"><span class='ocrx_word' id='word_1_603' title='bbox 2274 3728 2351 3783; x_wconf 90' lang='lat' dir='ltr'><strong>ita</strong></span> <span class='ocrx_word' id='word_1_604' title='bbox 2375 3729 2546 3783; x_wconf 89' lang='lat' dir='ltr'><strong>etiam</strong></span> <span class='ocrx_word' id='word_1_605' title='bbox 2585 3734 2829 3803; x_wconf 88' lang='lat' dir='ltr'><strong>quatuor</strong></span> <span class='ocrx_word' id='word_1_606' title='bbox 2862 3734 3169 3791; x_wconf 87' lang='lat' dir='ltr'><strong>voluminis</strong></span> <span class='ocrx_word' id='word_1_607' title='bbox 3205 3738 3377 3809; x_wconf 85' lang='lat' dir='ltr'><strong>hujus</strong></span> <span class='ocrx_word' id='word_1_608' title='bbox 3410 3736 3545 3792; x_wconf 89' lang='lat' dir='ltr'><strong>libri</strong></span> <span class='ocrx_word' id='word_1_609' title='bbox 3588 3734 3927 3791; x_wconf 87' lang='lat' dir='ltr'><strong>distinctum</strong></span> 
     </span>
    </p>
   </div>
   <div class='ocr_carea' id='block_1_83' title="bbox 2275 3822 3929 3901">
    <p class='ocr_par' dir='ltr' id='par_1_83' title="bbox 2275 3822 3929 3901">
     <span class='ocr_line' id='line_1_83' title="bbox 2275 3822 3929 3901; baseline 0.002 -24"><span class='ocrx_word' id='word_1_610' title='bbox 2275 3822 2514 3879; x_wconf 90' lang='lat' dir='ltr'><strong>reddent</strong></span> <span class='ocrx_word' id='word_1_611' title='bbox 2548 3823 2798 3881; x_wconf 83' lang='lat' dir='ltr'><strong>ofﬁcium</strong></span> <span class='ocrx_word' id='word_1_612' title='bbox 2834 3843 2939 3898; x_wconf 89' lang='lat' dir='ltr'><strong>per</strong></span> <span class='ocrx_word' id='word_1_613' title='bbox 2987 3828 3265 3886; x_wconf 90' lang='lat' dir='ltr'><strong>circulum</strong></span> <span class='ocrx_word' id='word_1_614' title='bbox 3306 3830 3462 3901; x_wconf 90' lang='lat' dir='ltr'><strong>anni,</strong></span> <span class='ocrx_word' id='word_1_615' title='bbox 3510 3830 3687 3884; x_wconf 88' lang='lat' dir='ltr'><strong>instar</strong></span> <span class='ocrx_word' id='word_1_616' title='bbox 3738 3824 3929 3882; x_wconf 89' lang='lat' dir='ltr'><strong>sancti</strong></span> 
     </span>
    </p>
   </div>
   <div class='ocr_carea' id='block_1_84' title="bbox 2276 3915 3927 3997">
    <p class='ocr_par' dir='ltr' id='par_1_84' title="bbox 2276 3915 3927 3997">
     <span class='ocr_line' id='line_1_84' title="bbox 2276 3915 3927 3997; baseline 0.003 -27"><span class='ocrx_word' id='word_1_617' title='bbox 2276 3915 2581 3988; x_wconf 89' lang='lat' dir='ltr'><strong>Evangelii,</strong></span> <span class='ocrx_word' id='word_1_618' title='bbox 2591 3918 2760 3989; x_wconf 87' lang='lat' dir='ltr'><strong>juxta</strong></span> <span class='ocrx_word' id='word_1_619' title='bbox 2773 3921 2925 3992; x_wconf 90' lang='lat' dir='ltr'><strong>quod</strong></span> <span class='ocrx_word' id='word_1_620' title='bbox 2946 3927 3073 3978; x_wconf 88' lang='lat' dir='ltr'><strong>rota</strong></span> <span class='ocrx_word' id='word_1_621' title='bbox 3086 3923 3322 3980; x_wconf 90' lang='lat' dir='ltr'><strong>inferius</strong></span> <span class='ocrx_word' id='word_1_622' title='bbox 3334 3924 3679 3997; x_wconf 69' lang='lat' dir='ltr'><strong>praesignata</strong></span> <span class='ocrx_word' id='word_1_623' title='bbox 3693 3921 3927 3976; x_wconf 89' lang='lat' dir='ltr'><strong>videtur</strong></span> 
     </span>
    </p>
   </div>
   <div class='ocr_carea' id='block_1_85' title="bbox 2276 4010 3927 4089">
    <p class='ocr_par' dir='ltr' id='par_1_85' title="bbox 2276 4010 3927 4089">
     <span class='ocr_line' id='line_1_85' title="bbox 2276 4010 3927 4089; baseline 0.003 -25"><span class='ocrx_word' id='word_1_624' title='bbox 2276 4010 2584 4067; x_wconf 89' lang='lat' dir='ltr'><strong>attendere.</strong></span> <span class='ocrx_word' id='word_1_625' title='bbox 2642 4013 2923 4085; x_wconf 89' lang='lat' dir='ltr'><strong>Deprecor</strong></span> <span class='ocrx_word' id='word_1_626' title='bbox 2962 4022 3154 4074; x_wconf 89' lang='lat' dir='ltr'><strong>autem</strong></span> <span class='ocrx_word' id='word_1_627' title='bbox 3197 4023 3273 4089; x_wconf 91' lang='lat' dir='ltr'><strong>te,</strong></span> <span class='ocrx_word' id='word_1_628' title='bbox 3315 4023 3371 4074; x_wconf 87' lang='lat' dir='ltr'><strong>et</strong></span> <span class='ocrx_word' id='word_1_629' title='bbox 3415 4035 3612 4074; x_wconf 91' lang='lat' dir='ltr'><strong>omnes</strong></span> <span class='ocrx_word' id='word_1_630' title='bbox 3657 4016 3730 4071; x_wconf 91' lang='lat' dir='ltr'><strong>ad</strong></span> <span class='ocrx_word' id='word_1_631' title='bbox 3779 4032 3927 4088; x_wconf 90' lang='lat' dir='ltr'><strong>quos</strong></span> 
     </span>
    </p>
   </div>
   <div class='ocr_carea' id='block_1_86' title="bbox 2276 4102 3923 4183">
    <p class='ocr_par' dir='ltr' id='par_1_86' title="bbox 2276 4102 3923 4183">
     <span class='ocr_line' id='line_1_86' title="bbox 2276 4102 3923 4183; baseline 0.004 -26"><span class='ocrx_word' id='word_1_632' title='bbox 2276 4102 2521 4159; x_wconf 89' lang='lat' dir='ltr'><strong>formula</strong></span> <span class='ocrx_word' id='word_1_633' title='bbox 2544 4105 2650 4161; x_wconf 91' lang='lat' dir='ltr'><strong>ista</strong></span> <span class='ocrx_word' id='word_1_634' title='bbox 2672 4107 2900 4180; x_wconf 89' lang='lat' dir='ltr'><strong>legendi</strong></span> <span class='ocrx_word' id='word_1_635' title='bbox 2927 4112 3267 4182; x_wconf 90' lang='lat' dir='ltr'><strong>pervenerit,</strong></span> <span class='ocrx_word' id='word_1_636' title='bbox 3296 4116 3363 4168; x_wconf 92' lang='lat' dir='ltr'><strong>ut</strong></span> <span class='ocrx_word' id='word_1_637' title='bbox 3387 4110 3766 4183; x_wconf 86' lang='lat' dir='ltr'><strong>omnipotenti</strong></span> <span class='ocrx_word' id='word_1_638' title='bbox 3808 4111 3923 4163; x_wconf 90' lang='lat' dir='ltr'><strong>Do-</strong></span> 
     </span>
    </p>
   </div>
   <div class='ocr_carea' id='block_1_87' title="bbox 2276 4185 3928 4279">
    <p class='ocr_par' dir='ltr' id='par_1_87' title="bbox 2276 4185 3928 4279">
     <span class='ocr_line' id='line_1_87' title="bbox 2276 4185 3928 4279; baseline 0.004 -27"><span class='ocrx_word' id='word_1_639' title='bbox 2276 4197 2435 4253; x_wconf 90' lang='lat' dir='ltr'><strong>mino</strong></span> <span class='ocrx_word' id='word_1_640' title='bbox 2454 4215 2558 4270; x_wconf 91' lang='lat' dir='ltr'><strong>pro</strong></span> <span class='ocrx_word' id='word_1_641' title='bbox 2589 4217 2682 4257; x_wconf 94' lang='lat' dir='ltr'><strong>me</strong></span> <span class='ocrx_word' id='word_1_642' title='bbox 2704 4185 2936 4259; x_wconf 83' lang='lat' dir='ltr'><strong>exorare</strong></span> <span class='ocrx_word' id='word_1_643' title='bbox 2952 4204 3290 4278; x_wconf 84' lang='lat' dir='ltr'><strong>dignemini,</strong></span> <span class='ocrx_word' id='word_1_644' title='bbox 3318 4210 3597 4279; x_wconf 87' lang='lat' dir='ltr'><strong>quatenus</strong></span> <span class='ocrx_word' id='word_1_645' title='bbox 3623 4221 3727 4278; x_wconf 92' lang='lat' dir='ltr'><strong>pro</strong></span> <span class='ocrx_word' id='word_1_646' title='bbox 3743 4204 3928 4277; x_wconf 87' lang='lat' dir='ltr'><strong>hujus</strong></span> 
     </span>
    </p>
   </div>
   <div class='ocr_carea' id='block_1_88' title="bbox 2278 4292 3927 4372">
    <p class='ocr_par' dir='ltr' id='par_1_88' title="bbox 2278 4292 3927 4372">
     <span class='ocr_line' id='line_1_88' title="bbox 2278 4292 3927 4372; baseline 0.005 -27"><span class='ocrx_word' id='word_1_647' title='bbox 2278 4292 2462 4363; x_wconf 89' lang='lat' dir='ltr'><strong>operis</strong></span> <span class='ocrx_word' id='word_1_648' title='bbox 2533 4295 2721 4352; x_wconf 91' lang='lat' dir='ltr'><strong>labore</strong></span> <span class='ocrx_word' id='word_1_649' title='bbox 2796 4297 3203 4370; x_wconf 89' lang='lat' dir='ltr'><strong>aliquantulam</strong></span> <span class='ocrx_word' id='word_1_650' title='bbox 3262 4301 3413 4372; x_wconf 91' lang='lat' dir='ltr'><strong>apud</strong></span> <span class='ocrx_word' id='word_1_651' title='bbox 3464 4300 3653 4372; x_wconf 89' lang='lat' dir='ltr'><strong>ipsum</strong></span> <span class='ocrx_word' id='word_1_652' title='bbox 3715 4315 3927 4371; x_wconf 90' lang='lat' dir='ltr'><strong>capere</strong></span> 
     </span>
    </p>
   </div>
   <div class='ocr_carea' id='block_1_89' title="bbox 2276 4389 3923 4464">
    <p class='ocr_par' dir='ltr' id='par_1_89' title="bbox 2276 4389 3923 4464">
     <span class='ocr_line' id='line_1_89' title="bbox 2276 4389 3923 4464; baseline 0.004 -24"><span class='ocrx_word' id='word_1_653' title='bbox 2276 4401 2499 4442; x_wconf 91' lang='lat' dir='ltr'><strong>merear</strong></span> <span class='ocrx_word' id='word_1_654' title='bbox 2563 4389 2760 4460; x_wconf 63' lang='lat' dir='ltr'><strong>gratias</strong></span> <span class='ocrx_word' id='word_1_655' title='bbox 2808 4392 3151 4462; x_wconf 86' lang='lat' dir='ltr'><strong>portionem.</strong></span> <span class='ocrx_word' id='word_1_656' title='bbox 3197 4394 3333 4448; x_wconf 88' lang='lat' dir='ltr'><strong>Data</strong></span> <span class='ocrx_word' id='word_1_657' title='bbox 3383 4392 3654 4449; x_wconf 90' lang='lat' dir='ltr'><strong>Calendas</strong></span> <span class='ocrx_word' id='word_1_658' title='bbox 3699 4394 3923 4464; x_wconf 76' lang='lat' dir='ltr'><strong>lunias,</strong></span> 
     </span>
    </p>
   </div>
   <div class='ocr_carea' id='block_1_90' title="bbox 2278 4479 3634 4561">
    <p class='ocr_par' dir='ltr' id='par_1_90' title="bbox 2278 4479 3634 4561">
     <span class='ocr_line' id='line_1_90' title="bbox 2278 4479 3634 4561; baseline 0.007 -27"><span class='ocrx_word' id='word_1_659' title='bbox 2278 4479 2532 4552; x_wconf 85' lang='lat' dir='ltr'><strong>Hippone</strong></span> <span class='ocrx_word' id='word_1_660' title='bbox 2559 4483 2756 4556; x_wconf 84' lang='lat' dir='ltr'><strong>Regio,</strong></span> <span class='ocrx_word' id='word_1_661' title='bbox 2776 4486 3012 4541; x_wconf 85' lang='lat' dir='ltr'><strong>Arcadio</strong></span> <span class='ocrx_word' id='word_1_662' title='bbox 3038 4492 3095 4542; x_wconf 90' lang='lat' dir='ltr'><strong>et</strong></span> <span class='ocrx_word' id='word_1_663' title='bbox 3119 4487 3357 4543; x_wconf 91' lang='lat' dir='ltr'><strong>honorio</strong></span> <span class='ocrx_word' id='word_1_664' title='bbox 3383 4489 3634 4561; x_wconf 83' lang='lat' dir='ltr'><strong>Agustis.</strong></span> 
     </span>
    </p>
   </div>
   <div class='ocr_carea' id='block_1_91' title="bbox 541 4572 3923 4663">
    <p class='ocr_par' dir='ltr' id='par_1_91' title="bbox 541 4572 3923 4663">
     <span class='ocr_line' id='line_1_91' title="bbox 541 4572 3923 4663; baseline 0.001 -26"><span class='ocrx_word' id='word_1_665' title='bbox 541 4598 674 4655; x_wconf 90' lang='lat' dir='ltr'><strong>que,</strong></span> <span class='ocrx_word' id='word_1_666' title='bbox 700 4583 768 4634; x_wconf 87' lang='lat' dir='ltr'><strong>ut</strong></span> <span class='ocrx_word' id='word_1_667' title='bbox 790 4577 860 4630; x_wconf 88' lang='lat' dir='ltr'><strong>ab</strong></span> <span class='ocrx_word' id='word_1_668' title='bbox 890 4574 1089 4630; x_wconf 89' lang='lat' dir='ltr'><strong>eodem</strong></span> <span class='ocrx_word' id='word_1_669' title='bbox 1128 4572 1218 4627; x_wconf 90' lang='lat' dir='ltr'><strong>die</strong></span> <span class='ocrx_word' id='word_1_670' title='bbox 1256 4588 1436 4644; x_wconf 88' lang='lat' dir='ltr'><strong>usque</strong></span> <span class='ocrx_word' id='word_1_671' title='bbox 1479 4573 1548 4628; x_wconf 93' lang='lat' dir='ltr'><strong>ad</strong></span> <span class='ocrx_word' id='word_1_672' title='bbox 1579 4574 1942 4631; x_wconf 82' lang='lat' dir='ltr'><strong>Nativitatem</strong></span> <span class='ocrx_word' id='word_1_673' title='bbox 1977 4575 2182 4632; x_wconf 88' lang='lat' dir='ltr'><strong>Christi</strong></span> <span class='ocrx_word' id='word_1_674' title='bbox 2201 4591 2261 4663; x_wconf 83' lang='lat' dir='ltr'><strong>D</strong></span> <span class='ocrx_word' id='word_1_675' title='bbox 2352 4576 2601 4631; x_wconf 81' lang='lat' dir='ltr'><strong>Feliciter</strong></span> <span class='ocrx_word' id='word_1_676' title='bbox 2661 4580 2885 4649; x_wconf 68' lang='lat' dir='ltr'><strong>emplicit</strong></span> <span class='ocrx_word' id='word_1_677' title='bbox 2948 4581 3182 4651; x_wconf 81' lang='lat' dir='ltr'><strong>epistula</strong></span> <span class='ocrx_word' id='word_1_678' title='bbox 3245 4583 3421 4639; x_wconf 78' lang='lat' dir='ltr'><strong>sancti</strong></span> <span class='ocrx_word' id='word_1_679' title='bbox 3482 4582 3747 4653; x_wconf 82' lang='lat' dir='ltr'><strong>Agustini</strong></span> <span class='ocrx_word' id='word_1_680' title='bbox 3807 4586 3923 4654; x_wconf 83' lang='lat' dir='ltr'><strong>epi-</strong></span> 
     </span>
    </p>
   </div>
   <div class='ocr_carea' id='block_1_92' title="bbox 540 4668 2178 4749">
    <p class='ocr_par' dir='ltr' id='par_1_92' title="bbox 540 4668 2178 4749">
     <span class='ocr_line' id='line_1_92' title="bbox 540 4668 2178 4749; baseline -0.004 -18"><span class='ocrx_word' id='word_1_681' title='bbox 540 4674 955 4749; x_wconf 85' lang='lat' dir='ltr'><strong>prophetarum</strong></span> <span class='ocrx_word' id='word_1_682' title='bbox 1017 4684 1234 4740; x_wconf 87' lang='lat' dir='ltr'><strong>organa</strong></span> <span class='ocrx_word' id='word_1_683' title='bbox 1284 4668 1718 4740; x_wconf 86' lang='lat' dir='ltr'><strong>tympanizando</strong></span> <span class='ocrx_word' id='word_1_684' title='bbox 1781 4670 2013 4726; x_wconf 90' lang='lat' dir='ltr'><strong>resultet</strong></span> <span class='ocrx_word' id='word_1_685' title='bbox 2076 4672 2178 4725; x_wconf 88' lang='lat' dir='ltr'><strong>Ec-</strong></span> 
     </span>
    </p>
   </div>
   <div class='ocr_carea' id='block_1_93' title="bbox 544 4768 731 4826">
    <p class='ocr_par' dir='ltr' id='par_1_93' title="bbox 544 4768 731 4826">
     <span class='ocr_line' id='line_1_93' title="bbox 544 4768 731 4826; baseline -0.021 -1"><span class='ocrx_word' id='word_1_686' title='bbox 544 4768 731 4826; x_wconf 88' lang='lat' dir='ltr'><strong>clesia.</strong></span> 
     </span>
    </p>
   </div>
   <div class='ocr_carea' id='block_1_94' title="bbox 615 4857 2183 4933">
    <p class='ocr_par' dir='ltr' id='par_1_94' title="bbox 615 4857 2183 4933">
     <span class='ocr_line' id='line_1_94' title="bbox 615 4857 2183 4933; baseline -0.002 -15"><span class='ocrx_word' id='word_1_687' title='bbox 615 4861 724 4918; x_wconf 91' lang='lat' dir='ltr'><strong>Sed</strong></span> <span class='ocrx_word' id='word_1_688' title='bbox 764 4860 897 4933; x_wconf 88' lang='lat' dir='ltr'><strong>quia</strong></span> <span class='ocrx_word' id='word_1_689' title='bbox 937 4864 1069 4915; x_wconf 90' lang='lat' dir='ltr'><strong>sunt</strong></span> <span class='ocrx_word' id='word_1_690' title='bbox 1103 4858 1364 4915; x_wconf 89' lang='lat' dir='ltr'><strong>nonnulli</strong></span> <span class='ocrx_word' id='word_1_691' title='bbox 1399 4857 1498 4931; x_wconf 87' lang='lat' dir='ltr'><strong>qui</strong></span> <span class='ocrx_word' id='word_1_692' title='bbox 1533 4859 1855 4915; x_wconf 78' lang='lat' dir='ltr'><strong>Adventum</strong></span> <span class='ocrx_word' id='word_1_693' title='bbox 1896 4859 2118 4915; x_wconf 89' lang='lat' dir='ltr'><strong>Domini</strong></span> <span class='ocrx_word' id='word_1_694' title='bbox 2149 4878 2183 4915; x_wconf 87' lang='lat' dir='ltr'><strong>a</strong></span> 
     </span>
    </p>
   </div>
   <div class='ocr_carea' id='block_1_95' title="bbox 544 4953 2184 5027">
    <p class='ocr_par' dir='ltr' id='par_1_95' title="bbox 544 4953 2184 5027">
     <span class='ocr_line' id='line_1_95' title="bbox 544 4953 2184 5027; baseline -0.004 -12"><span class='ocrx_word' id='word_1_695' title='bbox 544 4956 845 5016; x_wconf 80' lang='lat' dir='ltr'><strong>festivitate</strong></span> <span class='ocrx_word' id='word_1_696' title='bbox 883 4953 1032 5010; x_wconf 89' lang='lat' dir='ltr'><strong>beati</strong></span> <span class='ocrx_word' id='word_1_697' title='bbox 1085 4953 1307 5009; x_wconf 84' lang='lat' dir='ltr'><strong>Martini</strong></span> <span class='ocrx_word' id='word_1_698' title='bbox 1355 4953 1690 5009; x_wconf 91' lang='lat' dir='ltr'><strong>Turonensis</strong></span> <span class='ocrx_word' id='word_1_699' title='bbox 1734 4954 1888 5009; x_wconf 88' lang='lat' dir='ltr'><strong>urbis</strong></span> <span class='ocrx_word' id='word_1_700' title='bbox 1936 4954 2184 5027; x_wconf 89' lang='lat' dir='ltr'><strong>episcopi</strong></span> 
     </span>
    </p>
   </div>
   <div class='ocr_carea' id='block_1_96' title="bbox 544 5048 2184 5122">
    <p class='ocr_par' dir='ltr' id='par_1_96' title="bbox 544 5048 2184 5122">
     <span class='ocr_line' id='line_1_96' title="bbox 544 5048 2184 5122; baseline -0.002 -11"><span class='ocrx_word' id='word_1_701' title='bbox 544 5054 809 5111; x_wconf 85' lang='lat' dir='ltr'><strong>videntur</strong></span> <span class='ocrx_word' id='word_1_702' title='bbox 834 5049 1166 5122; x_wconf 90' lang='lat' dir='ltr'><strong>insipienter</strong></span> <span class='ocrx_word' id='word_1_703' title='bbox 1190 5048 1463 5119; x_wconf 90' lang='lat' dir='ltr'><strong>excolere,</strong></span> <span class='ocrx_word' id='word_1_704' title='bbox 1491 5065 1592 5103; x_wconf 91' lang='lat' dir='ltr'><strong>nos</strong></span> <span class='ocrx_word' id='word_1_705' title='bbox 1620 5065 1713 5104; x_wconf 92' lang='lat' dir='ltr'><strong>eos</strong></span> <span class='ocrx_word' id='word_1_706' title='bbox 1739 5066 1856 5105; x_wconf 90' lang='lat' dir='ltr'><strong>non</strong></span> <span class='ocrx_word' id='word_1_707' title='bbox 1881 5052 2184 5122; x_wconf 90' lang='lat' dir='ltr'><strong>reprehen-</strong></span> 
     </span>
    </p>
   </div>
   <div class='ocr_carea' id='block_1_97' title="bbox 548 5142 2183 5219">
    <p class='ocr_par' dir='ltr' id='par_1_97' title="bbox 548 5142 2183 5219">
     <span class='ocr_line' id='line_1_97' title="bbox 548 5142 2183 5219; baseline -0.002 -14"><span class='ocrx_word' id='word_1_708' title='bbox 548 5150 756 5216; x_wconf 88' lang='lat' dir='ltr'><strong>dimus,</strong></span> <span class='ocrx_word' id='word_1_709' title='bbox 785 5146 919 5219; x_wconf 87' lang='lat' dir='ltr'><strong>quia</strong></span> <span class='ocrx_word' id='word_1_710' title='bbox 944 5159 1061 5199; x_wconf 91' lang='lat' dir='ltr'><strong>non</strong></span> <span class='ocrx_word' id='word_1_711' title='bbox 1081 5158 1278 5198; x_wconf 89' lang='lat' dir='ltr'><strong>omnes</strong></span> <span class='ocrx_word' id='word_1_712' title='bbox 1304 5142 1493 5197; x_wconf 91' lang='lat' dir='ltr'><strong>omnia</strong></span> <span class='ocrx_word' id='word_1_713' title='bbox 1535 5148 1789 5214; x_wconf 89' lang='lat' dir='ltr'><strong>possunt,</strong></span> <span class='ocrx_word' id='word_1_714' title='bbox 1838 5148 1895 5200; x_wconf 91' lang='lat' dir='ltr'><strong>et</strong></span> <span class='ocrx_word' id='word_1_715' title='bbox 1935 5146 2183 5201; x_wconf 86' lang='lat' dir='ltr'><strong>maxime</strong></span> 
     </span>
    </p>
   </div>
   <div class='ocr_carea' id='block_1_98' title="bbox 549 5236 2185 5313">
    <p class='ocr_par' dir='ltr' id='par_1_98' title="bbox 549 5236 2185 5313">
     <span class='ocr_line' id='line_1_98' title="bbox 549 5236 2185 5313; baseline -0.006 -10"><span class='ocrx_word' id='word_1_716' title='bbox 549 5263 683 5302; x_wconf 90' lang='lat' dir='ltr'><strong>cum</strong></span> <span class='ocrx_word' id='word_1_717' title='bbox 704 5240 1001 5313; x_wconf 77' lang='lat' dir='ltr'><strong>Apostolus</strong></span> <span class='ocrx_word' id='word_1_718' title='bbox 1043 5236 1224 5291; x_wconf 89' lang='lat' dir='ltr'><strong>dicat:</strong></span> <span class='ocrx_word' id='word_1_719' title='bbox 1278 5238 1577 5307; x_wconf 84' lang='lat' dir='ltr'><strong>Unicuique</strong></span> <span class='ocrx_word' id='word_1_720' title='bbox 1619 5240 1758 5293; x_wconf 81' lang='lat' dir='ltr'><strong>sicut</strong></span> <span class='ocrx_word' id='word_1_721' title='bbox 1802 5242 1945 5294; x_wconf 85' lang='lat' dir='ltr'><strong>Deus</strong></span> <span class='ocrx_word' id='word_1_722' title='bbox 1997 5241 2185 5295; x_wconf 79' lang='lat' dir='ltr'><strong>divisit</strong></span> 
     </span>
    </p>
   </div>
   <div class='ocr_carea' id='block_1_99' title="bbox 548 5330 2186 5404">
    <p class='ocr_par' dir='ltr' id='par_1_99' title="bbox 548 5330 2186 5404">
     <span class='ocr_line' id='line_1_99' title="bbox 548 5330 2186 5404; baseline -0.005 -7"><span class='ocrx_word' id='word_1_723' title='bbox 548 5349 859 5397; x_wconf 80' lang='lat' dir='ltr'><strong>mensuram</strong></span> <span class='ocrx_word' id='word_1_724' title='bbox 884 5332 1031 5402; x_wconf 87' lang='lat' dir='ltr'><strong>ﬁdei.</strong></span> <span class='ocrx_word' id='word_1_725' title='bbox 1057 5330 1160 5387; x_wconf 92' lang='lat' dir='ltr'><strong>Sed</strong></span> <span class='ocrx_word' id='word_1_726' title='bbox 1186 5332 1356 5403; x_wconf 92' lang='lat' dir='ltr'><strong>longe</strong></span> <span class='ocrx_word' id='word_1_727' title='bbox 1386 5330 1547 5387; x_wconf 89' lang='lat' dir='ltr'><strong>aliter</strong></span> <span class='ocrx_word' id='word_1_728' title='bbox 1568 5337 1651 5387; x_wconf 89' lang='lat' dir='ltr'><strong>est</strong></span> <span class='ocrx_word' id='word_1_729' title='bbox 1664 5333 1953 5404; x_wconf 90' lang='lat' dir='ltr'><strong>plenitudo</strong></span> <span class='ocrx_word' id='word_1_730' title='bbox 1971 5334 2186 5389; x_wconf 87' lang='lat' dir='ltr'><strong>ordinis</strong></span> 
     </span>
    </p>
   </div>
   <div class='ocr_carea' id='block_1_100' title="bbox 548 5424 2185 5502">
    <p class='ocr_par' dir='ltr' id='par_1_100' title="bbox 548 5424 2185 5502">
     <span class='ocr_line' id='line_1_100' title="bbox 548 5424 2185 5502; baseline -0.003 -13"><span class='ocrx_word' id='word_1_731' title='bbox 548 5439 604 5489; x_wconf 89' lang='lat' dir='ltr'><strong>et</strong></span> <span class='ocrx_word' id='word_1_732' title='bbox 632 5427 919 5500; x_wconf 90' lang='lat' dir='ltr'><strong>religionis</strong></span> <span class='ocrx_word' id='word_1_733' title='bbox 945 5429 1173 5482; x_wconf 76' lang='lat' dir='ltr'><strong>nostrae.</strong></span> <span class='ocrx_word' id='word_1_734' title='bbox 1202 5424 1472 5481; x_wconf 86' lang='lat' dir='ltr'><strong>Martinus</strong></span> <span class='ocrx_word' id='word_1_735' title='bbox 1492 5426 1702 5480; x_wconf 91' lang='lat' dir='ltr'><strong>etenim</strong></span> <span class='ocrx_word' id='word_1_736' title='bbox 1748 5430 1973 5482; x_wconf 90' lang='lat' dir='ltr'><strong>sanctus</strong></span> <span class='ocrx_word' id='word_1_737' title='bbox 2015 5428 2185 5502; x_wconf 90' lang='lat' dir='ltr'><strong>longe</strong></span> 
     </span>
    </p>
   </div>
   <div class='ocr_carea' id='block_1_101' title="bbox 547 5518 2188 5600">
    <p class='ocr_par' dir='ltr' id='par_1_101' title="bbox 547 5518 2188 5600">
     <span class='ocr_line' id='line_1_101' title="bbox 547 5518 2188 5600; baseline -0.002 -19"><span class='ocrx_word' id='word_1_738' title='bbox 547 5529 677 5600; x_wconf 88' lang='lat' dir='ltr'><strong>post</strong></span> <span class='ocrx_word' id='word_1_739' title='bbox 702 5521 1084 5579; x_wconf 88' lang='lat' dir='ltr'><strong>ascensionem</strong></span> <span class='ocrx_word' id='word_1_740' title='bbox 1122 5518 1368 5589; x_wconf 90' lang='lat' dir='ltr'><strong>Domini,</strong></span> <span class='ocrx_word' id='word_1_741' title='bbox 1405 5519 1494 5574; x_wconf 86' lang='lat' dir='ltr'><strong>vel</strong></span> <span class='ocrx_word' id='word_1_742' title='bbox 1518 5523 1645 5591; x_wconf 90' lang='lat' dir='ltr'><strong>post</strong></span> <span class='ocrx_word' id='word_1_743' title='bbox 1679 5520 2031 5577; x_wconf 88' lang='lat' dir='ltr'><strong>nativitatem</strong></span> <span class='ocrx_word' id='word_1_744' title='bbox 2061 5538 2188 5594; x_wconf 89' lang='lat' dir='ltr'><strong>pro-</strong></span> 
     </span>
    </p>
   </div>
   <div class='ocr_carea' id='block_1_102' title="bbox 550 5612 2187 5690">
    <p class='ocr_par' dir='ltr' id='par_1_102' title="bbox 550 5612 2187 5690">
     <span class='ocr_line' id='line_1_102' title="bbox 550 5612 2187 5690; baseline -0.002 -14"><span class='ocrx_word' id='word_1_745' title='bbox 550 5622 671 5690; x_wconf 85' lang='lat' dir='ltr'><strong>diit,</strong></span> <span class='ocrx_word' id='word_1_746' title='bbox 703 5617 789 5674; x_wconf 89' lang='lat' dir='ltr'><strong>vel</strong></span> <span class='ocrx_word' id='word_1_747' title='bbox 820 5621 947 5689; x_wconf 89' lang='lat' dir='ltr'><strong>post</strong></span> <span class='ocrx_word' id='word_1_748' title='bbox 982 5617 1229 5669; x_wconf 88' lang='lat' dir='ltr'><strong>mortem</strong></span> <span class='ocrx_word' id='word_1_749' title='bbox 1262 5612 1533 5682; x_wconf 90' lang='lat' dir='ltr'><strong>discessit,</strong></span> <span class='ocrx_word' id='word_1_750' title='bbox 1578 5614 1789 5686; x_wconf 91' lang='lat' dir='ltr'><strong>quippe</strong></span> <span class='ocrx_word' id='word_1_751' title='bbox 1837 5614 1937 5687; x_wconf 89' lang='lat' dir='ltr'><strong>qui</strong></span> <span class='ocrx_word' id='word_1_752' title='bbox 1978 5618 2187 5672; x_wconf 91' lang='lat' dir='ltr'><strong>nostris</strong></span> 
     </span>
    </p>
   </div>
   <div class='ocr_carea' id='block_1_103' title="bbox 552 5707 2186 5787">
    <p class='ocr_par' dir='ltr' id='par_1_103' title="bbox 552 5707 2186 5787">
     <span class='ocr_line' id='line_1_103' title="bbox 552 5707 2186 5787; baseline -0.003 -16"><span class='ocrx_word' id='word_1_753' title='bbox 552 5711 905 5787; x_wconf 84' lang='lat' dir='ltr'><strong>temporibus</strong></span> <span class='ocrx_word' id='word_1_754' title='bbox 937 5724 1112 5781; x_wconf 90' lang='lat' dir='ltr'><strong>prope</strong></span> <span class='ocrx_word' id='word_1_755' title='bbox 1147 5708 1274 5775; x_wconf 89' lang='lat' dir='ltr'><strong>fuit,</strong></span> <span class='ocrx_word' id='word_1_756' title='bbox 1320 5707 1576 5779; x_wconf 86' lang='lat' dir='ltr'><strong>quamvis</strong></span> <span class='ocrx_word' id='word_1_757' title='bbox 1615 5708 1675 5761; x_wconf 91' lang='lat' dir='ltr'><strong>in</strong></span> <span class='ocrx_word' id='word_1_758' title='bbox 1722 5708 1881 5764; x_wconf 90' lang='lat' dir='ltr'><strong>brevi</strong></span> <span class='ocrx_word' id='word_1_759' title='bbox 1931 5713 2186 5783; x_wconf 90' lang='lat' dir='ltr'><strong>tempore</strong></span> 
     </span>
    </p>
   </div>
   <div class='ocr_carea' id='block_1_104' title="bbox 550 5801 2185 5866">
    <p class='ocr_par' dir='ltr' id='par_1_104' title="bbox 550 5801 2185 5866">
     <span class='ocr_line' id='line_1_104' title="bbox 550 5801 2185 5866; baseline -0.003 0"><span class='ocrx_word' id='word_1_760' title='bbox 550 5811 705 5866; x_wconf 88' lang='lat' dir='ltr'><strong>fama</strong></span> <span class='ocrx_word' id='word_1_761' title='bbox 730 5804 1040 5860; x_wconf 85' lang='lat' dir='ltr'><strong>sanctitatis</strong></span> <span class='ocrx_word' id='word_1_762' title='bbox 1065 5806 1122 5857; x_wconf 88' lang='lat' dir='ltr'><strong>et</strong></span> <span class='ocrx_word' id='word_1_763' title='bbox 1144 5801 1368 5857; x_wconf 88' lang='lat' dir='ltr'><strong>virtutis</strong></span> <span class='ocrx_word' id='word_1_764' title='bbox 1393 5801 1545 5857; x_wconf 91' lang='lat' dir='ltr'><strong>illius</strong></span> <span class='ocrx_word' id='word_1_765' title='bbox 1572 5805 1757 5857; x_wconf 89' lang='lat' dir='ltr'><strong>totum</strong></span> <span class='ocrx_word' id='word_1_766' title='bbox 1785 5803 2067 5860; x_wconf 89' lang='lat' dir='ltr'><strong>mundum</strong></span> <span class='ocrx_word' id='word_1_767' title='bbox 2092 5820 2185 5862; x_wconf 90' lang='lat' dir='ltr'><strong>re-</strong></span> 
     </span>
    </p>
   </div>
   <div class='ocr_carea' id='block_1_105' title="bbox 627 5899 1176 5979">
    <p class='ocr_par' dir='ltr' id='par_1_105' title="bbox 627 5899 1176 5979">
     <span class='ocr_line' id='line_1_105' title="bbox 627 5899 1176 5979; baseline -0.013 -22"><span class='ocrx_word' id='word_1_768' title='bbox 627 5903 697 5979; x_wconf 80' lang='lat' dir='ltr'><strong>(a)</strong></span> <span class='ocrx_word' id='word_1_769' title='bbox 726 5899 858 5954; x_wconf 78' lang='lat' dir='ltr'><strong>Vide</strong></span> <span class='ocrx_word' id='word_1_770' title='bbox 888 5914 1021 5970; x_wconf 85' lang='lat' dir='ltr'><strong>pag.</strong></span> <span class='ocrx_word' id='word_1_771' title='bbox 1057 5900 1176 5951; x_wconf 84' lang='lat' dir='ltr'><strong>H5.</strong></span> 
     </span>
    </p>
   </div>
   <div class='ocr_carea' id='block_1_106' title="bbox 2282 4690 2449 4730">
    <p class='ocr_par' dir='ltr' id='par_1_106' title="bbox 2282 4690 2449 4730">
     <span class='ocr_line' id='line_1_106' title="bbox 2282 4690 2449 4730; baseline 0.006 -1"><span class='ocrx_word' id='word_1_772' title='bbox 2282 4690 2449 4730; x_wconf 75' lang='grc' dir='ltr'><strong>εοουι.</strong></span> 
     </span>
    </p>
   </div>
   <div class='ocr_carea' id='block_1_107' title="bbox 2339 4689 3593 4806">
    <p class='ocr_par' dir='ltr' id='par_1_107' title="bbox 2339 4689 3593 4806">
     <span class='ocr_line' id='line_1_107' title="bbox 2410 4692 2449 4730; baseline 0 0"><span class='ocrx_word' id='word_1_773' title='bbox 2410 4692 2449 4730; x_wconf 78' lang='grc' dir='ltr'><strong>ι.</strong></span> 
     </span>
     <span class='ocr_line' id='line_1_108' title="bbox 2339 4689 3593 4806; baseline 0.007 -9"><span class='ocrx_word' id='word_1_774' title='bbox 2339 4689 2406 4743; x_wconf 71' lang='lat' dir='ltr'><strong>0p</strong></span> <span class='ocrx_word' id='word_1_775' title='bbox 2598 4745 2683 4799; x_wconf 90' lang='lat' dir='ltr'><strong>IV.</strong></span> <span class='ocrx_word' id='word_1_776' title='bbox 2725 4760 2901 4801; x_wconf 62' lang='grc' dir='ltr'><strong>θεειΜο</strong></span> <span class='ocrx_word' id='word_1_777' title='bbox 2940 4760 3233 4803; x_wconf 69' lang='lat' dir='ltr'><strong>IN&#39;VIGILIA</strong></span> <span class='ocrx_word' id='word_1_778' title='bbox 3271 4763 3593 4806; x_wconf 69' lang='lat' dir='ltr'><strong>spiramus.</strong></span> 
     </span>
    </p>
   </div>
   <div class='ocr_carea' id='block_1_108' title="bbox 2525 4846 3667 4921">
    <p class='ocr_par' dir='ltr' id='par_1_108' title="bbox 2525 4846 3667 4921">
     <span class='ocr_line' id='line_1_109' title="bbox 2525 4846 3667 4921; baseline 0.006 -22"><span class='ocrx_word' id='word_1_779' title='bbox 2525 4847 2611 4899; x_wconf 80' lang='lat' dir='ltr'><strong>Ea:</strong></span> <span class='ocrx_word' id='word_1_780' title='bbox 2653 4847 2821 4899; x_wconf 80' lang='lat' dir='ltr'><strong>veteri</strong></span> <span class='ocrx_word' id='word_1_781' title='bbox 2859 4846 3199 4901; x_wconf 83' lang='lat' dir='ltr'><strong>Lectionario</strong></span> <span class='ocrx_word' id='word_1_782' title='bbox 3239 4846 3522 4905; x_wconf 83' lang='lat' dir='ltr'><strong>Gallicana</strong></span> <span class='ocrx_word' id='word_1_783' title='bbox 3573 4850 3667 4921; x_wconf 83' lang='grc' dir='ltr'><strong>(α).</strong></span> 
     </span>
    </p>
   </div>
   <div class='ocr_carea' id='block_1_109' title="bbox 2351 4955 3932 5035">
    <p class='ocr_par' dir='ltr' id='par_1_109' title="bbox 2351 4955 3932 5035">
     <span class='ocr_line' id='line_1_110' title="bbox 2351 4955 3932 5035; baseline 0.006 -26"><span class='ocrx_word' id='word_1_784' title='bbox 2351 4955 2583 5011; x_wconf 90' lang='lat' dir='ltr'><strong>Audivit</strong></span> <span class='ocrx_word' id='word_1_785' title='bbox 2623 4956 2916 5011; x_wconf 89' lang='lat' dir='ltr'><strong>nobiscum</strong></span> <span class='ocrx_word' id='word_1_786' title='bbox 2955 4958 3158 5014; x_wconf 86' lang='lat' dir='ltr'><strong>caritas</strong></span> <span class='ocrx_word' id='word_1_787' title='bbox 3204 4964 3408 5033; x_wconf 87' lang='lat' dir='ltr'><strong>vestra,</strong></span> <span class='ocrx_word' id='word_1_788' title='bbox 3446 4962 3808 5035; x_wconf 87' lang='lat' dir='ltr'><strong>Evangelista</strong></span> <span class='ocrx_word' id='word_1_789' title='bbox 3845 4964 3932 5018; x_wconf 92' lang='lat' dir='ltr'><strong>di-</strong></span> 
     </span>
    </p>
   </div>
   <div class='ocr_carea' id='block_1_110' title="bbox 2283 5050 3929 5127">
    <p class='ocr_par' dir='ltr' id='par_1_110' title="bbox 2283 5050 3929 5127">
     <span class='ocr_line' id='line_1_111' title="bbox 2283 5050 3929 5127; baseline 0.005 -23"><span class='ocrx_word' id='word_1_790' title='bbox 2283 5054 2441 5105; x_wconf 89' lang='lat' dir='ltr'><strong>cente</strong></span> <span class='ocrx_word' id='word_1_791' title='bbox 2485 5066 2499 5105; x_wconf 88' lang='lat'><strong>:</strong></span> <span class='ocrx_word' id='word_1_792' title='bbox 2555 5050 2686 5105; x_wconf 88' lang='lat' dir='ltr'><strong>Cum</strong></span> <span class='ocrx_word' id='word_1_793' title='bbox 2725 5054 2888 5106; x_wconf 85' lang='lat' dir='ltr'><strong>natus</strong></span> <span class='ocrx_word' id='word_1_794' title='bbox 2933 5068 3064 5120; x_wconf 89' lang='lat' dir='ltr'><strong>esse,</strong></span> <span class='ocrx_word' id='word_1_795' title='bbox 3107 5052 3310 5127; x_wconf 89' lang='lat' dir='ltr'><strong>inquit,</strong></span> <span class='ocrx_word' id='word_1_796' title='bbox 3364 5059 3506 5111; x_wconf 82' lang='lat' dir='ltr'><strong>Deus</strong></span> <span class='ocrx_word' id='word_1_797' title='bbox 3558 5059 3617 5111; x_wconf 89' lang='lat' dir='ltr'><strong>in</strong></span> <span class='ocrx_word' id='word_1_798' title='bbox 3653 5058 3929 5113; x_wconf 82' lang='lat' dir='ltr'><strong>Bethleem</strong></span> 
     </span>
    </p>
   </div>
   <div class='ocr_carea' id='block_1_111' title="bbox 2282 5144 3929 5217">
    <p class='ocr_par' dir='ltr' id='par_1_111' title="bbox 2282 5144 3929 5217">
     <span class='ocr_line' id='line_1_112' title="bbox 2282 5144 3929 5217; baseline 0.005 -20"><span class='ocrx_word' id='word_1_799' title='bbox 2282 5144 2481 5198; x_wconf 59' lang='lat' dir='ltr'><strong>Iudaeae</strong></span> <span class='ocrx_word' id='word_1_800' title='bbox 2502 5146 2561 5198; x_wconf 86' lang='lat' dir='ltr'><strong>in</strong></span> <span class='ocrx_word' id='word_1_801' title='bbox 2592 5144 2779 5199; x_wconf 85' lang='lat' dir='ltr'><strong>diebus</strong></span> <span class='ocrx_word' id='word_1_802' title='bbox 2804 5145 3035 5202; x_wconf 74' lang='lat' dir='ltr'><strong>Herodis</strong></span> <span class='ocrx_word' id='word_1_803' title='bbox 3053 5151 3195 5215; x_wconf 80' lang='lat' dir='ltr'><strong>regis</strong></span> <span class='ocrx_word' id='word_1_804' title='bbox 3222 5167 3241 5200; x_wconf 87' lang='lat'><em>:</em></span> <span class='ocrx_word' id='word_1_805' title='bbox 3265 5165 3376 5204; x_wconf 79' lang='lat' dir='ltr'><strong>ecce</strong></span> <span class='ocrx_word' id='word_1_806' title='bbox 3393 5152 3542 5217; x_wconf 79' lang='lat' dir='ltr'><strong>magi</strong></span> <span class='ocrx_word' id='word_1_807' title='bbox 3561 5157 3827 5206; x_wconf 79' lang='lat' dir='ltr'><strong>venerunt</strong></span> <span class='ocrx_word' id='word_1_808' title='bbox 3854 5153 3929 5205; x_wconf 87' lang='lat' dir='ltr'><strong>ab</strong></span> 
     </span>
    </p>
   </div>
   <div class='ocr_carea' id='block_1_112' title="bbox 2287 5222 3930 5314">
    <p class='ocr_par' dir='ltr' id='par_1_112' title="bbox 2287 5222 3930 5314">
     <span class='ocr_line' id='line_1_113' title="bbox 2287 5222 3930 5314; baseline 0.005 -23"><span class='ocrx_word' id='word_1_809' title='bbox 2287 5236 2500 5292; x_wconf 71' lang='lat' dir='ltr'><strong>Oriente</strong></span> <span class='ocrx_word' id='word_1_810' title='bbox 2521 5239 2917 5310; x_wconf 81' lang='lat' dir='ltr'><strong>Hycrusolyma</strong></span> <span class='ocrx_word' id='word_1_811' title='bbox 2943 5242 3178 5298; x_wconf 79' lang='lat' dir='ltr'><strong>dicentes</strong></span> <span class='ocrx_word' id='word_1_812' title='bbox 3206 5256 3221 5293; x_wconf 94' lang='lat'><em>:</em></span> <span class='ocrx_word' id='word_1_813' title='bbox 3261 5242 3363 5298; x_wconf 88' lang='lat' dir='ltr'><strong>Ubi</strong></span> <span class='ocrx_word' id='word_1_814' title='bbox 3392 5249 3471 5298; x_wconf 85' lang='lat' dir='ltr'><strong>est</strong></span> <span class='ocrx_word' id='word_1_815' title='bbox 3503 5247 3600 5314; x_wconf 88' lang='lat' dir='ltr'><strong>qui</strong></span> <span class='ocrx_word' id='word_1_816' title='bbox 3642 5222 3807 5299; x_wconf 78' lang='lat' dir='ltr'><strong>natus</strong></span> <span class='ocrx_word' id='word_1_817' title='bbox 3846 5250 3930 5299; x_wconf 84' lang='lat' dir='ltr'><strong>est</strong></span> 
     </span>
    </p>
   </div>
   <div class='ocr_carea' id='block_1_113' title="bbox 2284 5333 3927 5407">
    <p class='ocr_par' dir='ltr' id='par_1_113' title="bbox 2284 5333 3927 5407">
     <span class='ocr_line' id='line_1_114' title="bbox 2284 5333 3927 5407; baseline 0.005 -21"><span class='ocrx_word' id='word_1_818' title='bbox 2284 5333 2397 5387; x_wconf 71' lang='lat' dir='ltr'><strong>Rem</strong></span> <span class='ocrx_word' id='word_1_819' title='bbox 2419 5333 2727 5388; x_wconf 66' lang='lat' dir='ltr'><strong>Iudaeorum</strong></span> <span class='ocrx_word' id='word_1_820' title='bbox 2743 5336 2771 5388; x_wconf 90' lang='lat'><strong><em>?</em></strong></span> <span class='ocrx_word' id='word_1_821' title='bbox 2801 5335 3050 5390; x_wconf 84' lang='lat' dir='ltr'><strong>Vidimus</strong></span> <span class='ocrx_word' id='word_1_822' title='bbox 3070 5339 3213 5392; x_wconf 86' lang='lat' dir='ltr'><strong>enim</strong></span> <span class='ocrx_word' id='word_1_823' title='bbox 3230 5338 3443 5393; x_wconf 87' lang='lat' dir='ltr'><strong>stellam</strong></span> <span class='ocrx_word' id='word_1_824' title='bbox 3467 5338 3586 5407; x_wconf 86' lang='lat' dir='ltr'><strong>ejus</strong></span> <span class='ocrx_word' id='word_1_825' title='bbox 3604 5339 3660 5392; x_wconf 88' lang='lat' dir='ltr'><strong>in</strong></span> <span class='ocrx_word' id='word_1_826' title='bbox 3684 5336 3927 5402; x_wconf 80' lang='lat' dir='ltr'><strong>Oriente,</strong></span> 
     </span>
    </p>
   </div>
   <div class='ocr_carea' id='block_1_114' title="bbox 2287 5428 3928 5503">
    <p class='ocr_par' dir='ltr' id='par_1_114' title="bbox 2287 5428 3928 5503">
     <span class='ocr_line' id='line_1_115' title="bbox 2287 5428 3928 5503; baseline 0.003 -21"><span class='ocrx_word' id='word_1_827' title='bbox 2287 5432 2337 5483; x_wconf 85' lang='lat' dir='ltr'><strong>et</strong></span> <span class='ocrx_word' id='word_1_828' title='bbox 2364 5428 2609 5483; x_wconf 76' lang='lat' dir='ltr'><strong>venimus</strong></span> <span class='ocrx_word' id='word_1_829' title='bbox 2651 5429 2882 5483; x_wconf 78' lang='lat' dir='ltr'><strong>adorare</strong></span> <span class='ocrx_word' id='word_1_830' title='bbox 2931 5446 3071 5486; x_wconf 86' lang='lat' dir='ltr'><strong>eum.</strong></span> <span class='ocrx_word' id='word_1_831' title='bbox 3108 5430 3263 5486; x_wconf 88' lang='lat' dir='ltr'><strong>Felix</strong></span> <span class='ocrx_word' id='word_1_832' title='bbox 3295 5430 3393 5486; x_wconf 91' lang='lat' dir='ltr'><strong>illa</strong></span> <span class='ocrx_word' id='word_1_833' title='bbox 3436 5431 3647 5503; x_wconf 90' lang='lat' dir='ltr'><strong>civitas,</strong></span> <span class='ocrx_word' id='word_1_834' title='bbox 3697 5430 3928 5503; x_wconf 83' lang='lat' dir='ltr'><strong>fratres,</strong></span> 
     </span>
    </p>
   </div>
   <div class='ocr_carea' id='block_1_115' title="bbox 2286 5522 3931 5599">
    <p class='ocr_par' dir='ltr' id='par_1_115' title="bbox 2286 5522 3931 5599">
     <span class='ocr_line' id='line_1_116' title="bbox 2286 5522 3931 5599; baseline 0.003 -22"><span class='ocrx_word' id='word_1_835' title='bbox 2286 5522 2377 5578; x_wconf 91' lang='lat' dir='ltr'><strong>cui</strong></span> <span class='ocrx_word' id='word_1_836' title='bbox 2399 5522 2532 5577; x_wconf 90' lang='lat' dir='ltr'><strong>civis</strong></span> <span class='ocrx_word' id='word_1_837' title='bbox 2570 5527 2736 5578; x_wconf 89' lang='lat' dir='ltr'><strong>natus</strong></span> <span class='ocrx_word' id='word_1_838' title='bbox 2774 5528 2858 5579; x_wconf 92' lang='lat' dir='ltr'><strong>est</strong></span> <span class='ocrx_word' id='word_1_839' title='bbox 2909 5523 3092 5579; x_wconf 82' lang='lat' dir='ltr'><strong>Deus!</strong></span> <span class='ocrx_word' id='word_1_840' title='bbox 3136 5542 3265 5597; x_wconf 66' lang='lat' dir='ltr'><strong>quae</strong></span> <span class='ocrx_word' id='word_1_841' title='bbox 3316 5526 3605 5599; x_wconf 90' lang='lat' dir='ltr'><strong>singulare</strong></span> <span class='ocrx_word' id='word_1_842' title='bbox 3653 5526 3931 5582; x_wconf 90' lang='lat' dir='ltr'><strong>meritum</strong></span> 
     </span>
    </p>
   </div>
   <div class='ocr_carea' id='block_1_116' title="bbox 2285 5618 3933 5692">
    <p class='ocr_par' dir='ltr' id='par_1_116' title="bbox 2285 5618 3933 5692">
     <span class='ocr_line' id='line_1_117' title="bbox 2285 5618 3933 5692; baseline 0.003 -21"><span class='ocrx_word' id='word_1_843' title='bbox 2285 5622 2434 5692; x_wconf 86' lang='lat' dir='ltr'><strong>ante_</strong></span> <span class='ocrx_word' id='word_1_844' title='bbox 2458 5618 2765 5673; x_wconf 90' lang='lat' dir='ltr'><strong>adventum</strong></span> <span class='ocrx_word' id='word_1_845' title='bbox 2800 5618 3096 5674; x_wconf 88' lang='lat' dir='ltr'><strong>Salvatoris</strong></span> <span class='ocrx_word' id='word_1_846' title='bbox 3135 5620 3435 5691; x_wconf 89' lang='lat' dir='ltr'><strong>accipiens,</strong></span> <span class='ocrx_word' id='word_1_847' title='bbox 3470 5620 3657 5692; x_wconf 89' lang='lat' dir='ltr'><strong>prima</strong></span> <span class='ocrx_word' id='word_1_848' title='bbox 3704 5619 3933 5676; x_wconf 89' lang='lat' dir='ltr'><strong>laudari</strong></span> 
     </span>
    </p>
   </div>
   <div class='ocr_carea' id='block_1_117' title="bbox 2286 5686 3926 5784">
    <p class='ocr_par' dir='ltr' id='par_1_117' title="bbox 2286 5686 3926 5784">
     <span class='ocr_line' id='line_1_118' title="bbox 2286 5686 3926 5784; baseline 0.004 -18"><span class='ocrx_word' id='word_1_849' title='bbox 2286 5686 2498 5767; x_wconf 65' lang='lat' dir='ltr'><strong>merbit</strong></span> <span class='ocrx_word' id='word_1_850' title='bbox 2512 5727 2617 5783; x_wconf 91' lang='lat' dir='ltr'><strong>per</strong></span> <span class='ocrx_word' id='word_1_851' title='bbox 2630 5712 2984 5784; x_wconf 89' lang='lat' dir='ltr'><strong>prophetam,</strong></span> <span class='ocrx_word' id='word_1_852' title='bbox 3008 5728 3181 5783; x_wconf 89' lang='lat' dir='ltr'><strong>quam</strong></span> <span class='ocrx_word' id='word_1_853' title='bbox 3197 5686 3437 5767; x_wconf 77' lang='lat' dir='ltr'><strong>disceret</strong></span> <span class='ocrx_word' id='word_1_854' title='bbox 3448 5686 3620 5784; x_wconf 75' lang='lat' dir='ltr'><strong>quem</strong></span> <span class='ocrx_word' id='word_1_855' title='bbox 3635 5713 3926 5772; x_wconf 89' lang='lat' dir='ltr'><strong>sumebat.</strong></span> 
     </span>
    </p>
   </div>
   <div class='ocr_carea' id='block_1_118' title="bbox 2288 5800 3928 5874">
    <p class='ocr_par' dir='ltr' id='par_1_118' title="bbox 2288 5800 3928 5874">
     <span class='ocr_line' id='line_1_119' title="bbox 2288 5800 3928 5874; baseline 0.004 -19"><span class='ocrx_word' id='word_1_856' title='bbox 2288 5800 2446 5857; x_wconf 80' lang='lat' dir='ltr'><strong>Felix</strong></span> <span class='ocrx_word' id='word_1_857' title='bbox 2467 5805 2550 5871; x_wconf 89' lang='lat' dir='ltr'><strong>tu,</strong></span> <span class='ocrx_word' id='word_1_858' title='bbox 2582 5800 2773 5857; x_wconf 87' lang='lat' dir='ltr'><strong>civitas</strong></span> <span class='ocrx_word' id='word_1_859' title='bbox 2799 5802 3085 5857; x_wconf 86' lang='lat' dir='ltr'><strong>Bethleem</strong></span> <span class='ocrx_word' id='word_1_860' title='bbox 3107 5800 3124 5856; x_wconf 74' lang='lat' dir='ltr'><strong>l</strong></span> <span class='ocrx_word' id='word_1_861' title='bbox 3152 5800 3285 5874; x_wconf 86' lang='lat' dir='ltr'><strong>quia</strong></span> <span class='ocrx_word' id='word_1_862' title='bbox 3304 5817 3420 5857; x_wconf 89' lang='lat' dir='ltr'><strong>non</strong></span> <span class='ocrx_word' id='word_1_863' title='bbox 3442 5817 3501 5858; x_wconf 91' lang='lat' dir='ltr'><strong>es</strong></span> <span class='ocrx_word' id='word_1_864' title='bbox 3514 5800 3759 5861; x_wconf 88' lang='lat' dir='ltr'><strong>minima</strong></span> <span class='ocrx_word' id='word_1_865' title='bbox 3772 5803 3928 5861; x_wconf 88' lang='lat' dir='ltr'><strong>inter</strong></span> 
     </span>
    </p>
   </div>
  </div>
