4014 6230
65 391 146 445 i33
705 391 795 445 AD
836 390 1323 447 PRIECEDENTIA
1361 382 1695 447 LITURGle
1732 392 2148 451 MONUMENTA
2185 397 2520 453 ΛΡΡΕΝΒΙΧ
2557 399 2785 455 PRIMA.
3346 404 3449 460 43's

56 494 321 571 principes
347 494 527 553 Iuda.
560 498 644 553 Ex
684 502 742 554 te
785 500 940 555 enim
982 500 1204 572 prodiet
1237 500 1493 573 Rex‘qui
1546 504 1708 574 reget
1728 514 1787 587 Α
1807 502 2030 574 vagitus
2064 505 2316 576 majores
2358 506 2611 577 gemitus
2656 506 2993 579 exigebant.
3021 508 3187 564 Nulla
3212 508 3443 580 domus,

57 588 319 666 populum
350 605 566 646 meum
588 592 815 648 Israhel.
857 593 1003 658 Quid
1028 593 1147 665 agit
1169 594 1330 662 Juda,
1358 610 1561 651 eorum
1597 611 1703 649 caa-
1805 599 1995 652 nullus
2053 599 2287 653 orbitati
2325 604 2642 655 restaverat
2678 602 2855 670 locus,
2884 601 2982 656 ubi
3030 619 3149 658 non
3198 604 3445 676 diligens

58 688 177 742 citas
206 683 525 755 mentium,
571 686 670 758 qui
703 688 1014 743 adventum
1048 687 1354 743 Salvatoris
1390 705 1496 745 nec
1528 688 1698 744 intel-
1800 692 2536 749 crudelitasfuitJacebant
2556 695 2753 751 brevia
2768 697 3440 769 vulneramembrorum,

56 781 213 852 ligere
237 783 615 850 meruerunt,
645 797 752 836 nec
776 781 986 837 nosse?
1010 782 1318 854 Impletum
1357 788 1441 839 est
1482 782 1701 838 cunctis
1802 788 1861 839 et
1896 786 2084 841 velato
2132 787 2291 841 vultu
2336 787 2481 842 tristi
2527 790 2784 844 colorata
2826 791 3047 861 pallore
3097 794 3439 848 cunctorum

54 873 328 947 prophetae
361 888 719 944 responsum
749 892 763 929 :
793 875 1140 931 Salvatorem
1165 879 1428 931 nostrum
1452 876 1700 947 prodidit
1799 878 2093 933 mentibus
2123 880 2409 951 lacrymas
2444 881 2682 937 dabant.
2714 882 2943 938 Minutis
2985 884 3271 939 mortibus
3318 890 3442 943 tota

56 968 255 1023 uelum.
288 966 541 1030 Quando
561 969 720 1024 enim
738 968 917 1025 latere
940 973 1181 1041 poterat,
1204 986 1378 1042 quem
1401 970 1549 1026 Deus
1566 974 1697 1026 ante
1798 972 1995 1027 civitas
2025 973 2375 1045 replebatur,
2406 977 2466 1029 et
2496 976 2763 1031 omnium
2795 978 3130 1048 posteritate
3152 982 3437 1049 truncata,

53 1061 420 1135 prmdixerat?
468 1063 766 1118 Bethleem
807 1062 1002 1118 civitas
1047 1063 1261 1136 accepit
1298 1064 1369 1120 de
1426 1063 1698 1120 astriferis
1795 1066 1907 1121 hoc
1935 1067 2122 1121 solum
2150 1067 2348 1135 evasit,
2382 1069 2537 1139 quod
2557 1070 2818 1140 vagitum
2836 1071 3052 1127 habere
3070 1089 3187 1127 non
3206 1074 3438 1129 meruit.

51 1154 284 1228 partibus
309 1154 530 1226 civem,
563 1161 620 1212 et
643 1173 748 1228 per
766 1173 980 1213 novum
1004 1156 1249 1213 incolam
1274 1158 1489 1230 grande
1529 1157 1697 1214 meri-
1795 1161 1858 1214 In
1906 1159 2005 1213 illa
2047 1164 2265 1215 matres
2303 1160 2554 1215 ﬁliorum
2604 1162 2920 1233 perniciem
2960 1164 3154 1238 462
3198 1166 3442 1223 intentas

51 1256 155 1305 tum
178 1248 399 1318 transit,
424 1250 574 1321 quia
598 1267 713 1306 non
739 1255 923 1323 potest
950 1250 1102 1307 ﬁniri
1132 1252 1284 1325 quod
1320 1251 1550 1308 meruit.
1586 1253 1695 1309 Sed
1796 1253 2077 1323 grandine
2121 1254 2462 1324 liberorum,
2502 1272 2618 1310 una
2655 1255 2876 1311 femina
2920 1257 3053 1312 felix
3080 1259 3277 1329 evasit,
3306 1277 3437 1332 qua:

45 1347 217 1416 postea
260 1358 445 1414 quam
498 1347 701 1415 partus
735 1343 831 1399 ille
875 1345 1085 1401 caelesti
1128 1344 1294 1417 signo
1337 1349 1694 1404 monstrante

47 1440 287 1508 repertus
302 1440 393 1492 est
417 1436 718 1511 visusque,
748 1454 946 1510 magos
972 1438 1295 1494 veneranda
1324 1439 1574 1495 turbavit
1600 1440 1689 1496 in-

46 1529 409 1599 fantia.§Nihil
438 1531 529 1586 ibi
546 1531 781 1593 omnino
796 1531 1182 1588 contemtibile
1202 1532 1263 1587 in
1275 1531 1387 1587 illis
1410 1533 1692 1605 vagitibus

47 1625 157 1691 fuit,
182 1623 320 1696 quia
358 1624 657 1681 humanos
686 1626 833 1681 Dens
868 1642 1065 1681 sensus
1108 1626 1355 1699 aspexit;
1399 1627 1498 1682 sed
1535 1631 1690 1698 post-

46 1734 200 1791 quam
225 1718 543 1790 probatam
572 1719 746 1791 ipsius
771 1718 970 1775 sideris
1006 1720 1199 1791 ﬁdem,
1240 1720 1500 1777 fallentes
1532 1722 1689 1793 magi

46 1811 217 1884 regale
241 1816 636 1884 praeceptum,
664 1816 883 1869 exteras
904 1818 1142 1870 tenuere
1170 1814 1469 1884 regiones;
1510 1816 1686 1871 Hero-

1792 1347 1903 1401 fuit
1918 1346 2078 1418 virgo
2110 1350 2240 1419 post
2268 1351 2522 1420 partum.
2558 1347 2707 1414 Quid
2716 1349 2866 1421 juvit
2888 1352 3137 1422 replesse
3164 1356 3251 1408 tot
3276 1355 3441 1410 fune-

1791 1439 1950 1495 ribus
1977 1442 2240 1496 terram?
2281 1441 2421 1513 quid
2450 1442 2670 1514 profuit
2698 1446 2861 1498 tanta
2902 1443 3079 1499 ubera
3126 1445 3436 1503 ﬂuentibus

1791 1534 2051 1603 siccasse,
2084 1551 2218 1590 cum
2248 1536 2509 1591 futurum
2540 1537 2763 1592 malum
2788 1540 2936 1592 Deus
2968 1542 3103 1593 ante
3130 1540 3435 1611 praedixit?

1789 1629 2028 1684 Constat
2080 1645 2220 1699 ergo
2256 1629 2556 1685 Judaicam
2612 1633 2850 1701 gentem
2892 1632 3155 1687 nascenti
3185 1634 3432 1690 Domino

1788 1737 2118 1793 praeparare
2177 1721 2524 1793 perniciem;
2578 1723 2843 1795 adeoque
2904 1725 3115 1779 eodem
3172 1728 3434 1799 tempore

1790 1817 1946 1870 Deus
1962 1816 2218 1870 Christus
2244 1815 2425 1871 voluit
2454 1816 2683 1885 docere,
2719 1818 2855 1889 quia
2876 1819 3109 1874 Iudaeus
3128 1836 3246 1875 non
3267 1837 3437 1876 nove-

47 1908 119 1962 dis
170 1906 323 1978 regis
370 1906 625 1962 vitantes
664 1913 978 1979 aspectum,
1024 1907 1329 1964 voluerunt
1374 1912 1688 1967 monstrare
1708 1892 1766 1965 B
1785 1913 1881 1968 rat
1911 1910 2067 1981 quod
2087 1910 2270 1965 ﬁeret.
2297 1910 2411 1965 Sed
2438 1911 2572 1983 quia
2597 1911 2877 1967 Dominus
2898 1913 3155 1968 Christus
3178 1914 3433 1986 passioni

48 1999 252 2073 plenius
272 1998 467 2072 461
502 2001 658 2073 quod
676 2001 976 2058 timebant.
989 2001 1256 2074 Majorem
1272 2019 1374 2059 rex
1394 2003 1690 2060 stimulum

50 2094 216 2164 sentit,
262 2094 357 2149 cui
400 2111 529 2150 non
566 2095 883 2151 ostenditur
928 2096 1081 2168 quod
1122 2100 1368 2152 veretur.
1408 2097 1515 2153 Sed
1557 2114 1689 2153 cum

51 2186 293 2244 sollicitus
316 2205 449 2259 rex,
480 2191 764 2245 transacto
802 2194 1062 2263 tempore
1098 2190 1388 2262 veniendi,
1428 2191 1688 2248 fallentes

49 2299 223 2354 magos
265 2282 531 2339 deviasse
578 2288 962 2355 cognosceret,
1016 2284 1201 2357 adque
1246 2285 1371 2356 ejus
1426 2285 1687 2342 animum

52 2376 349 2448 incognitus
391 2377 634 2433 infantis
678 2381 937 2450 aspectus
983 2377 1215 2433 diversis
1246 2378 1495 2435 motibus
1529 2380 1686 2436 dissi-

53 2474 220 2541 paret;
249 2471 360 2527 hoc
387 2471 653 2544 prodidit
678 2472 916 2527 crudelii
940 2476 1061 2528 arte
1087 2472 1325 2542 consilii,
1352 2476 1419 2528 ut
1442 2473 1513 2529 ad
1534 2473 1687 2531 inve-

54 2565 296 2620 niendam
315 2566 664 2622 successoris
688 2566 1010 2637 infantiam,
1056 2567 1364 2624 occidendo
1401 2573 1685 2640 quaereret

54 2660 180 2730 quod
216 2659 452 2730 latebat,
499 2660 647 2716 sicut
686 2660 962 2732 scriptum
1006 2665 1133 2717 est:
1181 2664 1311 2720 Cum
1351 2662 1558 2718 videret
1580 2665 1684 2719 He-

55 2753 202 2817 rodes,
230 2755 381 2824 quod
410 2756 635 2811 delusus
656 2759 792 2811 esset
817 2772 852 2810 α
893 2758 1089 2824 magis,
1134 2757 1311 2812 iratus
1352 2757 1683 2823 vehementer

55 2849 181 2901 misit
202 2852 263 2902 ut
289 2849 671 2904 occiderentur
698 2865 882 2904 omnes
911 2851 1153 2917 infantes
1194 2852 1255 2904 in
1302 2851 1588 2915 Bethleem,
1629 2855 1681 2906 et

54 2944 97 2993 in
122 2942 364 2997 omnibus
384 2944 592 3013 ﬁnibus
617 2944 733 3014 ejus
761 2959 797 2998 a
825 2944 1032 2998 bimam
1056 2948 1108 2998 et
1146 2946 1319 3012 infra.
1362 2943 1516 2999 Felix
1558 2949 1679 3001 erat

53 3033 193 3089 ludus
215 3037 494 3107 parvulis,
529 3036 808 3093 moriendi
849 3037 1115 3108 conditio,
1157 3038 1258 3110 qui
1289 3054 1395 3110 pro
1432 3037 1673 3102 Christo,

52 3134 364 3185 meruerunt
391 3131 540 3202 pati.
567 3131 825 3187 Furentis
868 3131 1023 3204 regis
1053 3148 1259 3188 vesana
1301 3132 1513 3187 saevitia
1547 3148 1673 3188 mo-

50 3221 303 3278 rientibus
346 3225 571 3296 profuit
598 3242 612 3280 :
642 3225 741 3297 qui
779 3225 917 3281 dum
945 3241 1326 3282 successorem
1359 3242 1529 3281 suum
1553 3226 1651 3282 dili

52 3316 184 3386 genti
224 3317 565 3375 crudelitate
597 3319 899 3392 perquirit,
942 3320 1148 3392 dignos
1184 3320 1365 3375 iratus
1397 3324 1674 3393 martyres

50 3408 180 3465 fecit.
214 3411 359 3466 Nam
400 3413 671 3484 Herodes,
716 3429 891 3489 quem
940 3418 1165 3469 tantum
1220 3414 1446 3470 ravidus
1479 3431 1675 3471 sensus

48 3502 233 3558 furoris
301 3506 527 3561 facibus
591 3486 878 3579 eregebat,
944 3512 1225 3579 quantum
1285 3525 1446 3591 amor
1495 3486 1723 3591 dulcis:

51 3597 318 3667 potestatis
345 3599 709 3671 accendebat,
727 3601 1017 3657 carniﬁces
1030 3617 1161 3657 suos
1181 3602 1253 3657 ad
1267 3601 1673 3675 inquirendum

51 3690 183 3746 misit
234 3692 504 3762 infantes,
563 3694 726 3766 quasi
792 3695 891 3767 qui
938 3696 1118 3751 Deum
1172 3698 1362 3767 posset
1419 3696 1674 3753 invenire

54 3799 165 3839 cum
191 3785 376 3843 vellet.
403 3786 663 3860 Pergunt
686 3787 747 3843 in
773 3789 1058 3846 civitatem
1073 3788 1321 3844 ministri
1348 3789 1520 3862 regis,
1550 3806 1674 3846 cru-

52 3876 163 3932 dele
206 3884 507 3951 portantes
560 3881 893 3954 imperium,
959 3886 1017 3938 et
1065 3883 1274 3938 durum
1317 3886 1671 3954 praeceptum

55 3970 302 4043 ferentes,
319 3975 379 4031 in
396 3975 610 4048 gladiis
621 3976 697 4032 ad
717 3980 971 4032 matrum
998 3978 1281 4049 lacrymas
1297 3976 1667 4032 festinabant.

53 4064 296 4122 Infantile
332 4068 555 4124 bellum
591 4069 652 4124 in
691 4070 956 4125 domibus
1006 4070 1343 4142 gerebatur;
1386 4072 1444 4123 et
1476 4086 1670 4124 secum

56 4159 158 4213 sola
184 4166 476 4233 pugnante
505 4164 740 4233 saevitia,
761 4163 1022 4219 orbitatis
1033 4163 1341 4219 crudelitas
1353 4162 1665 4218 eminebat.

54 4250 425 4312 Mactabantur
465 4257 525 4312 in
566 4258 728 4312 cunis
769 4257 1041 4326 infantes,
1068 4257 1129 4312 in
1165 4256 1372 4329 quibus
1407 4256 1668 4311 nondum

1651 3256 1748 3343 :C

1790 2002 2113 2075 prohibitus
2158 2004 2248 2057 vel
2283 2003 2492 2058 dilatus
2531 2007 2637 2072 est,
2682 2005 2889 2061 maluit
2917 2006 3222 2062 virtutibus
3269 2008 3429 2078 disci,

1790 2113 1967 2168 quam
1996 2101 2130 2151 ante
2154 2099 2383 2169 tempus
2405 2096 2609 2152 occidi.

1840 2192 1903 2245 ν.
1936 2207 2322 2247 ΤΕΒΤΑΠΕΝἸἯΜ
2360 2206 2634 2247 ILLUSTRIS
2673 2208 2938 2250 MATRONE
2975 2209 3373 2251 ERMENTRUDIS.

1785 2287 1872 2341 Ea:
1894 2286 2232 2355 autographa
2269 2287 2602 2354 Dionysiano
2636 2288 2699 2340 in
2732 2287 2927 2341 charta
2964 2289 3291 2357 Egyptiaca
3326 2289 3424 2361 (a).

1975 2377 2392 2433 sacratissimus
2426 2378 2594 2433 ﬁscus
2631 2379 2949 2451 percipeat.
2974 2381 3035 2436 Si
3060 2398 3195 2437 vero
3227 2383 3428 2439 omnia

1786 2472 1942 2543 quod
1966 2472 2025 2526 in
2046 2473 2200 2526 hunc
2221 2474 2640 2528 testamentum
2672 2473 3024 2529 inserui......
3059 2476 3422 2547 custodieris,

1784 2565 2068 2638 quidquid
2094 2565 2203 2621 tibi
2228 2566 2492 2638 superius
2519 2566 2803 2639 delegavi,
2822 2567 2884 2622 in
2914 2570 3011 2623 tuo
3026 2568 3159 2646 jure
3181 2570 3423 2641 perenni

1780 2663 2048 2731 tempore
2077 2662 2685 2731 permaneant
2710 2660 2771 2715 in
2797 2662 2951 2716 hunc
2981 2664 3420 2734 testamentum,

1781 2753 2119 2825 cuicumque
2143 2770 2262 2809 non
2283 2753 2569 2826 depotavi,
2592 2754 2717 2822 tibi,
2742 2754 3074 2811 dulcissime
3085 2756 3186 2825 ﬁli,
3202 2758 3420 2813 habere

1780 2846 1968 2918 cupio.
2003 2846 2394 2903 Similiter.....
2430 2847 2888 2903 demandatione
2912 2848 3084 2903 bona}
3117 2851 3419 2906 memoriae

1778 2940 2119 2995 Deorovaldi
2151 2940 2305 2996 dono
2334 2940 2436 2995 tibi
2477 2958 2669 2996 eanna
2709 2945 2990 3013 argentea
3014 2943 3243 2998 valente
3292 2945 3421 3015 plus

1775 3034 1969 3089 minus
1994 3034 2208 3089 solidos
2246 3052 2372 3090 xxv.
2400 3036 2470 3089 Et
2497 3053 2531 3090 a
2559 3038 2723 3107 parte
2755 3052 2889 3090 mea
2917 3036 3072 3091 dono
3104 3036 3209 3092 tibi
3240 3054 3416 3094 cauco

1776 3130 2054 3198 argenteo
2096 3128 2323 3183 valente
2370 3130 2473 3184 sol.
2513 3145 2639 3197 xxx,
2682 3132 2741 3183 et
2781 3129 3161 3185 medietatem
3198 3131 3413 3202 ovium,

1774 3220 2153 3292 quasVigilius
2162 3221 2581 3290 adtendit,cum
2594 3224 2823 3295 pastore
2836 3222 3075 3278 nomine
3088 3224 3413 3295 Gaugiulfo.

1778 3314 1964 3370 Simili
1992 3314 2169 3370 modo
2199 3315 2271 3369 de
2306 3315 2601 3372 Latiniaco
2633 3320 2692 3372 et
2711 3316 3061 3385 Balbiniaco,
3080 3313 3218 3373 tam
3242 3319 3414 3374 vestis

1751 3410 1954 3480 {quam
1982 3425 2236 3464 mramen
2260 3410 2349 3463 vel
2376 3410 2650 3479 utinsilia,
2675 3414 2734 3466 et
2759 3411 2828 3466 de
2847 3411 3103 3466 bovebus
3128 3429 3195 3467 ex
3217 3414 3415 3470 omnia

1775 3502 2175 3571 medietatem,
2200 3503 2327 3572 tibi,
2351 3503 2679 3559 dulcissime
2718 3496 2819 3572 ﬁli,
2849 3504 3064 3560 habere
3114 3506 3408 3579 praecipio.

1773 3596 1903 3652 Pari
1932 3596 2265 3652 conditione
2296 3613 2364 3652 ex
2389 3597 2843 3653 demandatione
2888 3598 3060 3653 bona:
3111 3601 3412 3656 memorias

1774 3689 2117 3746 Deorovaldi
2159 3690 2312 3745 dono
2356 3690 2481 3759 tibi,
2516 3691 2843 3746 dulcissime
2888 3691 2988 3760 ﬁli,
3023 3692 3095 3746 de
3142 3693 3409 3763 portione

1775 3785 1898 3856 ejus
1914 3787 1972 3840 et
1987 3784 2058 3839 de
2076 3784 2430 3856 proprietate
2454 3801 2590 3840 mea
2615 3784 2904 3857 mancipia
2928 3784 3016 3841 his
3040 3785 3407 3855 nominebus,

1774 3878 2145 3951 Unnegiselo,
2186 3878 2596 3949 Aunemundo,
2643 3881 2701 3934 et
2736 3879 2884 3935 ﬁlias
2919 3880 3185 3949 Patricio,
3229 3879 3291 3935 id
3324 3884 3412 3936 est

1774 3973 2023 4041 Fedane,
2066 3976 2125 4028 et
2160 3972 2530 4044 Ausegunde,
2559 3974 2619 4027 et
2651 3972 3005 4045 Agnechilde
3036 3976 3095 4029 et
3132 3974 3411 4030 Baccione

1772 4084 1903 4122 cum
1934 4066 2160 4138 gregim
2187 4083 2525 4139 porcorum;
2546 4066 2729 4122 vineae
2750 4067 3063 4139 pedaturas
3089 4068 3252 4137 duas,
3272 4069 3410 4125 sitas

1769 4159 1831 4214 in
1873 4162 2074 4215 monte
2115 4160 2455 4231 Maurilioni,
2495 4178 2638 4234 quas
2679 4161 3113 4217 Theodaharius
3150 4165 3209 4217 et
3246 4163 3409 4219 Gari-

1768 4254 2021 4309 mundus
2048 4255 2264 4309 colunt.
2290 4255 2485 4311 Vineae
2505 4256 2988 4328 pedaturatertia,
3009 4255 3185 4311 sitain
3207 4261 3407 4313 monte

59 4348 162 4399 erat
201 4350 473 4406 nascendi
510 4350 863 4408 conscientia
910 4368 924 4406 :
981 4355 1039 4406 et
1087 4351 1227 4407 illud
1270 4350 1667 4405 membrorum
1767 4347 2116 4416 Metobaure,
2140 4364 2271 4402 cum
2291 4348 2536 4404 vinitore
2566 4350 3072 4407 Guntrachario....
3102 4350 3293 4406 Vineae
3313 4369 3410 4423 pe-

56 4436 259 4495 initium
312 4444 567 4515 primum
612 4445 784 4500 funus
834 4445 1000 4500 discit
1038 4462 1161 4500 esse
1206 4461 1380 4516 quam
1437 4460 1662 4516 corpus.
1768 4441 1973 4496 datura
1999 4445 2225 4512 quarta,
2256 4441 2366 4497 sita
2391 4442 2753 4515 Taurimaco,
2783 4462 2958 4517 quem
2980 4446 3284 4500 Imnerdus
3310 4463 3406 4501 co-

58 4530 455 4593 Occidebantur
492 4538 657 4594 initia
700 4540 1121 4607 membrorum,
1171 4537 1544 4593 minutissimi
1582 4539 1661 4593 la-
1766 4533 1831 4589 lit
1860 4550 1992 4588 cum
2022 4533 2267 4589 vinitore
2285 4533 2642 4605 Munegisilo.
2662 4538 2855 4593 Vinea
2874 4539 3156 4609 pedatura
3182 4538 3404 4612 quinta,

56 4627 271 4699 ctantes,
326 4634 385 4686 et
426 4633 645 4704 accepti
695 4650 729 4688 a
765 4632 1046 4688 matribus
1081 4631 1303 4705 parvuli
1347 4632 1407 4686 in
1450 4629 1869 4717 duritiaDsita
1905 4627 1965 4681 in
1990 4630 2191 4681 monte
2217 4627 2586 4696 Vultoricino,
2619 4645 2794 4700 quem
2845 4630 3031 4687 Sevila
3076 4632 3232 4698 colit,
3273 4650 3407 4688 cum

57 4716 285 4789 lapidum
349 4726 746 4795 vibrabantur,
802 4729 867 4781 ut
902 4726 977 4781 ad
1014 4726 1402 4782 execrandum
1441 4726 1663 4781 malum
1700 4716 1703 4717 ν
1762 4721 2029 4777 vinitore.
2058 4720 2187 4774 Haec
2219 4720 2418 4775 omnia
2450 4737 2624 4791 supra
2654 4720 2863 4775 scribta
2902 4722 3027 4792 tibi,
3075 4726 3406 4782 dulcissime

58 4826 295 4871 saxorum
323 4836 531 4891 aspera
568 4821 751 4875 moles
785 4823 941 4875 artus
976 4823 1296 4892 spargeret.
1336 4821 1403 4874 Et
1430 4822 1664 4875 necatos
1764 4816 1864 4885 ﬁli,
1892 4833 1961 4870 ex
1990 4831 2125 4870 mea
2146 4814 2441 4869 voluntate
2488 4814 2578 4868 vel
2628 4831 2696 4868 ex
2745 4813 3201 4873 demondatione
3261 4822 3406 4876 divae

61 4909 253 4979 excepit
286 4914 491 4969 nolens
539 4915 693 4968 terra
735 4913 1000 4982 conlisos,
1054 4916 1228 4986 atque
1280 4914 1491 4969 iterum
1540 4914 1665 4985 ipsa
1765 4908 2069 4965 memoria:
2086 4907 2425 4964 Deorovaldi
2445 4907 2662 4963 habere
2682 4905 2971 4962 constitui.
2995 4908 3175 4963 Vinea
3206 4912 3314 4968 sita
3344 4915 3405 4969 in

58 5003 369 5062 mortalibus
396 5009 751 5080 sepulturam
788 5008 1052 5080 praebuit,
1087 5008 1185 5079 qui
1226 5008 1453 5079 pridem
1498 5011 1664 5063 natos
1764 5007 1965 5060 monte
1991 5001 2184 5076 463
2212 5003 2603 5074 Me.....quem
2635 4999 3081 5057 Habundancius
3109 5002 3263 5071 colit,
3289 5022 3408 5060 me-

61 5090 180 5149 teste
204 5102 465 5173 suscepit.
499 5102 615 5157 Sub
644 5104 953 5174 conspectu
982 5105 1234 5157 matrum
1251 5102 1667 5175 premebantur
1768 5099 2046 5154 dietatem
2072 5099 2283 5152 sanctae
2314 5096 2633 5151 ecclesiae...
2672 5095 2888 5151 eliense
2918 5094 3056 5150 dare
3088 5096 3357 5167 praecipio
3389 5115 3402 5152 :

60 5188 255 5258 vagitus
294 5195 609 5265 infantum,
662 5198 721 5251 et
770 5197 1055 5268 lacrymas
1105 5213 1235 5251 suas
1272 5196 1333 5251 in
1368 5199 1665 5252 maternos
1767 5193 1944 5249 aliam
1969 5191 2349 5247 medietatem
2376 5190 2449 5245 de
2488 5190 2615 5263 ipsa
2638 5190 2809 5245 vinea
2855 5188 3179 5245 dulcissimo
3207 5191 3406 5262 nepoti

62 5284 228 5339 oculos
247 5290 635 5360 reportabant.
656 5290 914 5346 Salvator
935 5293 1132 5345 noster
1167 5290 1320 5344 inter
1355 5289 1666 5346 infantium
1766 5304 1899 5343 meo
1954 5283 2275 5357 Bertigisilo
2317 5284 2535 5340 habere
2576 5284 2776 5356 jubeo.
2809 5283 3007 5353 Vinea,
3042 5301 3216 5356 quam
3239 5284 3406 5356 Agila

64 5372 239 5433 funera
286 5383 651 5455 quaerebatur
687 5400 700 5438 :
754 5383 854 5455 qui
895 5383 969 5438 ad
1014 5385 1123 5439 hoc
1163 5383 1427 5456 permisit
1459 5401 1563 5457 pro
1607 5401 1667 5439 se
1768 5380 1989 5436 femina
2019 5378 2241 5448 tenuit;
2271 5379 2327 5434 et
2354 5378 2606 5446 vineam,
2637 5394 2814 5449 quam
2830 5377 3226 5433 Imnacharius
3247 5379 3402 5445 colit,

64 5463 281 5528 infantes
307 5477 509 5545 occidi,
540 5481 604 5531 ut
640 5493 744 5549 pro
782 5476 906 5548 ipso
955 5476 1134 5531 ceteri
1174 5476 1462 5532 discerent
1495 5476 1664 5532 mori.
1772 5473 2114 5529 dulcissimae
2154 5473 2310 5545 nepti
2348 5489 2495 5528 meae
2525 5474 2866 5527 Deorovarze
2896 5488 3028 5526 cum
3058 5471 3184 5544 ipso
3214 5475 3404 5528 [mna-

65 5555 315 5623 Natahant
338 5569 545 5625 domus
570 5569 855 5643 sanguine
882 5570 1288 5642 parvulorum;
1313 5585 1422 5624 nec
1444 5569 1553 5623 fuit
1571 5568 1669 5641 qui
1772 5567 1967 5623 chario
1992 5568 2206 5623 habere
2224 5566 2515 5639 praccipio.
2534 5566 2962 5638 Vineaplantas,
2978 5566 3077 5638 qui
3099 5570 3233 5622 sunt
3248 5584 3409 5623 secus

64 5659 566 5719 consolarialterum
595 5667 808 5736 posset,
828 5663 965 5736 quia
988 5679 1107 5719 non
1125 5665 1251 5718 erat
1270 5660 1369 5735 qui
1388 5662 1671 5734 lacrymas

62 5759 161 5801 non
175 5749 421 5812 haberet.
452 5756 664 5813 Invicta
696 5757 913 5815 orbitas
948 5760 1183 5814 cunctos
1215 5758 1565 5829 aequaverat,
1613 5757 1673 5810 et

63 5853 336 5905 commune
346 5851 568 5906 malum
583 5850 794 5925 ubique
804 5852 1051 5909 luctibus
1065 5848 1669 5925 gerebatur.0ppressi

127 5934 191 6008 (a)
211 5939 343 6000 Vide
367 5959 509 6019 pag.
539 5944 660 6004 184.

1770 5661 2001 5717 vineam
2036 5661 2303 5730 Sevilam,
2345 5658 2674 5717 dulcissimo
2720 5659 2917 5733 nepoti
2950 5675 3085 5716 meo
3118 5661 3405 5717 Berterico

1770 5754 1988 5810 habere
2017 5753 2308 5827 praecipio.
2342 5754 2523 5811 Vinea
2551 5771 2726 5828 quem
2745 5754 3097 5811 Vincimalus
3124 5754 3185 5811 in
3206 5758 3406 5811 monte

1770 5846 2120 5906 Vultoricino
2148 5847 2301 5917 colit,
2331 5850 2389 5904 et
2407 5850 2618 5921 puella,
2654 5849 2895 5907 nomine
2916 5848 3326 5921 Sunnechilde,
3350 5849 3408 5903 et
