4014 6230
517 387 620 442 3.3;;

1317 338 1648 441 ᾸΡΡΕΝΒΙΧ
1684 383 1773 438 ΑΙ)
1808 384 2029 438 ΟΡΕΒΑ
2067 383 2301 439 SANCTI
2341 385 2640 441 GERMANI
2679 385 3106 442 PARlSlENSlS.

3791 390 3893 445 436

521 493 729 551 ancilla
754 492 993 550 nomine
1012 492 1227 562 Iveriaa,
1251 508 1382 547 cum
1402 490 1519 547 ﬁlio
1532 488 1791 546 Leudino
1812 488 2161 547 dulcissimae
2181 501 2241 577 Α
2258 492 2458 549 harius
2489 491 2751 549 similiter
2774 508 2907 549 cum
2936 493 3114 549 boves
3144 494 3208 548 ut
3225 492 3494 549 laborent
3509 493 3714 566 jubeo,
3744 496 3897 553 unde

520 606 678 646 noras
702 605 853 645 meae
873 590 1193 644 Bertovarae
1210 586 1424 641 habere
1440 584 1639 656 jubeo.
1662 585 1805 640 Item
1827 584 2155 642 dulcissimo

522 684 719 757 nepoti
743 700 875 739 meo
902 679 1237 752 Bertegisilo
1263 678 1531 733 ichriario
1560 682 1863 750 argenteo,
1898 681 1956 734 et
1985 695 2152 735 man-

522 778 672 851 cipia
701 777 788 832 his
819 774 1183 840 nominebus,
1213 772 1538 842 Sunniulfo,
1573 774 1631 827 et
1670 788 1867 828 sorore
1912 773 2035 845 ejus
2060 772 2154 829 Gi-

521 875 827 943 bethrude,
857 877 916 929 et
942 873 1089 928 ﬁlias
1125 871 1446 941 Anthimio,
1480 875 1539 927 et
1563 871 1683 928 ﬁlio
2066 890 2156 929 nae

514 972 747 1045 juniore
796 969 1012 1024 habere
1058 966 1364 1022 constituo.
1410 966 1577 1039 Nepti
1628 983 1777 1022 meae
1817 969 2157 1023 Deorovarae

521 1066 758 1122 scutella
788 1064 1069 1133 argentea
1097 1060 1427 1130 cruciolata,
1456 1064 1515 1116 et
1534 1060 1823 1133 mancipia
1851 1061 1940 1115 his
1965 1061 2156 1116 nomi-

520 1160 722 1225 nebus,
757 1155 1166 1213 Tanechildem
1210 1156 1678 1226 Imnegunthem,
1719 1155 2153 1228 Imnegisilum;

518 1256 579 1310 et
600 1251 838 1308 lectaria
865 1251 939 1306 ad
964 1251 1114 1305 lecto
1142 1265 1258 1305 uno
1286 1249 1384 1320 qui
1411 1249 1624 1304 melior
1647 1248 1841 1317 fuerit,
1876 1252 1934 1304 et
1974 1238 2156 1320 puero

520 1346 759 1402 nomine
798 1343 1192 1411 Gundofredo,
1227 1344 1287 1398 et
1332 1342 1541 1398 ancilla
1588 1343 1825 1399 nomine
1867 1342 2155 1413 Theigun-

521 1441 679 1508 dem,
736 1455 963 1495 necnon
995 1441 1054 1493 et
1091 1438 1283 1509 puella
1324 1437 1559 1492 nomine
1587 1436 2005 1491 Andechildem
2032 1436 2158 1492 dari

520 1533 827 1591 constituo.
860 1530 1200 1589 Dulcissimo
1240 1531 1437 1603 nepoti
1472 1546 1604 1586 meo
1633 1530 1938 1599 Berterico,
1978 1547 2157 1601 puero

520 1627 758 1685 nomine
785 1624 1099 1697 Medigisilo
1133 1625 1347 1681 habere
1368 1624 1568 1696 jubeo.

591 1721 857 1778 Baselicis
886 1718 1207 1776 constitutis
1226 1718 1493 1787 Parisius,
1522 1718 1581 1772 id
1618 1721 1705 1771 est
1737 1716 2003 1773 baselicaa
2035 1735 2160 1773 san-

521 1817 596 1873 cti
614 1815 789 1883 Petri,
816 1814 977 1870 urcio
999 1815 1277 1883 argenteo
1298 1814 1526 1867 valente
1549 1811 1780 1867 soledus
1795 1810 2074 1879 duodece,
2101 1814 2159 1866 et
2177 1880 2216 1883 _
2260 1812 2601 1866 libertorum
2642 1824 2912 1864 meorum
2951 1824 3209 1863 nomena
3234 1808 3293 1864 in
3324 1851 3338 1864 .

2259 589 2451 644 oblata
2491 587 2563 643 ad
2604 586 2853 643 baselica
2891 586 3073 644 sancti
3120 586 3441 643 Sinsuriani
3479 605 3586 660 pro
3628 590 3897 663 requiem

2257 682 2602 738 Deorovaldi
2648 681 2940 738 oﬁ‘eretur.
2973 680 3159 738 Simili
3184 683 3363 737 modo
3388 683 3571 740 vineae
3611 684 3900 756 pedatura

2259 794 2394 845 una,
2427 777 2535 833 sita
2561 775 2920 844 Tauriniaco,
2948 780 3006 832 et
3031 792 3207 848 quem
3232 776 3415 849 Pinpo
3445 778 3601 847 colit,
3632 778 3901 836 baselicas

2256 871 2557 928 Domni....
2582 870 2745 942 eorgi
2772 869 3037 941 (Georgii)
3067 870 3232 926 Cal...
3260 870 3432 943 (Gala)
3454 871 3579 927 dari
3600 873 3899 945 praecipio.

2256 967 2450 1023 Vineae
2494 964 2777 1036 pedatura
2806 981 2942 1033 una,
2972 964 3080 1019 sita
3112 964 3171 1041 in
3217 967 3416 1020 monte
3457 966 3692 1034 Buxata,
3724 983 3903 1039 quem

2255 1061 2449 1118 Juvius
2477 1058 2631 1127 colit,
2670 1057 2909 1113 ecclisias
2939 1057 3368 1114 Boninsiacinse
3413 1059 3539 1115 dari
3586 1061 3899 1116 constituo.

2258 1155 2456 1222 Vinea,
2487 1169 2661 1225 quem
2688 1151 2922 1208 Uvassio
2949 1152 3105 1221 colit,
3137 1168 3268 1208 cum
3292 1151 3416 1225 ipso
3446 1153 3782 1210 Uvassione.
3828 1195 3842 1208 .
3886 1195 3898 1209 .

2260 1358 2434 1414 quem
2470 1383 2483 1396 .
2530 1382 2541 1396 .
2588 1382 2600 1395 .
2648 1382 2660 1394 .
2707 1381 2720 1395 .
2766 1381 2779 1394 .
2825 1381 2837 1394 .
2883 1381 2895 1393 .
2925 1340 3114 1395 colere
3139 1340 3367 1409 debeat,
3401 1340 3666 1397 baselicae
3696 1342 3901 1399 domni

2259 1434 2599 1492 Sinsuriani.
2644 1475 2657 1488 .
2702 1474 2715 1489 .
2761 1474 2775 1489 .
2820 1475 2833 1488 .
2878 1475 2892 1487 .
2937 1474 2950 1487 .
2996 1473 3008 1488 .
3051 1433 3245 1489 oblata
3296 1475 3309 1490 .
3355 1476 3369 1489 .
3413 1476 3426 1490 .
3470 1476 3484 1489 .
3529 1477 3542 1490 .
3587 1477 3601 1490 .
3648 1477 3660 1491 .
3706 1477 3721 1491 .
3775 1436 3901 1492 dari

2259 1529 2564 1585 constituo.
2579 1527 2772 1582 Vineae
2787 1526 3071 1598 pedatura
3082 1543 3216 1595 una,
3232 1527 3339 1583 sita
3356 1528 3415 1583 in
3434 1532 3633 1584 monte
3661 1529 3900 1597 Blixata,

2260 1641 2437 1696 quem
2466 1621 2826 1677 Leudefredo
2856 1620 3009 1689 colit,
3032 1620 3292 1677 baselicae
3321 1622 3501 1677 sancti
3534 1664 3547 1677 .
3593 1664 3605 1677 .
3652 1664 3665 1677 .
3711 1664 3725 1677 .
3774 1664 3786 1677 .
3817 1640 3902 1679 ar-

2263 1717 2366 1772 tini
2391 1717 2535 1789 (Leg.
2568 1714 2815 1785 Martini)
2856 1714 2907 1769 ci
2938 1718 3181 1785 perente
3222 1715 3347 1771 dari
3379 1716 3559 1787 jubeo
3592 1757 3605 1772 .
3653 1759 3666 1771 .
3712 1758 3724 1771 .
3775 1758 3790 1770 .
3830 1758 3842 1771 .
3887 1757 3901 1772 .

3384 1851 3398 1865 .
3444 1851 3459 1865 .
3501 1852 3514 1866 .
3543 1813 3903 1867 testamento

518 1912 655 1967 ﬁbla
681 1880 856 1965 aurea
899 1880 1195 1979 gemmata
1222 1906 1296 1961 ad
1322 1908 1521 1960 mento
1548 1904 1675 1959 dari
1719 1905 2025 1961 constituo.
2051 1906 2156 1961 Ba-
2177 1880 2234 1952 Β
2257 1905 2393 1960 abin
2425 1945 2438 1960 .
2484 1946 2497 1959 .
2543 1944 2557 1959 .
2602 1944 2615 1958 .
2663 1945 2676 1958 .
2709 1902 2783 1957 eti
2828 1901 3113 1957 constituo
3156 1902 3585 1975 Medibergane,
3619 1905 3901 1971 Honorio,

520 2005 707 2061 selicse
729 2003 961 2057 domnae
990 2000 1176 2056 Mariae
1205 2003 1444 2071 gravata
1475 2001 1754 2070 argentea
1788 2000 2017 2054 valente
2049 2000 2152 2055 sol.

522 2097 801 2165 duodece,
831 2098 891 2148 et
918 2111 1084 2149 cruce
1118 2110 1296 2149 aurea
1320 2094 1549 2148 valente
1571 2093 1675 2148 sol.
1699 2095 1881 2163 septe,
1913 2092 2038 2147 dari
2061 2093 2154 2164 ju-

518 2192 648 2246 beo.
680 2188 946 2244 Baselicae
973 2187 1173 2243 domni
1199 2186 1422 2243 Stefani
1443 2187 1615 2242 anolo
1652 2203 1829 2241 aureo
1882 2185 2156 2257 nigellato

518 2285 745 2340 valente
766 2283 870 2338 sol.
905 2284 1174 2354 quatuor,
1203 2280 1329 2336 dari
1357 2281 1506 2335 volo.
1536 2278 1786 2335 Basilicae
1805 2279 2008 2335 domni
2027 2280 2161 2335 Ger-

518 2378 638 2434 vasi
673 2379 844 2433 anolo
885 2392 1084 2442 aureo,
1136 2391 1355 2430 nomen
1388 2390 1588 2429 meum
1636 2373 1693 2429 in
1733 2390 1794 2428 se
1843 2373 2158 2429 habentem

517 2472 813 2538 scribtum,
843 2469 967 2526 dari
993 2468 1286 2540 prazcipio.
1312 2467 1578 2522 Baselicae
1618 2467 1800 2522 sancti
1840 2467 2161 2523 Sinsuriani

522 2564 675 2637 (Sic),
693 2563 754 2619 in
785 2580 900 2635 qua
929 2563 1098 2617 bona:
1125 2560 1544 2617 recordationis
1574 2560 1722 2616 ﬁlius
1748 2577 1913 2615 meus
1942 2562 2159 2617 Deoro-

518 2658 717 2713 valdus
741 2655 1069 2728 requiescit,
1099 2656 1267 2710 freno
1296 2655 1523 2717 valente
1549 2655 1653 2710 sol.
1688 2654 1968 2721 duodece,
1997 2658 2056 2709 et
2074 2671 2164 2709 ca-

518 2751 673 2807 ballo
702 2753 902 2817 strato,
933 2752 992 2805 et
1016 2764 1254 2804 carruca
1270 2747 1329 2802 in
1350 2764 1466 2819 qua
1487 2747 1690 2803 sedere
1710 2746 2000 2815 consuevi,
2027 2764 2161 2802 cum

519 2845 694 2901 boves
716 2861 730 2911 ;
754 2845 813 2899 et
858 2842 1095 2899 lectaria
1124 2859 1257 2898 cum
1289 2841 1450 2897 omni
1485 2844 1737 2896 stratura
1760 2857 1883 2909 sua,
1914 2858 2019 2914 pro
2060 2842 2160 2896 de-

519 2938 750 2995 votione
778 2952 911 2993 mea
936 2939 995 2992 et
1038 2936 1300 3008 requiem
1333 2934 1675 2991 Deorovaldi
1705 2934 1829 2989 dari
1870 2934 2160 3007 pracipio.

519 3032 649 3088 Alia
678 3046 916 3089 carruca
942 3045 1074 3084 cum
1120 3030 1296 3085 boves
1326 3029 1413 3084 vel
1442 3027 1604 3085 omni
1641 3030 1893 3083 stratura
1920 3045 2041 3097 sua,
2069 3046 2162 3084 ec-

522 3125 695 3181 clisiaa
731 3123 838 3180 vici
884 3122 1289 3179 Boniciacinsis
1318 3122 1444 3177 dari
1472 3121 1672 3193 jubeo.
1700 3121 1977 3177 Similiter
2003 3121 2163 3177 villa-

521 3236 668 3287 rem,
716 3217 806 3273 cui
843 3216 1186 3272 vocabulum
1225 3219 1311 3271 est
1345 3216 1626 3281 Volonno,
1668 3231 1798 3269 cum
1837 3214 2163 3286 adiacentia

522 3328 646 3380 sua,
669 3327 841 3382 supra
876 3309 1099 3365 scribta:
1135 3307 1373 3365 ecclisim
1401 3307 1807 3376 Bonisiacinse,
1837 3325 1942 3380 pro
1966 3325 2159 3363 reme-

523 3405 684 3461 dium
730 3403 945 3460 animae
985 3418 1132 3458 mea:
1174 3403 1390 3458 habere
1425 3402 1719 3474 praecipio.
1772 3405 2160 3459 Sacrosanctae

523 3498 777 3553 ecclesiae
803 3496 1047 3553 civitatis
1072 3496 1424 3552 Parisiorum
1455 3496 1721 3552 missorio
1749 3497 2048 3567 argenteo,
2067 3511 2161 3551 va-

522 3593 679 3647 lente
734 3593 836 3647 sol.
884 3589 1325 3662 quinquaginta,
1376 3590 1503 3645 dari
1560 3589 1850 3661 principio.
1891 3589 2159 3644 Baselicaa

524 3688 736 3742 sancte:
765 3686 973 3742 Cruces
1004 3686 1091 3738 vel
1122 3683 1335 3739 Domni
1358 3683 1620 3738 Vincenti
1661 3682 1931 3738 cocliaria
1957 3699 2162 3754 argen-

524 3783 619 3835 tea
648 3780 788 3835 dece
815 3778 941 3834 dari
956 3778 1156 3849 jubeo.
1178 3777 1439 3833 Lectaria
1462 3793 1567 3848 par
1588 3792 1724 3844 uno,
1751 3778 1811 3831 et
1836 3775 2163 3832 vestimenti

524 3873 641 3929 mei
670 3874 901 3945 pareclo
929 3887 1045 3926 uno
1074 3871 1349 3927 fratribus
1375 3871 1450 3926 ad
1473 3869 1664 3925 minsa
1693 3870 1957 3925 baselica:
1980 3870 2165 3925 sancti

526 3966 748 4023 Dionisi
798 3965 922 4020 dari
966 3965 1257 4037 praecipio.
1289 3964 1417 4019 Alia
1452 3965 1673 4035 pariclo
1717 3963 2049 4019 vestimenti
2089 3963 2165 4020 ad

525 4060 649 4115 vico
680 4058 978 4114 Bonisiaca
1014 4058 1288 4114 fratribus
1318 4056 1442 4112 dari
1471 4056 1663 4130 464
1690 4058 1995 4113 constituo.
2029 4058 2163 4112 Ter-

530 4153 609 4208 tio
641 4151 855 4224 pariclo
891 4151 1222 4208 vestimenti
1262 4150 1472 4207 Emilia
1514 4151 1588 4205 ad
1632 4150 1755 4205 vico
1797 4150 1921 4206 dari
1963 4150 2163 4222 jubeo.

528 4250 673 4302 Item
704 4263 807 4318 pro
834 4246 1161 4302 remedium
1194 4260 1415 4299 anemae
1445 4260 1610 4313 meae,
1631 4245 1721 4298 vel
1752 4261 1818 4299 ex
1847 4244 2166 4300 demanda-

527 4340 691 4397 cione
707 4341 877 4396 bonae
894 4338 1322 4396 recordacionis
1342 4338 1422 4392 ﬁli
1442 4338 1559 4393 mei
1579 4338 1923 4393 Deorovaldi
1947 4338 2164 4406 villam,

529 4431 619 4487 cui
646 4431 989 4487 vocabulum
1019 4431 1107 4483 est
1130 4426 1445 4495 Latiniaco,
1480 4426 1588 4482 sita
1621 4426 1682 4482 in
1708 4428 2002 4483 territurio
2031 4429 2169 4483 Mel-

528 4525 712 4594 dinse,
735 4541 869 4579 cum
884 4521 1121 4593 campis,
1145 4520 1433 4576 colonecis
1452 4521 1526 4577 ad
1544 4521 1752 4577 eadem
1786 4522 2166 4594 pertinentes,

2255 1997 2712 2064 Gundileubane,
2755 1995 2952 2064 Piane,
2996 1996 3326 2052 Sumthulfo
3370 1996 3721 2066 Ciuccirane,
3773 1998 3903 2054 Hic-

2257 2092 2537 2159 chicione,
2558 2092 2717 2146 Maxa
2768 2106 2943 2163 uxore
2979 2090 3322 2162 Chioberga,
3355 2090 3696 2160 Sinderedo,
3727 2092 3907 2163 Angi-

2258 2188 2413 2253 lone,
2458 2183 2818 2240 Leudefredo
2846 2172 2989 2238 eum
3032 2200 3207 2240 uxore
3243 2185 3621 2252 Vuandilone,
3651 2185 3904 2242 Chaide-

2260 2296 2426 2348 runa,
2451 2278 2821 2344 Childeruna,
2852 2278 3292 2350 Thrasteberga,
3324 2278 3784 2348 Theodachario,
3812 2279 3904 2334 Vi-

2262 2374 2397 2445 gilio
2424 2390 2559 2428 cum
2585 2388 2759 2427 uxore
2785 2372 3067 2439 Sunnine,
3094 2373 3317 2443 Agione
3344 2389 3474 2428 cum
3492 2373 3609 2429 ﬁlio
3627 2390 3731 2430 suo
3749 2374 3907 2430 Gari-

2262 2468 2421 2535 lulfo,
2448 2465 2767 2522 Vincimalo
2810 2482 2943 2520 cum
2988 2482 3162 2522 uxore
3201 2467 3493 2535 Maurella,
3520 2467 3733 2522 Mellita
3772 2483 3903 2523 cum

2261 2562 2378 2617 ﬁlio
2409 2578 2511 2616 suo
2532 2559 2786 2631 juniore,
2815 2559 3098 2616 Coccione
3123 2576 3254 2615 cum
3295 2561 3414 2615 ﬁlio
3463 2577 3563 2616 suo
3604 2560 3902 2632 Daigisilo,

2260 2655 2545 2711 Mudilane
2576 2670 2707 2709 cum
2735 2653 2865 2708 ﬁliis
2894 2652 3009 2709 suis
3036 2653 3372 2725 Munegisilo
3400 2656 3459 2708 et
3492 2654 3901 2722 Monechrude,

2260 2748 2569 2815 Acchione,
2603 2749 2858 2810 Bonane,
2886 2746 3331 2815 Leubosaintho,
3361 2746 3586 2804 Gibulfo
3608 2748 3727 2803 ﬁlio
3748 2748 3902 2820 Vigi-

2262 2842 2360 2897 lio.
2392 2844 2805 2909 Dommoruna,
2837 2840 3289 2908 Childerimane,
3324 2840 3566 2909 Basone,
3608 2842 3905 2913 Childegi-

2263 2936 2402 3003 selo,
2437 2934 2880 3006 Childegunthe.
2914 2934 3229 2990 Chrodulfo
3260 2976 3273 2990 .
3319 2976 3332 2990 .
3380 2977 3395 2991 .
3441 2977 3454 2991 .
3479 2933 3669 3008 465
3704 2936 3909 2992 Sinde-

2262 3029 2551 3100 bergane,'
2598 3027 2976 3095 Monechilde,
3028 3029 3301 3095 Eterno,
3356 3028 3744 3096 Bauderuna;
3804 3029 3907 3085 hos

2265 3139 2471 3177 omnes
2523 3137 2655 3176 cum
2686 3121 2849 3176 omni
2895 3120 3187 3192 peculiare
3228 3138 3450 3189 eorum,
3498 3125 3619 3177 tam
3656 3124 3905 3191 areolas,

2264 3215 2556 3287 hospitio],
2581 3215 2916 3283 ahortellus,
2943 3216 3032 3269 vel
3052 3214 3327 3285 vineolas,
3357 3219 3416 3270 et
3434 3232 3565 3271 eum
3586 3216 3645 3271 id
3660 3217 3825 3287 quod
3850 3217 3909 3271 in

2264 3308 2609 3382 quibuslibet
2635 3309 2808 3363 rebus
2836 3308 3052 3365 habere
3082 3307 3368 3377 videntur,
3401 3309 3613 3365 liberos
3662 3309 3905 3365 liberas-

2261 3420 2371 3475 que
2403 3420 2527 3458 esse
2553 3402 2854 3474 praecipio;
2888 3406 2946 3456 et
2962 3401 3245 3474 quidquid
3272 3402 3478 3458 exinde
3507 3404 3696 3459 facere
3714 3405 3909 3459 volue-

2260 3497 2396 3565 rint,
2424 3496 2679 3551 habeant
2706 3495 2954 3551 liberam
2985 3498 3355 3567 potestatem.

2333 3590 2612 3647 Similiter
2650 3589 2978 3645 Mumolane
3013 3607 3145 3644 cum
3178 3589 3340 3645 omni
3366 3589 3656 3662 peculiare
3684 3607 3789 3646 suo
3818 3591 3904 3646 in-

2264 3701 2521 3756 genuum
2544 3700 2669 3739 esse
2685 3682 2956 3755 praecipio
2981 3700 2994 3739 :
3015 3683 3329 3739 luminaria
3341 3687 3569 3739 tantum
3582 3685 3640 3739 in
3667 3686 3908 3741 ecclesia

2264 3777 2562 3833 Bonisiaca
2608 3776 2937 3832 ministrare
2988 3777 3235 3833 stodeat.
3276 3778 3719 3834 Vualacharium
3774 3796 3907 3834 cum

2264 3871 2429 3926 omni
2460 3870 2749 3943 peculiare
2772 3887 2896 3938 suo,
2912 3873 3124 3925 etcum
3141 3871 3317 3926 boves
3339 3888 3483 3942 quos
3498 3872 3734 3943 bajolat,
3751 3872 3911 3944 inge-

2266 3982 2448 4021 nuum
2471 3982 2540 4020 ea
2570 3963 2910 4020 condicione
2938 3980 3062 4019 esse
3084 3964 3285 4035 jubeo,
3314 3968 3378 4019 ut
3402 3964 3559 4037 ligna
3578 3969 3807 4021 tantum
3836 3967 3910 4021 ad

2267 4059 2459 4115 oblata
2485 4058 2819 4113 faciendum
2844 4057 3174 4114 ministrare
3207 4062 3496 4130 procuret.
3538 4060 3909 4116 Gundefredo

2267 4169 2397 4208 cum
2422 4152 2598 4208 boves
2615 4151 2761 4207 duos
2786 4151 3050 4207 laborare
3072 4151 3362 4225 principio,
3387 4153 3542 4208 unde
3568 4170 3699 4209 cera
3719 4154 3795 4209 ad
3815 4155 3912 4209 ba-

2269 4246 2440 4302 selica
2488 4246 2691 4303 domni
2735 4245 3054 4302 Sinsuriani
3099 4232 3488 4318 comparetur.
3543 4246 3909 4316 Martiniano,

2267 4339 2647 4396 Theoderuna
2686 4356 2818 4395 cum
2856 4338 2974 4395 ﬁlio
3018 4357 3120 4395 suo
3156 4339 3406 4407 seniore,
3440 4357 3572 4396 cum
3619 4342 3913 4413 peculiare

2270 4451 2493 4501 eorum,
2516 4433 2660 4489 sicut
2677 4450 2849 4505 supra
2871 4433 3062 4488 scribti
3075 4434 3461 4502 benemereti,
3484 4435 3773 4507 ingenuos
3785 4453 3910 4492 esse

2262 4527 2461 4598 jubeo.
2494 4526 2677 4582 Simili
2702 4526 2877 4582 modo
2907 4543 3012 4598 pro
3058 4527 3383 4582 remedium
3415 4528 3629 4583 animae
3658 4545 3825 4595 meas,
3854 4533 3913 4583 et

528 4636 661 4674 cum
692 4618 871 4691 pratis
900 4614 1143 4688 pascuis,
1174 4613 1345 4683 silvis,
1368 4616 1457 4670 vel
1484 4615 1646 4682 omni
1665 4615 1799 4687 jure
1829 4619 1887 4672 et
1916 4616 2167 4672 termino
2187 4623 2247 4696 D
2271 4637 2338 4674 ex
2363 4619 2817 4675 demandatione
2846 4620 2927 4675 ﬁli
2943 4620 3059 4676 mei
3084 4621 3446 4689 Deorovaldi,
3478 4621 3736 4694 Gygone,
3778 4623 3912 4694 Sep-

530 4730 653 4781 suo,
686 4711 821 4784 quia
841 4710 901 4764 in
927 4708 1193 4781 portione
1222 4725 1393 4780 supra
1418 4709 1729 4765 memorati
1753 4709 1855 4764 ﬁlii
1882 4709 1999 4764 mei
2019 4710 2166 4765 Deo-

528 4804 751 4862 rovaldi
798 4802 1058 4870 obvenit,
1108 4819 1241 4857 cum
1286 4803 1448 4858 omni
1504 4803 1837 4875 integritate
1903 4802 2167 4858 baselicae

531 4898 717 4955 sancti
741 4895 1080 4965 Sinsuriani,
1115 4896 1212 4951 ubi
1244 4898 1539 4969 sepultura
1567 4897 1785 4952 habere
1829 4894 2166 4965 dinuscitur,

531 5008 635 5065 pro
665 4990 927 5063 requiem
951 4990 1074 5062 ejus
1101 4990 1228 5046 dari
1248 4991 1539 5063 praecipio.
1569 4988 1849 5045 Similiter
1880 4989 2167 5060 porcario,

532 5084 768 5140 nomine
797 5084 1096 5153 Gudilane,
1143 5102 1275 5140 cum
1308 5084 1534 5157 gregim
1567 5099 1895 5154 porcorum,
1929 5086 1988 5138 et
2026 5084 2167 5139 Bau-

533 5180 774 5235 domere
797 5195 928 5235 cum
951 5179 1176 5252 gregim
1201 5178 1414 5246 ovium,
1439 5181 1496 5232 et
1516 5180 1723 5249 troppo
1743 5178 2168 5249 jumentorum,

531 5274 631 5347 qui
663 5277 796 5329 sunt
825 5274 898 5329 ad
928 5290 1102 5346 supra
1145 5272 1357 5343 scripta
1386 5271 1518 5326 villa
1552 5270 1866 5341 Latiniaco,
1908 5271 2169 5345 supradi-

530 5371 636 5424 ctae
656 5367 920 5423 baselicze
945 5366 1127 5423 sancti
1158 5364 1481 5421 Sinsuriani
1500 5364 1717 5421 habere
1734 5365 1933 5438 jubeo.

604 5463 882 5521 Goderico
912 5467 971 5518 et
993 5460 1316 5517 Gunderico
1343 5460 1404 5516 in
1433 5477 1607 5533 supra
1632 5460 1908 5533 scriptam
1953 5462 2169 5530 villam,

532 5573 705 5629 quem
731 5557 997 5613 baselicae
1019 5554 1222 5611 domni
1247 5554 1569 5612 Sinsuriani
1597 5554 1866 5627 deligavi,
1899 5555 1980 5611 ita
1992 5556 2172 5628 jubeo

532 5654 594 5707 ut
622 5652 908 5719 laborent,
943 5650 1097 5705 unde
1133 5648 1207 5705 ad
1257 5648 1382 5720 ipsa
1425 5647 1676 5704 basileca
1714 5649 1909 5705 oblata
1950 5648 2174 5705 cotidie

531 5744 909 5800 ministretur.
932 5743 1211 5799 Leudnlfo
1229 5759 1361 5798 cum
1378 5741 1567 5812 vinea,
1596 5759 1771 5815 quem
1795 5742 2063 5799 Sabucito
2085 5759 2177 5798 co-

525 5839 611 5902 lit,
641 5836 715 5889 ad
745 5836 1020 5904 oraturio,
1051 5837 1150 5908 qui
1179 5838 1266 5893 est
1291 5836 1351 5892 in
1382 5836 1515 5893 villa
1546 5835 1860 5904 Latiniaco,
1895 5836 2048 5892 unde
2074 5836 2175 5893 ibi-

532 5929 667 5983 dem
702 5928 895 5983 oblata
916 5932 1199 5998 occurrat,
1229 5930 1355 5986 dari
1379 5930 1528 5986 volo.
1555 5929 1887 5998 Baudulfus,
1912 5929 2177 5987 Sumtha-

2268 4713 2469 4768 teredo
2486 4729 2618 4768 cum
2642 4730 2820 4769 uxore
2846 4714 3174 4783 Goderuna,
3201 4715 3612 4784 Theodonivia,
3636 4716 3913 4772 Baudoni-

2267 4807 2378 4875 via,
2406 4808 2647 4875 Carane,
2678 4806 2922 4862 Patricio
2958 4824 3090 4862 cum
3122 4826 3297 4865 uxore
3335 4809 3600 4878 Eusebia,
3635 4810 3910 4881 Dagarico

2269 4918 2400 4955 cum
2427 4917 2601 4955 uxore
2636 4900 2944 4968 Aurovefa,
2977 4900 3332 4970 Ciuncileno,
3374 4903 3759 4958 Blidemundo
3781 4920 3913 4957 cum

2269 4994 2387 5049 ﬁlia
2425 4993 2796 5061 Blidechilde,
2827 4994 3172 5065 Manileubo,
3224 4996 3537 5065 Trasilane,
3583 4996 3911 5061 Eumundo,

2270 5086 2574 5142 Imneredo
2632 5103 2764 5142 cum
2807 5103 2982 5142 uxore
3030 5088 3280 5160 Torigia,
3340 5089 3643 5157 Chadulfo,
3694 5090 3911 5158 Aridia,

2228 5188 2243 5199 ’
2270 5181 2613 5249 Rocculane,
2645 5180 2986 5250 Babiccono,
3004 5182 3353 5238 Gunthivera
3377 5200 3391 5251 ;
3415 5183 3522 5239 hos
3553 5200 3756 5239 omnes
3781 5201 3912 5239 cum

2273 5273 2434 5329 omni
2462 5274 2771 5345 peculiare,
2806 5278 2929 5330 tam
2965 5277 3208 5344 areolas,
3258 5293 3435 5348 quam
3472 5277 3806 5350 hospiciola,
3832 5277 3911 5332 vi-

2274 5368 2470 5424 neolas
2497 5369 2585 5423 vel
2607 5368 2905 5438 hortellus,
2939 5386 3070 5425 cum
3088 5370 3148 5425 id
3175 5371 3330 5441 quod
3351 5372 3625 5443 praesenti
3650 5375 3913 5443 tempore

2273 5462 2488 5517 habere
2518 5462 2806 5528 videntur,
2833 5462 3123 5535 ingenuus
3146 5480 3269 5520 esse
3304 5466 3613 5533 constituo,
3636 5464 3913 5521 Baudulfo

2274 5558 2333 5611 et
2347 5556 2781 5627 Sumthahario,
2810 5573 2942 5613 cum
2972 5558 3148 5613 boves
3173 5574 3320 5631 quos
3338 5559 3622 5632 bajolant,
3649 5558 3915 5615 laborare

2273 5650 2563 5723 praecipio,
2590 5650 2744 5707 unde
2766 5650 2961 5707 oblata
2989 5651 3062 5707 ab
3086 5652 3340 5708 baselica
3365 5653 3574 5709 Domni
3594 5652 3918 5710 Sinsuriani

2268 5744 2490 5817 jugiter
2514 5744 2895 5801 ministretur.
2941 5745 3029 5801 Ita
3070 5746 3165 5813 do,
3194 5746 3276 5802 ita
3303 5745 3442 5818 ligo,
3481 5746 3561 5803 ita
3607 5749 3809 5815 testor,
3838 5746 3916 5802 ita

2277 5854 2377 5892 vos
2404 5838 2549 5893 mihi
2579 5837 2814 5904 Quiritis
2852 5838 3252 5895 testimonium
3289 5840 3683 5913 perhibetote;
3733 5840 3913 5903 citeri,

2277 5931 2584 6004 citeraaque
2607 5931 2875 6005 proximi,
2902 5932 3640 6007 proximasque,,exheredis
3669 5934 3820 5992 mihi
3838 5952 3915 5991 es
