4014 6230
125 344 207 396 i3?
764 340 853 398 AD
896 341 1384 398 PRzECEDBNTlA
1424 342 1755 399 LITURGLE
1793 342 2208 400 MONL'MENTA
2246 345 2583 402 APPENDIX
2621 346 2848 403 PRIMA.

3386 354 3490 409 438

118 460 228 513 toto
255 472 269 510 :
302 454 636 529 proculque
660 453 935 511 habetote
967 452 1012 509 si
1041 470 1171 526 qua:
1194 452 1380 508 liturae
1405 453 1493 507 vel
1526 469 1757 511 caraxa-
1782 461 1842 536 Α
1866 452 2178 509 Germania
2204 454 2388 509 Pratis
2413 470 2565 518 mss.,
2593 456 2753 520 ibid.,
2788 458 2849 511 in
2883 454 3043 512 Coma
3074 458 3329 532 Domini).
3363 461 3499 518 Post

123 558 252 609 ture
276 549 335 605 in
368 550 485 606 hoc
514 552 866 606 testamento
896 565 1030 605 meo
1063 551 1216 617 sunt,
1239 565 1349 619 ego
1376 548 1485 603 feci
1515 548 1758 624 fierique

122 644 374 719 praecipi,
421 644 573 699 dum
619 643 764 699 mihi
810 644 1017 716 smpius
1058 642 1212 699 volui
1263 640 1570 698 recenseri.
1610 642 1761 699 Addi

123 741 285 796 etiam
324 739 630 808 constitui,
668 738 714 793 si
749 738 876 810 quis
914 741 1115 794 contra
1153 738 1308 793 hunc
1343 740 1758 793 testamentum

123 833 303 889 venire
322 832 600 901 voluerit,
626 836 724 888 aut
741 834 1102 889 voluntatem
1128 847 1322 887 meam
1345 830 1403 885 in
1426 830 1619 903 aliquo
1642 848 1761 887 cor-

122 944 381 1000 rumpere
407 927 808 999 temptaverit,
843 944 877 981 a
903 925 1315 982 communione
1342 925 1607 981 omnium
1627 942 1757 981 san-

124 1028 334 1079 ctorum
363 1024 424 1076 et
455 1038 491 1075 a
518 1020 846 1076 limenebus
872 1020 1243 1075 ecclesiarum
1263 1020 1561 1075 efﬁceatur
1581 1021 1763 1076 extra-

124 1134 272 1183 neus,
309 1119 367 1171 et
402 1115 652 1187 insuper
686 1117 821 1170 ante
854 1115 1105 1170 tribunal
1131 1114 1343 1170 Christi
1367 1113 1761 1170 anathimatus

125 1211 479 1282 permaneat.
497 1211 705 1264 Actum
725 1207 976 1264 Parisius
996 1209 1100 1264 sub
1118 1208 1211 1263 die
1228 1211 1287 1263 et
1302 1211 1565 1280 tempore
1587 1224 1761 1281 supra

122 1304 340 1375 scripto.
357 1302 614 1374 Signum
626 1310 664 1375 -ι-
680 1302 1165 1359 Erminethrudiae
1187 1301 1510 1365 testatricis.
1534 1301 1572 1364 -Ῑ-
1586 1304 1762 1359 Mum-

123 1398 296 1453 molus
343 1413 529 1464 com.,
579 1400 825 1469 rogante
870 1400 929 1451 et
976 1399 1260 1468 praesente
1309 1396 1758 1464 Ermenthrude,

122 1493 262 1546 hunc
283 1492 709 1546 testamentum
738 1491 889 1545 subs.
915 1490 1166 1562 Scupilio
1189 1489 1492 1562 spatarius,
1515 1492 1759 1561 rogante

124 1584 625 1653 Erminethrudite,
652 1584 785 1639 huic
813 1586 1231 1638 testamentum
1261 1582 1413 1637 subs.
1443 1600 1540 1638 no.
1574 1582 1666 1637 die
1704 1584 1763 1637 et

121 1695 264 1732 anno
305 1678 522 1749 quibus
562 1694 754 1749 supra.
788 1676 1194 1748 Munegiselus,
1231 1678 1476 1747 rogante
1518 1679 1575 1730 et
1612 1691 1759 1747 prte-

122 1775 270 1827 sente
296 1771 839 1838 Ermminethrude,
862 1772 1016 1825 hunc
1044 1772 1463 1825 testamentum
1486 1772 1615 1825 test.
1635 1811 1647 1823 .
1673 1810 1685 1823 .
1708 1810 1721 1823 .
1744 1810 1757 1823 .

124 1882 209 1920 no.
236 1864 329 1919 die
364 1868 426 1920 et
452 1864 654 1938 466
683 1835 837 1919 anno
871 1864 1077 1936 quibus
1104 1880 1298 1936 supra.
1338 1862 1761 1917 Baudacharius
1782 1835 1838 1907 Β

125 1959 386 2014 defensor
420 1960 580 2013 subs.
611 1959 888 2014 Eusebius
928 1960 1164 2030 rogatus
1206 1958 1278 2013 ab
1311 1956 1761 2012 Erminethrude

124 2054 263 2108 hunc
293 2055 716 2109 testamentum
750 2054 969 2125 scripsi,
1004 2052 1183 2124 relegi
1213 2055 1272 2107 et
1299 2051 1450 2106 subs.

186 2150 266 2203 Ea:
290 2150 618 2203 testamento
641 2150 818 2204 sancti
844 2149 1074 2216 Remigii
1090 2148 1410 2203 Rhemorum
1432 2146 1687 2216 episcopi.

186 2243 291 2296 Vas
321 2245 679 2314 argenteum
712 2243 916 2297 decem
949 2245 1007 2297 et
1036 2243 1164 2297 octo
1195 2240 1473 2295 librarum
1504 2239 1657 2294 inter
1680 2243 1759 2308 te,

128 2337 280 2391 heres
324 2352 461 2391 mea
509 2337 767 2406 (Ecclesia
808 2335 1138 2405 Rhemensis)
1179 2337 1238 2389 et
1271 2333 1564 2388 dioecesim
1601 2337 1762 2389 tuam

132 2430 415 2484 ecclesiam
448 2431 917 2497 Laudunensem,
944 2430 1109 2484 factis
1135 2429 1218 2500 (id
1245 2432 1324 2483 est
1348 2427 1639 2498 faciendis)
1667 2444 1765 2499 pa-

130 2523 262 2577 tenis
287 2525 466 2595 atque
498 2524 770 2579 calicibus
792 2524 865 2578 ad
894 2522 1283 2577 ministerium
1310 2523 1760 2589 sacrosanctum,

132 2620 285 2687 prout
321 2618 504 2685 valui,
545 2620 661 2674 Deo
698 2620 993 2673 annuente
1025 2615 1308 2671 distribui.
1343 2614 1513 2669 Aliud
1542 2631 1640 2670 vas
1669 2630 1760 2669 ar-

132 2714 413 2780 genteum,
449 2712 611 2783 quod
648 2711 794 2767 mihi
833 2714 1086 2767 Domnus
1123 2709 1356 2764 illustris
1385 2708 1764 2765 Chludovicus

132 2806 310 2875 (quem
347 2805 420 2860 de
460 2822 628 2861 sacro
662 2805 1026 2877 baptismatis
1064 2804 1224 2859 fonte
1262 2802 1504 2874 suscepi)
1542 2802 1762 2858 donare

131 2897 389 2969 dignatus
410 2903 521 2967 est,
545 2899 651 2954 tibi
675 2898 878 2954 heredi
901 2914 1047 2953 mea:
1076 2897 1329 2953 ecclesiae
1352 2913 1524 2968 supra
1544 2913 1765 2952 memo-

134 2991 448 3063 rataajubeo
473 2993 816 3049 turriculum
840 2995 898 3047 et
917 2992 1302 3063 imaginatum
1327 2991 1566 3046 calicem
1590 2990 1664 3062 (a)
1684 2990 1764 3045 fa-

130 3085 347 3142 bricari.
390 3129 403 3141 .
448 3129 464 3141 .
506 3129 519 3142 .
556 3086 819 3154 Vineam,
850 3103 1027 3158 quam
1066 3084 1442 3141 Bebrimodus
1472 3085 1628 3152 facit,
1659 3084 1762 3139 tibi

133 3182 360 3235 eatenus
384 3180 752 3252 derelinquo,
777 3183 840 3234 ut
860 3180 1062 3235 diebus
1087 3178 1246 3235 festis
1273 3182 1332 3233 et
1356 3178 1628 3234 omnibus
1648 3179 1758 3233 Do-
1782 3209 1837 3284 Ο

134 3272 368 3343 minicis,
386 3274 566 3331 sacris
587 3274 865 3330 altaribus
883 3290 1015 3329 mea
1033 3272 1311 3329 offeratur
1330 3272 1544 3328 oblatio
1559 3271 1654 3344 (b).
1674 3313 1686 3326 .
1708 3314 1721 3327 .
1745 3312 1758 3327 .

135 3366 361 3423 Vineam
392 3369 492 3436 do,
525 3385 702 3440 quam
733 3367 896 3441 posui
920 3366 1300 3434 Vindonissae,
1334 3367 1437 3420 sub
1464 3383 1533 3422 ea
1561 3366 1761 3421 condi-

134 3459 301 3529 tione,
330 3466 393 3517 ut
425 3480 464 3518 a
500 3462 762 3535 patribus
792 3462 928 3531 suis,
962 3461 1230 3518 omnibus
1264 3460 1467 3516 diebus
1500 3460 1659 3516 festis
1698 3476 1764 3515 ac

134 3555 455 3626 Dominicis,
482 3574 589 3629 pro
621 3556 1180 3612 commemoratione
1212 3572 1344 3611 mea
1374 3554 1549 3611 sacris
1575 3553 1765 3610 altari-

134 3647 230 3703 bus
257 3649 535 3708 ofl‘eratur
563 3651 801 3707 oblatio.

462 3770 547 3823 VI.
588 3783 912 3824 FRAGMENTA
951 3781 1424 3822 casamonuuvu.

137 3862 202 3913 De
243 3865 494 3930 passione
552 3877 663 3916 non
723 3862 950 3929 legenda
1013 3861 1289 3916 Dominica
1338 3859 1653 3913 Palmarum
1702 3859 1762 3913 in

646 3935 827 3988 missis
864 3934 1104 4002 privatis
1150 3931 1233 4002 (c).

202 4025 497 4087 Dominica
524 4026 584 4081 in
609 4025 841 4081 Palmis.
868 4067 881 4080 .
915 4067 927 4079 .
957 4066 969 4079 .
1003 4067 1015 4079 .
1045 4023 1388 4081 Sacerdotes
1413 4022 1487 4078 ad
1513 4022 1762 4094 privatas

142 4118 329 4174 missas
364 4137 547 4175 unam
591 4122 819 4175 tantum
867 4119 1181 4175 Collectam
1230 4117 1453 4184 dicant;
1500 4117 1758 4188 Evange-

142 4211 267 4267 lium
301 4231 315 4269 :
346 4215 482 4271 Cum
515 4216 1048 4285 appropinquasset;
1085 4211 1416 4284 passionem
1455 4211 1644 4265 nullus
1679 4211 1759 4265 le-

143 4309 246 4375 gat,
270 4308 372 4363 nisi
404 4310 613 4364 fratres
639 4308 739 4381 qui
766 4308 826 4363 in
856 4306 1060 4363 formis
1085 4308 1341 4361 cantant.
1371 4304 1760 4376 (Lanfrancus,

144 4401 192 4453 in
218 4402 413 4459 Decret.
436 4419 541 4473 pro
567 4402 685 4458 ord.
715 4403 893 4457 sancti
913 4401 1139 4463 Bened.,
1159 4416 1294 4470 pag.
1327 4397 1475 4469 260.)

204 4495 261 4548 ln
280 4496 476 4552 Hamis
490 4497 824 4551 Palmarum
841 4494 915 4550 ad
930 4493 1335 4549 matutinalem
1358 4491 1597 4547 missam
1620 4508 1763 4547 non-

1860 545 2117 627 Primam
2140 546 2407 603 dicentur
2427 552 2649 621 septem
2676 550 2903 622 psalmi,
2929 554 2986 606 et
3005 552 3270 622 Letania;
3295 559 3496 627 postea

1858 639 2155 696 veniemus
2210 659 2430 698 sessum
2482 642 2672 716 467
2725 643 2784 699 in
2836 645 3105 702 claustro.
3157 647 3497 706 Sacerdotes

1861 733 2027 789 ibunt
2061 735 2277 790 dictum
2316 736 2521 792 missas
2557 754 2708 806 suas,
2746 740 2803 792 et
2843 755 3048 795 omnes
3088 740 3304 798 debent
3347 745 3493 799 cele-

1860 828 2029 883 brare
2058 829 2151 884 die
2182 830 2306 899 illa;
2336 833 2393 886 et
2419 831 2797 888 celebrabant
2826 832 2949 888 sine
2979 834 3134 907 igne.

1862 947 1971 1002 Vll.
2042 961 2229 1003 rassm
2302 963 2733 1005 nunssmoauu
2809 967 3103 1009 manavit

2479 1035 2880 1078 CANTIANORUM.

1932 1114 2020 1168 Ea:
2046 1128 2147 1168 ms.
2177 1112 2367 1168 Codice
2392 1114 2502 1169 viri
2528 1114 2822 1171 clarissimi
2853 1117 3025 1172 Ulrici
3056 1118 3306 1175 Obrechti
3329 1119 3424 1192 (ά).

1933 1205 2142 1261 Omnia
2171 1207 2236 1278 (θ)
2269 1222 2397 1278 quae
2424 1223 2458 1261 a
2489 1206 2698 1262 sanctis
2724 1211 2887 1279 gesta
2917 1213 3050 1265 sunt
3081 1212 3167 1266 vel
3196 1217 3497 1283 geruntur,

3174 969 3274 1011 SAN
3281 970 3378 1012 (ἒτο
3384 970 3495 1012 ΒυΜ

1863 1297 1908 1354 si
1939 1299 2067 1373 quis
2092 1299 2336 1356 voluerit
2363 1299 2615 1355 studiose
2647 1301 3004 1372 perquirere,
3034 1308 3091 1359 et
3117 1304 3221 1360 sibi
3254 1310 3311 1361 et
3331 1307 3504 1378 pluri-

1861 1393 1969 1448 mis
2011 1392 2406 1449 aadificationis
2440 1393 2671 1450 exhibet
2711 1394 2984 1450 fructum.
3029 1398 3098 1451 Et
3136 1398 3280 1453 sicut
3328 1400 3502 1455 arbor

1864 1486 2160 1542 fructifera
2184 1504 2302 1541 non
2326 1488 2448 1542 sine
2481 1504 2652 1543 causa
2677 1488 2959 1560 probatur
2979 1492 3195 1547 terram
3222 1509 3502 1565 occupare

1862 1581 2001 1636 dum
2020 1580 2173 1651 vivit,
2199 1598 2330 1635 cum
2355 1584 2412 1635 et
2440 1582 2561 1652 ipsa
2590 1581 2704 1636 suis
2730 1582 2922 1653 pomis
2947 1587 3205 1653 ornatur,
3231 1589 3289 1639 et
3312 1587 3501 1642 omnis

1862 1674 1958 1745 qui
1980 1691 2048 1730 ex
2074 1691 2142 1729 eo
2169 1675 2356 1729 fructu
2382 1675 2723 1746 perceperit,
2752 1676 3069 1747 saginatur.
3100 1677 3418 1733 Scribimus
3441 1683 3504 1734 ut

1862 1768 1921 1823 in
1953 1768 2127 1841 gestis
2162 1768 2509 1836 invenimus,
2543 1769 2681 1839 quid
2714 1769 2960 1841 egerint,
2996 1771 3135 1842 quid
3172 1772 3342 1827 locuti
3379 1773 3504 1828 fue-

1861 1863 1998 1931 rint,
2023 1862 2160 1935 quid
2177 1863 2327 1934 passi
2349 1862 2462 1917 sint
2483 1863 2683 1917 sancti.
2714 1863 3028 1919 Ostenditis
3046 1882 3146 1921 vos
3168 1882 3290 1920 esse
3312 1868 3505 1923 catho-

1863 1958 2021 2024 licos,
2054 1956 2152 2028 qui
2188 1956 2454 2011 victorias
2489 1956 2696 2012 Christi
2734 1957 2983 2013 libenter
3015 1960 3223 2030 legitis,
3258 1960 3506 2015 libenter

1864 2050 2091 2105 auditis.
2116 2052 2415 2121 Interrogo
2435 2066 2535 2104 vos
2562 2050 2662 2121 qui
2685 2050 2796 2105 ista
2813 2051 2968 2106 inter
2994 2053 3394 2125 apochryphas
3413 2055 3502 2110 Iit-

1862 2149 2016 2199 teras
2052 2144 2368 2198 exvolanda
2406 2143 2650 2199 censetis
2687 2160 2701 2199 :
2732 2161 2839 2216 per
2878 2161 3022 2217 quos
3056 2150 3282 2202 constat
3315 2164 3503 2204 canon

1862 2237 2287 2309 Scripturarum
2309 2237 2574 2293 omnium
2592 2237 2956 2293 divinarum?
2978 2240 3263 2318 numquid
3282 2257 3387 2312 per
3403 2257 3504 2296 eos

1864 2331 1961 2404 qui
1992 2348 2097 2404 pro
2127 2331 2250 2403 ipso
2279 2347 2503 2386 canone
2533 2330 2716 2386 occidi
2743 2331 2931 2403 magis
2958 2335 3301 2404 optaverant
3327 2351 3503 2406 quam

1862 2428 2050 2483 vinci?
2082 2427 2229 2493 Quid
2266 2444 2406 2499 ergo
2445 2431 2761 2482 tenuerunt
2795 2429 3125 2499 martyres?
3169 2430 3367 2485 Fidem
3412 2447 3505 2485 re-

1864 2525 2038 2590 ctam,
2071 2538 2199 2594 qua:
2236 2521 2411 2577 sacris
2448 2521 2838 2577 voluminibus
2878 2525 3036 2577 certo
3078 2523 3359 2579 librorum
3396 2542 3504 2579 nu-

1863 2632 2026 2671 mero
2057 2615 2400 2671 continetur.
2429 2616 2625 2687 Agunt
2650 2614 2760 2670 illis
2786 2615 3003 2687 gratias
3029 2616 3218 2689 apices
3246 2617 3509 2673 sacratis-

1864 2710 2014 2779 simi,
2038 2710 2135 2781 qui
2154 2726 2260 2781 per
2280 2726 2481 2766 eorum
2509 2709 3001 2781 perseverantiam
3031 2714 3421 2782 perseverant.
3437 2713 3509 2767 Et

1863 2803 1995 2858 ideo
2021 2804 2221 2859 volunt
2249 2819 2449 2858 eorum
2487 2806 2650 2875 gesta
2680 2803 2985 2871 conscribi,
3014 2807 3076 2858 ut
3104 2804 3163 2858 in
3192 2809 3504 2876 conspectu

1864 2897 1963 2952 Dei
2001 2900 2059 2951 et
2096 2896 2403 2952 hominum
2450 2913 2683 2968 semper
2718 2897 3029 2953 laudentur
3066 2897 3269 2964 sancti,
3300 2898 3397 2970 qui
3443 2899 3503 2954 in

1864 2992 2171 3063 conspectu
2200 2989 2632 3045 incredulorum
2660 3007 2764 3062 pro
2792 3007 2997 3046 eorum
3024 2990 3365 3047 defensione
3390 2995 3506 3047 tor-

1863 3087 2062 3139 menta
2082 3083 2363 3139 immania
2382 3085 2762 3156 pertulerunt.
2778 3083 2929 3139 Nihil
2950 3087 3161 3156 praeter
3183 3085 3507 3157 Scripturas

1862 3177 2169 3234 canonicas
2201 3176 2566 3249 recipientes,
2603 3177 2713 3232 ista
2745 3178 2996 3233 studiose
3037 3178 3519 3251 conscripsimus,

1864 3271 2236 3327 ostendentes
2266 3271 2482 3343 dogma
2508 3271 2855 3326 catholicum
2884 3288 2990 3344 per
3016 3272 3328 3328 catholicos
3354 3290 3508 3329 mar-

1864 3370 2017 3437 tyres
2046 3364 2413 3421 custoditum.
2443 3365 2781 3437 Exemplum
2805 3365 3049 3437 posteris
3075 3365 3300 3435 damus,
3324 3367 3505 3422 aedifi-

1864 3460 2153 3515 cationem
2179 3458 2545 3514 credentibus
2576 3459 2877 3528 tradimus,
2906 3463 3091 3515 artem
3122 3460 3259 3515 belli
3296 3460 3507 3517 Christi

1864 3552 2140 3609 militibus
2161 3553 2652 3608 demonstramus.
2682 3554 2920 3609 Constat
2940 3570 3039 3609 eos
3061 3554 3213 3609 nolle
3240 3571 3504 3626 pugnare

1865 3648 1911 3702 si
1937 3663 2170 3703 necesse
2197 3646 2287 3714 sit,
2321 3645 2419 3718 qui
2446 3647 2652 3701 nolunt
2679 3648 2874 3718 legere
2911 3650 3284 3717 pugnatores.
3312 3650 3502 3719 Impe-

1864 3744 1995 3796 rent
2029 3740 2323 3795 silentium
2355 3739 2715 3807 infidelibus,
2752 3742 3015 3811 spectent
3048 3740 3273 3811 pugiles
3303 3741 3502 3796 diabo-

1864 3836 2001 3890 licos
2027 3833 2125 3905 qui
2151 3834 2397 3890 athletas
2418 3832 2652 3888 Domini
2678 3836 2937 3904 spectare
2964 3835 3366 3888 contemnunt.
3390 3835 3503 3889 Nos

1863 3928 2084 3985 divinas
2118 3928 2355 3982 virtutes
2394 3926 2707 3999 loquimur,
2740 3926 3064 3995 scribimus,
3097 3926 3500 3998 praedicamus.

1861 4022 2212 4079 Prohibeant
2239 4020 2455 4089 azmuli,
2487 4019 2782 4092 imperent
2815 4019 3107 4075 silentium
3136 4020 3342 4089 timidi,
3372 4036 3503 4075 ver-

1862 4117 2068 4172 berent
2092 4116 2537 4170 contemnentes
2569 4132 2582 4169 :
2613 4115 2876 4185 legentes
2905 4114 3226 4186 increpent,
3259 4113 3508 4169 libenter

1862 4211 1985 4265 haec
2005 4209 2309 4264 audientes
2326 4210 2616 4275 accusent;
2641 4206 2835 4282 468
2859 4208 3143 4280 gloriosos
3166 4208 3383 4263 facient
3401 4208 3509 4262 mi-

1861 4304 1991 4359 lites
2032 4304 2272 4358 vulnera
2309 4319 2415 4374 pro
2457 4302 2827 4375 imperatoris
2867 4302 3035 4357 laude
3081 4305 3364 4374 suscepta,
3400 4318 3506 4373 pro

1862 4398 2022 4470 cujus
2042 4413 2240 4453 amore
2262 4396 2440 4453 etiam
2463 4398 2689 4453 animas
2704 4414 2924 4470 ponere
2946 4397 3197 4452 libenter
3212 4399 3501 4467 optamus.

1861 4491 2307 4563 Triumphorum
2329 4490 2541 4547 Christi
2563 4508 2628 4545 ac
2654 4490 3025 4547 victoriarum
3052 4490 3278 4545 labores
3299 4488 3509 4544 exerci-

142 4584 237 4642 nisi
262 4606 373 4646 una
393 4591 647 4646 Collecta
663 4593 750 4645 est
770 4589 1045 4656 dicenda;
1070 4604 1177 4642 nec
1195 4586 1386 4659 passio
1408 4585 1639 4659 legitur,
1659 4585 1761 4641 sed
1780 4584 1839 4656 D
1864 4585 2015 4639 tibus
2041 4584 2112 4638 de
2151 4584 2385 4639 occultis
2420 4584 2561 4639 foris
2600 4584 2971 4653 proferimus.
3001 4585 3225 4642 Scimus
3259 4599 3503 4656 pugnas,

143 4678 228 4735 illa
254 4684 480 4739 tantum
510 4684 680 4740 lectio
712 4682 893 4739 sancti
926 4681 1221 4752 Evangelii
1252 4698 1265 4736 :
1296 4680 1428 4736 Cum
1458 4682 1764 4751 appropin-

140 4783 313 4841 quaret
342 4781 514 4834 Iesus.
554 4778 721 4843 Quod
758 4776 935 4833 etiam
967 4775 1185 4832 cunctis
1219 4774 1638 4843 sacerdotibus,
1673 4774 1771 4845 qui

141 4867 367 4935 privatas
397 4872 603 4928 missas
629 4871 1008 4939 cantaverint,
1042 4868 1391 4941 praecipitur,
1424 4870 1489 4922 ut
1515 4867 1630 4922 sint
1665 4883 1771 4939 pa-

143 4961 236 5016 rati
260 4964 328 5019 ad
355 4966 499 5021 duas
522 4964 919 5039 processiones
944 4980 1072 5036 qua":
1099 4964 1197 5019 illo
1222 4962 1316 5018 die
1346 4964 1481 5017 sunt
1500 4960 1768 5033 agendae.

144 5052 455 5124 (Udalricus,
481 5062 542 5115 in
569 5061 663 5115 lib.
690 5076 708 5115 1
738 5058 1069 5115 Consuetud.
1100 5058 1375 5120 Cluniac.,
1411 5071 1534 5126 cap.
1572 5054 1682 5126 54.)

206 5149 435 5215 Quando
468 5154 684 5209 erimus
709 5153 859 5208 circa
883 5152 1064 5207 finem
1084 5153 1349 5219 Tractus,
1383 5148 1620 5205 sacrista
1644 5148 1770 5220 pul-

147 5240 273 5299 sabit
288 5264 462 5303 unam
480 5264 722 5320 parvam
741 5261 1089 5318 campanam
1108 5262 1212 5317 pro
1231 5241 1649 5317 congregando
1671 5241 1769 5297 do-

153 5334 317 5395 minos
344 5341 418 5398 ad
446 5340 803 5397 audiendam
829 5339 1183 5413 passionem,
1207 5338 1344 5410 quia
1374 5337 1503 5409 ipsa
1534 5353 1652 5392 non
1679 5334 1773 5389 de-

150 5425 233 5485 bet
261 5433 370 5508 legi
400 5435 512 5490 nisi
546 5435 606 5489 in
645 5450 865 5506 magna
899 5432 1077 5489 missa
1114 5431 1570 5504 (Consuetudines
1598 5430 1776 5485 sancti

228 5548 279 5691 ag
302 5550 441 5606 Vide
470 5566 646 5623 pagg.
679 5552 745 5606 66
777 5552 835 5604 et
860 5551 948 5605 93.

228 5618 260 5691 λὺ
304 5621 440 5677 Vide
470 5638 607 5691 pag.
642 5621 762 5676 184.

233 5618 279 5694 δ)
304 5621 440 5694 Vide
470 5618 619 5694 1mg:
642 5621 762 5676 184.

232 5691 276 5765 ο)
297 5693 434 5749 Vide
462 5691 602 5765 pag.
639 5696 761 5748 127.

228 5563 248 5601 c

233 5618 248 5672 l

232 5706 248 5744 ε

234 5777 248 5815 ι

233 5848 248 5886 ε

161 5913 181 5949 s

234 5761 615 5837 diVide-Pa'g-
652 5766 830 5837 386:"
937 5831 952 5837 -
1204 5831 1211 5837 .
1299 5827 1315 5837 .
1440 5825 1451 5837 .
1512 5827 1522 5837 .
1565 5824 1597 5837 ..
1664 5824 1676 5837 .

233 5824 608 5906 elPassiobaic
621 5834 774 5906 apud
786 5830 1173 5906 Hombritium
1185 5825 1493 5906 Ambrosio
1506 5824 1776 5906 tribuitur

278 5904 382 5964 hoc
410 5906 577 5965 initio
608 5924 621 5965 :
655 5898 853 5968 Servus
882 5901 1086 5961 Christi
1118 5900 1440 5961 Ambrosius
1470 5898 1770 5972 episcopus,

1871 4694 2013 4749 quas
2030 4676 2113 4731 illi
2139 4675 2438 4730 visibiliter
2462 4675 2613 4747 passi
2640 4675 2773 4742 sint,
2794 4677 3154 4733 invisibiliter
3178 4677 3345 4733 nobis
3367 4676 3510 4731 exci-

1870 4770 1980 4827 tari
2001 4768 2279 4842 quotidie,
2294 4770 2353 4822 et
2370 4770 2754 4839 neglegenter
2769 4774 3099 4838 pugnantes
3115 4772 3302 4826 acrius
3318 4771 3525 4825 vulne-.

1870 4863 2170 4935 rari.Ergo
2192 4863 2255 4916 ut
2273 4872 2438 4916 arma
2464 4861 2802 4933 pertractes,
2826 4859 3077 4915 adtende
3098 4864 3413 4932 bellantes;
3434 4863 3510 4919 da

1871 4959 2133 5013 mentem
2158 4953 2375 5022 studiis,
2405 4956 2470 5009 ut
2493 4951 2673 5008 hostis
2696 4951 2934 5024 incipiat
2964 4954 3021 5005 te
3049 4953 3277 5009 timere.

1941 5055 1995 5107 2.
2023 5048 2389 5106 Beatissimos
2412 5050 2696 5119 martyres
2724 5045 3014 5114 Cantium,
3043 5046 3412 5119 Cantianum,
3447 5057 3507 5108 et

1873 5146 2318 5213 Cantianellum,
2349 5160 2384 5199 a
2411 5142 2730 5216 pmdagogo
2761 5158 2862 5197 suo
2883 5143 3054 5196 Proto
3081 5140 3246 5196 valde
3267 5141 3381 5196 fide
3412 5161 3505 5200 ca-

1873 5240 2085 5295 tholica
2114 5238 2289 5294 fuisse
2320 5238 2572 5295 edoctos.
2606 5279 2619 5292 .
2648 5279 2661 5292 .
2687 5236 2783 5309 qui
2813 5236 2885 5292 de
2906 5251 3120 5308 genere
3147 5234 3506 5306 Aniciorum,

1872 5334 1983 5389 hoc
2005 5334 2091 5386 est
2107 5331 2250 5387 divae
2266 5331 2563 5388 memoriae
2582 5330 2775 5389 Carini
2792 5329 3179 5404 imperatoris,
3195 5331 3511 5385 noscuntur

1874 5424 2184 5499 progeniti,
2209 5428 2268 5480 et
2287 5424 2440 5480 intra
2461 5424 2665 5480 urbem
2684 5426 2955 5495 Romam,
2976 5426 3038 5480 in
3060 5428 3265 5497 quarta
3283 5421 3510 5478 decima

1876 5542 2147 5598 Christum
2168 5544 2339 5597 Deum
2356 5557 2543 5596 verum
2563 5542 2858 5597 colentibus
2882 5542 3157 5609 fratribus
3170 5557 3275 5611 per
3303 5554 3512 5595 omnem

1874 5615 2115 5678 Italiam,
2163 5616 2223 5668 in
2258 5614 2484 5668 Domino
2520 5628 2726 5667 omnem
2769 5613 3017 5667 salutem.
3065 5613 3261 5668 Omnia
3304 5626 3425 5681 qua
3476 5628 3514 5666 a

1873 5686 2109 5748 Sanctis,
2143 5700 2328 5755 usque
2364 5683 2437 5738 ad
2469 5686 2809 5755 sequentem
2839 5684 3414 5755 versum,_Scribimus
3449 5686 3513 5737 ut

1876 5757 1936 5808 in
1969 5758 2132 5823 gestis
2157 5751 2485 5818 inuenimus,
2514 5751 2645 5821 etc.,
2681 5754 2887 5825 quibus
2923 5753 3168 5822 omissis,
3200 5751 3514 5810 resumitur

1880 5825 2046 5881 lectio
2078 5842 2113 5881 a
2143 5825 2407 5898 sequenti
2431 5841 2678 5887 numero
2709 5828 2935 5899 quarto.
