4006 6228
458 346 559 401 439

1242 341 1578 399 ΑΡΡΕΝΒΙΧ
1614 341 1702 395 ΑΙ)
1739 339 1965 394 OPERA
2002 337 2238 394 SANCTI
2274 336 2573 393 GERMANI
2610 336 3037 395 PARISIENSIS.

3730 343 3858 398 440

457 450 720 524 regione,
768 449 892 508 nati
933 452 1107 523 atque
1148 448 1337 506 edocti
1371 448 1712 521 probantur,
1752 444 2095 503 Dioclitiano
2119 457 2179 533 Α
2272 443 2591 500 Beatissimi
2610 461 2745 501 vero
2767 448 3053 518 martyres
3078 462 3314 503 ascenso
3335 447 3410 519 (α)
3432 447 3697 504 vehiculo
3718 448 3858 521 jun-

458 548 659 603 Romae
702 545 1050 618 imperante,
1096 548 1153 600 et
1186 543 1529 601 Maximiano
1569 540 1828 614 partibus
1866 539 2094 613 Illyrici,

458 639 664 696 Carino
687 656 919 713 quoque
947 639 1101 695 intra
1128 637 1335 694 Gallias
1358 637 1509 693 bene
1541 639 1753 709 agente
1781 651 1922 707 erga
1945 632 2102 691 Chri-

462 734 698 803 stianos,
727 734 823 806 qui
844 724 960 789 non
984 735 1113 804 post
1136 732 1387 786 multum
1413 733 1648 803 tempus
1667 730 1972 785 defunctus
1993 730 2096 784 est.

458 831 595 884 Post
645 828 805 899 cujus
865 826 1086 882 obitum
1144 824 1567 880 sceleratissimi
1616 823 1993 880 Dioclitianus
2045 826 2103 878 et

458 920 830 983 Maximianus
868 936 973 992 per
1015 935 1218 975 omnes
1258 917 1580 990 provincias
1623 919 1856 974 decreta
1897 934 2102 989 posue-

461 1019 616 1084 runt,
656 1019 718 1069 ut
750 1014 845 1069 ubi
885 1012 1195 1069 Christiani
1237 1012 1654 1081 invenirentur,
1693 1012 1740 1066 si
1782 1009 2099 1067 sacriﬁcare

460 1109 923 1176 contemnerent,
939 1107 1174 1161 diversis
1186 1106 1370 1178 poenis
1387 1106 1521 1162 adﬂi
1527 1109 1822 1179 gerentur.
1837 1107 2100 1177 Cumque

461 1204 550 1258 his
567 1201 732 1257 dictis
745 1199 1067 1257 beatissimi
1085 1204 1371 1273 martyres
1387 1200 1657 1257 Cantiani
1672 1199 1733 1255 in
1748 1200 1895 1255 urbe
1917 1200 2103 1255 Roma

459 1286 704 1353 fuissent
730 1295 930 1368 positi,
963 1294 1202 1352 consilio
1230 1294 1426 1350 habito
1456 1311 1588 1350 cum
1614 1294 1786 1350 beato
1815 1296 2010 1361 Proto,
2041 1295 2104 1348 ut

460 1392 723 1463 iniquam
739 1390 990 1445 vitarent
1010 1389 1380 1458 sententiam,
1404 1389 1625 1462 praedia
1647 1406 1748 1444 sua
1768 1387 2101 1443 suburbano

458 1485 647 1557 posita
679 1484 783 1539 sub
827 1483 1015 1555 specie
1045 1478 1388 1538 visitationis
1423 1482 1664 1538 circuire
1700 1482 2099 1538 decreverunt.

533 1583 586 1635 3.
605 1577 714 1644 Qui
733 1577 944 1633 eodem
966 1579 1231 1648 tempore
1248 1575 1308 1631 in
1330 1576 1536 1632 urbem
1549 1576 2001 1648 Aquilegensem
2017 1592 2105 1631 re-

457 1673 748 1745 pedarunt
770 1688 783 1727 :
806 1671 866 1726 in
890 1688 1006 1742 qua
1024 1674 1163 1726 tunc
1183 1670 1464 1743 temporis
1484 1687 1602 1726 non
1622 1687 1801 1743 parva
1820 1687 1957 1725 rura
1976 1686 2104 1742 pos-

461 1767 747 1823 sidebant.
776 1766 891 1822 Sed
914 1765 1048 1838 quia
1068 1767 1267 1821 lumen
1289 1765 1350 1819 in
1372 1765 1629 1820 tenebris
1653 1766 1835 1820 latere
1858 1780 1975 1819 non
1996 1780 2099 1835 po-

2202 539 2305 595 ctis
2331 538 2616 608 mulabus,
2641 555 2774 595 cum
2797 540 3069 597 secedere
3093 540 3428 613 voluissent,
3452 545 3509 596 et
3530 559 3651 598 non
3672 543 3857 615 longe

2203 634 2275 689 ab
2306 632 2463 688 urbis
2488 632 2775 689 mcenibus
2800 634 2912 689 iter
2942 639 3204 707 agerent,
3233 638 3292 691 et
3315 652 3497 691 unum
3525 637 3752 693 animal
3781 637 3858 693 de

2203 728 2327 800 subj
2336 727 2521 783 unctis
2541 726 2728 783 subito
2751 728 3060 784 corruisset
3076 729 3134 784 in
3156 730 3284 785 loco
3307 729 3406 802 qui
3423 731 3754 802 appellatur
3768 731 3863 787 Ad

2200 824 2394 894 Aquas
2415 822 2715 891 Gradatas,
2738 821 2821 878 ita
2840 822 2997 878 illinc
3013 826 3147 878 sunt
3163 841 3197 879 a
3216 824 3683 896 persecutoribus
3701 843 3865 881 com-

2202 915 2493 988 prehensi.
2521 915 2688 981 Quod
2714 915 2935 972 factum
2972 934 3149 988 quam
3176 917 3495 989 gloriosum
3523 918 3597 973 sit
3619 922 3679 974 et
3707 937 3745 975 a
3771 919 3859 975 di-

2201 1009 2438 1066 vinitate
2490 1009 2864 1082 dispositum,
2915 1010 3193 1066 debemus
3243 1011 3564 1067 advertere.
3608 1012 3864 1086 Semper

2204 1103 2361 1159 enim
2392 1105 2542 1160 Deus
2578 1121 2723 1176 quos
2765 1104 2960 1176 elegit,
2998 1104 3160 1177 quasi
3195 1104 3437 1160 victores
3470 1122 3604 1161 cum
3644 1106 3857 1163 subve-

2204 1199 2394 1254 ctione
2423 1197 2653 1254 sublimi
2677 1197 2737 1254 in
2767 1199 2959 1255 aulam
2979 1199 3149 1271 regni
3177 1198 3417 1255 caelestis
3438 1199 3678 1256 inducit.
3703 1202 3857 1256 Nam

2204 1292 2349 1349 sicut
2371 1292 2561 1348 Helias
2587 1308 2721 1348 cum
2750 1292 3040 1365 adplicato
3070 1293 3354 1366 quadriga
3380 1294 3639 1349 ascendit
3655 1295 3718 1350 in
3741 1312 3858 1350 cae-

2203 1389 2345 1456 lum,
2380 1386 2461 1442 ita
2489 1390 2548 1442 et
2572 1386 2667 1442 isti
2686 1387 2949 1442 vehiculo
2971 1390 3170 1442 amoto
3192 1387 3267 1442 ad
3286 1388 3629 1460 martyrium
3653 1406 3859 1462 perve-

2206 1483 2448 1548 nerunt;
2482 1484 2541 1536 et
2570 1480 2856 1553 quadriga
2886 1481 3033 1536 sicut
3057 1482 3224 1536 illum
3250 1481 3434 1537 evexit
3456 1482 3531 1538 ad
3558 1483 3854 1556 requiem,

2204 1574 2285 1630 ita
2310 1578 2368 1629 et
2391 1575 2499 1629 hos
2517 1574 2769 1647 portavit
2788 1575 2862 1630 ad
2887 1575 3157 1646 gloriam.
3181 1576 3251 1630 Et
3270 1576 3533 1647 quamvis
3553 1576 3655 1632 illa
3672 1578 3860 1649 ignea

2204 1668 2488 1741 quadriga
2527 1668 2718 1738 fuerit,
2759 1669 2882 1724 haec
2922 1672 3123 1727 tamen
3156 1686 3273 1725 non
3305 1669 3549 1726 inferior
3576 1671 3858 1727 habenda

2203 1765 2316 1830 est;
2359 1762 2495 1834 quia
2536 1762 2633 1818 illa
2672 1779 2853 1819 unum
2895 1764 3143 1834 gestavit
3175 1765 3543 1836 prophetam,
3576 1765 3699 1819 haec
3734 1769 3857 1821 tres

459 1863 629 1929 terat,
649 1876 882 1916 necesse
904 1836 1031 1916 erat
1052 1862 1115 1915 ut
1136 1876 1235 1915 eos
1256 1858 1536 1915 Dominus
1558 1859 1631 1914 ad
1653 1856 1898 1930 gloriam
1920 1856 2103 1913 nomi-
2121 1836 2179 1910 B
2203 1859 2490 1929 martyres
2529 1856 2888 1912 sustentavit.
2921 1857 3037 1913 Sed
3078 1857 3215 1913 dicit
3245 1857 3452 1929 aliquis
3487 1874 3502 1914 :
3535 1856 3857 1915 Gloriosius

462 1955 551 2010 nis
583 1955 671 2009 sui
702 1955 1027 2010 coronaret.
1047 1953 1309 2025 Cumque
1336 1952 1397 2007 in
1426 1951 1874 2024 Aquilegensem
1894 1951 2100 2007 urbem

459 2048 643 2104 sancti
684 2048 929 2103 fuissent
969 2046 1255 2118 ingressi,
1303 2045 1597 2101 duriorem
1640 2045 1922 2101 saevitiam
1962 2062 2104 2119 erga

460 2141 814 2198 Christianos
833 2140 1193 2213 repperiunt,
1214 2156 1392 2212 quam
1410 2140 1767 2212 reliquerant
1785 2141 2004 2196 Romae.
2019 2142 2103 2196 Ita

454 2235 614 2291 enim
643 2251 850 2291 omnes
874 2237 1207 2290 sanctorum
1228 2236 1316 2289 vel
1342 2234 1741 2290 confessorum
1760 2250 1866 2305 pro
1888 2232 2101 2290 Christi

457 2328 696 2385 nomine
717 2328 1029 2384 multitudo
1051 2327 1111 2382 in
1140 2327 1382 2383 vinculis
1408 2344 1708 2383 carcerum
1736 2327 1997 2382 custodia
2023 2330 2106 2382 te-

460 2423 768 2491 nebantur,
795 2424 861 2479 ut
891 2420 1227 2477 enumerari
1253 2437 1371 2476 non
1396 2420 1741 2491 potuissent,
1770 2423 1981 2491 agente
2002 2419 2105 2475 sci-

456 2517 594 2573 licet
621 2515 879 2572 Dulcidio
910 2514 1178 2586 praeside,
1206 2531 1321 2569 una
1347 2531 1481 2570 cum
1512 2513 1763 2570 Sisinnio
1795 2513 2028 2569 comite.

531 2612 584 2664 4.
612 2608 929 2664 Audientes
956 2609 1155 2680 itaque
1187 2611 1415 2664 sanctos
1436 2608 1538 2663 Dei
1564 2607 1885 2676 advenisse,
1909 2607 2105 2664 statim

458 2702 708 2760 inveniri
732 2703 803 2758 ab
826 2702 1253 2774 apparitoribus
1278 2702 1782 2775 praecipiuntur,ut
1802 2701 1912 2756 diis
1934 2703 2107 2758 thura

457 2799 765 2870 ponerent.
793 2798 950 2851 Tunc
986 2796 1310 2852 beatissimi
1343 2799 1628 2868 martyres
1666 2795 2012 2868 aspicientes
2045 2796 2105 2851 in

460 2892 665 2945 caelum
695 2889 1125 2962 responderunt
1153 2906 1166 2945 :
1199 2891 1313 2945 Nos
1344 2888 1646 2945 daemoniis
1671 2905 1790 2944 non
1821 2888 2105 2944 sacriﬁca-

459 3001 611 3053 mus,
636 2983 773 3055 quia
793 2983 1072 3055 scriptum
1093 2985 1214 3039 est:
1236 2983 1429 3039 Omnes
1452 2984 1534 3039 dii
1551 2985 1793 3053 gentium
1816 2984 2103 3047 daemonia,

457 3081 720 3136 Dominus
752 3083 935 3133 autem
972 3078 1124 3133 caelos
1156 3079 1308 3159 fecit.
1342 3078 1410 3131 Et
1446 3078 1657 3131 iterum
1692 3093 1705 3131 :
1741 3077 1955 3131 Similes
1991 3077 2106 3132 illis

456 3176 596 3243 ﬁant
621 3173 720 3242 qui
740 3174 960 3241 faciunt
984 3187 1068 3234 ea,
1100 3175 1151 3226 et
1180 3186 1361 3226 omnes
1387 3172 1485 3240 qui
1507 3170 1785 3240 conﬁdunt
1808 3172 1870 3224 in
1895 3173 1990 3225 eis.
2020 3172 2103 3224 Ite

460 3282 600 3338 ergo
628 3266 893 3321 nuntiate
918 3264 1118 3336 iniquo
1143 3264 1379 3335 praesidi
1403 3266 1612 3331 vestro,
1633 3279 1739 3319 nos
1758 3280 1864 3335 pro
1893 3263 2104 3320 Christi

457 3359 698 3416 nomine
723 3360 923 3429 optare
955 3357 1125 3427 mori,
1151 3374 1327 3429 quam
1354 3358 1425 3412 ab
1454 3356 1578 3428 ejus
1598 3357 1890 3413 mandatis
1911 3358 2106 3413 absce-

460 3453 621 3521 dere,
646 3451 781 3524 quia
810 3451 882 3506 ab
907 3451 1043 3523 ipsis
1074 3450 1373 3506 cunabulis
1393 3450 1707 3507 Dominum
1725 3454 1752 3508 J
1760 3468 1921 3507 esum
1947 3450 2105 3508 Chri-

459 3549 616 3601 stum
654 3545 1018 3601 confitemur.
1049 3545 1122 3599 At
1162 3544 1246 3599 illi
1282 3544 1592 3601 redeuntes
1621 3545 1856 3617 prasidi
1885 3546 1973 3600 vel
2003 3561 2101 3600 co-

460 3639 590 3697 miti
621 3640 946 3694 retulerunt
973 3637 1175 3694 omnia
1204 3654 1332 3711 qua:
1364 3641 1529 3710 gesta
1553 3639 1805 3694 fuerant.

533 3731 727 3807 469
763 3734 918 3788 Tunc
956 3732 1248 3787 Dulcidius
1278 3749 1491 3804 praeses
1524 3749 1643 3788 una
1680 3748 1813 3788 cum
1851 3730 2103 3788 Sisinnio

460 3827 673 3883 comite
693 3827 860 3882 valde
881 3826 1180 3894 commoti,
1204 3827 1382 3881 talem
1403 3826 1691 3882 dederunt
1705 3826 1889 3898 impio
1905 3826 2106 3882 Diocli-

462 3922 623 3977 tiano
656 3921 1091 3993 suggestionem
1128 3936 1142 3975 :
1176 3919 1449 3989 Piissimi,
1493 3919 1788 3976 subvenite
1828 3919 2105 3975 Romanis

459 4015 707 4086 legibus,
738 4030 844 4086 pro
883 4013 1089 4084 quibus
1130 4012 1327 4068 victrix
1361 4014 1596 4070 dextera
1629 4016 1820 4070 vestra
1848 4013 2105 4069 hostium

462 4108 711 4163 cervices
768 4106 1028 4175 inclinat,
1086 4109 1145 4162 et
1198 4106 1307 4162 diis
1356 4107 1869 4179 omnipotentibus,
1922 4106 2019 4178 qui
2071 4125 2106 4163 a

462 4200 801 4258 Christianis
837 4202 1308 4270 contemnuntur,
1332 4201 1637 4272 juvamina
1674 4200 1948 4271 praebete.
1989 4200 2103 4255 Ad-

461 4297 748 4349 venerunt
786 4294 943 4350 enim
982 4298 1101 4350 tres
1140 4294 1407 4367 germani
1452 4310 1519 4348 ex
1560 4294 1701 4349 urbe
1742 4294 1946 4361 Roma,
1989 4311 2104 4349 uno

464 4388 664 4446 animo
693 4388 920 4444 fortiter
938 4391 1308 4455 reluctantes,
1329 4389 1387 4442 et
1404 4386 1597 4442 nescio
1620 4404 1796 4459 quem
1815 4387 2106 4443 Christum

462 4485 823 4553 confitentes,
841 4488 898 4539 et
918 4485 1363 4553 contemnentes
1381 4482 1613 4537 decreta
1634 4482 1864 4554 pietatis
1880 4485 2101 4539 vestrae.

2123 3214 2179 3290 C

2201 1952 2447 2022 gestavit
2491 1950 2775 2023 quadriga
2814 1951 3007 2022 ignea,
3060 1968 3237 2023 quam
3282 1955 3533 2007 terrena.
3577 1954 3691 2008 Nec
3741 1953 3857 2008 hoc

2200 2047 2373 2118 plane
2406 2044 2590 2100 defuit
2628 2044 2839 2100 sanctis
2870 2044 3021 2099 viris.
3054 2046 3199 2101 Nam
3229 2044 3376 2100 sicut
3412 2045 3635 2102 Heliam
3673 2047 3856 2119 ignea

2202 2139 2487 2213 quadriga
2514 2139 2783 2211 portavit,
2814 2139 2895 2195 ita
2926 2141 2984 2195 et
3014 2142 3299 2211 martyres
3329 2139 3474 2194 ﬁdes
3505 2140 3680 2212 ignea
3716 2142 3853 2212 jam

2202 2233 2444 2289 ferebat.
2474 2234 2720 2288 Ferebat
2744 2233 2894 2301 illos,
2924 2232 3187 2305 inquam,
3217 2233 3494 2303 Christus,
3519 2235 3618 2307 qui
3648 2236 3852 2291 lumen

2205 2331 2309 2396 est,
2345 2326 2445 2400 qui
2471 2326 2627 2398 ignis
2656 2330 2760 2395 est,
2785 2326 2857 2382 de
2887 2343 3001 2398 quo
3031 2327 3307 2399 scriptum
3336 2331 3423 2382 est
3451 2345 3464 2383 :
3493 2332 3636 2385 Deus
3667 2333 3856 2385 noster

2203 2424 2346 2491 ignis
2374 2437 2690 2477 consumens
2723 2426 2818 2477 est.
2849 2422 3000 2492 Ergo
3030 2437 3161 2476 cum
3190 2422 3394 2477 beatos
3425 2422 3496 2477 de
3529 2423 3739 2494 quibus
3766 2425 3851 2479 lo-

2205 2515 2440 2587 quimur
2463 2514 2798 2587 persecutor
2826 2518 3120 2586 urgueret,
3145 2515 3473 2570 vehiculum
3494 2517 3854 2572 conscende-

2203 2612 2357 2664 runt.
2392 2609 2518 2674 Qua
2541 2608 2753 2664 causa?
2782 2612 2844 2663 ut
2882 2608 3195 2680 fugerent?
3231 2609 3413 2676 absit;
3444 2626 3561 2665 non
3592 2612 3657 2665 ut
3682 2611 3853 2683 fuge-

2204 2705 2355 2772 rent,
2390 2702 2493 2757 sed
2523 2705 2587 2757 ut
2618 2702 2692 2758 ad
2721 2701 3066 2773 martyrium
3096 2702 3261 2757 citius
3292 2702 3695 2774 pervenirent;
3732 2721 3855 2759 non

2206 2800 2270 2852 ut
2305 2797 2620 2865 latitarent,
2667 2794 2861 2868 470
2899 2796 3002 2850 sed
3037 2799 3101 2851 ut
3140 2813 3199 2850 se
3239 2795 3594 2853 Christianos
3632 2797 3855 2853 cunctis

2205 2889 2637 2945 transeuntibus
2666 2888 3131 2945 manifestarent.
3159 2890 3430 2945 Ceterum
3464 2890 3742 2947 occultius
3772 2892 3856 2946 in-

2204 2987 2295 3039 ter
2328 2985 2522 3056 plures
2547 2983 2607 3037 in
2638 2982 2865 3038 civitate
2903 2984 3083 3038 latere
3118 2986 3417 3056 poterant;
3445 2984 3546 3039 sed
3574 2985 3683 3041 hoc
3712 3002 3851 3058 ege-

2204 3080 2360 3147 runt,
2394 3081 2459 3133 ut
2494 3076 2670 3133 totius
2703 3077 2903 3149 populi
2942 3077 3136 3144 corda,
3181 3078 3321 3132 dum
3354 3094 3460 3150 per
3498 3078 3724 3135 diversa
3761 3081 3853 3135 fu-

2206 3171 2391 3244 giunt,
2424 3170 2634 3226 Christi
2664 3187 2860 3227 amore
2896 3170 3295 3227 ﬂammentur.
3327 3173 3402 3227 At
3428 3189 3564 3229 vero
3598 3173 3698 3228 ubi
3725 3174 3856 3246 quis

2204 3265 2451 3320 vehiculi
2479 3265 2762 3337 adparato
2790 3263 3087 3336 disposito,
3111 3282 3218 3337 per
3245 3282 3524 3338 aggerem
3552 3267 3853 3339 publicum

2205 3358 2500 3432 graditur;
2530 3358 2647 3413 illic
2681 3376 2801 3413 non
2830 3360 2971 3430 fuga
2998 3357 3245 3415 dicenda
3271 3362 3375 3428 est,
3409 3361 3511 3415 sed
3537 3362 3852 3433 profectus.

2204 3452 2396 3510 Sancti
2416 3452 2575 3507 enim
2595 3451 2702 3507 viri
2728 3453 2837 3508 hoc
2858 3454 3030 3521 facto,
3054 3454 3211 3508 velut
3231 3453 3292 3508 in
3314 3453 3651 3527 triumphali
3675 3472 3847 3511 curru

2204 3546 2398 3619 positi,
2443 3546 2917 3602 contestabantur
2953 3546 3211 3602 dicentes
3244 3564 3258 3602 :
3287 3549 3451 3617 Ecce,
3493 3553 3849 3621 persecutor,

2205 3658 2334 3697 ecce
2360 3640 2797 3713 proﬁciscimur,
2824 3656 2954 3696 ecce
2984 3640 3385 3712 praecedimus.
3411 3642 3561 3707 Quid
3591 3643 3852 3699 resides?

2206 3734 2346 3807 quid
2372 3734 2658 3791 moraris?
2684 3735 3037 3807 subsequere
3064 3737 3263 3791 nostra
3282 3735 3543 3808 vestigia.
3568 3738 3848 3793 Nolumus

2207 3828 2364 3884 enim
2398 3827 2579 3884 videri
2609 3829 2771 3883 inviti
2814 3826 2947 3883 duci
2983 3829 3058 3883 ad
3096 3846 3350 3901 poenam,
3383 3829 3481 3903 qui
3519 3832 3849 3903 praecedere

2205 3940 2311 3979 nos
2338 3923 2683 3995 profitemur
2706 3922 2781 3977 ad
2812 3921 3082 3994 gloriam.

2275 4018 2430 4071 Tunc
2462 4015 2744 4072 Sisinnius
2775 4015 2956 4071 comis
2990 4017 3111 4071 haec
3149 4015 3412 4085 audiens,
3437 4016 3609 4088 jussit
3642 4018 3848 4074 beatos

2204 4113 2489 4182 martyres
2518 4109 2965 4182 comprehendi;
2995 4109 3094 4182 qui
3127 4109 3308 4181 judex
3341 4111 3607 4166 hortatur
3634 4128 3756 4181 eos,
3790 4114 3852 4167 ut

2203 4204 2326 4261 Jovi
2353 4205 2524 4260 thura
2549 4204 2845 4261 offerrent.
2877 4203 3201 4259 Beatissimi
3228 4220 3363 4260 vero
3388 4204 3595 4260 famuli
3622 4205 3726 4260 Dei
3753 4222 3855 4261 ex-

2206 4302 2496 4354 secrantes
2525 4297 2794 4353 dixerunt
2818 4315 2878 4353 se
2905 4314 3229 4370 numquam
3258 4297 3563 4353 daemoniis
3587 4298 3854 4355 immola-

2204 4395 2385 4460 turos,
2409 4391 2511 4446 sed
2534 4391 2924 4464 omnipotenti
2941 4391 3185 4447 Domino
3212 4391 3311 4463 qui
3331 4391 3471 4447 fecit
3494 4394 3722 4460 caelum,
3745 4396 3853 4449 ter-

2205 4501 2351 4554 ram,
2390 4501 2552 4541 mare
2589 4488 2648 4539 et
2676 4484 2876 4540 omnia
2907 4501 3034 4556 qua:
3072 4485 3131 4539 in
3169 4483 3249 4538 eis
3285 4487 3438 4539 sunt.
3472 4486 3619 4540 Nam
3654 4486 3853 4541 omnia

461 4579 625 4635 Unde
667 4578 804 4651 quid
834 4578 1095 4650 jussione
1129 4579 1318 4632 vestra
1359 4575 1745 4646 decreveritis,
1788 4577 2103 4633 decernite.
2126 4591 2186 4664 D
2208 4579 2384 4647 idola,
2408 4577 2523 4634 sive
2544 4578 2643 4651 qui
2661 4595 2731 4633 ea
2750 4579 2965 4646 colunt,
2989 4595 3120 4633 cum
3142 4577 3362 4633 eisdem
3383 4578 3552 4634 ibunt
3571 4579 3628 4633 in
3651 4579 3851 4651 ignem

462 4673 559 4728 His
585 4672 793 4729 auditis
814 4669 1286 4728 sceleratissimus
1314 4669 1686 4726 Dioclitianus
1705 4671 2108 4726 vehementius

463 4768 550 4821 est
575 4769 925 4833 commotus,
950 4768 1009 4819 et
1031 4765 1184 4820 hanc
1205 4764 1369 4820 dedit
1392 4764 1823 4833 auctoritatem,
1851 4767 1915 4819 ut
1944 4765 1993 4820 si
2016 4782 2106 4820 sa-

462 4859 717 4916 criﬁcare
746 4857 1086 4927 noluissent,
1112 4858 1345 4930 capitali
1371 4858 1665 4913 sententia
1688 4859 2104 4929 plecterentur.

461 4954 720 5025 Cumque
741 4952 945 5023 iniqua
965 4951 1253 5008 sententia
1272 4951 1629 5025 pervenisset
1649 4951 1723 5006 ad
1740 4950 2108 5007 beatissimos

463 5050 768 5119 martyres,
799 5062 1037 5101 ascenso
1068 5046 1330 5102 vehiculo
1360 5063 1476 5101 una
1501 5062 1632 5101 cum
1658 5044 1983 5117 paedagogo
2004 5062 2106 5100 suo

460 5142 633 5197 Proto
676 5156 745 5194 ex
784 5139 925 5194 urbe
968 5139 1354 5212 Aquilegense
1397 5139 1611 5210 egressi
1650 5140 1804 5207 sunt,
1851 5138 2108 5194 divinam

464 5234 821 5306 Scripturam
862 5233 1146 5289 habentes
1186 5250 1305 5306 prae
1340 5232 1538 5301 oculis,
1582 5248 1711 5305 quas
1748 5232 1887 5288 dicit
1926 5249 1940 5288 :
1975 5232 2108 5289 Cum

450 5334 852 5399 persequentur
870 5345 961 5384 vos
984 5331 1043 5384 in
1070 5329 1290 5383 civitate
1315 5329 1443 5390 ista,
1465 5328 1643 5395 fugite
1662 5328 1722 5382 in
1744 5328 1931 5383 aliam.
1955 5328 2109 5382 Nun-

459 5421 637 5477 tiatur
665 5439 805 5493 ergo
838 5421 1215 5495 iniquissimis
1246 5420 1541 5493 judicibus
1570 5424 1800 5476 sanctos
1835 5420 1939 5476 Dei
1970 5437 2106 5492 pro-

461 5531 714 5586 perasse.
738 5518 892 5572 Tunc
921 5515 1207 5574 Sisinnius
1232 5515 1414 5571 comis
1438 5531 1555 5570 una
1582 5513 2103 5587 cum-spiculatori-

458 5607 565 5663 bus
598 5626 665 5665 ex
692 5615 981 5685 praecepto
1013 5608 1345 5683 impiissimi
1376 5607 1702 5666 Dioclitiani
1738 5608 2105 5687 imperatoris

459 5703 847 5778 subsequitur.

532 5846 605 5916 (α)
634 5847 766 5916 Haec
790 5846 958 5902 verba
984 5864 1026 5903 u

465 5913 828 5971 Ambrosium
852 5921 911 5972 et
928 5913 1507 5991 apud'Augustinum.

2207 4675 2573 4746 perpetuum.
2586 4673 2742 4727 Tunc
2758 4672 2970 4744 impius
2987 4672 3271 4728 Sisinnius
3288 4672 3489 4742 comis,
3506 4673 3612 4728 hoc
3630 4673 3850 4743 audito,

2205 4766 2372 4822 valde
2411 4766 2591 4823 iratus
2636 4768 2741 4835 est,
2784 4769 2842 4820 et
2886 4766 3160 4838 praecepit
3204 4765 3662 4838 spiculatoribus,
3706 4771 3770 4822 ut
3808 4767 3851 4822 si

2204 4862 2232 4917 Ι
2238 4860 2327 4916 ovi
2348 4860 2520 4915 thura
2540 4877 2659 4916 non
2683 4859 2979 4928 offerrent,
3004 4860 3196 4932 capita
3214 4861 3624 4933 plecterentur.
3641 4861 3856 4916 Beatis-

2206 4949 2337 5005 simi
2368 4965 2504 5004 vero
2536 4951 2821 5021 martyres
2852 4948 3118 5005 Cantiani
3148 4966 3264 5004 una
3290 4966 3423 5004 cum
3453 4952 3625 5005 Proto
3654 4950 3849 5022 paeda-

2206 5060 2359 5116 gogo
2392 5060 2494 5098 suo
2525 5043 2846 5115 gaudentes
2871 5046 2928 5098 et
2955 5044 3265 5115 psallentes
3292 5043 3654 5099 ducebantur
3681 5061 3715 5099 a
3742 5044 3848 5116 spi-

2207 5137 2576 5194 culatoribus.
2598 5138 2754 5192 Tunc
2774 5136 2932 5193 beati
2951 5137 3157 5192 famuli
3179 5136 3278 5192 Dei
3300 5136 3564 5209 expansis
3580 5137 3847 5193 manibus

2207 5232 2281 5286 ad
2315 5232 2516 5286 caelum
2547 5229 2870 5285 orationem
2899 5230 3177 5285 fuderunt
3210 5230 3286 5286 ad
3314 5231 3629 5287 Dominum
3656 5231 3848 5287 dicen-

2206 5327 2325 5381 tes:
2349 5323 2591 5380 Domine
2609 5325 2637 5380 Ι
2643 5341 2742 5379 esu
2762 5323 3004 5394 Christe,
3029 5324 3127 5396 qui
3144 5325 3647 5397 perseverantibus
3668 5324 3729 5381 in
3750 5328 3848 5381 tuo

2208 5417 2446 5474 nomine
2481 5422 2540 5473 te
2581 5420 2807 5489 patrem
2841 5420 2899 5472 et
2936 5421 3191 5473 matrem
3233 5418 3422 5474 dixisti
3464 5435 3609 5487 esse,
3647 5422 3707 5474 et
3744 5436 3848 5491 pro

2206 5512 2620 5586 temporalibus
2658 5512 2873 5580 futura,
2911 5515 2971 5566 et
3006 5529 3112 5584 pro
3150 5512 3420 5585 perituris
3458 5514 3760 5585 perpetua,
3794 5516 3851 5568 et

2205 5625 2310 5681 pro
2325 5605 2536 5662 divitiis
2553 5603 2797 5661 terrenis
2814 5604 3210 5678 incorruptam
3223 5605 3402 5662 vitam
3415 5609 3697 5661 aeternam
3717 5623 3851 5661 cum

2206 5701 2479 5758 felicitate
2521 5699 2660 5755 dare
2700 5698 3017 5772 promisisti
3056 5715 3071 5756 :
3102 5702 3160 5755 te
3188 5699 3580 5770 obsecramus,
3611 5701 3855 5756 Amator

1135 5864 1168 5904 e
1201 5848 1273 5904 ad
1306 5849 1641 5921 sequentem
1675 5848 2001 5919 sectionem,
2033 5844 2229 5921 paucis
2266 5841 2688 5918 praetermissis,
2718 5845 2993 5917 leguntur
3034 5843 3096 5901 in
3132 5844 3361 5919 vulgato
3402 5858 3662 5901 sermone
3698 5842 3852 5918 apud
