4006 6228
158 374 240 426 έΗΙ
769 372 853 423 AD
891 369 1379 424 PRA'ZCEDENTIA
1419 371 1750 425 LITURGL‘E
1789 370 2202 425 MONL'MENTA
2240 369 2576 426 APPENDIX
2617 372 2898 427 ALTERA.

3431 378 3532 432 442

156 495 300 552 pura:
314 476 703 544 conscientiaz,
725 481 791 533 ut
806 477 1070 548 respicias
1086 478 1155 531 de
1175 477 1501 534 summitate
1517 479 1785 535 caelorum
1807 490 1866 564 Α
1885 478 2068 550 ligens
2096 477 2549 534 beatissimorum
2570 484 2887 551 martyrum
2913 497 3168 553 corpora,
3197 483 3446 540 condivit
3465 502 3531 540 ea

155 574 214 628 ad
242 573 384 626 hanc
412 571 640 641 horam,
670 575 737 626 ut
763 571 1032 642 suscipias
1056 572 1276 626 animas
1295 577 1516 628 nostras
1538 573 1598 628 in
1627 591 1784 646 pace,

157 674 203 723 et
227 668 371 721 inter
400 669 628 720 sanctos
654 666 872 720 Eiectos
899 670 1028 720 tuos
1056 665 1335 721 conlocari
1370 667 1685 738 prmcipias,
1723 674 1789 725 ut

155 762 480 831 cognoscant
507 775 707 813 omnes
744 759 877 830 quia
903 763 965 814 tu
991 775 1050 814 es
1087 760 1234 814 Deus
1271 759 1422 814 solus
1462 765 1519 814 et
1551 760 1784 817 benedi-

154 860 263 909 ctus
287 853 344 907 in
369 852 603 907 saecula.
634 854 700 907 Et
725 869 854 906 cum
894 853 1272 924 complessent
1306 852 1638 923 orationem,
1678 871 1784 924 po-

154 952 335 1002 nentes
381 963 574 1017 genua
619 951 988 1018 susceperunt
1038 946 1311 1018 gladium,
1355 951 1412 1002 et
1450 952 1789 1017 acceperunt

153 1058 367 1096 coronas
391 1039 812 1112 sempiternas:
859 1046 915 1095 et
959 1057 1085 1096 ecce
1126 1041 1360 1112 sanguis
1399 1057 1596 1096 eorum
1637 1045 1784 1096 tam-

152 1151 307 1206 quam
331 1135 414 1188 lac
439 1133 710 1189 omnibus
735 1134 1058 1190 videntibus
1086 1135 1368 1206 apparuit.

213 1231 325 1292 Quo
355 1232 617 1299 tempore
659 1228 994 1285 venerabilis
1017 1228 1104 1284 vir
1130 1229 1327 1286 Zoelus
1354 1229 1651 1301 presbyter
1679 1230 1788 1285 col-

1889 573 2237 629 aromatibus
2275 573 2559 643 pretiosis,
2595 578 2652 629 et
2676 573 2736 628 in
2759 573 2943 629 loculo
2969 577 3297 632 conlocavit.
3343 579 3449 643 Qui
3475 585 3532 635 et

1887 667 2007 738 ipse
2033 671 2256 722 sanctus
2282 667 2480 722 Zoelus
2504 672 2633 738 post
2657 668 3010 739 aliquantum
3043 675 3268 741 tempus
3298 689 3528 744 suscep-

1887 760 2055 814 tionis
2091 777 2207 814 suae
2252 761 2360 815 hoc
2395 760 2592 818 ordine
2629 761 2880 832 perrexit
2914 764 2985 817 ad
3028 763 3347 819 Dominum.
3377 767 3530 821 Passi

1887 858 2020 908 sunt
2047 859 2238 909 autem
2264 854 2566 909 beatissimi
2585 861 2864 927 martyres
2879 857 3128 927 Cantius,
3149 859 3454 914 Cantianus
3475 865 3531 916 et

1886 947 2262 1015 Cantianella,
2314 948 2497 1020 pridie
2542 951 2658 1004 Kal.
2702 951 2922 1020 Junias,
2976 958 3249 1023 regnante
3291 955 3528 1010 Domino

1887 1045 2080 1095 nostro
2128 1043 2254 1096 Jesu
2301 1041 2542 1112 Christo,
2589 1043 2680 1097 cui
2717 1048 2798 1098 est
2841 1045 3037 1115 gloria,
3083 1046 3265 1103 honor
3316 1050 3374 1103 et
3420 1065 3523 1118 po-

1887 1139 2056 1191 testas
2083 1135 2144 1190 in
2171 1135 2374 1190 saecula
2393 1135 2752 1204 saeculorum,
2779 1153 2967 1194 amen.

909 1587 1860 1705 APPENDIX
1974 1591 2776 1707 ALTERA.

146 1799 254 1898 In
361 1827 562 1930 quo
679 1799 1196 1901 variantes
1297 1802 1843 1931 scriptu-rce
1945 1831 2272 1900 sacrae
2377 1803 2846 1903 lectiones
2948 1805 3525 1936 praecipua:

713 1975 840 2043 ea:
928 1941 1558 2043 Lectionario
1659 1939 2188 2044 Gallicana
2289 1943 2928 2046 etc/u'bent'ur.

209 2265 384 2338 471
414 2264 698 2331 Quoniam
716 2264 1462 2337 magnopereinterestscire
1481 2265 1776 2338 antiquam
1795 2279 1853 2352 B
1876 2267 2020 2337 ﬁlias
2037 2267 2334 2336 pharetrae,
2365 2267 2573 2337 Graece,
2605 2275 2724 2332 ἰοὺς.
2755 2267 3027 2338 Lection.,
3055 2268 3277 2338 phialas
3315 2269 3520 2338 phare-

147 2361 436 2432 Scripturae
465 2376 643 2415 sacra:
669 2360 1008 2429 versionem,
1041 2375 1155 2430 qua
1182 2358 1385 2431 primis
1421 2360 1776 2432 temporibus

147 2472 230 2509 usa
248 2458 328 2509 est
353 2453 644 2509 Gallicana
668 2454 922 2520 ecclesia,
954 2453 1080 2508 ideo
1108 2453 1199 2508 hic
1237 2453 1340 2507 sub
1375 2470 1489 2508 uno
1534 2470 1773 2527 conspe-

148 2553 229 2603 ctu
255 2549 540 2603 variantes
567 2547 899 2604 Lectionarii
923 2547 1301 2619 antiquissimi
1326 2547 1594 2603 lectiones
1631 2547 1770 2603 insi-

148 2642 355 2714 gniores
381 2643 600 2698 referre
630 2643 811 2697 visum
839 2647 921 2698 est
946 2659 1134 2713 operae
1160 2642 1431 2714 pretium,
1482 2647 1547 2697 ut
1580 2659 1650 2698 ex
1685 2644 1774 2698 his

143 2736 236 2790 viri
262 2737 411 2791 docti
436 2753 603 2791 suam
630 2736 699 2792 de
729 2736 820 2790 illa
849 2736 1106 2791 versione
1151 2737 1487 2792 sententiam
1527 2741 1773 2792 statuere

143 2832 362 2902 possint.

207 2929 268 2981 Et
300 2925 487 2998 primo
530 2925 763 2997 quidem
813 2924 1128 2996 generatim
1171 2924 1586 2981 observandum
1621 2926 1770 2982 anti-

145 3037 302 3093 quam
329 3021 487 3075 illam
506 3019 829 3075 versionem
848 3019 1100 3090 Vulgatac
1124 3022 1332 3074 nostrae
1362 3019 1571 3091 passim
1595 3019 1775 3076 inhae-

146 3129 276 3184 rere,
306 3119 362 3169 et
384 3115 687 3186 plerasque
717 3113 988 3168 lectiones
1030 3113 1309 3169 variantes
1347 3114 1539 3185 potius
1583 3131 1652 3170 ex
1696 3115 1770 3168 li-

144 3209 452 3263 brariorum
477 3207 647 3280 genio
665 3208 752 3264 vel
776 3223 989 3276 errore,
1019 3224 1192 3279 quam
1217 3224 1288 3262 ex
1304 3207 1571 3262 versionis
1595 3208 1772 3279 ipsius

143 3302 504 3374 discrepantia
550 3301 903 3373 repetendas.
950 3301 1162 3356 Deinde
1188 3301 1286 3356 ubi
1324 3301 1503 3356 versio
1540 3301 1771 3374 antiqua

145 3396 319 3451 differt
361 3414 393 3449 a
436 3399 632 3451 nostra
683 3395 941 3466 Vulgata,
990 3411 1116 3450 eam
1156 3395 1382 3467 saepius,
1438 3411 1554 3450 non
1579 3399 1769 3451 tamen

146 3493 426 3561 perpetuo,
474 3505 610 3544 cum
660 3488 915 3544 versione
968 3489 1158 3543 Grazca
1208 3489 1529 3544 convenire.
1583 3489 1769 3545 Tertio

147 3583 433 3654 Scriptura:
472 3582 668 3650 libros,
701 3599 770 3637 ex
822 3581 1027 3654 quibus
1069 3581 1334 3637 lectiones
1376 3583 1438 3637 in
1476 3582 1765 3638 Lectiona-

145 3677 283 3730 rium
311 3682 569 3732 nostrum
590 3680 833 3748 accepta:
861 3679 1011 3744 sunt,
1033 3676 1135 3730 hos
1153 3675 1386 3731 omnino
1406 3692 1545 3746 esse,
1564 3693 1768 3748 nempe
1789 3647 1844 3722 Ο

146 3771 407 3842 Genesim,
447 3771 728 3839 Exodum,
767 3771 954 3840 Josue,
993 3770 1246 3839 Tobiam,
1292 3769 1505 3842 Judith,
1547 3770 1764 3840 Esther,

148 3881 330 3920 omnes
369 3866 695 3937 prophetas,
749 3864 999 3935 majores
1046 3880 1110 3918 ac
1154 3863 1424 3934 minores,
1472 3879 1540 3918 ex
1583 3863 1769 3920 Veteri

146 3959 522 4028 Testamento;
570 3975 639 4015 ex
685 3959 836 4013 Novo
889 3962 1099 4027 autem,
1157 3963 1401 4030 quatuor
1445 3957 1767 4030 Evangelia,

145 4054 298 4106 Actus
334 4054 737 4125 apostolorum,
787 4067 982 4108 omnes
1023 4051 1181 4106 Pauli
1221 4051 1515 4124 Epistolas,
1562 4056 1769 4124 praeter

146 4160 303 4200 unam
326 4148 394 4202 ad
419 4146 828 4218 Philippenses,
859 4161 1055 4200 omnes
1079 4145 1411 4216 Catholicas,
1457 4149 1514 4201 et
1547 4147 1765 4218 Apoca-

144 4236 330 4310 lypsin.
365 4241 630 4313 Singulos
658 4256 728 4295 ex
755 4239 951 4294 ordine
975 4255 1393 4310 percurramus.

517 4339 584 4392 IN
621 4339 869 4392 VETERI
907 4337 1372 4392 TESTAMENTO.

208 4426 395 4482 (Saxas.
427 4443 524 4497 vn,
557 4431 642 4490 16,
673 4426 768 4480 ubi
797 4426 1008 4497 legitur
1034 4425 1093 4480 in
1119 4426 1374 4497 Vulgata,
1407 4429 1626 4482 inclusit
1648 4443 1768 4484 eum

147 4519 381 4575 Dominus
410 4523 636 4589 deforis,
658 4519 815 4575 addit
832 4518 1246 4574 Lectionarium
1269 4521 1471 4587 deforis
1483 4523 1540 4576 in
1559 4537 1764 4583 arcam,

146 4614 282 4681 quod
325 4615 527 4670 melius
568 4616 758 4671 Graeco
807 4614 990 4669 textui
1024 4613 1346 4685 respondet,
1374 4622 1455 4668 καὶ
1478 4621 1660 4670 ἔκλεισε
1684 4622 1766 4677 τήν

147 4705 332 4754 κιϐωτὸν
353 4708 520 4764 ἔξωθεν
551 4705 698 4756 αὑτοῦ
708 4743 720 4754 .

208 4793 365 4849 Josca
404 4811 480 4863 ιν,
535 4797 620 4861 19,
669 4795 870 4848 decimo
907 4794 994 4848 die
1032 4795 1231 4848 mensis
1263 4795 1454 4863 primi,
1487 4793 1768 4848 Lectiona-

146 4883 282 4938 rium
316 4887 485 4944 habet
535 4889 736 4943 deci-mo
776 4903 974 4951 mense,
1017 4889 1204 4958 prima
1247 4887 1335 4943 die
1383 4889 1598 4945 mensis.
1644 4887 1768 4941 LXX

152 4977 381 5050 Vulgatzc
408 4982 619 5038 favent.

212 5073 358 5130 [sane
388 5092 530 5144 xxvr,
573 5079 626 5145 6,
653 5091 773 5145 pes,
807 5076 973 5146 pedes
994 5077 1276 5146 pauperis.
1324 5072 1594 5141 Lection.,
1639 5071 1766 5126 abs-

153 5180 247 5234 que
281 5169 673 5239 geminatione,
699 5185 800 5240 pes
828 5171 1112 5240 pauperis.
1165 5169 1308 5238 LXX,
1353 5174 1511 5233 πόδες,
1570 5165 1765 5221 semel.

155 5257 296 5327 Ibid.,
330 5279 472 5318 vers.
515 5266 598 5333 18,
641 5269 691 5318 et
727 5266 1040 5334 peperimus
1076 5265 1376 5334 spiritum:
1423 5262 1625 5316 salutes
1663 5276 1771 5315 non

153 5354 373 5426 fecimus,
403 5360 461 5412 in
487 5363 654 5413 terra.
683 5357 932 5412 Lection.
983 5373 1132 5426 vero,
1182 5356 1305 5411 sine
1352 5354 1768 5426 dispunctione,

155 5448 381 5514 Spiritum
406 5454 599 5507 salutis
625 5468 732 5506 non
783 5454 1010 5520 fecimus
1051 5454 1109 5505 in
1165 5456 1331 5510 terra.
1381 5450 1538 5516 LXX,
1584 5452 1773 5518 πνεῦμα

155 5549 364 5612 σωτηρίας
388 5568 477 5601 σου
507 5552 818 5615 ἐποιησαμιν.
869 5544 1175 5616 Complut.,
1207 5551 1234 5599 ὃ
1258 5549 1487 5608 ἐποίησας
1513 5573 1582 5583 --
1632 5543 1768 5613 Cap.

157 5645 238 5700 LII,
267 5637 345 5705 14,
374 5640 450 5694 sic
477 5640 746 5707 inglorius
776 5641 898 5694 erit.
929 5638 1200 5708 Lection.,
1240 5640 1317 5694 sic
1342 5638 1629 5708 gloriosior
1647 5638 1768 5692 erit.

159 5721 282 5796 LXX,
309 5747 434 5786 cum
459 5732 722 5805 Vulgata,
749 5739 994 5797 ἀδοξήσειο

220 5819 398 5898 472
421 5826 617 5883 Ιειιιιιιι.
642 5843 740 5895 xu,
775 5831 826 5894 7,
853 5829 911 5882 in
928 5843 1096 5883 manu
1123 5827 1464 5883 inimicorum
1492 5823 1632 5893 ejus.
1649 5823 1772 5879 LXX

163 5917 303 5982 αὐτῆς.
329 5918 596 5994 Lection.,
615 5923 959 5979 inimicorum
976 5938 1234 5982 meorum.
1257 5954 1325 5964 —
1343 5920 1550 5978 Thren.
1574 5934 1656 5991 ιιι,
1683 5921 1769 5990 13,

1790 5025 1849 5098 D

1877 2366 1992 2427 irae,
2017 2359 2160 2416 forte
2189 2360 2476 2416 mendose.

1946 2455 2146 2509 Ezscu.
2203 2470 2353 2522 LXIII,
2408 2457 2497 2522 20,
2557 2460 2607 2510 et
2659 2469 2825 2523 super
2871 2470 3123 2509 coronam
3166 2457 3225 2509 in
3266 2457 3518 2519 circuitu,

1874 2548 2082 2614 Graece,
2121 2558 2279 2620 βασιν.
2325 2547 2596 2614 Lection.,
2634 2553 2684 2602 et
2730 2564 2894 2618 super
2924 2564 3128 2603 cornua
3166 2550 3226 2603 in
3265 2551 3515 2604 circuitu.

1873 2671 1942 2682 -—-
1969 2641 2102 2714 Cap.
2131 2658 2277 2709 xuv,
2314 2645 2366 2709 3,
2399 2643 2453 2710 4,
2483 2643 2806 2709 egredietur.
2841 2643 2911 2696 Et
2963 2643 3209 2697 adduxit
3242 2659 3344 2706 me,
3388 2659 3519 2697 cum

1873 2736 2018 2791 LXX.
2059 2736 2328 2804 Lection.,
2373 2737 2700 2804 egredietur.
2735 2736 2826 2790 Sic
2867 2737 3006 2791 sicut
3045 2741 3123 2790 est
3161 2738 3371 2801 clausa,
3407 2739 3521 2792 Rea:

1775 2857 1778 2860 ~
1875 2832 2130 2884 transivit
2149 2846 2252 2899 per
2280 2846 2418 2885 eam.
2446 2833 2515 2885 Et
2540 2829 2779 2884 adduxit
2807 2845 2908 2884 me.

1945 2924 2152 2977 DANIEL
2191 2940 2272 2985 III,
2324 2927 2374 2985 1,
2417 2923 2910 2981 Nabuchodonosor
2952 2939 3050 2978 rem
3067 2925 3216 2991 fecit.
3245 2923 3518 2993 Lection.,

1873 3033 2004 3071 cum
2047 3017 2192 3085 LXX,
2241 3031 2386 3071 anno
2419 3021 2605 3072 octavo
2651 3017 2852 3071 decimo
2891 3017 3382 3073 Nabuchodonosor
3422 3033 3521 3072 rea:

1870 3112 2018 3178 fecit.
2055 3109 2218 3179 Ibid.,
2251 3125 2394 3164 vers.
2420 3113 2472 3176 6,
2512 3113 2597 3177 15,
2624 3112 2713 3180 20,
2753 3114 3030 3178 fornacem
3070 3113 3214 3178 ignis
3249 3111 3518 3174 ardentis,

1873 3204 2142 3273 Lection.,
2179 3219 2311 3257 cum
2350 3203 2496 3273 LXX,
2525 3202 2739 3274 ubique
2781 3205 2954 3259 habet
2993 3205 3294 3259 ardentem.
3353 3203 3516 3270 Ibid.,

1869 3313 2013 3352 vers.
2056 3298 2146 3363 94,
2185 3298 2478 3354 Sarabala.
2524 3297 2796 3365 Lection.,
2849 3314 2980 3352 cum
3026 3298 3174 3367 LXX,
3225 3299 3514 3353 sarabara.

1869 3391 2032 3460 Ibid.,
2078 3407 2222 3446 vers.
2270 3393 2357 3460 96,
2392 3393 2632 3462 positum
2674 3397 2753 3446 est
2783 3393 2878 3446 hoc
2907 3393 3198 3448 decretum.
3237 3391 3515 3462 Lection.,

1869 3500 2001 3538 cum
2023 3485 2170 3551 LXX,
2205 3486 2546 3555 propositum
2570 3486 2964 3540 estdecretum.
3019 3485 3181 3552 Ibid.,
3226 3501 3373 3540 vers.
3423 3489 3514 3554 97,

1869 3581 1958 3641 98,
1989 3580 2045 3632 in
2064 3580 2352 3648 provincia
2372 3578 2685 3646 Babylonis.
2707 3579 3219 3636 Nabuchodonosor.
3238 3579 3514 3646 Lection.,

1869 3674 1928 3726 in
1948 3675 2293 3741 provinciam
2319 3672 2638 3741 Babylonis,
2669 3677 2719 3727 et
2736 3674 2955 3742 scripsit
2982 3672 3276 3741 epistulam
3301 3675 3380 3727 sic
3396 3688 3518 3727 con-

1869 3768 2143 3820 tinentem.
2180 3765 2689 3832 Nabuchodonosor,
2715 3781 2843 3836 quae
2885 3764 3052 3820 verba
3095 3763 3269 3819 etiam
3311 3765 3519 3820 desunt

1867 3858 2018 3930 apud
2043 3859 2188 3913 LXX.
2221 3889 2289 3898 -
2309 3858 2444 3929 Cap.
2478 3875 2551 3925 ιχ,
2584 3858 2670 3925 14,
2703 3861 2754 3913 et
2779 3859 3031 3926 vigilavit
3055 3859 3318 3913 Dominus
3353 3874 3518 3928 super

1866 3953 2154 4007 malitiam.
2189 3952 2354 4007 Deest
2372 3967 2537 4022 super
2561 3952 2832 4006 malitiam
2862 3951 2923 4005 in
2947 3950 3319 4006 Lectionario.
3349 3951 3514 4022 Ibid.,

1868 4062 2012 4100 vers.
2066 4049 2158 4114 25,
2208 4047 2340 4100 scito
2383 4061 2507 4113 ergo
2548 4050 2600 4100 et
2635 4045 3028 4100 animadverte.
3073 4044 3326 4101 Lection.
3371 4045 3516 4101 Scito

1869 4155 2012 4208 ergo,
2041 4144 2090 4194 et
2113 4141 2316 4209 planta
2340 4155 2548 4202 aurem,
2577 4143 2628 4194 et
2659 4139 3052 4194 animadverte.

1939 4234 2082 4288 Ossa
2107 4251 2181 4295 ιγ,
2208 4237 2294 4297 17,
2323 4234 2533 4289 dimitte
2561 4250 2701 4288 eum.
2728 4233 2996 4302 Lection.,
3027 4233 3262 4288 dimittet
3287 4249 3422 4289 eum.
3448 4213 3547 4275 --’

1867 4328 1998 4398 Cap.
2028 4343 2104 4395 νι,
2129 4331 2182 4397 6,
2211 4332 2261 4382 et
2287 4343 2395 4383 non
2414 4330 2760 4398 sacriﬁcium,
2781 4345 2913 4383 cum
2940 4328 3064 4382 LXX
3089 4327 3336 4384 Lection.
3359 4345 3514 4399 vero,

1869 4425 1920 4475 et
1945 4437 2054 4475 non
2070 4422 2370 4490 judicium.

1937 4515 2070 4569 JoaL
2098 4531 2135 4583 ι,
2171 4517 2255 4583 13,
2291 4515 2500 4569 libatio.
2531 4515 2805 4582 Lection.,
2827 4515 3048 4568 oblatio.
3071 4545 3140 4554 —
3167 4515 3300 4586 Cap.
3333 4533 3392 4585 ιι,
3422 4518 3510 4584 23,

1867 4609 2161 4663 serotinum
2205 4609 2347 4660 sicut
2385 4609 2445 4661 in
2485 4609 2782 4676 principio.
2834 4608 2950 4660 Vox
3005 4609 3145 4661 sicut
3190 4608 3346 4663 deest
3394 4626 3514 4664 non

1866 4700 2039 4756 semel
2064 4699 2124 4753 in
2152 4699 2519 4754 Lectionario.
2551 4699 2713 4767 Ibid.,
2742 4714 2888 4753 vers.
2917 4701 3008 4768 28,
3041 4702 3295 4768 spiritum
3316 4719 3510 4758 meum.

1867 4793 2138 4860 Lection.,
2167 4793 2232 4846 de
2258 4793 2460 4861 spiritu
2485 4807 2619 4858 meo,
2648 4807 2780 4846 cum
2806 4791 2952 4860 LXX,
2979 4794 3035 4846 et
3063 4791 3141 4846 sic
3166 4793 3306 4865 legit
3336 4796 3509 4852 Lucas

1868 4891 1987 4943 Act.
2017 4904 2078 4954 ιι,
2108 4887 2196 4942 47.

1943 4984 2096 5037 Auos
2126 4996 2244 5047 vm,
2277 4983 2330 5048 5,
2373 4979 2594 5049 quando
2638 4978 2894 5034 transibit
2931 4979 3149 5047 mensis,
3189 4993 3320 5032 cum
3365 4982 3512 5037 LXX.

1871 5076 2146 5145 Lection.,
2173 5075 2381 5142 messis,
2408 5073 2553 5128 forte
2581 5071 2888 5128 mendose.
3146 5142 3148 5144 ν

1940 5170 2184 5226 ΜΑιΑοιι.
2242 5185 2325 5238 ιιι,
2373 5171 2425 5237 3,
2474 5167 2674 5222 colabit
2717 5182 2824 5222 eos.
2861 5166 3134 5237 Lection.,
3177 5181 3307 5221 cum
3364 5166 3511 5236 LXX,

1869 5264 2122 5332 conﬂabit
2150 5278 2256 5331 eos,
2312 5261 2537 5317 rectius.
2591 5261 2752 5330 Ibid.,
2801 5277 2944 5315 vers.
2988 5263 3041 5330 8,
3087 5262 3403 5332 confiximus
3442 5266 3512 5328 te,

1868 5373 2000 5411 cum
2025 5357 2170 5425 LXX,
2201 5372 2304 5427 pro
2333 5357 2649 5425 contigimus
2700 5360 2768 5422 te,
2813 5354 2963 5426 quod
3016 5357 3098 5409 est
3143 5355 3204 5410 in
3251 5354 3509 5426 Vulgata.

1869 5450 2034 5521 Ibid.,
2066 5466 2207 5505 vers.
2256 5453 2340 5516 17,
2369 5455 2526 5505 erunt
2549 5451 2702 5504 mihi.
2733 5450 3006 5521 Lection.,
3041 5455 3200 5506 erunt
3229 5453 3364 5505 mihi
3393 5463 3512 5506 oves

1869 5562 2015 5601 mea.
2045 5576 2114 5585 —-
2145 5544 2284 5615 Cap.
2317 5559 2394 5610 IV,
2437 5547 2486 5607 1,
2527 5544 2753 5613 stipula.
2791 5545 3064 5615 Lection.,
3109 5546 3250 5600 sicut
3285 5546 3510 5617 stipula.

1871 5641 2040 5696 Deest
2065 5643 2260 5694 tamen
2285 5637 2409 5694 haec
2432 5637 2706 5709 particula
2729 5637 2880 5709 apud
2916 5639 3062 5710 LXX,
3089 5638 3221 5695 licet
3233 5638 3504 5696 subintel-

1870 5732 2104 5804 ligatur.

2296 5826 2364 5881 IN
2403 5824 2585 5881 ΝΟνο
2623 5823 3088 5880 TESTAMENTO.

1946 5921 2156 5977 Manu.
2188 5936 2262 5991 γι,
2304 5923 2386 5990 11,
2416 5919 3012 5992 supersubstantialem.
3053 5917 3324 5982 Lection.,
3371 5919 3511 5976 Coti-
