4006 6228
556 346 653 400 431

1343 342 1679 398 APPENDIX
1717 341 1804 396 AD
1842 341 2066 396 omam.
2103 326 2337 397 SANCTi
2373 339 2674 397 GERMANI
2711 338 3141 397 PARJSIENSIS.

3826 340 3911 396 432

556 455 837 524 decorato,
868 453 926 507 et
948 450 1257 525 pontiﬁcali
1291 450 1474 504 ofﬁcio
1503 454 1787 520 coronato,
1827 450 2059 506 Bibiano
2095 468 2189 505 or-
2210 463 2271 535 Α
2290 451 2546 523 pleverit.
2577 453 2740 523 Apud
2765 469 2869 507 nos
2895 453 3086 523 itaque
3111 467 3179 505 ex
3209 449 3331 521 ejus
3356 446 3738 505 sollemnitate
3759 449 3912 505 absti-

553 548 786 617 todoxo,
815 547 1128 619 Agustinus
1150 546 1251 601 Dei
1289 560 1581 600 servorum
1626 561 1839 615 servus,
1860 545 1922 599 in
1952 544 2190 602 Domino

553 642 814 697 salutem.
857 641 1090 696 Litteras
1131 639 1475 711 apostolatus
1511 639 1697 708 vestri,
1735 638 2023 694 carissimo
2073 640 2191 694 ﬁlio

550 740 746 790 nostro
768 733 1008 804 Trojano
1035 737 1221 788 vestro
1248 732 1483 787 diacono
1512 732 1817 800 deferente,
1847 733 1918 787 ad
1930 750 2031 787 nos
2058 749 2188 804 per-

549 829 767 885 venisse
813 826 1149 898 comperite;
1204 828 1261 881 et
1313 826 1450 881 dum
1499 826 1735 897 sospitas
1789 830 1975 881 vestra
2026 827 2191 882 nobis

550 921 748 976 fuisset
771 920 1071 976 certiﬁcata
1098 934 1205 991 per
1220 920 1514 991 paginam,
1543 920 1822 976 immensa
1840 920 2191 977 reddidimus

551 1016 665 1069 Deo
712 1013 891 1068 laudis
933 1013 1236 1083 praeconia.
1282 1015 1348 1068 Et
1391 1014 1647 1086 quamvis
1700 1014 1875 1069 simus
1930 1015 2190 1071 absentes

551 1123 803 1179 corpore,
834 1111 1143 1177 praesentes
1172 1110 1364 1163 tamen
1391 1107 1660 1179 ﬂorigera
1688 1108 1938 1178 caritate,
1968 1110 2185 1165 exhila-

547 1202 657 1257 rati
685 1217 883 1256 sumus
917 1201 1075 1256 valde
1113 1218 1220 1273 pro
1262 1202 1568 1257 sanctitatis
1608 1218 1861 1272 rumore,
1905 1206 1961 1257 et
2001 1204 2186 1259 excel-

545 1297 696 1351 lente
740 1294 989 1349 culmine
1018 1294 1319 1349 sacerdotii
1346 1295 1534 1366 vestri,
1578 1295 1679 1366 qui
1713 1295 1881 1366 longe
1916 1297 2097 1352 radiat
2126 1297 2187 1352 in

547 1388 703 1460 orbe,
731 1406 848 1443 non
872 1388 1059 1443 solum
1085 1387 1401 1444 Occidentis
1428 1393 1484 1443 et
1521 1389 1732 1457 Gallia},
1775 1405 1974 1443 verum
2012 1390 2185 1445 etiam

547 1482 791 1537 Orientis
820 1487 877 1537 et
902 1481 1138 1552 Atfricae,
1170 1482 1509 1537 meritorum
1552 1482 1766 1537 lumine
1795 1488 2182 1554 percurrente.

545 1577 782 1631 Oramus
809 1580 1001 1631 autem
1031 1577 1228 1647 Deum,
1272 1580 1336 1631 ut
1360 1577 1575 1631 bonum
1613 1593 1754 1647 opus
1789 1577 1850 1631 in
1890 1577 2047 1632 vobis
2086 1577 2186 1649 qui

545 1669 732 1741 coepit,
778 1670 899 1741 ipse
945 1675 1125 1742 coepta
1175 1669 1465 1741 perﬁciat;
1511 1670 1793 1742 simulque
1847 1671 2005 1725 vobis
2054 1687 2187 1743 sup-

541 1764 766 1836 pliciter
806 1764 1072 1835 petimus,
1120 1769 1187 1818 ut
1225 1764 1486 1835 precibus
1527 1763 1726 1819 vestris
1765 1764 1946 1835 adjuti
1971 1780 2185 1820 merea-

2289 545 2485 600 nentia
2510 562 2542 599 a
2567 546 2830 601 carnibus
2855 546 2942 601 vel
2968 544 3254 616 conjugali
3288 545 3490 616 copula
3514 544 3645 598 ﬁliis
3673 543 3913 600 Ecclesia

2290 638 2587 709 indicatur,
2616 642 2681 694 ut
2709 640 2781 694 ad
2808 639 3162 694 Nativitatem
3211 638 3434 692 Domini
3477 637 3732 693 securius
3778 654 3913 693 com-

2290 733 2604 788 municent.
2632 733 2859 788 Rectius
2880 738 3071 789 autem
3087 733 3194 788 hoc
3212 749 3353 804 opus
3373 731 3432 786 in
3459 731 3637 786 sancti
3661 731 3915 788 Johannis

2290 826 2656 898 conceptione
2701 826 3059 882 instituitur:
3108 826 3243 897 quia
3294 824 3414 896 ipse
3466 824 3759 897 praecessit
3805 832 3917 882 ante

2290 920 2616 991 Dominum,
2641 924 2697 975 et
2720 936 2825 992 per
2850 919 3201 992 praeconium
3219 918 3431 991 angeli,
3453 922 3508 973 et
3531 935 3637 991 per
3652 918 3696 973 si
3704 918 3914 990 gniﬁca-

2287 1013 2457 1068 tionis
2486 1017 2826 1083 contactum,
2859 1014 2997 1068 dum
3029 1012 3301 1067 Dominus
3337 1013 3406 1067 de
3445 1012 3698 1083 Virgine,
3739 1029 3916 1068 servus

2284 1123 2418 1162 vero
2455 1112 2783 1163 nasceretur
2819 1123 2888 1163 ex
2920 1108 3112 1162 vetula
3149 1111 3206 1161 et
3243 1105 3430 1161 sterile
3467 1111 3681 1175 matre;
3730 1110 3787 1161 et
3814 1107 3918 1178 ipse

2287 1200 2509 1257 clausus
2530 1206 2713 1272 utero,
2743 1202 3003 1257 exultans
3029 1200 3088 1255 in
3116 1199 3344 1271 gaudio,
3366 1201 3621 1255 clausum
3638 1199 3917 1255 Christum

2286 1295 2534 1366 Virginis
2584 1296 2708 1350 alvo
2753 1296 2989 1367 mystico
3033 1293 3290 1349 salutavit
3345 1294 3645 1365 praesagio.
3714 1294 3820 1349 Sed
3870 1300 3919 1349 et

2285 1389 2513 1461 quando
2537 1389 2821 1444 Johannes
2846 1388 3019 1444 sensit
3063 1388 3363 1442 imminere
3400 1387 3550 1442 diem
3593 1387 3785 1442 obitus
3816 1388 3914 1456 sui,

2284 1483 2412 1538 ideo
2441 1483 2600 1537 misit
2624 1483 2694 1538 ad
2722 1483 3030 1538 Dominum
3062 1482 3254 1537 dicens
3284 1499 3298 1536 :
3332 1484 3412 1536 Tu
3439 1497 3493 1537 es
3527 1484 3626 1552 qui
3662 1485 3914 1536 venturus

2282 1591 2359 1640 es,
2389 1593 2463 1631 an
2493 1579 2665 1631 alium
2700 1577 3108 1647 emspectamus?
3133 1574 3297 1647 quasi
3325 1575 3536 1631 diceret
3572 1575 3652 1629 illi
3681 1592 3695 1630 :
3739 1575 3917 1630 Indica

2283 1670 2429 1725 mihi
2455 1674 2649 1729 utrum
2674 1687 2779 1742 per
2801 1675 2859 1725 te
2878 1671 2950 1725 ad
2977 1668 3186 1725 inferni
3213 1669 3456 1724 claustra
3483 1669 3809 1737 descendas,
3851 1686 3917 1724 an

2281 1764 2353 1819 ad
2381 1764 2739 1820 liberandum
2770 1780 2950 1837 genus
2979 1764 3297 1819 humanum
3323 1762 3501 1817 alium
3529 1763 3721 1819 mittas
3750 1783 3766 1820 :
3794 1765 3919 1836 quia

541 1874 675 1913 mur
698 1858 768 1912 de
805 1857 1019 1929 laqueis
1043 1857 1215 1928 hujus
1240 1858 1429 1913 saaculi
1468 1857 1717 1913 liberari.
1765 1860 1843 1913 De
1888 1875 1954 1914 eo
1990 1862 2181 1914 autem
2202 1841 2265 1915 Β
2283 1858 2427 1914 sicut
2454 1863 2507 1914 te
2533 1859 2595 1913 in
2620 1859 2787 1914 terris
2813 1858 3028 1930 positus
3055 1857 3308 1913 docendo
3335 1861 3390 1912 et
3413 1856 3751 1928 baptizando
3773 1875 3917 1930 prae-

541 1952 696 2024 quod
735 1951 897 2006 nobis
956 1951 1172 2023 dignati
1213 1951 1399 2006 fuistis
1446 1951 1766 2024 injungere,
1808 1955 1874 2006 ut
1926 1952 2182 2008 ordinem

538 2047 828 2117 Hypponee
852 2045 1146 2116 Regiensis
1171 2045 1438 2115 ecclesiae,
1481 2045 1724 2117 qualiter
1762 2045 1954 2102 divina
1999 2047 2184 2101 ofﬁcia

538 2155 643 2210 per
665 2138 1008 2194 Testamenti
1036 2143 1091 2194 et
1110 2139 1246 2193 Novi
1265 2144 1322 2194 et
1341 2139 1552 2195 Veteris
1576 2140 1845 2212 paginam
1876 2141 2182 2196 annualem

537 2232 810 2305 persolvit
829 2233 1213 2303 harmoniam,
1230 2232 1389 2287 vobis
1401 2232 1648 2305 dirigere
1667 2234 2034 2304 deberemus;
2054 2234 2182 2290 ideo

537 2327 609 2382 ad
638 2343 891 2398 praesens
934 2343 1049 2382 non
1074 2327 1386 2398 potuimus,
1415 2327 1547 2399 quia
1573 2328 1633 2381 in
1673 2328 1819 2382 libro
1865 2330 2182 2383 Exameron

537 2425 759 2476 nostros
770 2420 1017 2476 notarios
1035 2424 1335 2492 occupatos
1360 2420 1732 2476 habebamus.
1751 2422 1859 2477 Sed
1885 2439 2016 2476 cum
2041 2422 2181 2477 illud

540 2531 683 2586 opus
724 2514 915 2583 fuerit,
955 2514 1178 2570 favente
1221 2514 1484 2584 Domino,
1528 2519 2006 2587 consummatum,
2047 2533 2181 2571 mox

539 2608 863 2664 obedientes
919 2612 1105 2681 vestro
1140 2608 1384 2679 imperio
1436 2625 1540 2680 per
1588 2609 1865 2664 famulum
1908 2613 2177 2678 vestrum,

538 2703 722 2758 ﬁlium
760 2704 822 2759 in
853 2703 1077 2759 Christo
1102 2707 1383 2770 nostrum,
1414 2703 1732 2774 Eugepium
1759 2704 2176 2776 presbyterum,

536 2797 692 2852 vobis
727 2797 987 2852 libellum
1015 2796 1329 2868 dirigemus
1357 2813 1370 2851 :
1399 2796 1460 2850 in
1485 2813 1598 2868 quo
1627 2797 1801 2853 totius
1835 2798 1970 2853 anni
2013 2798 2178 2869 opiﬁ-

539 2891 689 2946 cium
707 2891 769 2945 in
781 2890 1117 2946 lectionibus
1130 2890 1341 2945 Divinis
1356 2891 1712 2962 perﬂorando
1724 2892 2176 2963 perstrinximus,

535 2984 868 3057 incipientes
904 2984 1165 3040 ordinem
1198 2985 1485 3041 Adventus
1536 2985 1809 3040 Dominici
1858 2986 1928 3040 ab
1982 2990 2180 3041 octavo

535 3079 804 3135 Calendas
835 3078 1081 3134 octubris
1120 3078 1528 3150 aequinoctium
1568 3080 1916 3149 autumnale,
1970 3096 2077 3152 pro
2114 3096 2180 3136 eo

536 3173 690 3246 quod
715 3173 914 3228 eadem
939 3172 1031 3227 die
1054 3173 1337 3228 Johannes
1360 3190 1679 3244 praecursor
1694 3172 1917 3228 Domini
1940 3191 1972 3228 a
1997 3174 2177 3245 majo-

536 3268 695 3322 ribus
718 3267 924 3321 nostris
950 3266 1193 3322 traditur
1219 3270 1274 3322 et
1290 3268 1507 3338 Angelo
1535 3268 1832 3324 nuntiante
1852 3273 2174 3340 conceptus,

538 3365 595 3416 et
620 3360 852 3415 Herodis
879 3360 1089 3415 funesti
1134 3360 1317 3432 gladio
1353 3361 1685 3417 trucidatus.
1732 3363 1828 3416 Est
1874 3366 1931 3417 et
1972 3365 2179 3432 praeter

536 3454 901 3510 Nativitatem
964 3454 1073 3509 alia
1137 3454 1479 3509 sollemnitas
1528 3455 1804 3510 Johannis
1873 3456 2137 3528 Baptistae
2159 3497 2173 3526 ,

537 3553 741 3621 quarto
767 3548 979 3605 scilicet
1003 3548 1277 3604 Calendas
1302 3547 1667 3620 Septembris,
1706 3549 1935 3621 quando
1974 3549 2175 3605 inven-

538 3647 662 3698 tum
703 3642 913 3715 legitur
966 3644 1136 3715 caput
1173 3640 1440 3697 dominici
1485 3644 1866 3714 praecursoris.
1911 3644 2067 3708 Quod
2115 3648 2181 3700 ut

539 3737 741 3810 opinor
759 3737 1006 3794 decrevit
1031 3737 1160 3793 ideo
1186 3735 1526 3808 dispensatio
1556 3737 1808 3808 Deitatis,
1837 3742 1902 3793 ut
1941 3738 2076 3810 quia
2118 3738 2179 3794 in

540 3834 692 3889 unda
719 3832 1094 3904 baptismatis,
1117 3830 1501 3886 ministerium
1527 3832 1843 3901 dumtaxat,
1875 3832 2027 3904 quod
2048 3836 2179 3889 ante

538 3928 743 3984 faciem
769 3926 975 3982 Christi
1012 3925 1338 3998 praedicavit
1363 3926 1667 3997 Johannes,
1705 3942 1996 3980 sacramur
2034 3943 2182 3981 mer-

542 4020 794 4077 sionibus
819 4019 1005 4090 trinis,
1036 4020 1163 4075 ideo
1191 4020 1437 4075 trifarias
1462 4019 1813 4074 sollemniter
1846 4019 2045 4074 reddat
2086 4021 2183 4075 Ec-

542 4116 709 4171 clesia
732 4114 857 4186 ejus
882 4114 1099 4169 laudes.
1127 4115 1193 4169 Et
1217 4113 1349 4185 quia
1370 4114 1439 4168 de
1458 4112 1557 4167 illo
1584 4113 1858 4184 scriptum
1880 4112 2072 4186 459
2099 4118 2183 4169 est

542 4209 774 4265 vocibus
803 4207 1150 4280 propheticis
1196 4211 1253 4263 et
1280 4205 1617 4262 testimoniis
1661 4206 1960 4262 Salvatoris
1989 4224 2004 4262 :
2049 4210 2181 4263 Ecce

546 4320 638 4374 ego
679 4304 832 4358 mitto
862 4304 1115 4371 angelum
1147 4316 1321 4355 meum
1363 4301 1459 4369 qui
1494 4301 1841 4370 praeparabit
1871 4304 2017 4356 viam
2057 4307 2183 4357 ante

542 4401 741 4470 faciem
767 4402 955 4463 tuam;
983 4396 1109 4450 ideo
1135 4400 1192 4448 et
1214 4394 1283 4447 ab
1306 4392 1428 4464 ejus
1452 4396 1728 4466 conceptu
1754 4395 1841 4450 vel
1866 4395 2024 4451 obitu
2065 4397 2183 4451 Ad-

546 4497 747 4551 ventus
770 4489 978 4548 Christi
992 4488 1326 4543 inchoamus
1355 4487 1627 4543 ofﬁcium.
1657 4489 1905 4561 Dignum
1915 4495 1999 4547 est
2024 4508 2184 4545 nam-

2200 3221 2255 3295 C

2283 1969 2516 2008 currens
2541 1952 2722 2025 digito
2737 1951 3036 2007 oriendum
3054 1950 3453 2021 demonstravi,
3473 1950 3550 2006 ita
3569 1951 3698 2006 volo
3714 1952 3919 2024 populo

2283 2047 2342 2101 in
2370 2046 2620 2102 tenebris
2660 2045 2962 2116 resedenti,
2996 2050 3053 2101 et
3097 2050 3153 2101 te
3186 2044 3439 2117 quotidie
3474 2028 3785 2116 postulanti
3826 2047 3919 2101 ad-

2281 2144 2515 2196 ventum
2554 2145 2718 2196 tuum
2758 2141 2952 2212 jussus
2997 2156 3031 2193 a
3073 2144 3148 2208 te,
3202 2138 3459 2207 Domine,
3508 2138 3824 2194 nuntiare?
3856 2141 3917 2195 Et
3973 2146 3983 2169 ⁴

2282 2234 2448 2290 certis
2474 2234 2565 2289 his
2610 2234 2678 2289 de
2722 2234 2905 2289 causis
2949 2233 3011 2288 in
3047 2232 3368 2288 celebritate
3402 2231 3689 2287 Adventus
3732 2233 3918 2287 Domi-

2280 2327 2413 2399 nici,
2444 2328 2788 2383 sollemnitas
2814 2327 3182 2399 anteponitur
3209 2325 3482 2381 Johannis
3508 2327 3796 2398 Baptistae.
3820 2328 3919 2384 Sed

2281 2426 2338 2477 et
2362 2421 2488 2477 vide
2520 2422 2779 2478 ordinem
2806 2427 3130 2493 temporum
3156 2421 3216 2475 in
3241 2420 3494 2492 idipsum
3517 2436 3773 2493 congrue
3798 2439 3921 2477 con-

2280 2516 2627 2572 cordantem.
2661 2518 2723 2571 In
2751 2515 3153 2588 tequinoctium
3190 2515 3473 2585 autumni,
3529 2516 3760 2587 quando
3802 2533 3917 2571 cre-

2282 2613 2446 2664 scunt
2468 2610 2738 2681 tenebrae,
2770 2615 2905 2664 tunc
2930 2609 3173 2664 traditur
3190 2608 3472 2664 Johannes
3495 2608 3667 2664 fuisse
3692 2626 3923 2682 concep-

2279 2707 2405 2772 tus;
2429 2707 2485 2758 et
2513 2703 2615 2758 sub
2636 2706 2829 2759 rotatu
2854 2703 3112 2774 ejusdem
3125 2702 3399 2781 temporis
3416 2719 3636 2774 passus.
3665 2704 3730 2758 In
3754 2703 3918 2776 aequi-

2279 2797 2536 2852 noctium
2566 2798 2793 2870 quando
2818 2798 2917 2852 lux
2945 2797 3290 2866 extenditur,
3313 2800 3369 2851 et
3392 2796 3642 2852 tenebrae
3657 2798 3921 2853 minuun-

2279 2894 2392 2958 tur,
2420 2895 2556 2946 tunc
2580 2891 2822 2946 traditur
2845 2891 3100 2947 Christus
3128 2894 3185 2945 et
3212 2893 3515 2961 conceptus
3540 2894 3706 2946 utero
3735 2891 3915 2963 Virgi-

2279 2984 2402 3055 nis;
2437 2990 2494 3041 et
2514 2985 2616 3040 sub
2643 2985 2845 3041 eodem
2870 2984 3146 3040 curriculo
3177 2984 3395 3040 adﬁxus
3427 2983 3677 3056 patibulo
3721 2986 3920 3041 crucis.

2280 3079 2343 3132 In
2370 3078 2628 3149 solstitio,
2651 3079 2712 3134 in
2737 3096 2849 3151 quo
2873 3079 2995 3135 dies
3018 3078 3220 3150 incipit
3248 3077 3452 3146 minui,
3483 3083 3539 3134 et
3561 3094 3676 3134 nox
3696 3079 3917 3152 augeri,

2279 3170 2561 3228 Johannes
2595 3173 2845 3229 creditur
2883 3177 3072 3240 natus,
3114 3176 3179 3229 ut
3213 3171 3463 3227 famulus
3495 3188 3508 3227 :
3550 3173 3609 3228 in
3647 3174 3747 3229 illo
3789 3191 3920 3229 vero

2279 3266 2537 3337 solstitio,
2567 3283 2639 3322 ex
2664 3284 2775 3339 quo
2801 3267 2920 3323 dies
2950 3271 3215 3341 augetur,
3244 3270 3300 3321 et
3356 3267 3603 3323 tenebrae
3643 3267 3921 3324 minuun-

2277 3362 2390 3430 tur,
2420 3365 2585 3415 natus
2615 3366 2699 3416 est
2714 3361 2906 3435 460
2935 3379 3007 3419 ex
3030 3364 3250 3438 virgine
3292 3370 3464 3426 Maria
3503 3367 3779 3423 Salvator.
3820 3364 3921 3417 Pro

2278 3454 2384 3509 hoc
2413 3454 2809 3526 quatripartito
2838 3459 3074 3515 rotantis
3099 3463 3237 3517 anni
3278 3463 3557 3519 curriculo
3595 3460 3772 3516 etiam
3792 3454 3920 3513 libri

2277 3547 2451 3619 hujus
2475 3548 2649 3603 ﬁdem
2672 3536 3034 3609 terminando
3063 3555 3461 3628 distinximus;
3504 3560 3570 3612 ut
3604 3553 3741 3627 quia
3777 3568 3914 3624 qua-

2277 3646 2408 3697 tuor
2434 3647 2693 3715 tempora
2715 3646 2851 3700 anni
2900 3647 3008 3702 isto
3053 3650 3316 3707 videntur
3369 3651 3566 3706 ordine
3602 3644 3918 3712 terminari,

2278 3736 2355 3791 ita
2379 3737 2551 3792 etiam
2590 3742 2833 3811 quatuor
2867 3742 3173 3799 voluminis
3209 3745 3381 3817 hujus
3416 3744 3550 3801 libri
3592 3742 3925 3799 distinctum

2279 3830 2519 3887 reddent
2552 3832 2801 3889 ofﬁcium
2839 3852 2943 3907 per
2990 3837 3269 3894 circulum
3311 3839 3466 3910 anni,
3515 3839 3692 3893 instar
3746 3830 3925 3891 sancti

2279 3923 2586 3997 Evangelii,
2595 3926 2618 3998 j
2628 3931 2764 3983 uxta
2777 3930 2929 4001 quod
2950 3935 3075 3986 rota
3089 3932 3326 3988 inferius
3338 3932 3684 4005 praesignata
3699 3929 3924 3985 videtur

2280 4019 2588 4076 attendere.
2646 4022 2927 4093 Deprecor
2965 4030 3157 4082 autem
3202 4032 3277 4096 te,
3318 4031 3375 4083 et
3419 4043 3615 4082 omnes
3660 4024 3739 4079 ad
3786 4039 3925 4096 quos

2279 4110 2525 4168 formula
2549 4115 2654 4170 ista
2676 4116 2903 4189 legendi
2930 4120 3270 4190 pervenerit,
3300 4125 3367 4175 ut
3390 4118 3775 4190 omnipotenti
3814 4118 3921 4171 Do-

2279 4207 2439 4263 mino
2459 4224 2562 4279 pro
2593 4226 2687 4265 me
2707 4193 2937 4267 exorare
2955 4212 3292 4285 dignemini,
3322 4218 3602 4286 quatenus
3628 4229 3736 4285 pro
3752 4211 3926 4283 hujus

2282 4302 2466 4374 operis
2537 4304 2726 4360 labore
2799 4304 3206 4376 aliquantulam
3265 4308 3416 4378 apud
3466 4307 3659 4378 ipsum
3723 4321 3926 4379 capere

2280 4410 2502 4451 merear
2566 4396 2763 4467 gratiae
2812 4397 3153 4468 portionem.
3200 4401 3336 4455 Data
3386 4400 3659 4456 Calendas
3706 4401 3923 4471 Iunias,

2281 4488 2535 4559 Hippone
2562 4489 2759 4560 Regio,
2778 4492 3014 4546 Arcadio
3041 4498 3096 4548 et
3122 4494 3360 4550 honorio
3387 4496 3638 4568 Agustis.

545 4606 678 4663 que,
705 4591 771 4641 ut
794 4585 865 4638 ab
895 4582 1094 4638 eodem
1132 4582 1223 4637 die
1261 4598 1439 4654 usque
1482 4583 1551 4637 ad
1583 4583 1946 4642 Nativitatem
1981 4584 2186 4641 Christi
2204 4598 2264 4670 Ι)
2354 4583 2604 4637 Feliciter
2663 4585 2888 4654 eaplicit
2951 4588 3185 4657 epistula
3248 4591 3424 4646 sancti
3485 4590 3753 4660 Agustini
3813 4594 3923 4661 epi-

545 4682 962 4756 prophetarum
1022 4693 1238 4748 organa
1288 4677 1722 4749 tympanizando
1784 4680 2017 4734 resultet
2078 4680 2181 4733 Ec-

548 4776 735 4832 clesia.

619 4870 728 4926 Sed
768 4868 902 4941 quia
942 4872 1074 4923 sunt
1108 4867 1367 4923 nonnulli
1402 4867 1502 4940 qui
1536 4869 1859 4923 Adventum
1900 4866 2122 4922 Domini
2152 4884 2186 4922 a

549 4965 850 5023 festivitate
888 4961 1035 5018 beati
1091 4962 1311 5017 Martini
1358 4960 1693 5016 Turonensis
1737 4961 1892 5016 urbis
1939 4960 2187 5033 episcopi

547 5062 813 5119 videntur
838 5056 1169 5129 insipienter
1192 5056 1466 5125 excolere,
1495 5072 1596 5109 nos
1623 5072 1716 5111 eos
1744 5073 1859 5111 non
1885 5058 2186 5129 reprehen-

552 5158 759 5223 dimus,
789 5153 922 5226 quia
948 5168 1065 5207 non
1084 5166 1283 5206 omnes
1307 5148 1497 5203 omnia
1538 5155 1793 5220 possunt,
1841 5156 1899 5207 et
1939 5152 2186 5208 maxime

552 5270 683 5309 cum
706 5248 1003 5321 Apostolus
1046 5245 1229 5299 dicat:
1282 5244 1581 5313 Unicuique
1624 5246 1763 5298 sicut
1806 5248 1950 5300 Deus
2000 5248 2189 5301 divisit

550 5359 863 5405 mensuram
886 5341 1035 5411 ﬁdei.
1060 5338 1164 5395 Sed
1191 5338 1361 5409 longe
1390 5337 1551 5393 aliter
1572 5343 1655 5394 est
1670 5340 1958 5411 plenitudo
1975 5342 2189 5397 ordinis

551 5448 607 5498 et
634 5435 924 5509 religionis
951 5435 1178 5489 nostra}.
1207 5431 1477 5487 Martinus
1497 5433 1706 5487 etenim
1753 5437 1978 5489 sanctus
2019 5436 2189 5509 longe

551 5538 681 5607 post
706 5528 1091 5587 ascensionem
1127 5526 1373 5597 Domini,
1412 5527 1499 5582 vel
1523 5532 1651 5599 post
1684 5527 2035 5584 nativitatem
2065 5546 2192 5601 pro-

554 5628 676 5698 diit,
708 5626 796 5681 vel
826 5628 952 5696 post
988 5625 1234 5677 mortem
1267 5620 1538 5690 discessit,
1584 5622 1795 5693 quippe
1842 5622 1941 5695 qui
1983 5625 2191 5679 nostris

557 5719 911 5793 temporibus
944 5733 1117 5789 prope
1152 5716 1280 5783 fuit,
1326 5714 1582 5787 quamvis
1619 5716 1677 5770 in
1728 5716 1885 5771 brevi
1934 5720 2190 5789 tempore

556 5817 713 5872 fama
737 5811 1046 5867 sanctitatis
1070 5814 1128 5865 et
1150 5810 1374 5866 virtutis
1398 5809 1551 5865 illius
1578 5813 1761 5866 totum
1790 5810 2072 5867 mundum
2096 5828 2189 5869 re-

635 5909 704 5982 (τι)
732 5906 865 5961 Vide
894 5921 1027 5976 pag.
1064 5908 1183 5960 H5.

2284 4695 2452 4736 εοουι.

2365 4701 2370 4724 ν
2412 4697 2452 4736 ι.

2365 4695 2408 4749 Ρ
2600 4751 2686 4805 IV.
2729 4766 2905 4809 SERMO
2943 4769 2998 4809 IN
3035 4768 3238 4812 VIGILIA
3276 4770 3595 4814 EPIPHANUE.

2528 4853 2615 4906 Ea:
2656 4854 2826 4907 veteri
2864 4854 3204 4910 Lectionario
3243 4854 3525 4913 Gallicana
3575 4858 3670 4930 (a).

2354 4961 2587 5017 Audivit
2626 4963 2921 5020 nobiscum
2960 4966 3161 5023 caritas
3207 4973 3411 5040 vestra,
3449 4969 3814 5042 Evangelista
3852 4970 3934 5025 di-

2287 5060 2446 5111 cente
2490 5073 2504 5112 :
2559 5057 2690 5113 Cum
2730 5063 2894 5114 natus
2937 5077 3068 5130 esse,
3110 5061 3315 5135 inquit,
3367 5067 3508 5119 Deus
3560 5067 3621 5119 in
3656 5066 3929 5120 Bethleem

2286 5151 2486 5206 Iudaeae
2507 5154 2566 5206 in
2597 5152 2784 5207 diebus
2809 5154 3039 5210 Herodis
3057 5159 3200 5224 regis
3226 5176 3245 5209 :
3269 5174 3380 5213 ecce
3400 5160 3544 5226 magi
3563 5165 3834 5214 venerunt
3862 5160 3931 5213 ab

2291 5244 2505 5300 Oriente
2528 5248 2922 5318 Hyerusolyma
2947 5250 3182 5306 dicentes
3210 5266 3225 5301 :
3264 5250 3367 5307 Ubi
3395 5257 3475 5306 est
3505 5255 3603 5322 qui
3644 5257 3814 5308 natus
3855 5257 3931 5307 est

2288 5340 2403 5394 Rea:
2424 5341 2733 5396 Iudaeorum
2747 5344 2775 5396 ?
2806 5343 3054 5399 Vidimus
3074 5347 3216 5400 enim
3234 5347 3445 5400 stellam
3469 5346 3588 5415 ejus
3605 5348 3663 5400 in
3687 5344 3931 5410 Oriente,

2292 5440 2342 5490 et
2369 5436 2613 5490 venimus
2655 5436 2886 5491 adorare
2935 5454 3074 5494 eum.
3112 5439 3266 5493 Felix
3298 5438 3395 5493 illa
3438 5438 3650 5509 civitas,
3700 5438 3931 5509 fratres,

2290 5530 2381 5585 cui
2403 5529 2536 5585 civis
2575 5534 2740 5585 natus
2778 5535 2862 5587 est
2914 5531 3096 5587 Deus!
3139 5549 3269 5605 qua:
3319 5533 3606 5605 singulare
3656 5533 3935 5589 meritum

2289 5629 2439 5700 ante_
2462 5624 2769 5680 adventum
2805 5626 3099 5681 Salvatoris
3138 5627 3437 5699 accipiens,
3472 5627 3660 5700 prima
3706 5626 3937 5682 laudari

2291 5692 2503 5774 meruit
2517 5734 2621 5790 per
2635 5719 2989 5791 prophetam,
3012 5736 3185 5791 quam
3200 5692 3440 5777 disceret
3452 5692 3625 5794 quem
3640 5721 3933 5778 sumebat.

2293 5807 2449 5865 Felix
2471 5811 2555 5877 tu,
2587 5808 2778 5865 civitas
2803 5809 3089 5866 Bethleem
3111 5809 3128 5865 l
3156 5810 3290 5883 quia
3308 5827 3424 5867 non
3446 5827 3505 5869 es
3518 5810 3764 5868 minima
3778 5811 3935 5868 inter
