4006 6228
78 410 157 465 l33

693 408 782 462 AD
822 407 1310 464 ΡΒΛΕΟΕΒΕΝΤῙΑ
1347 400 1663 465 LITURGIA

1765 410 2135 468 .ONUMENTA
2172 414 2507 469 ΛΡΡΕΝΒΙΧ
2544 416 2772 471 PRIMA.

3332 421 3436 477 431:

70 514 325 591 principes
349 514 522 570 Iuda.
551 515 631 570 Ex
671 519 730 571 te
772 517 927 572 enim
969 517 1191 589 prodiet
1225 517 1481 591 Bex‘qui
1532 522 1695 591 reget
1714 520 2017 605 Avagitus
2051 522 2303 593 majores
2345 522 2598 594 gemitus
2644 522 2980 595 exigebant.
3008 526 3174 581 Nulla
3199 525 3429 598 domus,

70 608 324 686 populum
352 624 555 664 meum
574 609 802 665 Israhel.
844 610 989 676 Quid
1014 611 1134 682 agit
1156 612 1317 679 Juda,
1346 628 1547 668 eorum
1584 628 1689 667 car
1793 616 1982 669 nullus
2040 615 2274 671 orbitati
2312 620 2628 672 restaverat
2666 619 2843 685 locus,
2870 617 2968 673 ubi
3017 635 3136 674 non
3185 620 3432 693 diligens

71 707 185 760 citas
214 702 519 773 mentium,
559 703 657 774 qui
691 704 1001 760 adventum
1035 705 1340 761 Salvatoris
1377 722 1483 762 nec
1516 706 1685 761 intel-

68 800 221 871 ligere
245 801 601 867 meruerunt,
631 814 739 853 nec
763 814 928 853 nosse
943 798 972 853 ?
997 799 1304 871 lmpletum
1343 804 1427 855 est
1468 800 1688 856 cunctis

67 892 330 964 prophetae
360 906 706 962 responsum
736 908 750 946 :
780 892 1127 948 Salvatorem
1151 896 1415 948 nostrum
1439 893 1687 965 prodidit

68 987 259 1041 celum.
291 984 530 1048 Quando
550 985 706 1041 enim
725 985 903 1042 latere
928 990 1168 1058 poterat,
1190 1003 1364 1059 quem
1386 987 1536 1044 Deus
1552 992 1684 1044 ante

65 1079 417 1153 praedixerat?
462 1080 753 1135 Bethleem
795 1079 988 1136 civitas
1033 1080 1247 1153 accepit
1284 1081 1355 1137 de
1412 1081 1685 1138 astriferis

61 1172 287 1247 partibus
311 1172 520 1243 civem,
550 1178 607 1229 et
628 1190 735 1245 per
752 1190 966 1230 novum
990 1174 1236 1231 incolam
1261 1176 1475 1247 grande
1515 1176 1684 1232 meri-

62 1274 163 1322 tum
185 1266 396 1335 transit,
420 1267 560 1339 quia
583 1284 701 1323 non
726 1272 909 1340 potest
935 1267 1089 1324 ﬁniri
1118 1269 1271 1342 quod
1307 1269 1536 1326 meruit.
1573 1271 1682 1327 Sed

56 1365 223 1434 postea
263 1376 438 1433 quam
489 1364 688 1433 partus
723 1361 818 1417 ille
861 1363 1071 1419 caelesti
1115 1362 1280 1434 signo
1323 1367 1680 1421 monstrante

56 1458 288 1526 repertus
303 1458 388 1510 est
412 1454 705 1528 visusque,
734 1471 933 1528 magos
958 1456 1281 1512 veneranda
1310 1456 1560 1512 turbavit
1587 1458 1676 1513 in-

56 1547 406 1617 fantia.!Nihil
432 1548 518 1603 ibi
534 1549 767 1609 omnino
782 1549 1169 1605 contemtibile
1189 1550 1249 1605 in
1261 1548 1373 1604 illis
1397 1550 1678 1622 vagitibus

56 1643 162 1709 fuit,
187 1641 320 1713 quia
354 1642 644 1698 humanos
674 1644 820 1698 Deus
854 1659 1051 1699 sensus
1094 1643 1341 1715 aspexit;
1386 1644 1484 1699 sed
1520 1648 1675 1715 post-

55 1752 203 1808 quam
228 1736 530 1807 probatam
558 1736 733 1809 ipsius
757 1736 956 1793 sideris
992 1737 1185 1807 ﬁdem,
1226 1737 1486 1794 fallentes
1517 1739 1675 1811 magi

56 1829 220 1901 regale
242 1833 622 1902 praeceptum,
650 1833 868 1887 exteras
891 1835 1128 1887 tenuere
1156 1831 1454 1902 regiones;
1496 1834 1672 1888 Hero-

1788 709 2094 764 crudelitas
2106 709 2231 764 fuit.
2246 711 2523 766 Iacebant
2542 712 2740 767 brevia
2754 713 2993 767 vulnera
3004 714 3425 786 membrorum,

1790 805 1848 857 et
1883 804 2070 858 velato
2119 805 2277 859 vultu
2323 804 2469 859 tristi
2513 807 2771 861 colorata
2812 808 3033 878 pallore
3084 811 3426 865 cunctorum

1785 896 2079 951 mentibus
2110 898 2395 970 lacrymas
2431 898 2668 954 dabant.
2700 899 2929 955 Minutis
2973 901 3258 956 mortibus
3304 906 3429 959 tota

1786 990 1982 1045 civitas
2012 992 2361 1062 replebatur,
2393 995 2452 1047 et
2482 992 2748 1048 omnium
2779 995 3116 1065 posteritatc
3136 999 3423 1067 truncata,

1784 1084 1893 1138 hoc
1921 1086 2108 1139 solum
2137 1085 2334 1153 evasit,
2368 1086 2522 1157 quod
2543 1087 2804 1157 vagitum
2822 1088 3037 1143 habere
3056 1106 3174 1144 non
3192 1090 3424 1145 meruit.

1782 1179 1845 1231 In
1892 1177 1992 1231 illa
2034 1180 2251 1233 matres
2289 1177 2541 1233 filiorum
2589 1179 2905 1250 perniciem
2946 1181 3140 1255 462
3185 1182 3427 1239 intentae

1783 1270 2064 1342 grandine
2108 1271 2448 1341 liberorum,
2487 1289 2604 1327 una
2640 1273 2861 1329 femina
2906 1274 3039 1329 felix
3066 1275 3262 1345 evasit,
3292 1294 3422 1349 quas

1780 1364 1889 1418 fuit
1904 1364 2065 1435 virgo
2096 1367 2226 1436 post
2254 1368 2507 1437 partum.
2543 1365 2691 1430 Quid
2702 1366 2852 1438 juvit
2872 1370 3124 1439 replesse
3150 1372 3237 1424 tot
3262 1372 3426 1426 fune-

1778 1457 1937 1512 ribus
1964 1459 2227 1513 terram‘?
2267 1459 2407 1530 quid
2437 1460 2656 1531 profuit
2684 1464 2846 1515 tanta
2888 1461 3065 1517 ubera
3112 1462 3422 1520 ﬂuentibus

1778 1551 2037 1620 siccasse,
2071 1568 2203 1607 cum
2234 1554 2495 1608 futurum
2526 1555 2747 1609 malum
2773 1557 2922 1610 Deus
2954 1559 3087 1611 ante
3116 1557 3420 1629 praedixit?

1776 1646 2013 1701 Constat
2066 1663 2206 1717 ergo
2242 1646 2541 1702 Iudaicam
2598 1651 2835 1719 gentem
2879 1649 3140 1705 nascenti
3170 1652 3418 1707 Domino

1774 1755 2104 1810 praeparare
2163 1738 2510 1810 perniciem;
2564 1740 2829 1813 adeoque
2890 1743 3100 1797 eodem
3156 1746 3419 1816 tempore

1775 1834 1932 1887 Deus
1948 1832 2205 1887 Christus
2229 1832 2411 1887 voluit
2439 1833 2668 1902 docere,
2704 1835 2840 1906 quia
2862 1836 3093 1891 Judazus
3112 1853 3230 1893 non
3252 1855 3422 1893 nove-

56 1924 125 1978 dis
173 1923 319 1994 regis
366 1923 610 1979 vitantes
651 1929 965 1996 aspectum,
1010 1925 1315 1981 voluerunt
1360 1929 1674 1984 monstrare
1694 1910 1751 1982 Β
1772 1930 1866 1985 rat
1896 1927 2053 1998 quod
2074 1927 2255 1981 ﬁeret.
2282 1926 2397 1982 Sed
2423 1928 2558 1999 quia
2584 1928 2863 1984 Dominus
2883 1931 3140 1985 Christus
3163 1932 3418 2003 passioni

57 2016 251 2089 plenius
271 2015 456 2089 461
489 2018 644 2089 quod
663 2018 962 2075 timebant.
976 2019 1241 2091 Majorem
1258 2036 1360 2075 rex
1380 2020 1677 2077 stimulum

58 2111 218 2181 sentit,
261 2111 351 2165 cui
393 2128 514 2167 non
552 2112 869 2168 ostenditur
914 2113 1067 2185 quod
1109 2117 1353 2169 veretur.
1394 2114 1500 2170 Sed
1542 2131 1674 2170 cum

58 2203 290 2261 sollicitus
312 2221 437 2275 rex,
467 2207 751 2261 transacto
788 2210 1048 2279 tempore
1084 2206 1374 2278 veniendi,
1412 2207 1673 2265 fallentes

56 2315 222 2370 magos
262 2299 516 2355 deviasse
563 2304 948 2373 cognosceret,
1002 2300 1186 2373 adque
1232 2302 1356 2373 ejus
1411 2301 1672 2358 animum

58 2393 342 2465 incognitus
382 2394 619 2450 infantis
664 2397 923 2466 aspectus
969 2393 1201 2450 diversis
1232 2395 1479 2451 motibus
1514 2396 1671 2452 dissi-

59 2491 218 2558 paret;
246 2488 352 2543 hoc
377 2488 639 2560 prodidit
664 2488 900 2545 crudelii
925 2493 1046 2545 arte
1073 2488 1310 2559 consilii,
1337 2493 1404 2544 ut
1427 2490 1498 2545 ad
1519 2490 1673 2546 inve—

58 2581 290 2637 niendam
308 2582 650 2639 successoris
674 2583 996 2654 infantiam,
1041 2584 1349 2640 occidendo
1385 2589 1670 2656 quaereret

59 2677 180 2746 quod
214 2676 438 2747 latebat,
485 2677 632 2733 sicut
671 2677 948 2749 scriptum
991 2682 1118 2734 est:
1166 2681 1295 2737 Cum
1336 2679 1543 2735 videret
1565 2681 1669 2735 He-

59 2770 201 2833 rodes,
227 2772 369 2841 quod
398 2772 620 2827 delusus
641 2775 777 2827 esset
802 2788 837 2827 α
878 2774 1075 2840 magis,
1120 2774 1296 2829 iratus
1336 2774 1668 2839 vehementer

58 2865 178 2918 misit
199 2868 256 2919 ut
282 2865 656 2920 occiderentur
684 2881 866 2921 omnes
896 2868 1139 2934 infantes
1178 2869 1239 2921 in
1286 2868 1573 2933 Bethleem,
1613 2872 1665 2924 et

60 2959 99 3011 in
122 2958 353 3013 omnibus
371 2960 577 3029 ﬁnibus
602 2960 719 3029 ejus
746 2976 782 3014 a
810 2960 1017 3014 bimam
1041 2965 1093 3015 et
1131 2962 1304 3028 infra.
1346 2960 1500 3016 Felix
1542 2966 1664 3018 erat

57 3050 189 3106 ludus
209 3052 479 3123 parvulis,
515 3052 793 3108 moriendi
835 3053 1100 3124 conditio,
1142 3054 1241 3126 qui
1274 3070 1380 3126 pro
1416 3054 1657 3119 Christo,

54 3149 351 3202 meruerunt
377 3147 524 3218 pati.
551 3148 810 3203 Furentis
852 3147 1008 3220 regis
1039 3164 1247 3211 vesana
1285 3148 1497 3204 saevitia
1532 3166 1657 3204 mo-

53 3238 292 3294 rientibus
333 3240 555 3313 profuit
582 3258 597 3296 :
626 3241 727 3313 qui
764 3242 903 3297 dum
929 3257 1310 3298 successorem
1343 3258 1513 3297 suum
1537 3242 1659 3298 dili-
1677 3284 1733 3359 Ο

54 3333 175 3359 ,νιν-ιζ
220 3333 547 3359 η-..Διιιέι-ι-
580 3335 860 3359 ..Α----Ξ-ὶι
932 3336 1130 3359 1:“-..
1170 3335 1347 3359 :...l.---
1383 3340 1656 3359 _.-_L___-_

52 3333 179 3403 genti
217 3333 549 3391 crudelitate
580 3335 883 3408 perquirit,
926 3336 1133 3407 dignos
1169 3335 1349 3391 iratus
1381 3340 1659 3409 martyres

50 3426 174 3482 fecit.
206 3428 344 3483 Nam
383 3429 655 3501 Herodes,
702 3445 876 3505 quem
924 3434 1149 3485 tantum
1204 3430 1430 3486 ravidus
1463 3447 1660 3487 sensus

1774 2020 2098 2092 prohibitus
2144 2021 2231 2074 vel
2268 2019 2478 2075 dilatus
2517 2024 2622 2090 est,
2668 2022 2874 2078 maluit
2902 2023 3206 2080 virtutibus
3253 2026 3414 2095 disci,

1775 2130 1952 2185 quam
1981 2116 2116 2168 ante
2137 2116 2369 2186 tempus
2390 2113 2594 2168 occidi.

1824 2208 1888 2262 V.
1921 2223 2307 2264 rssruamum
2346 2223 2620 2263 ILLUSTRIS
2660 2224 2923 2266 uruanas
2961 2226 3357 2269 namenrnunrs.

1771 2304 1857 2357 Em
1879 2302 2217 2371 autographa
2255 2303 2588 2371 Dionysiano
2623 2304 2683 2357 in
2718 2303 2913 2358 charta
2950 2306 3276 2374 Egyptiaca
3311 2306 3410 2379 (a).

1959 2394 2378 2451 sacratissimus
2412 2396 2580 2450 ﬁscus
2617 2396 2934 2468 percipeat.
2959 2398 3020 2453 Si
3044 2415 3180 2454 vero
3212 2400 3413 2457 omnia

1771 2488 1927 2559 quod
1951 2488 2010 2544 in
2032 2490 2185 2543 hunc
2207 2491 2626 2546 testamentum
2656 2490 3010 2547 inserui......
3045 2493 3408 2564 custodieris,

1770 2582 2054 2655 quidquid
2080 2582 2187 2637 tibi
2213 2583 2478 2656 superius
2505 2584 2788 2656 delegavi,
2808 2584 2868 2640 in
2898 2588 2997 2641 tuo
3012 2586 3145 2665 jure
3166 2588 3409 2659 perenni

1766 2679 2033 2749 tempore
2063 2681 2671 2748 permaneant
2696 2678 2757 2733 in
2784 2680 2937 2734 hunc
2966 2682 3406 2752 testamentum,

1766 2769 2105 2842 cuicumque
2128 2788 2247 2826 non
2268 2771 2555 2843 depotavi,
2578 2772 2703 2839 tibi,
2727 2772 3059 2828 dulcissime
3071 2773 3171 2842 ﬁli,
3187 2775 3406 2830 habere

1766 2863 1953 2935 cupio.
1988 2863 2379 2920 Similiter.....
2415 2865 2873 2920 demandatione
2896 2866 3069 2921 bona:
3102 2868 3405 2923 memoriae

1763 2957 2104 3012 Deorovaldi
2136 2958 2290 3012 dono
2318 2957 2421 3012 tibi
2462 2974 2654 3013 eanna
2695 2962 2975 3029 argentea
2999 2960 3229 3015 valente
3277 2962 3407 3032 plus

1759 3051 1954 3105 minus
1978 3050 2192 3105 solidos
2231 3067 2357 3105 xxv.
2386 3052 2455 3105 Et
2481 3068 2516 3105 a
2544 3054 2709 3123 parte
2740 3068 2874 3107 mea
2902 3052 3058 3108 dono
3090 3053 3195 3109 tibi
3225 3071 3402 3111 cauco

1760 3147 2039 3214 argenteo
2080 3144 2307 3198 valente
2354 3146 2458 3199 sol.
2497 3160 2624 3213 xxx,
2666 3148 2725 3199 et
2767 3145 3145 3201 medietatem
3183 3148 3399 3219 ovium,

1758 3236 2138 3309 quasVigilius
2147 3236 2565 3305 adtendit,cum
2578 3242 2809 3311 pastore
2822 3239 3061 3295 nomine
3073 3241 3399 3313 Gaugiulfo.

1762 3330 1948 3387 Simili
1976 3331 2153 3386 modo
2184 3331 2256 3386 de
2292 3331 2586 3388 Latiniaco
2617 3336 2677 3388 et
2697 3333 3047 3403 Balbiniaco,
3065 3329 3203 3390 tam
3226 3337 3400 3391 vestis

1763 3442 1938 3496 quam
1967 3442 2221 3480 aeramen
2245 3427 2333 3481 vel
2360 3426 2635 3495 utinsilia,
2660 3430 2719 3482 et
2744 3427 2814 3482 de
2832 3428 3089 3483 hovebus
3113 3446 3180 3483 ex
3202 3431 3400 3487 omnia

48 3518 224 3575 furoris
290 3522 512 3577 facibus
575 3502 863 3595 eregebat,
928 3528 1209 3595 quantum
1269 3540 1431 3579 amor
1480 3502 2160 3596 dulcis'mmedietatem,
2186 3519 2312 3588 tibi,
2335 3519 2664 3575 dulcissime
2702 3512 2804 3589 ﬁli,
2834 3522 3050 3577 habere
3099 3524 3393 3596 praecipio.

48 3614 304 3684 potestatis
331 3616 693 3688 accendebat,
712 3616 1001 3673 carniﬁces
1014 3633 1145 3673 suos
1165 3617 1237 3673 ad
1250 3602 1659 3691 inquirendum
1757 3612 1888 3669 Pari
1917 3613 2249 3669 conditione
2281 3630 2349 3668 ex
2374 3613 2828 3669 demandatione
2873 3615 3046 3670 bona
3097 3618 3397 3673 memoriae

48 3707 174 3764 misit
223 3709 488 3778 infantes,
547 3710 710 3782 quasi
776 3711 875 3783 qui
922 3712 1102 3767 Deum
1156 3714 1346 3783 posset
1402 3711 1658 3769 invenire
1711 3695 1714 3699 ’

50 3817 156 3857 cum
180 3802 360 3860 vellet.
386 3807 646 3876 Pergunt
670 3804 731 3859 in
757 3805 1042 3862 civitatem
1056 3804 1304 3860 ministri
1332 3804 1504 3877 regis,
1534 3822 1659 3861 cru-

47 3894 153 3949 dele
195 3899 491 3968 portantes
543 3897 878 3970 imperium,
943 3901 1001 3954 et
1049 3898 1258 3954 durum
1300 3902 1655 3971 praeceptum

48 3988 288 4061 ferentes,
302 3991 362 4047 in
380 3991 594 4064 gladiis
605 3992 680 4047 ad
700 3995 955 4048 matrum
982 3994 1265 4065 lacrymas
1282 3991 1651 4048 festinabant.

47 4081 282 4139 Infantile
317 4085 538 4140 bellum
576 4086 635 4140 in
675 4086 939 4141 domibus
990 4086 1327 4158 gerebatur;
1370 4088 1428 4139 et
1460 4102 1654 4140 secum

48 4176 146 4230 sola
172 4183 459 4250 pugnante
488 4180 725 4249 saavitia,
746 4179 1006 4235 orbitatis
1017 4179 1325 4235 crudelitas
1337 4178 1650 4235 eminebat.

47 4268 408 4328 Mactahantur
448 4274 509 4328 in
550 4274 712 4328 cunis
752 4274 1025 4343 infantes,
1053 4273 1112 4328 in
1148 4273 1356 4346 quibus
1392 4272 1653 4328 nondum

50 4366 151 4416 erat
188 4367 457 4423 nascendi
494 4366 846 4424 conscientia
894 4385 908 4422 :
965 4371 1023 4422 et
1070 4367 1211 4423 illud
1254 4367 1652 4422 membrorum

49 4453 246 4512 initium
298 4460 551 4531 primum
596 4462 768 4516 funus
818 4461 985 4516 discit
1022 4478 1145 4517 esse
1190 4478 1364 4533 quam
1422 4477 1647 4532 corpus.

49 4546 438 4609 Occidebantur
476 4554 640 4610 initia
684 4556 1105 4624 membrorum,
1154 4554 1529 4610 minutissimi
1565 4555 1646 4609 la-

1758 3706 2103 3763 Deorovaldi
2144 3707 2298 3762 dono
2342 3706 2465 3775 tibi,
2500 3707 2828 3762 dulcissime
2872 3708 2973 3775 fili,
3009 3708 3079 3763 de
3125 3710 3393 3779 portione

1760 3801 1809 3872 ej
1819 3818 1882 3856 us
1898 3803 1956 3856 et
1972 3801 2043 3856 de
2060 3801 2416 3873 proprietate
2439 3818 2574 3856 mea
2599 3800 2888 3872 mancipia
2913 3801 3000 3856 his
3024 3802 3391 3872 nominebus,

1758 3896 2130 3967 Unnegiselo,
2170 3895 2580 3965 Aunemundo,
2626 3897 2685 3950 et
2720 3894 2867 3950 ﬁlias
2902 3895 3170 3965 Patricio,
3214 3896 3276 3951 id
3309 3900 3397 3952 est

1757 3989 2008 4058 Fedane,
2050 3992 2110 4044 et
2144 3989 2515 4061 Ausegunde,
2543 3990 2602 4044 et
2635 3988 2989 4061 Agnechilde
3021 3992 3079 4044 et
3115 3990 3395 4046 Baccione

1756 4100 1887 4138 cum
1918 4083 2146 4155 gregim
2171 4100 2510 4155 porcorum;
2531 4082 2713 4139 vineae
2735 4083 3048 4155 pedaturas
3074 4084 3236 4154 duas,
3256 4085 3394 4140 sitas

1755 4176 1815 4231 in
1859 4179 2059 4232 monte
2100 4177 2439 4247 Maurilioni,
2479 4194 2622 4250 quas
2664 4178 3097 4234 Theodaharius
3134 4181 3193 4233 et
3231 4179 3393 4235 Gari-

1752 4271 2005 4326 mundus
2033 4272 2249 4326 colunt.
2275 4272 2469 4327 Vineae
2488 4272 2773 4344 pedatura
2784 4273 2973 4343 tertia,
2994 4272 3171 4329 sitain
3192 4277 3391 4329 monte

1752 4365 2100 4432 Metobaure,
2124 4381 2257 4419 cum
2275 4364 2521 4421 vinitore
2550 4367 3057 4423 Guntrachario....
3086 4367 3278 4423 Vineae
3297 4384 3394 4439 pe-

1753 4458 1958 4513 datura
1983 4461 2209 4529 quarta,
2241 4458 2350 4513 sita
2376 4458 2737 4530 Taurimaco,
2767 4478 2943 4532 quem
2964 4462 3269 4517 lmnerdus
3295 4479 3390 4517 co-

1750 4551 1815 4605 lit
1844 4567 1977 4605 cum
2005 4549 2250 4605 vinitore
2270 4550 2626 4621 Munegisilo.
2646 4552 2839 4607 Vineae
2859 4554 3142 4623 pedatura
3168 4554 3389 4627 quinta,

48 4644 257 4715 ctantes,
311 4650 369 4701 et
410 4649 627 4720 accepti
678 4666 711 4704 a
749 4648 1031 4704 matribus
1066 4648 1287 4721 parvuli
1331 4648 1391 4703 in
1434 4646 1853 4733 duritiaDsita
1889 4644 1948 4698 in
1974 4646 2176 4697 monte
2201 4643 2571 4711 Vultoricino,
2603 4661 2778 4716 quem
2829 4644 3016 4701 Sevila
3061 4647 3216 4712 colit,
3258 4666 3391 4704 cum

46 4734 271 4805 lapidum
336 4741 730 4811 vibrabantur,
786 4745 850 4796 ut
886 4742 961 4797 ad
998 4743 1386 4798 execrandum
1426 4743 1647 4797 malum

47 4843 280 4887 saxorum
308 4851 515 4907 aspera
552 4837 734 4891 moles
769 4839 925 4891 artus
961 4839 1279 4908 spargeret.
1320 4838 1387 4890 Et
1414 4838 1648 4891 necatos

49 4926 239 4996 excepit
270 4930 475 4984 nolens
520 4932 676 4984 terra
719 4929 984 4999 conlisos,
1039 4933 1212 5002 atque
1264 4930 1475 4985 iterum
1524 4930 1648 5002 ipsa

48 5020 353 5077 mortalibus
379 5024 735 5096 sepulturam
772 5024 1037 5096 praebuit,
1072 5024 1169 5096 qui
1211 5024 1436 5095 pridem
1482 5026 1648 5080 natos

50 5108 167 5166 teste
191 5118 448 5189 suscepit.
483 5118 599 5173 Sub
627 5121 937 5190 conspectu
967 5121 1218 5172 matrum
1235 5118 1651 5191 premebantur

48 5204 239 5275 vagitus
281 5210 592 5281 infantum,
646 5214 705 5266 et
754 5212 1039 5284 lacrymas
1089 5228 1219 5267 suas
1257 5212 1316 5266 in
1350 5215 1649 5267 maternos

51 5299 213 5354 oculos
232 5305 620 5375 reportabant.
639 5306 899 5362 Salvator
918 5308 1116 5360 noster
1149 5305 1303 5361 inter
1339 5305 1650 5362 infantium

50 5388 224 5449 funera
271 5399 635 5469 quaerebatur
671 5416 684 5454 :
739 5399 838 5471 qui
880 5400 953 5454 ad
997 5400 1106 5454 hoc
1146 5399 1411 5471 permisit
1442 5417 1547 5472 pro
1590 5417 1650 5455 se

53 5479 267 5543 infantes
293 5492 494 5560 occidi,
525 5495 587 5547 ut
624 5509 729 5564 pro
767 5492 890 5564 ipso
939 5491 1118 5547 ceteri
1157 5492 1446 5548 discerent
1480 5492 1647 5549 mori.

52 5573 301 5638 Natabant
323 5584 528 5641 domus
555 5585 839 5658 sanguine
866 5586 1237 5658 parvulorum
1259 5602 1272 5652 ;
1298 5601 1406 5640 nec
1427 5584 1537 5639 fuit
1555 5585 1652 5656 qui

53 5674 550 5735 consolarialterum
578 5683 793 5752 posset,
813 5679 949 5752 quia
971 5695 1090 5735 non
1109 5680 1234 5733 erat
1255 5676 1352 5749 qui
1371 5677 1654 5749 lacrymas

50 5776 148 5817 non
163 5765 405 5827 haberet.
435 5772 648 5830 Invicta
680 5772 897 5830 orbitas
932 5775 1167 5829 cunctos
1198 5773 1549 5844 mquaverat,
1597 5773 1656 5826 et

51 5870 323 5919 commune
334 5867 552 5922 malum
565 5867 778 5941 ubique
788 5868 1035 5925 luctibus
1049 5864 1653 5941 gerebatur.0ppressi

115 5950 179 6024 (α)
199 5954 330 6015 Vide
355 5975 491 6035 pag.
522 5959 644 6020 184.

1748 4738 2013 4794 vinitore.
2043 4737 2172 4791 Hec
2203 4735 2403 4791 omnia
2434 4752 2608 4807 supra
2638 4736 2848 4791 scribta
2886 4736 3011 4807 tibi,
3060 4739 3389 4797 dulcissime

1748 4832 1848 4901 fili,
1876 4849 1944 4887 ex
1976 4848 2108 4887 mea
2130 4830 2425 4885 voluntate
2472 4829 2562 4883 vel
2612 4846 2680 4884 ex
2729 4828 3186 4887 demoudatione
3246 4836 3389 4889 divas

1749 4924 2052 4982 memoriae
2068 4923 2410 4980 Deorovaldi
2429 4922 2647 4978 habere
2666 4921 2955 4977 constitui.
2979 4923 3158 4978 Vinea
3190 4926 3298 4981 sita
3329 4928 3389 4982 in

1748 5023 1947 5076 monte
1974 5017 2167 5093 463
2194 5018 2392 5074 Me.....
2412 5033 2587 5090 quem
2619 5015 3066 5071 Habundancius
3093 5016 3247 5085 colit,
3273 5035 3392 5074 me-

1751 5115 2029 5170 dietatem
2055 5116 2267 5168 sanctas
2299 5111 2618 5168 ecclesia...
2657 5110 2872 5165 eliense
2903 5110 3041 5167 dare
3073 5110 3341 5184 prazcipio
3373 5128 3386 5166 :

1751 5209 1927 5264 aliam
1952 5207 2333 5263 medietatem
2360 5206 2433 5261 de
2472 5206 2600 5278 ipsa
2622 5205 2793 5261 vinea
2839 5204 3165 5261 dulcissimo
3193 5205 3390 5278 nepoti

1750 5320 1883 5359 meo
1937 5300 2259 5373 Bertigisilo
2302 5300 2519 5356 habere
2560 5300 2760 5372 jubeo.
2793 5298 2991 5368 Vinea,
3026 5316 3201 5371 quam
3224 5299 3390 5371 Agila

1752 5396 1973 5452 femina
2002 5394 2225 5463 tenuit;
2254 5396 2311 5449 et
2338 5394 2590 5462 vincam,
2621 5409 2799 5465 quam
2814 5392 3209 5448 lmnacharius
3231 5394 3386 5461 colit,

1755 5489 2097 5546 dulcissimae
2138 5488 2295 5561 nepti
2333 5505 2480 5544 meae
2510 5490 2850 5544 Deorovarae
2880 5503 3013 5542 cum
3042 5487 3167 5560 ipso
3198 5490 3388 5543 [mna-

1755 5583 1950 5640 chario
1976 5583 2189 5639 habere
2208 5582 2499 5655 praecipio.
2518 5582 2947 5653 Vineaplantas,
2963 5581 3061 5653 qui
3084 5585 3217 5638 sunt
3232 5599 3393 5638 secus

1752 5678 1983 5733 vineam
2019 5677 2287 5746 Sevilam,
2330 5674 2658 5733 dulcissimo
2704 5674 2901 5747 nepoti
2935 5691 3070 5731 meo
3103 5676 3389 5731 Berterico

1754 5770 1970 5827 habere
1999 5770 2292 5843 praecipio.
2327 5770 2509 5827 Vinea
2535 5786 2709 5843 quem
2730 5768 3080 5826 Vincimalus
3108 5770 3169 5825 in
3190 5771 3390 5825 monte

1753 5862 2104 5922 Vultoricino
2132 5865 2285 5934 colit,
2314 5867 2373 5921 et
2391 5865 2603 5939 puella,
2638 5864 2879 5923 nomine
2900 5862 3309 5934 Sunnechilde,
3333 5864 3391 5916 et
