4006 6228
519 383 621 438 ius

1317 334 1649 438 ᾸΡΡΕΝΒΙΧ
1686 380 1774 435 ΑΒ
1809 381 2031 435 OPERA
2068 382 2301 438 SANCTI
2342 384 2640 440 GERMANI
2679 384 3108 441 PARlSlENSlS.

3796 389 3898 444 436

522 488 730 547 ancilla
755 488 995 546 nomine
1014 489 1229 558 Iverim,
1252 504 1382 543 cum
1402 487 1520 544 11110
1533 486 1792 544 Leudino
1813 486 2161 544 dulcissimae
2182 499 2242 575 Α
2260 491 2458 549 harius
2490 490 2752 548 similiter
2775 507 2908 547 cum
2939 492 3115 548 boves
3144 494 3209 547 ut
3226 492 3494 549 laborent
3509 493 3718 565 jubeo,
3750 496 3902 553 unde

521 603 680 642 norm
704 602 855 641 mem
874 585 1195 640 Bertovarm
1211 583 1425 638 habere
1441 582 1639 653 jubeo.
1662 583 1807 638 Item
1828 581 2156 640 dulcissimo

522 680 721 753 nepoti
744 696 877 734 meo
903 676 1237 748 Bertegisilo
1263 674 1531 732 ichriario
1560 680 1865 748 argenteo,
1899 679 1957 732 et
1986 693 2153 732 man-

523 774 673 846 cipia
701 773 789 828 his
820 770 1184 838 nominebus,
1214 769 1539 839 Sunniulfo,
1573 773 1632 825 et
1670 787 1868 827 sorore
1913 771 2036 842 ejus
2061 770 2154 827 Gi-

522 871 828 939 bethrude,
858 873 916 925 et
944 869 1090 925 ﬁlias
1126 868 1447 939 Anthimio,
1480 874 1539 925 et
1564 869 1683 926 11110
2066 888 2157 927 nm

515 968 748 1041 juniore
796 965 1012 1020 habere
1058 963 1365 1020 constituo.
1411 964 1578 1036 Nepti
1628 981 1776 1020 mem
1818 967 2156 1021 Deorovarm

522 1063 758 1118 scutella
789 1060 1069 1130 argentea
1098 1057 1427 1127 cruciolata,
1457 1060 1516 1113 et
1535 1058 1824 1130 mancipia
1852 1059 1939 1113 his
1965 1059 2156 1115 nemi-

521 1156 722 1223 nebus,
757 1152 1167 1209 Tanechildem
1211 1153 1678 1223 Imnegunthem,
1720 1152 2153 1225 Imnegisilum;

517 1252 579 1305 et
600 1247 839 1304 lectaria
865 1246 939 1303 ad
963 1247 1114 1302 lecto
1143 1262 1259 1302 uno
1287 1245 1385 1317 qui
1412 1246 1624 1302 melior
1648 1246 1840 1314 fuerit,
1875 1250 1934 1301 et
1975 1235 2155 1317 puero

520 1342 758 1399 nomine
797 1339 1192 1408 Gundofredo,
1228 1341 1286 1394 et
1332 1339 1541 1395 ancilla
1587 1340 1824 1395 nomine
1866 1340 2154 1411 Theigun-

521 1437 679 1504 dem,
735 1452 963 1491 necnon
995 1437 1055 1490 et
1090 1434 1283 1506 puella
1324 1433 1559 1488 nomine
1586 1432 2006 1488 Andechildem
2032 1434 2157 1489 dari

520 1530 827 1587 constituo.
859 1527 1199 1585 Dulcissimo
1240 1528 1436 1600 nepoti
1472 1543 1604 1582 meo
1632 1527 1937 1595 Berterico,
1976 1544 2156 1599 puero

520 1623 758 1681 nomine
785 1622 1099 1694 Medigisilo
1132 1621 1346 1677 habere
1367 1620 1566 1691 jubeo.

591 1717 858 1774 Baselicis
887 1714 1206 1771 constitutis
1225 1714 1493 1782 Parisius,
1521 1714 1579 1769 id
1617 1717 1704 1768 est
1735 1713 2001 1770 baselicm
2034 1732 2160 1770 san-

520 1812 595 1868 cti
614 1810 789 1878 Petri,
817 1810 977 1865 urcio
998 1811 1276 1879 argenteo
1297 1809 1525 1863 valente
1548 1808 1778 1863 soledus
1794 1808 2074 1877 duodece,
2100 1813 2159 1864 et

519 1907 655 1961 ﬁbla
680 1877 856 1960 aurea
899 1877 1193 1974 geminata
1221 1902 1295 1957 ad
1320 1904 1519 1957 mento
1547 1901 1673 1957 dari
1718 1901 2024 1957 constituo.
2050 1903 2155 1958 Ba-
2176 1877 2234 1949 B

519 2000 707 2057 selicm
729 1998 960 2053 domum
988 1996 1175 2053 Marim
1203 1999 1443 2067 gravata
1473 1998 1753 2067 argentea
1788 1997 2016 2051 valente
2047 1998 2151 2053 sol.

521 2092 800 2161 duodece,
831 2093 889 2145 et
916 2107 1083 2145 cruce
1116 2106 1295 2145 aurea
1319 2091 1547 2144 valente
1569 2090 1673 2145 sol.
1697 2092 1879 2161 septe,
1912 2089 2037 2144 dari
2060 2090 2152 2161 ju-

518 2187 648 2242 beo.
680 2183 945 2241 Baselicm
971 2183 1170 2238 domni
1198 2183 1420 2240 Stefani
1442 2183 1613 2239 anolo
1650 2199 1826 2238 aureo
1879 2182 2155 2254 nigellato

516 2281 744 2336 valente
765 2279 868 2333 sol.
903 2279 1172 2350 quatuor,
1201 2277 1326 2332 dari
1356 2278 1504 2332 volo.
1534 2275 1783 2331 Basilicm
1802 2276 2159 2332 (1010011101-

516 2374 636 2430 vasi
671 2374 842 2429 anolo
883 2389 1082 2439 aureo,
1134 2387 1352 2427 nomen
1387 2386 1586 2426 meum
1633 2370 1691 2424 in
1731 2386 1792 2425 se
1841 2370 2157 2425 habentem

515 2468 811 2534 scribtum,
841 2465 965 2522 dari
992 2465 1284 2538 prmcipio.
1310 2464 1575 2519 Baselicm
1616 2464 1798 2519 sancti
1838 2463 2160 2520 Sinsuriani

520 2561 673 2634 (Sic),
692 2561 751 2616 in
783 2577 897 2633 qua
927 2560 1096 2614 bonm
1122 2557 1542 2614 recordationis
1570 2557 1720 2613 filius
1746 2574 1911 2613 meus
1940 2559 2158 2614 Deoro-

515 2655 714 2710 valdus
739 2653 1066 2726 requiescit,
1097 2654 1265 2707 freno
1293 2652 1520 2711 valente
1547 2652 1651 2707 sol.
1686 2650 1966 2720 duodece,
1994 2655 2053 2706 et
2073 2668 2162 2707 ca-

516 2748 670 2804 ballo
698 2750 900 2814 strato,
930 2750 989 2802 et
1014 2761 1251 2801 carruca
1268 2743 1327 2799 in
1347 2761 1463 2816 qua
1484 2744 1687 2800 sedere
1707 2744 1997 2813 consuevi,
2025 2762 2159 2800 cum

516 2842 691 2898 boves
713 2858 728 2909 ;
751 2842 811 2896 et
855 2839 1092 2895 lectaria
1122 2855 1255 2895 cum
1287 2837 1447 2894 omni
1483 2841 1734 2893 stratura
1758 2855 1881 2907 sua,
1913 2855 2016 2911 pro
2058 2839 2158 2894 de-

516 2935 748 2992 votione
776 2949 908 2989 mea
935 2935 993 2988 et
1034 2932 1299 3004 requiem
1331 2931 1673 2988 Deorovaldi
1702 2931 1827 2987 dari
1866 2932 2157 3004 prmcipio.

517 3029 646 3085 Alia
675 3042 914 3085 carruca
939 3042 1072 3081 cum
1117 3026 1293 3081 boves
1322 3026 1411 3080 vel
1439 3024 1601 3081 omni
1638 3027 1890 3080 stratura
1917 3043 2039 3095 sua,
2066 3043 2160 3081 ec-

519 3122 692 3178 clisim
729 3119 835 3175 vici
880 3118 1286 3175 Boniciacinsis
1315 3118 1442 3173 dari
1469 3118 1669 3189 jubeo.
1697 3118 1974 3174 Similiter
2000 3119 2161 3175 villa-

520 3232 665 3283 rem,
713 3213 803 3269 cui
842 3212 1183 3268 vocabulum
1222 3215 1308 3267 est
1340 3213 1623 3280 Volonno,
1664 3228 1794 3266 cum
1834 3211 2160 3283 adjacentia
2180 3250 2235 3324 Ο

520 3325 643 3376 sua,
666 3323 839 3379 supra
872 3305 1096 3361 scribtm
1131 3304 1370 3361 ecclisim
1397 3304 1803 3373 Bonisiacinse,
1834 3322 1938 3377 pro
1964 3323 2156 3361 reme-

520 3401 681 3457 dium
727 3400 942 3456 animm
982 3415 1129 3456 mem
1171 3400 1386 3455 habere
1423 3399 1715 3471 prmcipio.
1768 3401 2157 3456 Sacrosanctm

520 3494 774 3550 ecclesim
800 3492 1044 3550 civitatis
1068 3492 1421 3549 Parisiorum
1450 3492 1717 3549 missorio
1745 3496 2045 3564 argenteo,
2065 3509 2158 3549 va-

520 3590 676 3643 lente
730 3589 833 3643 sol.
880 3586 1321 3659 quinquaginta,
1373 3586 1499 3641 dari
1555 3586 1846 3658 prmcipio.
1887 3586 2157 3642 Baselicm

521 3686 733 3738 sanctm
762 3682 970 3738 Cruces
1000 3682 1088 3735 vel
1118 3680 1332 3736 Domni
1354 3679 1617 3735 Vincenti
1658 3679 1928 3735 cocliaria
1955 3697 2158 3751 argen-

522 3780 616 3832 tea
645 3776 784 3831 dece
811 3774 937 3830 dari
953 3774 1152 3846 jubeo.
1174 3774 1435 3830 Lectaria
1458 3790 1563 3846 par
1584 3789 1720 3841 uno,
1748 3776 1808 3827 et
1831 3772 2159 3828 vestimenti

522 3870 637 3925 mei
666 3870 897 3941 pareclo
926 3884 1041 3923 uno
1072 3868 1344 3924 fratribus
1371 3868 1445 3923 ad
1470 3867 1659 3922 minsa
1690 3866 1954 3923 baselicm
1976 3867 2161 3922 sancti

523 3963 745 4019 Dionisi
794 3962 918 4017 dari
962 3962 1252 4034 praecipio.
1285 3961 1413 4016 Alia
1448 3961 1668 4032 pariclo
1713 3960 2045 4016 vestimenti
2085 3960 2161 4016 ad

521 4057 646 4112 vico
677 4055 973 4111 Bonisiaca
1009 4056 1283 4111 fratribus
1312 4052 1437 4109 dari
1466 4053 1659 4127 464
1686 4055 1990 4110 constituo.
2024 4055 2159 4109 Ter-

526 4150 605 4205 tio
637 4148 851 4221 pariclo
888 4149 1217 4205 vestimenti
1257 4146 1467 4203 Emilia
1509 4148 1583 4202 ad
1627 4147 1750 4202 vico
1792 4147 1916 4203 dari
1958 4147 2158 4218 jubeo.

526 4247 668 4299 Item
700 4260 803 4315 pro
830 4244 1157 4300 remedium
1189 4256 1411 4296 anemm
1440 4257 1604 4308 mem,
1627 4242 1715 4294 vel
1747 4258 1813 4295 ex
1842 4240 2162 4295 demanda-

523 4338 687 4394 cione
703 4338 873 4394 bonm
890 4333 1317 4393 recordaciouis
1336 4334 1418 4388 1111
1437 4334 1553 4389 1001
1574 4333 1918 4389 Deorovaldi
1942 4334 2160 4403 villam,

525 4428 615 4484 cui
642 4429 983 4484 vocabulum
1015 4426 1103 4480 est
1125 4421 1440 4492 Latiniaco,
1474 4422 1584 4478 sita
1616 4422 1677 4478 in
1704 4423 1997 4479 territurio
2026 4425 2163 4479 Mel-

525 4522 708 4591 dinse,
731 4538 866 4577 cum
879 4517 1116 4588 campis,
1140 4516 1427 4571 colonecis
1447 4517 1521 4572 ad
1539 4517 1748 4573 eadem
1781 4518 2161 4589 pertinentes,

2260 587 2452 643 oblata
2491 586 2563 641 ad
2604 585 2855 642 baselica
2892 585 3074 643 sancti
3121 585 3441 642 Sinsuriani
3478 604 3586 660 pro
3631 589 3902 662 requiem

2257 680 2602 737 Deorovaldi
2649 680 2941 737 offeretur.
2974 680 3159 738 Simili
3184 682 3363 737 modo
3387 682 3571 740 vinem
3612 684 3904 755 pedatura

2259 792 2394 843 una,
2427 775 2536 831 sita
2562 774 2920 844 Tauriniaco,
2948 778 3006 831 et
3031 792 3207 847 quem
3232 775 3415 848 Pinpo
3444 778 3601 846 colit,
3634 778 3905 835 baselicm
4004 830 4006 837 .

2256 869 2556 926 Domni....
2581 868 2745 940 eorgi
2771 869 3037 941 (Georgii)
3066 869 3232 925 Cal...
3259 869 3432 941 (Cala)
3452 871 3577 928 dari
3599 873 3902 945 praecipio.

2257 965 2450 1022 Vineae
2494 963 2777 1035 pedatura
2806 979 2943 1031 una,
2972 962 3081 1018 sita
3112 964 3172 1041 in
3217 967 3414 1020 monte
3456 966 3696 1034 Buxata,
3730 983 3906 1038 quem

2255 1059 2448 1116 Juvius
2477 1057 2632 1125 colit,
2670 1055 2909 1112 ecclisim
2938 1056 3367 1113 Boninsiacinse
3412 1058 3536 1114 dari
3586 1060 3902 1116 constituo.

2258 1152 2456 1220 Vinea,
2486 1167 2661 1224 quem
2688 1150 2921 1207 Uvassio
2949 1150 3105 1219 colit,
3137 1167 3267 1207 cum
3291 1150 3415 1224 ipso
3445 1153 3785 1210 Uvassione.
3832 1195 3845 1208 .
3890 1194 3903 1209 .

2259 1357 2433 1413 quem
2469 1381 2482 1395 .
2529 1381 2540 1394 .
2587 1381 2600 1394 .
2648 1380 2659 1393 .
2707 1380 2720 1395 .
2765 1380 2779 1393 .
2824 1380 2837 1393 .
2882 1339 3114 1394 .colere
3138 1339 3366 1409 debeat,
3400 1339 3667 1397 baselicm
3698 1342 3905 1398 domni

4003 852 4006 937 Α

4003 982 4006 1117 1

2258 1422 4006 1491 8108011001........001οι0........(1011’

2258 1528 2563 1584 constituo.
2578 1526 2771 1581 Vinem
2786 1525 3070 1597 pedatura
3081 1542 3215 1593 una,
3231 1525 3338 1582 sita
3354 1526 3414 1582 in
3434 1531 3634 1583 monte
3660 1528 3903 1597 Blixata,

2259 1639 2434 1694 quem
2464 1620 2825 1676 Leudefredo
2855 1619 3008 1687 colit,
3031 1620 3291 1676 baselicm
3320 1621 3499 1677 sancti
3533 1663 3546 1676 .
3593 1663 3604 1677 .
3652 1663 3664 1677 .
3715 1663 3729 1677 .
3778 1664 3790 1676 .
3821 1639 3905 1678 ar-

2262 1715 2364 1770 tini
2390 1717 2534 1787 (Leg.
2567 1713 2813 1785 Martini)
2854 1713 2906 1767 ci
2936 1717 3180 1784 perente
3221 1714 3345 1770 dari
3378 1715 3557 1786 jubeo
3592 1757 3605 1771 .
3653 1757 3665 1769 .
3716 1757 3730 1771 .
3778 1757 3793 1770 .
3833 1757 3846 1771 .
3891 1756 3904 1771 .

2260 1809 2600 1864 libertorum
2642 1823 2910 1862 meorum
2950 1823 3207 1863 nomena
3232 1808 3291 1863 in
3323 1850 3337 1863 .
3383 1851 3396 1865 .
3442 1851 3456 1865 .
3498 1851 3512 1865 .
3544 1812 3907 1866 testamento

2257 1902 2390 1957 abin
2423 1943 2436 1958 .
2482 1943 2495 1957 .
2541 1942 2555 1958 .
2600 1942 2613 1956 .
2661 1943 2674 1957 .
2707 1901 2781 1956 cti
2826 1900 3112 1957 constituo
3154 1901 3583 1975 Medibergane,
3618 1904 3905 1970 Honorio,

2255 1995 2710 2063 Gundileubane,
2753 1994 2950 2063 Piane,
2994 1994 3325 2051 Sumthulfo
3368 1996 3725 2066 Ciuccirane,
3777 1997 3906 2053 Hic-

2256 2089 2536 2157 chicione,
2556 2090 2715 2144 Maxa
2766 2105 2940 2163 uxore
2977 2089 3319 2161 Chioberga,
3352 2090 3699 2159 Sinderedo,
3731 2092 3910 2163 Angi-

2256 2185 2411 2251 lone,
2457 2182 2816 2238 Leudefredo
2856 2200 2988 2237 cum
3031 2199 3205 2238 uxore
3240 2184 3622 2253 Vuandilone,
3650 2184 3907 2242 01101ἀο-

2258 2295 2424 2345 runa,
2449 2276 2818 2343 Childeruna,
2850 2277 3290 2349 Thrasteberga,
3323 2278 3785 2347 Theodachario,
3814 2279 3907 2334 Vi-

2260 2371 2396 2443 gilio
2423 2388 2557 2425 cum
2584 2386 2757 2425 uxore
2782 2370 3063 2439 Sunnine,
3091 2372 3315 2443 Agione
3342 2389 3471 2427 cum
3489 2373 3607 2428 11110
3626 2390 3734 2429 suo
3751 2375 3910 2430 Gari-

2258 2466 2419 2533 lulfo,
2446 2463 2765 2520 Vincimalo
2808 2481 2941 2518 cum
2987 2480 3159 2520 uxore
3199 2466 3491 2532 Maurella,
3520 2467 3737 2521 Mellita
3774 2483 3907 2523 cum

2258 2560 2376 2615 ﬁlio
2407 2576 2508 2615 suo
2530 2558 2783 2629 juniore,
2813 2558 3094 2615 Coccione
3121 2575 3253 2614 cum
3293 2560 3411 2614 11110
3460 2577 3561 2616 suo
3603 2560 3904 2633 Daigisilo,

2258 2653 2543 2709 Mudilane
2574 2668 2705 2707 cum
2731 2651 2863 2706 ﬁliis
2892 2651 3006 2707 suis
3033 2652 3370 2723 Munegisilo
3398 2656 3456 2708 et
3490 2654 3904 2722 Monechrude,

2258 2746 2567 2814 Acchione,
2600 2747 2854 2809 Bonane,
2882 2745 3329 2814 Leubosaintho,
3359 2746 3583 2803 Gibulfo
3606 2748 3731 2803 ﬁlio
3752 2748 3905 2819 Vigi-

2260 2840 2358 2895 lio.
2390 2842 2803 2907 Dommoruna,
2834 2838 3287 2907 Childerimane,
3322 2839 3564 2909 Basone,
3606 2842 3907 2913 Childegi-

2261 2935 2400 3002 selo,
2434 2932 2877 3004 Childegunthe.
2911 2932 3227 2989 Chrodulfo
3257 2975 3271 2989 .
3317 2975 3330 2989 .
3378 2977 3393 2990 .
3438 2977 3452 2990 .
3477 2933 3668 3007 465
3706 2935 3911 2991 Sinde-

2260 3026 2549 3098 bergane,’
2596 3025 2973 3094 Monechilde,
3025 3028 3260 3082 zEterno
3286 3069 3299 3096 ,
3353 3027 3747 3096 Bauderuna;
3805 3030 3910 3085 hos

2262 3137 2469 3175 omnes
2520 3136 2652 3175 cum
2683 3119 2845 3175 omni
2892 3119 3185 3192 peculiare
3225 3137 3448 3189 eorum,
3495 3124 3617 3176 tam
3655 3124 3907 3191 areolas,

2261 3213 2552 3285 hospitiol,
2578 3214 2912 3281 ahortellus,
2939 3214 3029 3268 vel
3049 3213 3325 3283 vineolas,
3354 3218 3413 3270 et
3432 3231 3564 3270 cum
3582 3215 3643 3270 id
3658 3216 3825 3287 quod
3851 3217 3910 3271 in

2261 3306 2605 3379 quibuslibet
2633 3307 2805 3362 rebus
2833 3307 3048 3362 habere
3077 3306 3365 3376 videntur,
3399 3309 3610 3365 liberos
3660 3309 3907 3365 liberas-

2258 3418 2368 3473 que
2399 3417 2524 3456 esse
2550 3400 2852 3472 prmcipio;
2885 3404 2943 3455 et
2958 3400 3242 3472 quidquid
3269 3401 3475 3458 exinde
3504 3403 3697 3459 facere
3718 3405 3909 3459 volue-

2256 3495 2392 3563 rint,
2420 3494 2676 3550 habeant
2702 3493 2950 3549 liberam
2981 3497 3351 3566 potestatem.

2329 3587 2609 3645 Similiter
2647 3587 2974 3643 Mumolane
3010 3605 3141 3643 cum
3174 3589 3337 3644 omni
3363 3590 3655 3661 peculiare
3684 3608 3788 3647 suo
3816 3591 3905 3647 in-

2260 3698 2517 3753 genuum
2541 3698 2665 3736 esse
2681 3681 2952 3753 prmcipio
2977 3699 2991 3738 ε
3011 3683 3325 3738 luminaria
3338 3686 3563 3739 tantum
3576 3685 3637 3739 in
3665 3687 3909 3742 ecclesia

2262 3774 2558 3830 Bonisiaca
2604 3774 2934 3830 ministrare
2985 3776 3230 3832 stodcat.
3273 3777 3720 3834 Vualacharium
3774 3796 3907 3834 cum

2261 3868 2424 3923 omni
2456 3867 2745 3940 peculiare
2768 3885 2893 3937 suo,
2909 3872 2969 3923 et
2988 3885 3120 3923 cum
3137 3870 3313 3925 boves
3335 3887 3479 3941 quos
3493 3871 3737 3943 hajolat,
3752 3873 3912 3943 inge—

2262 3979 2443 4018 nuum
2467 3979 2536 4018 ea
2565 3961 2907 4018 condicione
2935 3978 3058 4018 esse
3079 3962 3281 4034 jubeo,
3310 3966 3374 4018 ut
3398 3963 3554 4036 ligna
3574 3968 3807 4021 tantum
3836 3967 3910 4022 ad

2263 4057 2455 4112 oblata
2480 4056 2814 4111 faciendum
2839 4056 3171 4112 ministrare
3203 4062 3491 4129 procuret.
3533 4059 3909 4116 Gundefredo

2263 4166 2393 4205 cum
2418 4150 2594 4205 boves
2610 4149 2756 4205 duos
2782 4149 3046 4205 laborare
3068 4150 3357 4223 prmcipio,
3383 4152 3536 4208 unde
3563 4170 3697 4209 cera
3719 4155 3795 4209 ad
3813 4156 3914 4210 ba-

2264 4243 2435 4299 selica
2484 4243 2686 4300 domui
2730 4244 3050 4300 Sinsuriani
3095 4232 3484 4317 comparetur.
3538 4247 3910 4316 Martiniano,

2262 4337 2643 4394 Theoderuna
2682 4354 2815 4393 cum
2852 4337 2970 4394 11110
3015 4355 3115 4393 suo
3152 4339 3401 4407 seniore,
3434 4356 3568 4395 cum
3616 4341 3913 4412 peculiare

2265 4448 2488 4499 eorum,
2510 4432 2655 4487 sicut
2673 4448 2844 4504 supra
2867 4432 3455 4502 scribtibenemereti,
3478 4434 3771 4507 ingenuos
3784 4453 3910 4491 esse

2257 4524 2455 4595 jubeo.
2489 4524 2672 4581 Simili
2697 4525 2873 4581 modo
2903 4542 3007 4597 pro
3053 4526 3378 4581 remedium
3409 4527 3625 4583 animm
3654 4545 3823 4596 mem,
3854 4534 3913 4584 et

525 4633 657 4672 cum
688 4615 866 4688 pratis
896 4609 1138 4683 pascuis,
1168 4608 1339 4679 silvis,
1362 4612 1450 4667 vel
1478 4611 1640 4678 omni
1659 4611 1793 4683 jure
1823 4614 1881 4667 et
1910 4613 2161 4670 termino
2181 4620 2241 4694 Ι)
2266 4634 2333 4672 ex
2358 4617 2812 4674 demandatione
2842 4619 2923 4673 fili
2939 4618 3055 4675 mei
3079 4620 3440 4688 Deorovaldi,
3472 4621 3736 4693 Gygone,
3776 4623 3913 4694 Sep«

526 4727 649 4779 suo,
682 4709 816 4780 quia
835 4707 895 4759 in
922 4703 1187 4775 portione
1216 4720 1387 4776 supra
1411 4706 1722 4761 memorati
1746 4705 1848 4761 11111
1876 4706 1993 4761 1001
2013 4707 2160 4763 Deo-

524 4801 747 4859 rovaldi
793 4797 1052 4866 obvenit,
1102 4814 1232 4853 cum
1279 4799 1441 4854 omni
1497 4799 1831 4870 integritate
1897 4799 2161 4856 baselicm

526 4893 711 4952 sancti
736 4890 1073 4961 Sinsuriani,
1108 4892 1203 4947 ubi
1237 4894 1532 4965 sepultura
1562 4893 1778 4947 habere
1822 4892 2160 4963 dinuscitur,

526 5004 631 5061 pro
660 4985 921 5058 requiem
945 4986 1067 5057 ejus
1095 4986 1221 5042 dari
1240 4985 1533 5058 praecipio.
1563 4985 1842 5041 Similiter
1872 4987 2160 5057 porcario,

527 5078 763 5136 nomine
792 5079 1089 5149 Gudilane,
1136 5096 1269 5135 cum
1302 5079 1528 5151 gregim
1561 5096 1888 5150 porcorum,
1922 5084 1982 5135 et
2018 5082 2161 5136 Bau-

528 5176 769 5231 domere
792 5191 921 5229 cum
945 5174 1172 5247 gregim
1195 5172 1408 5240 ovium,
1432 5176 1490 5228 et
1508 5176 1717 5245 troppo
1736 5174 2161 5244 jumentorum,

527 5269 626 5342 qui
657 5272 790 5324 sunt
819 5269 891 5324 ad
922 5284 1096 5340 supra
1139 5264 1350 5337 scripta
1379 5265 1511 5322 villa
1545 5266 1859 5337 Latiniaco,
1902 5268 2162 5341 supradi-

527 5367 631 5419 ctm
651 5362 915 5419 baselicm
939 5359 1120 5417 sancti
1153 5358 1476 5415 Sinsuriani
1494 5360 1710 5416 habere
1727 5362 1927 5434 jubeo.

599 5458 877 5515 Goderico
906 5460 965 5511 et
987 5454 1310 5510 Gunderico
1337 5454 1397 5510 in
1426 5472 1600 5528 supra
1625 5456 1901 5529 scriptam
1946 5458 2161 5527 villam,

527 5570 698 5625 quem
726 5550 992 5608 baselicm
1013 5548 1215 5604 domni
1240 5548 1561 5606 Sinsuriani
1590 5549 1860 5623 deligavi,
1893 5551 1973 5607 ita
1985 5553 2165 5623 jubeo

524 5651 586 5704 ut
614 5645 902 5711 laborent,
938 5642 1090 5698 unde
1125 5642 1199 5699 ad
1249 5642 1374 5716 ipsa
1417 5643 1669 5699 basileca
1707 5644 1902 5701 oblata
1943 5645 2166 5702 cotidim

523 5738 901 5797 ministretur.
926 5736 1202 5793 Leudulfo
1220 5754 1354 5793 cum
1371 5737 1560 5807 vinea,
1589 5754 1763 5810 quem
1788 5739 2055 5796 Sabucito
2077 5755 2169 5795 co-

520 5834 604 5898 lit,
634 5830 708 5884 ad
738 5830 1011 5900 oraturio,
1041 5832 1141 5904 qui
1170 5834 1257 5888 est
1282 5830 1343 5886 in
1374 5831 1507 5887 villa
1539 5830 1853 5898 Latiniaco,
1886 5832 2040 5888 unde
2066 5832 2167 5889 ibi-

525 5924 659 5980 dem
694 5923 885 5981 oblata
907 5928 1190 5995 occurrat,
1220 5924 1348 5982 dari
1371 5924 1520 5981 volo.
1548 5924 1880 5993 Baudulfus,
1904 5925 2168 5983 Sumtha-

2262 4711 2463 4766 teredo
2481 4728 2613 4766 cum
2637 4728 2814 4767 uxore
2841 4711 3169 4782 Goderuna,
3196 4714 3607 4783 Theodonivia,
3632 4716 3913 4772 130011001-

2262 4804 2372 4872 via,
2400 4806 2641 4872 Carane,
2671 4805 2917 4860 Patricio
2953 4822 3085 4861 cum
3118 4824 3292 4863 uxore
3330 4808 3594 4877 Eusebia,
3631 4810 3910 4881 Dagarico

2264 4914 2394 4953 cum
2421 4914 2596 4953 uxore
2631 4899 2939 4967 Aurovefa,
2971 4899 3327 4969 Ciuncileno,
3368 4900 3757 4959 Blidemundo
3779 4920 3913 4958 cum

2262 4991 2380 5047 11110
2420 4991 2790 5059 Blidechilde,
2821 4992 3167 5063 Manileubo,
3219 4994 3532 5063 Trasilane,
3578 4997 3910 5064 Eumundo,

2264 5084 2568 5140 lmneredo
2626 5101 2758 5140 cum
2802 5102 2976 5140 uxore
3025 5087 3274 5160 Torigia,
3334 5089 3640 5157 Chadulfo,
3690 5090 3910 5159 Aridia,

2220 5186 2237 5197 ’
2263 5178 2607 5246 Bocculane,
2638 5178 2980 5248 Babiccono,
2999 5181 3345 5238 Gunthivera
3370 5199 3384 5251 ;
3409 5182 3515 5238 hos
3547 5200 3751 5239 omnes
3776 5201 3911 5239 cum

2266 5271 2427 5326 omni
2456 5271 2764 5343 peculiare,
2800 5276 2924 5328 tam
2959 5276 3202 5343 areolas,
3252 5292 3428 5347 quam
3465 5276 3803 5349 hospiciola,
3831 5278 3910 5332 vi-

2266 5366 2464 5421 neolas
2491 5366 2579 5421 vel
2600 5366 2899 5436 hortellus,
2932 5383 3065 5423 cum
3082 5368 3142 5423 id
3169 5370 3324 5441 quod
3345 5371 3619 5441 prmsenti
3646 5375 3913 5442 tempore

2266 5459 2481 5515 habere
2510 5459 2798 5525 videntur,
2826 5460 3118 5533 ingenuus
3139 5479 3263 5518 esse
3298 5464 3607 5532 constituo,
3631 5464 3911 5520 Baudulfo

2267 5556 2325 5609 et
2339 5553 2774 5623 Sumthahario,
2803 5572 2935 5611 cum
2965 5555 3142 5612 boves
3167 5573 3313 5629 quos
3331 5557 3615 5630 bajolant,
3643 5558 3915 5615 laborare

2265 5647 2555 5721 prmcipio,
2582 5648 2735 5704 unde
2758 5649 2953 5705 oblata
2982 5649 3055 5704 ab
3080 5650 3334 5707 baselica
3358 5652 3567 5708 Domni
3587 5651 3917 5708 Sinsuriani

2260 5741 2481 5814 jugiter
2506 5742 2888 5800 ministretur.
2934 5744 3021 5799 Ita
3063 5744 3158 5813 do,
3187 5745 3269 5801 ita
3295 5744 3434 5817 ligo,
3472 5745 3555 5802 ita
3601 5749 3803 5815 testor,
3836 5746 3915 5802 ita

2267 5852 2368 5891 vos
2396 5836 2541 5892 mihi
2571 5835 2806 5902 Quiritis
2844 5836 3244 5895 testimonium
3281 5838 3675 5912 perhibetote;
3725 5840 3911 5905 citeri,

2268 5928 2576 6003 citermque
2600 5930 2867 6003 proximi,
2895 5931 3632 6007 proximmque,,exheredis
3661 5934 3814 5991 mihi
3834 5952 3914 5991 es-

3995 2170 4006 2289 l
