4006 6228
130 361 212 413 i3?
761 357 850 415 AD
894 358 1381 415 PRAECEDENTIA
1421 359 1752 416 LITURGIJS
1791 361 2205 418 MONUMENTA
2243 364 2580 421 APPENDIX
2618 366 2845 422 PRJMA.

3384 374 3487 430 438

124 476 233 530 tote
259 488 273 528 :
307 472 632 545 proculque
658 470 932 528 habetote
964 469 1009 527 si
1038 487 1167 543 quas
1191 470 1377 526 litura:
1402 471 1490 526 vel
1522 487 1754 528 caraxa-
1779 479 1839 554 Α
1862 470 2175 526 Germania
2202 473 2385 528 Pratis
2410 488 2562 537 mss.,
2590 474 2750 539 ibid.,
2786 477 2846 530 in
2880 473 3041 532 Coma
3072 478 3327 551 Domini).
3361 481 3496 537 Post

126 575 257 625 time
279 566 339 622 in
372 567 489 623 hoc
514 568 864 622 testamento
894 583 1027 622 meo
1060 569 1212 635 sunt,
1236 583 1346 637 ego
1374 566 1481 622 feci
1513 566 1755 642 ﬁerique

127 660 378 736 principi,
424 661 569 716 dum
616 660 762 716 mihi
808 661 1014 733 saepius
1054 661 1208 716 volui
1260 658 1566 716 recenseri.
1607 660 1758 717 Addi

128 757 288 811 etiam
329 756 628 824 constitui,
665 755 711 811 si
747 755 873 827 quis
911 758 1112 811 contra
1151 756 1305 810 hunc
1341 757 1756 811 testamentum

127 850 306 906 venire
326 849 598 919 voluerit,
622 852 723 905 aut
740 851 1099 906 voluntatem
1124 865 1319 904 meam
1342 848 1399 903 in
1422 848 1616 921 aliquo
1638 866 1758 905 cor-

125 961 383 1016 rumpere
408 943 805 1015 temptaverit,
840 961 874 998 a
900 942 1311 998 communione
1339 943 1602 998 omnium
1623 960 1754 999 san-

127 1043 337 1095 ctorum
364 1041 425 1093 et
456 1055 492 1093 a
517 1037 844 1093 limenebus
870 1037 1240 1092 ecclesiarum
1259 1037 1557 1093 efficeatur
1577 1040 1759 1093 extra-

128 1150 274 1201 neus,
311 1136 370 1188 et
404 1131 649 1204 insuper
683 1134 818 1187 ante
850 1131 1101 1187 tribunal
1128 1132 1339 1188 Christi
1363 1131 1757 1187 anathimatus

126 1228 479 1299 permaneat.
497 1228 703 1281 Actum
723 1224 972 1281 Parisius
992 1226 1096 1281 sub
1115 1224 1208 1280 die
1225 1228 1283 1281 et
1299 1229 1561 1297 tempore
1584 1242 1757 1298 supra

125 1320 341 1391 scripto.
358 1319 611 1390 Signum
624 1327 661 1392 -ι-
678 1319 1161 1375 Erminethrudiaa
1182 1318 1506 1375 testatricis.
1530 1319 1568 1382 -Ι-
1582 1322 1757 1376 Mum-

124 1415 297 1469 molus
344 1430 527 1479 com.,
576 1417 821 1486 rogante
867 1418 925 1467 et
972 1416 1256 1485 prasente
1306 1414 1753 1481 Ermenthrude,

124 1509 263 1562 hunc
284 1510 705 1563 testamentum
734 1508 885 1562 subs.
911 1507 1162 1580 Scupilio
1185 1506 1489 1579 spatarius,
1511 1511 1755 1579 rogante

125 1600 621 1669 Erminethrudiee,
649 1600 781 1656 huic
809 1603 1225 1655 testamentum
1257 1600 1408 1654 subs.
1439 1617 1536 1655 no.
1570 1600 1662 1655 die
1700 1603 1757 1655 et

122 1711 264 1749 anno
305 1694 520 1765 quibus
559 1711 750 1766 supra.
784 1694 1190 1765 Munegiselus,
1227 1696 1471 1764 rogante
1514 1697 1571 1748 et
1608 1709 1755 1765 pra:-

123 1792 270 1843 sente
296 1787 835 1855 Ermminethrude,
858 1789 1012 1842 hunc
1040 1790 1459 1843 testamentum
1482 1789 1610 1843 test.
1631 1828 1643 1841 .
1668 1828 1681 1841 .
1704 1828 1717 1841 .
1740 1828 1753 1842 .

124 1898 209 1936 no.
236 1880 329 1935 die
363 1885 424 1936 et
449 1880 650 1955 466
679 1853 833 1937 anno
867 1881 1073 1953 quibus
1100 1898 1294 1953 supra.
1333 1879 1757 1935 Baudacharius
1778 1853 1833 1925 B

126 1975 385 2031 defensor
418 1976 577 2030 subs.
608 1975 883 2031 Eusebius
923 1979 1160 2047 rogatus
1202 1976 1274 2030 ab
1307 1974 1756 2031 Erminethrude

124 2070 264 2125 hunc
292 2072 711 2126 testamentum
746 2071 964 2142 scripsi,
1000 2069 1180 2141 relegi
1209 2072 1268 2124 et
1295 2069 1446 2124 subs.

185 2167 266 2219 E’D
291 2168 613 2220 testamento
637 2168 813 2221 sancti
839 2165 1406 2233 Remigiin
1428 2164 1683 2234 episcopi.

185 2260 290 2313 Vas
320 2262 676 2331 argenteum
707 2260 911 2315 decem
944 2263 1003 2314 et
1032 2260 1159 2313 octo
1190 2258 1469 2313 librarum
1500 2257 1653 2312 inter
1675 2261 1754 2326 te,

126 2354 279 2407 heres
322 2369 459 2407 mea
505 2353 761 2423 (Ecclesia
802 2352 1133 2423 Rhemcnsis)
1175 2355 1233 2406 et
1266 2350 1560 2406 dicecesim
1597 2355 1758 2407 tuam

130 2447 415 2501 ecclesiam
446 2447 911 2513 Laudunensem,
940 2447 1104 2501 factis
1130 2446 1213 2517 (id
1240 2451 1317 2501 est
1343 2445 1634 2516 faciendis)
1664 2461 1760 2517 pa-

130 2540 260 2594 tenis
284 2542 463 2612 atque
493 2541 764 2596 calicibus
786 2541 860 2595 ad
889 2539 1277 2595 ministerium
1305 2542 1755 2607 sacrosanctum,

130 2638 284 2705 prout
319 2635 500 2703 valui,
540 2637 656 2691 Deo
693 2637 988 2689 annuente
1020 2632 1303 2688 distribui.
1338 2631 1507 2687 Aliud
1538 2649 1635 2687 vas
1664 2648 1755 2688 ar-

131 2731 410 2798 genteum,
445 2729 605 2800 quod
643 2728 789 2783 mihi
827 2731 1081 2784 Domnus
1118 2726 1351 2781 illustris
1380 2726 1759 2782 Chludovicus

130 2822 308 2892 (quem
344 2822 417 2877 de
457 2840 623 2877 sacro
657 2822 1021 2894 baptismatis
1059 2822 1219 2877 fonte
1257 2820 1499 2892 suscepi)
1537 2820 1756 2875 donare

129 2914 385 2986 dignatus
407 2919 517 2984 est,
542 2916 646 2971 tibi
671 2915 873 2970 heredi
896 2931 1043 2970 mea:
1070 2914 1325 2969 ecclesia:
1346 2931 1518 2986 supra
1538 2930 1760 2970 memo-

129 3009 445 3080 ratsejubeo
470 3009 811 3065 turriculum
834 3012 893 3064 et
912 3009 1297 3080 imaginatum
1322 3008 1561 3063 calicem
1584 3008 1659 3081 (a)
1679 3008 1758 3064 fa-

128 3103 344 3159 bricari.
386 3145 399 3158 .
445 3146 461 3158 .
500 3145 514 3159 .
552 3103 814 3171 Vineam,
844 3120 1021 3175 quam
1060 3101 1436 3158 Bebrimodus
1468 3102 1623 3171 facit,
1652 3102 1757 3157 tibi

130 3200 356 3252 eatenus
379 3197 747 3269 derelinquo,
771 3200 834 3251 ut
854 3197 1057 3251 diebus
1083 3195 1241 3252 festis
1267 3199 1326 3251 et
1350 3196 1623 3251 omnibus
1642 3197 1753 3251 Do-
1776 3227 1831 3301 Ο

130 3290 363 3359 minicis,
381 3290 561 3347 sacris
582 3291 859 3347 altaribus
877 3307 1010 3346 mea
1027 3290 1305 3346 offeratur
1325 3289 1539 3346 oblatio
1553 3289 1648 3361 (b).
1667 3331 1680 3344 .
1702 3332 1715 3345 .
1739 3331 1753 3345 .

130 3384 356 3440 Vineam
388 3385 487 3453 d0,
521 3401 695 3457 quam
727 3384 891 3457 posui
916 3383 1294 3451 Vindonissae,
1328 3384 1432 3438 sub
1458 3400 1528 3439 ea
1556 3383 1754 3439 condi-

130 3477 296 3547 tione,
325 3483 388 3534 ut
420 3496 458 3534 a
495 3479 756 3551 patribus
787 3479 923 3547 suis,
956 3478 1223 3534 omnibus
1258 3478 1461 3533 diebus
1494 3477 1653 3533 festis
1692 3494 1759 3533 ac

128 3572 449 3641 Dominicis,
477 3590 584 3644 pro
616 3572 1175 3629 commemoratione
1206 3589 1338 3628 mea
1368 3571 1543 3629 sacris
1569 3570 1759 3627 altari-

128 3664 225 3719 bus
252 3666 529 3723 oﬂ‘eratur
557 3666 795 3723 oblatio.

456 3785 541 3838 VI.
583 3800 906 3840 FRAGMENTA
945 3798 1418 3839 canauomnwu.

130 3879 196 3931 De
237 3880 488 3947 passione
547 3893 658 3933 non
719 3878 943 3945 legenda
1007 3879 1283 3934 Dcminica
1331 3876 1647 3931 Palmarum
1696 3877 1757 3931 in

642 3951 821 4005 missis
858 3951 1098 4019 privatis
1144 3948 1227 4019 (c).

196 4043 490 4107 Dominica
520 4042 579 4097 in
605 4042 835 4097 Palmis.
862 4084 875 4097 .
909 4084 922 4096 .
951 4084 963 4096 .
997 4084 1009 4096 .
1040 4040 1381 4098 Sacerdotes
1406 4040 1481 4095 ad
1506 4040 1756 4111 privatas

136 4136 323 4191 missas
360 4153 541 4191 unam
586 4138 813 4192 tantum
861 4136 1174 4191 Collectam
1224 4134 1446 4201 dicant;
1494 4135 1752 4205 Evange-

135 4228 261 4285 lium
295 4247 310 4285 :
341 4231 476 4287 Cum
510 4232 1041 4301 appropinquasset;
1079 4228 1409 4301 passionem
1448 4228 1637 4282 nullus
1672 4228 1752 4281 le-

135 4327 240 4393 gat,
264 4324 369 4380 nisi
399 4326 607 4381 fratres
633 4324 733 4397 qui
759 4324 819 4379 in
849 4322 1053 4379 formis
1078 4325 1334 4378 cantant.
1364 4322 1753 4393 (Lanﬁ'ancus,

137 4419 185 4471 in
211 4420 405 4475 Decret.
428 4435 535 4489 pro
562 4418 679 4473 0rd.
709 4420 886 4473 sancti
906 4418 1132 4479 Bencd.,
1152 4433 1287 4487 pag.
1319 4415 1468 4487 260.)

198 4512 255 4566 In
274 4513 470 4568 Hamis
485 4513 817 4567 Palmarum
834 4511 907 4567 ad
925 4510 1327 4566 matutinalem
1350 4509 1590 4564 missam
1614 4525 1756 4564 non-

1857 563 2115 645 Primam
2137 564 2404 621 dicentur
2424 571 2647 640 septem
2673 568 2901 641 psalmi,
2926 573 2983 625 et
3002 571 3268 641 Letania;
3292 578 3494 646 postea

1856 658 2152 714 veniemus
2208 677 2429 716 sessum
2479 661 2669 735 467
2722 662 2781 718 in
2833 664 3102 722 claustro.
3154 667 3493 725 Sacerdotes

1856 750 2024 808 ibunt
2058 753 2273 809 dictum
2314 754 2518 811 missas
2554 773 2705 825 suas,
2743 760 2801 811 et
2840 774 3045 815 omnes
3084 760 3301 818 debent
3344 765 3490 819 cele-

1857 846 2026 902 brare
2054 847 2147 902 die
2178 848 2303 918 illa;
2333 852 2391 904 et
2416 850 2795 907 celebrabunt
2823 851 2946 908 sine
2976 853 3131 925 igne.

1857 965 1967 1019 Vll.
2037 980 2226 1021 passm
2299 982 2731 1025 nauissmonuu
2806 986 3099 1028 murram:
3171 989 3492 1032 sucroauu

2476 1053 2877 1097 CANTIANORUM.

1928 1132 2016 1186 Ea:
2042 1146 2143 1186 ms.
2174 1130 2364 1186 Codice
2388 1133 2499 1187 viri
2524 1134 2818 1190 clarissimi
2850 1137 3021 1191 Ulrici
3052 1138 3303 1195 Obrechti
3326 1138 3420 1213 (ἀ).

1930 1223 2138 1279 Omnia
2168 1225 2232 1296 (θ)
2265 1240 2393 1296 quae
2421 1242 2455 1280 a
2485 1226 2695 1281 sanctis
2721 1231 2883 1298 gesta
2914 1232 3047 1285 sunt
3079 1232 3165 1286 vel
3192 1237 3493 1303 geruntur,

1859 1315 1903 1372 si
1935 1317 2063 1391 quis
2088 1317 2333 1374 voluerit
2360 1318 2611 1373 studiose
2643 1321 3000 1392 perquirere,
3031 1328 3088 1378 et
3114 1324 3217 1379 sibi
3250 1329 3307 1381 et
3328 1327 3501 1398 pluri-

1856 1411 1965 1466 mis
2007 1411 2403 1467 mdiﬁcationis
2437 1411 2667 1469 exhibet
2708 1414 2980 1470 fructum.
3025 1418 3094 1470 Et
3132 1418 3276 1473 sicut
3324 1420 3498 1476 arbor

1859 1505 2156 1561 fructifera
2182 1523 2298 1561 non
2323 1506 2444 1561 sine
2478 1524 2648 1562 causa
2675 1508 2955 1580 probatur
2976 1512 3191 1566 terram
3218 1529 3498 1584 occupare

1858 1600 1995 1654 dum
2017 1599 2169 1668 vivit,
2195 1616 2327 1654 cum
2351 1603 2408 1654 et
2435 1601 2559 1672 ipsa
2586 1601 2701 1655 suis
2727 1602 2918 1673 pomis
2943 1607 3201 1673 ornatur,
3226 1608 3285 1658 et
3308 1606 3497 1661 omnis

1858 1692 1954 1763 qui
1976 1709 2042 1748 ex
2069 1710 2138 1748 eo
2166 1694 2351 1748 fructu
2378 1694 2720 1765 perceperit,
2748 1695 3066 1766 saginatur.
3096 1697 3414 1753 Scribimus
3436 1703 3500 1754 ut

1858 1786 1917 1841 in
1949 1787 2123 1859 gestis
2158 1786 2504 1855 invenimus,
2539 1788 2676 1859 quid
2710 1789 2956 1859 egerint,
2992 1791 3132 1861 quid
3166 1792 3338 1846 locuti
3375 1793 3499 1848 fue-

1859 1881 1994 1950 rint,
2019 1881 2155 1954 quid
2173 1882 2324 1953 passi
2344 1880 2458 1935 sint
2479 1882 2679 1937 sancti.
2711 1882 3023 1939 Ostenditis
3044 1901 3141 1940 vos
3163 1902 3285 1940 esse
3308 1888 3501 1942 catho-

1858 1976 2017 2043 licos,
2050 1975 2147 2047 qui
2184 1974 2450 2030 victorias
2485 1975 2693 2030 Christi
2728 1976 2979 2031 libenter
3010 1979 3219 2049 legitis,
3252 1979 3501 2035 libenter

1860 2069 2087 2124 auditis.
2111 2071 2410 2140 Interrogo
2431 2085 2531 2123 vos
2558 2069 2657 2139 qui
2681 2069 2791 2124 ista
2810 2070 2963 2124 inter
2989 2074 3389 2144 apochryphas
3408 2074 3497 2130 lit-

1858 2167 2011 2217 teras
2047 2162 2363 2217 exvolanda
2401 2162 2646 2217 censetis
2683 2179 2697 2218 :
2728 2179 2834 2234 per
2874 2180 3017 2235 quos
3052 2169 3278 2221 constat
3310 2183 3498 2223 canon

1858 2256 2282 2327 Scripturarum
2304 2255 2570 2311 omnium
2588 2255 2952 2313 divinarum?
2974 2259 3258 2337 numquid
3278 2276 3383 2331 per
3399 2276 3499 2315 eos

1859 2349 1957 2422 qui
1988 2367 2092 2422 pro
2122 2350 2246 2421 ipso
2274 2366 2499 2405 canone
2528 2349 2711 2404 occidi
2738 2350 2926 2422 magis
2954 2354 3295 2423 optaverant
3322 2370 3498 2425 quam

1857 2446 2045 2501 vinci?
2077 2446 2225 2511 Quid
2262 2462 2401 2518 ergo
2441 2449 2756 2501 tenuerunt
2790 2448 3120 2518 martyres?
3165 2448 3363 2504 Fidem
3407 2466 3500 2505 re-

1858 2543 2034 2609 ctam,
2066 2557 2193 2613 qua:
2232 2540 2406 2595 sacris
2443 2540 2833 2596 voluminibus
2873 2544 3030 2597 certo
3073 2542 3355 2598 librorum
3391 2561 3498 2599 nu-

1858 2651 2021 2690 mero
2051 2633 2395 2689 continetur.
2424 2635 2621 2705 Agunt
2645 2634 2755 2689 illis
2781 2635 2998 2706 gratias
3024 2636 3213 2708 apices
3241 2637 3503 2693 sacratis-

1859 2728 2008 2797 simi,
2033 2728 2131 2800 qui
2150 2744 2255 2800 per
2275 2744 2476 2783 eorum
2503 2728 2996 2799 perseverantiam
3025 2734 3416 2801 perseverant.
3432 2732 3503 2786 Et

1858 2821 1989 2876 ideo
2014 2822 2216 2877 volunt
2244 2838 2445 2877 eorum
2482 2824 2644 2893 gesta
2675 2822 2980 2890 conscribi,
3009 2826 3071 2877 ut
3100 2823 3159 2877 in
3186 2829 3499 2895 conspectu

1859 2916 1957 2970 Dei
1995 2918 2054 2969 et
2092 2914 2399 2971 hominum
2444 2931 2678 2987 semper
2712 2916 3023 2971 laudentur
3060 2916 3263 2984 sancti,
3294 2918 3391 2989 qui
3438 2918 3499 2973 in

1858 3011 2166 3080 conspectu
2195 3007 2626 3063 incredulorum
2654 3026 2759 3080 pro
2787 3025 2990 3064 eorum
3019 3010 3358 3066 defensione
3384 3014 3501 3067 tor-

1858 3106 2055 3157 menta
2076 3102 2358 3158 immania
2376 3104 2757 3174 pertulerunt.
2772 3102 2923 3157 Nihil
2944 3106 3156 3175 praeter
3177 3105 3502 3176 Scripturas

1857 3195 2163 3252 canonicas
2196 3195 2559 3267 recipientes,
2597 3195 2707 3252 ista
2739 3196 2991 3252 studiose
3031 3197 3515 3270 conscripsimus,_

1858 3290 2230 3345 ostendentes
2260 3290 2476 3362 dogma
2502 3290 2850 3345 catholicum
2879 3307 2983 3363 per
3010 3291 3321 3347 catholicos
3348 3309 3502 3348 mar-

1859 3388 2011 3455 tyres
2040 3383 2407 3439 custoditum.
2437 3384 2775 3455 Exemplum
2798 3384 3043 3456 posteris
3069 3385 3293 3454 damus,
3317 3386 3499 3441 aedifi-

1858 3478 2147 3533 cationem
2173 3476 2539 3533 credentibus
2568 3478 2871 3546 tradimus,
2900 3481 3085 3533 artem
3116 3478 3252 3534 belli
3290 3479 3500 3536 Christi

1858 3570 2134 3626 militibus
2154 3571 2646 3626 demonstramus.
2676 3573 2913 3628 Constat
2934 3588 3033 3627 eos
3055 3573 3206 3627 nolle
3234 3590 3498 3645 pugnare

1859 3665 1906 3720 si
1931 3681 2164 3720 necesse
2190 3664 2281 3732 sit,
2314 3664 2411 3736 qui
2439 3665 2645 3719 nolunt
2673 3666 2868 3736 legere
2904 3668 3278 3736 pugnatores.
3306 3668 3496 3739 Impe-

1857 3762 1988 3814 rent
2023 3758 2317 3813 silentium
2348 3757 2709 3825 infidelibus,
2746 3760 3008 3829 spectent
3042 3759 3267 3830 pugiles
3296 3760 3496 3815 diabo-

1856 3854 1994 3909 licos
2020 3851 2117 3924 qui
2144 3852 2391 3907 athletas
2411 3850 2645 3906 Domini
2671 3855 2930 3924 spectare
2957 3854 3360 3907 contemnunt.
3384 3855 3497 3909 Nos

1856 3946 2077 4002 divinas
2112 3946 2349 4001 virtutes
2386 3945 2700 4018 loquimur,
2733 3946 3057 4014 scribimus,
3090 3946 3493 4018 praedicamus.

1856 4040 2205 4097 Prohibeant
2232 4038 2449 4107 aemuli,
2481 4038 2775 4111 imperent
2808 4039 3101 4095 silentium
3130 4039 3335 4108 timidi,
3366 4057 3496 4095 ver-

1856 4134 2061 4189 berent
2086 4135 2530 4188 contemnentes
2562 4150 2575 4188 :
2606 4134 2868 4205 legentes
2897 4133 3219 4205 increpent,
3252 4132 3500 4189 libenter

1856 4228 1978 4283 haec
1999 4226 2302 4282 audientes
2320 4229 2608 4293 accusent;
2634 4225 2828 4301 468
2852 4227 3136 4299 gloriosos
3158 4226 3376 4283 facient
3395 4227 3502 4283 mi-

1854 4320 1985 4376 lites
2026 4321 2265 4376 vulnera
2302 4338 2408 4392 pro
2450 4321 2819 4394 imperatoris
2859 4322 3027 4376 laude
3074 4325 3357 4393 suscepta,
3393 4338 3498 4393 pro

1855 4415 2015 4487 cujus
2035 4431 2233 4471 amore
2255 4414 2434 4471 etiam
2456 4416 2681 4471 animas
2697 4433 2917 4488 ponere
2939 4416 3190 4471 libenter
3205 4418 3493 4486 optamus.

1854 4508 2300 4580 Triumphorum
2322 4508 2533 4564 Christi
2556 4525 2620 4563 ac
2646 4509 3017 4565 victoriarum
3045 4509 3270 4564 labores
3292 4508 3501 4563 exerci-

134 4602 230 4660 nisi
255 4623 368 4662 una
387 4606 640 4662 Collecta
658 4609 744 4661 est
764 4605 1039 4672 dicenda;
1064 4621 1171 4659 nec
1189 4603 1379 4676 passio
1401 4603 1632 4676 legitur,
1652 4602 1754 4657 sed
1772 4601 1832 4673 D
1856 4602 2007 4657 tibus
2034 4602 2105 4656 de
2144 4602 2378 4656 occultis
2412 4601 2553 4655 foris
2591 4602 2963 4671 proferimus.
2993 4603 3218 4660 Scimus
3250 4618 3495 4674 pugnas,

133 4696 221 4753 illa
246 4701 471 4755 tantum
504 4700 674 4756 lectio
705 4698 887 4755 sancti
919 4697 1215 4769 Evangelii
1245 4714 1258 4753 :
1289 4697 1420 4753 Cum
1451 4699 1757 4769 appropin-

132 4799 307 4859 quaret
336 4797 507 4850 Iesus.
548 4794 714 4859 Quod
751 4793 928 4849 etiam
960 4792 1178 4848 cunctis
1212 4791 1631 4859 sacerdotibus,
1665 4790 1764 4861 qui

132 4884 362 4954 privatas
392 4888 596 4943 missas
622 4887 1001 4955 cantaverint,
1036 4885 1384 4957 praecipitur,
1418 4887 1482 4939 ut
1507 4884 1622 4939 sint
1657 4900 1764 4955 pa-

132 4978 228 5032 rati
253 4980 322 5035 ad
350 4982 491 5037 duas
515 4980 912 5055 processiones
937 4996 1065 5052 quae
1092 4980 1189 5035 illo
1214 4978 1309 5034 die
1338 4981 1472 5033 sunt
1492 4977 1760 5050 agendae.

134 5070 448 5141 (Udalricus,
474 5079 535 5131 in
562 5077 656 5131 lib.
683 5093 702 5131 ι
731 5074 1062 5131 Consuetud.
1092 5074 1367 5137 Cluniac.,
1403 5088 1526 5143 cap.
1564 5070 1675 5143 54.)

197 5167 428 5231 Quando
460 5170 677 5225 erimus
702 5169 853 5224 circa
876 5169 1056 5223 finem
1077 5169 1341 5235 Tractus,
1375 5165 1612 5222 sacrista
1636 5165 1762 5237 pul-

138 5258 267 5316 sabit
281 5280 455 5319 unam
473 5279 715 5336 parvam
734 5278 1079 5335 campanam
1100 5278 1204 5333 pro
1223 5259 1641 5333 congregando
1663 5258 1762 5314 do-

142 5351 312 5410 minos
339 5357 412 5413 ad
439 5356 796 5412 audiendam
821 5355 1175 5429 passionem,
1199 5354 1336 5427 quia
1366 5353 1496 5425 ipsa
1526 5370 1643 5409 non
1672 5351 1765 5406 de-

140 5443 224 5501 bet
254 5448 365 5523 legi
393 5450 504 5506 nisi
539 5451 598 5505 in
638 5467 857 5521 magna
892 5449 1068 5505 missa
1105 5448 1561 5521 (Consuetudines
1590 5446 1768 5501 sancti

221 5565 270 5639 ςι)
296 5565 433 5639 Yide
463 5582 639 5639 pass-
670 5568 738 5639 66
770 5568 828 5620 et
852 5567 940 5621 93-

226 5635 272 5710 b)
296 5636 433 5710 viae
464 5635 608 5710 pag:
635 5637 755 5692 184.

224 5707 427 5847 Ἂνὶἀθ
456 5707 595 5781 pag.
632 5711 754 5764 127.

306 5779 443 5834 Vide
474 5795 608 5847 pag.
645 5781 747 5835 386

306 5779 477 5834 Vide‘
516 5779 608 5850 ag.
645 5781 766 5835 386.

306 5797 602 5913 ’assioﬁaec
614 5850 766 5913 apud

226 5839 602 5923 εἱραεείοὶιὲο
614 5850 766 5921 apud
778 5845 1164 5923 Ηοιῑψιξίιίμιω
1175 5841 1485 5923 Αξηδξοείο
1498 5839 1767 5923 tribuitur

151 5915 377 5977 διὼιιω
404 5921 571 5979 initio
601 5938 616 5980 :
648 5915 844 5983 Servus
874 5917 1077 5977 Christi
1109 5915 1432 5976 Ambrosius
1462 5915 1761 5987 episcopus,

1863 4711 2006 4767 quas
2023 4694 2106 4748 illi
2131 4693 2431 4748 visibiliter
2454 4692 2606 4765 passi
2632 4693 2765 4761 sint,
2786 4695 3146 4752 invisibiliter
3170 4695 3338 4751 nobis
3359 4695 3503 4750 exci-

1862 4788 1973 4845 tari
1993 4786 2271 4859 quotidie,
2287 4788 2345 4841 et
2364 4787 2745 4857 neglegenter
2760 4792 3091 4857 pugnantes
3107 4790 3295 4845 acrius
3312 4789 3517 4845 vulne-.

1862 4881 2162 4953 rari.Ergo
2185 4882 2248 4934 ut
2266 4888 2430 4935 arma
2457 4880 2794 4951 pertractes,
2818 4878 3069 4934 adtende
3090 4882 3405 4952 bellantes;
3427 4882 3502 4939 da

1864 4977 2125 5031 mentem
2150 4971 2368 5041 studiis,
2397 4974 2462 5027 ut
2486 4970 2665 5027 hostis
2688 4970 2925 5043 incipiat
2954 4973 3012 5025 te
3040 4972 3268 5027 timere.

1934 5072 1987 5125 2.
2016 5066 2381 5123 Beatissimos
2404 5068 2688 5137 martyres
2717 5065 3006 5134 Cantium,
3034 5065 3404 5139 Cantianum,
3440 5077 3500 5128 et

1865 5162 2310 5231 Cantianellum,
2342 5179 2376 5216 a
2403 5160 2723 5233 paedagogo
2754 5177 2855 5215 suo
2876 5162 3046 5216 Proto
3073 5160 3238 5216 valde
3260 5161 3372 5216 fide
3404 5180 3498 5219 ca-

1864 5256 2077 5313 tholica
2106 5256 2282 5311 fuisse
2312 5255 2565 5311 edoctos.
2600 5297 2612 5309 .
2641 5297 2654 5310 .
2680 5254 2776 5327 qui
2805 5254 2877 5309 de
2898 5269 3112 5327 genere
3140 5255 3497 5325 Aniciorum,

1865 5352 1975 5406 hoc
1996 5352 2083 5405 est
2099 5349 2242 5404 dive
2259 5348 2557 5405 memoria:
2574 5348 2768 5406 Carini
2784 5347 3169 5422 imperatoris,
3187 5352 3502 5405 noscuntur

1865 5442 2176 5517 progeniti,
2201 5446 2260 5498 et
2278 5442 2432 5498 intra
2452 5442 2656 5497 urbem
2676 5443 2948 5513 Romam,
2970 5444 3030 5498 in
3052 5446 3257 5515 quarta
3274 5442 3501 5498 decima

1866 5560 2139 5615 Christum
2160 5562 2330 5615 Deum
2348 5575 2534 5614 verum
2555 5559 2849 5614 colentibus
2874 5560 3149 5627 fratribus
3162 5575 3267 5631 per
3295 5575 3503 5615 omnem

1866 5633 2107 5695 Italiam,
2155 5633 2216 5686 in
2250 5633 2476 5686 Domino
2512 5646 2718 5685 omnem
2760 5631 3008 5685 salutem.
3056 5630 3252 5686 Omnia
3296 5646 3418 5700 quae
3468 5647 3504 5685 a

1864 5704 2101 5767 Sanctis,
2135 5718 2319 5773 usque
2355 5701 2429 5756 ad
2460 5704 2800 5773 sequentem
2830 5702 3406 5773 versumLScribimus
3440 5705 3502 5756 ut

1866 5775 1927 5827 in
1960 5775 2124 5841 gestis
2149 5770 2476 5836 inuenimus,
2505 5770 2636 5838 etc.,
2672 5771 2878 5842 quibus
2914 5770 3159 5840 omissis,
3190 5770 3503 5827 resumitur

1870 5844 2038 5900 lectio
2070 5861 2105 5900 a
2135 5843 2398 5916 sequenti
2422 5858 2668 5903 numero
2700 5845 2926 5915 quarto.
