4006 6228
420 352 521 405 439

1204 344 1539 402 ΑΡΡΕΝΒΙΧ
1575 343 1663 399 ΑΙ)
1700 341 1926 397 ΟΡΕΒΑ
1963 338 2199 395 SANCTI
2236 337 2535 394 GERMANI
2572 336 3000 394 PARISIENSIS.

3694 340 3824 396 440

420 456 683 529 regione,
730 454 854 512 nati
895 458 1069 528 atque
1111 451 1299 510 edocti
1333 450 1673 524 probantur,
1715 446 2057 504 Dioclitiano
2081 458 2141 535 Α
2234 443 2553 502 Beatissimi
2572 462 2708 501 vero
2730 448 3016 518 martyres
3041 462 3276 503 ascenso
3298 446 3371 518 (α)
3394 445 3658 503 vehiculo
3679 446 3819 519 jun-

421 553 622 609 Romae
664 549 1013 622 imperante,
1059 552 1116 604 et
1149 546 1491 604 Maximiano
1531 542 1790 617 partibus
1827 541 2056 615 Illyrici,

420 644 627 701 Carino
650 661 882 718 quoque
910 644 1063 699 intra
1090 640 1297 698 Gallias
1320 640 1472 696 bene
1503 641 1714 711 agente
1743 653 1884 710 erga
1907 635 2065 693 Chri-

425 740 661 808 stianos,
689 738 786 811 qui
806 728 923 794 non
946 739 1076 808 post
1099 736 1350 790 multum
1375 736 1610 805 tempus
1629 732 1935 788 defunctus
1956 733 2059 786 est.

420 836 558 889 Post
608 834 767 904 cujus
827 832 1048 887 obitum
1106 827 1530 884 sceleratissimi
1579 826 1955 883 Dioclitianus
2007 828 2067 880 et

422 926 793 984 Maximianus
831 941 936 997 per
977 940 1181 980 omnes
1219 920 1542 994 provincias
1586 922 1819 977 decreta
1861 936 2065 992 posue-

425 1024 579 1089 runt,
620 1024 681 1075 ut
714 1019 809 1073 ubi
848 1017 1157 1074 Christiani
1199 1016 1617 1084 invenirentur,
1656 1014 1704 1068 si
1745 1012 2063 1069 sacriﬁcare

424 1114 886 1181 contemnerent,
902 1111 1137 1166 diversis
1148 1110 1333 1183 poenis
1350 1110 1786 1181 adﬁigerentur.
1801 1109 2063 1179 Cumque

425 1210 514 1264 his
530 1206 695 1263 dictis
708 1204 1031 1262 beatissimi
1049 1207 1334 1276 martyres
1351 1203 1621 1260 Cantiani
1636 1202 1696 1257 in
1712 1202 1859 1257 urbe
1880 1202 2066 1257 Roma

423 1292 667 1359 fuissent
694 1300 894 1373 positi,
927 1298 1166 1356 consilio
1192 1296 1390 1353 habito
1419 1314 1552 1352 cum
1578 1297 1750 1351 beato
1780 1297 1974 1361 Proto,
2004 1296 2067 1349 ut

424 1397 687 1469 iniquam
702 1395 954 1450 vitarent
974 1392 1344 1461 sententiam,
1369 1390 1589 1464 praedia
1611 1408 1713 1445 sua
1733 1388 2064 1444 suburbano

423 1490 611 1563 posita
643 1489 748 1544 sub
791 1487 979 1559 specie
1008 1480 1352 1542 visitationis
1388 1484 1629 1540 circuire
1664 1483 2063 1539 decreverunt.

497 1588 549 1641 3.
569 1582 679 1649 Qui
698 1582 908 1638 eodem
930 1583 1195 1651 tempore
1212 1578 1272 1634 in
1293 1578 1500 1634 urbem
1514 1577 1965 1650 Aquilegensem
1980 1592 2069 1631 re-

421 1678 713 1751 pedarunt
735 1693 748 1732 :
771 1675 831 1730 in
854 1692 970 1747 qua
989 1677 1127 1729 tunc
1147 1672 1428 1745 temporis
1448 1689 1565 1727 non
1586 1688 1765 1744 parva
1784 1687 1920 1727 rura
1940 1687 2069 1743 pos-

426 1771 712 1828 sidebant.
741 1770 855 1826 Sed
878 1769 1013 1841 quia
1031 1770 1232 1824 lumen
1254 1768 1314 1821 in
1336 1766 1593 1822 tenebris
1618 1767 1800 1821 latere
1822 1782 1940 1820 non
1960 1781 2063 1836 po-

2164 541 2268 596 etis
2294 539 2579 609 mulabus,
2604 556 2738 595 cum
2760 540 3032 597 secedere
3056 540 3391 612 voluissent,
3414 543 3471 595 et
3491 557 3611 596 non
3632 541 3818 613 longe

2165 636 2237 691 ab
2268 634 2425 690 urbis
2451 633 2739 689 moenibus
2763 633 2875 689 iter
2905 639 3166 707 agerent,
3195 637 3255 689 et
3279 651 3459 689 unum
3487 634 3711 690 animal
3737 636 3817 691 de

2166 728 2483 801 subjunctis
2503 727 2691 783 subito
2714 727 3022 784 corruisset
3038 729 3097 783 in
3119 730 3247 784 loco
3269 728 3368 801 qui
3384 729 3713 800 appellatur
3726 729 3821 785 Ad

2163 826 2356 896 Aquas
2378 823 2678 892 Gradatas,
2701 823 2784 878 ita
2802 822 2961 878 illinc
2976 825 3110 878 sunt
3126 840 3159 877 a
3178 822 3645 895 persecutoribus
3662 841 3822 880 com-

2165 916 2456 991 prehensi.
2485 916 2651 982 Quod
2678 916 2897 972 factum
2935 933 3111 988 quam
3138 916 3458 988 gloriosum
3486 916 3561 971 sit
3580 920 3641 972 et
3669 935 3705 973 a
3729 917 3817 974 di-

2163 1010 2401 1068 vinitate
2453 1009 2827 1082 dispositum,
2878 1010 3156 1065 debemus
3206 1010 3528 1065 advertere.
3570 1011 3820 1084 Semper

2167 1104 2324 1160 enim
2355 1106 2505 1161 Deus
2542 1121 2685 1177 quos
2728 1104 2923 1176 elegit,
2961 1103 3123 1176 quasi
3157 1103 3400 1159 victores
3434 1121 3567 1160 eum
3607 1105 3814 1161 subve-

2166 1199 2358 1255 ctione
2386 1197 2617 1254 sublimi
2640 1197 2700 1253 in
2730 1199 2922 1254 aulam
2943 1197 3113 1269 regni
3140 1197 3380 1254 caelestis
3401 1197 3641 1255 inducit.
3666 1201 3815 1255 Nam

2167 1293 2312 1350 sicut
2334 1292 2524 1349 Helias
2550 1308 2683 1347 cum
2714 1292 3004 1365 adplicato
3033 1291 3318 1365 quadriga
3344 1292 3603 1348 ascendit
3619 1292 3681 1348 in
3702 1310 3817 1349 cae-

2166 1389 2308 1456 lum,
2343 1387 2425 1443 ita
2452 1390 2511 1442 et
2536 1386 2631 1442 isti
2649 1387 2912 1442 vehiculo
2934 1389 3133 1442 amoto
3155 1386 3231 1441 ad
3250 1386 3594 1459 martyrium
3616 1404 3818 1459 perve-

2169 1483 2412 1549 nerunt;
2446 1483 2505 1536 et
2534 1479 2819 1553 quadriga
2849 1481 2997 1535 sicut
3021 1481 3187 1535 illum
3214 1479 3399 1535 evexit
3420 1480 3496 1536 ad
3523 1481 3813 1553 requiem,

2168 1576 2249 1631 ita
2274 1579 2332 1630 et
2355 1575 2463 1630 hos
2480 1574 2733 1647 portavit
2751 1574 2826 1629 ad
2851 1574 3121 1646 gloriam.
3145 1575 3215 1629 Et
3235 1574 3498 1646 quamvis
3518 1574 3619 1630 illa
3636 1575 3819 1647 ignea

2168 1669 2452 1741 quadriga
2490 1669 2682 1737 fuerit,
2723 1669 2846 1723 haec
2887 1671 3087 1725 tamen
3120 1685 3237 1724 non
3271 1668 3514 1724 inferior
3541 1668 3818 1725 habenda

2168 1767 2280 1831 est;
2323 1763 2459 1835 quia
2500 1762 2597 1818 illa
2636 1779 2817 1818 unum
2859 1762 3107 1833 gestavit
3139 1763 3508 1835 prophetam,
3542 1763 3665 1817 haec
3697 1766 3818 1819 tres

424 1868 594 1935 terat,
616 1880 847 1919 necesse
870 1837 995 1918 e—rat
1016 1865 1079 1917 ut
1100 1878 1198 1917 eos
1219 1860 1500 1917 Dominus
1522 1860 1596 1915 ad
1618 1858 1863 1931 gloriam
1885 1857 2068 1915 nomi-
2085 1837 2144 1911 B
2168 1859 2454 1930 martyres
2493 1856 2852 1912 sustentavit.
2886 1857 3000 1912 Sed
3041 1855 3179 1911 dicit
3210 1856 3417 1929 aliquis
3453 1873 3466 1912 :
3500 1854 3818 1913 Gloriosius

427 1960 517 2015 nis
548 1959 636 2014 sui
667 1957 992 2014 coronaret.
1011 1956 1273 2028 Cumque
1302 1955 1361 2009 in
1390 1952 1840 2026 Aquilegensem
1860 1952 2065 2008 urbem

424 2052 608 2109 sancti
650 2051 893 2107 fuissent
934 2049 1219 2122 ingressi,
1267 2047 1563 2104 duriorem
1605 2047 1888 2103 saevitiam
1928 2063 2069 2119 erga

426 2145 779 2203 Christianos
799 2143 1158 2216 repperiunt,
1179 2159 1357 2216 quam
1374 2142 1733 2214 reliquerant
1751 2142 1970 2198 Romae.
1985 2143 2069 2198 Ita

420 2240 580 2296 enim
609 2256 814 2296 omnes
839 2240 1172 2294 sanctorum
1193 2238 1282 2292 vel
1308 2236 1707 2292 confessorum
1726 2252 1832 2307 pro
1854 2234 2067 2291 Christi

424 2333 662 2390 nomine
683 2332 995 2389 multitudo
1017 2331 1076 2386 in
1106 2330 1347 2386 vinculis
1374 2346 1673 2385 carcerum
1702 2328 1963 2384 custodia
1990 2331 2073 2383 te-

426 2429 734 2494 nebantur,
762 2429 827 2481 ut
856 2424 1193 2481 enumerari
1219 2441 1338 2479 non
1362 2423 1707 2495 potuissent,
1736 2424 1947 2493 agente
1969 2420 2072 2476 sci-

422 2522 560 2579 licet
587 2519 846 2577 Dulcidio
875 2518 1144 2590 praeside,
1172 2535 1287 2572 una
1313 2534 1446 2573 eum
1478 2516 1729 2573 Sisinnio
1761 2515 1995 2571 comite.

497 2617 551 2669 4.
579 2613 895 2669 Audientes
923 2613 1122 2685 itaque
1153 2614 1382 2667 sanctos
1402 2611 1505 2666 Dei
1530 2610 1851 2679 advenisse,
1876 2609 2072 2665 statim

424 2707 675 2765 inveniri
699 2707 771 2762 ab
793 2706 1219 2779 apparitoribus
1244 2705 1749 2778 prmcipiunturmt
1769 2703 1879 2758 diis
1902 2704 2074 2759 thura

424 2804 732 2876 ponerent.
761 2802 917 2856 Tunc
953 2799 1276 2856 beatissimi
1309 2802 1595 2871 martyres
1633 2797 1979 2870 aspicientes
2012 2797 2072 2852 in

428 2897 633 2951 eazlum
662 2894 1092 2967 responderunt
1120 2910 1133 2949 :
1166 2894 1280 2949 Nos
1312 2891 1613 2947 daemoniis
1639 2907 1757 2946 non
1789 2889 2072 2945 sacriﬁea-

427 3007 579 3059 mus,
604 2988 741 3061 quia
761 2988 1039 3059 scriptum
1061 2989 1147 3041 est
1168 3003 1182 3043 :
1203 2987 1397 3043 Omnes
1420 2987 1501 3042 dii
1518 2988 1761 3055 gentium
1784 2985 2070 3049 daemonia,

424 3085 688 3141 Dominus
719 3087 902 3137 autem
940 3082 1092 3137 caelos
1124 3083 1275 3163 fecit.
1310 3081 1377 3134 Et
1414 3080 1625 3135 iterum
1660 3096 1674 3134 :
1709 3079 1922 3134 Similes
1959 3079 2073 3133 illis

2166 1952 2412 2023 gestavit
2455 1950 2740 2024 quadriga
2779 1951 2971 2021 ignea,
3025 1966 3202 2022 quam
3248 1953 3499 2006 terrena.
3542 1952 3656 2006 Nec
3704 1951 3819 2006 hoc

2165 2048 2339 2119 plane
2371 2045 2555 2101 defuit
2592 2044 2804 2100 sanctis
2834 2044 2986 2099 viris.
3020 2045 3165 2099 Nam
3194 2043 3341 2099 sicut
3377 2044 3600 2099 Heliam
3638 2045 3817 2116 ignea

2169 2140 2453 2213 quadriga
2480 2138 2748 2212 portavit,
2778 2139 2861 2194 ita
2890 2140 2949 2193 et
2979 2140 3265 2211 martyres
3296 2138 3439 2193 ﬁdes
3470 2138 3644 2210 ignea
3681 2138 3814 2210 jam

2168 2234 2410 2290 ferebat.
2440 2233 2685 2288 Ferebat
2709 2233 2859 2301 illos,
2889 2231 3152 2304 inquam,
3183 2232 3459 2302 Christus,
3484 2233 3584 2305 qui
3614 2234 3814 2288 lumen

2171 2332 2275 2397 est,
2311 2327 2411 2400 qui
2437 2326 2591 2398 ignis
2621 2329 2725 2395 est,
2750 2327 2822 2381 de
2853 2343 2967 2398 quo
2997 2326 3273 2398 scriptum
3302 2329 3388 2381 est
3417 2343 3429 2381 :
3460 2330 3601 2383 Deus
3632 2330 3819 2383 noster

2168 2425 2312 2492 ignis
2339 2436 2655 2478 consumens
2688 2426 2783 2477 est.
2814 2422 2966 2492 Ergo
2996 2437 3128 2475 cum
3156 2421 3360 2476 beatos
3391 2420 3463 2476 de
3495 2420 3703 2493 quibus
3731 2422 3814 2476 lo-

2172 2515 2405 2589 quimur
2429 2514 2763 2587 persecutor
2792 2516 3086 2585 urgueret,
3111 2513 3437 2569 vehiculum
3460 2515 3818 2570 conscende-

2170 2613 2323 2665 runt.
2358 2609 2483 2674 Qua
2507 2608 2719 2664 causa?
2748 2612 2811 2662 ut
2847 2608 3162 2680 fugerent?
3198 2608 3378 2674 absit;
3410 2624 3528 2663 non
3558 2610 3623 2663 ut
3648 2609 3817 2680 fuge-

2171 2706 2321 2772 rent,
2356 2702 2458 2757 sed
2489 2705 2553 2757 ut
2583 2702 2659 2757 ad
2686 2700 3033 2773 martyrium
3062 2700 3227 2756 citius
3258 2700 3663 2773 pervenirent;
3699 2719 3819 2757 non

2172 2800 2236 2853 ut
2270 2798 2586 2865 latitarent,
2633 2794 2827 2868 470
2866 2795 2969 2850 sed
3004 2798 3067 2849 ut
3107 2811 3166 2849 se
3206 2794 3560 2851 Christianos
3598 2795 3821 2850 eunetis

2171 2888 2604 2946 transeuntibus
2633 2888 3098 2943 manifestarent.
3126 2888 3395 2944 Ceterum
3430 2888 3710 2945 occultius
3738 2889 3822 2944 in-

2172 2987 2262 3039 ter
2295 2985 2489 3056 plures
2515 2983 2575 3038 in
2605 2982 2832 3038 civitate
2869 2983 3049 3037 latere
3085 2984 3383 3054 poterant;
3411 2982 3513 3038 sed
3540 2984 3651 3039 hoc
3680 3000 3817 3056 ege-

2171 3081 2328 3147 runt,
2362 3081 2425 3134 ut
2462 3076 2636 3133 totius
2671 3076 2870 3149 populi
2910 3076 3104 3144 corda,
3148 3076 3288 3131 dum
3320 3092 3427 3148 per
3464 3076 3692 3133 diversa
3729 3079 3819 3133 fu-

424 3181 564 3249 ﬁant
590 3177 688 3247 qui
709 3177 927 3245 faciunt
952 3191 1036 3238 ea,
1068 3178 1119 3230 et
1148 3190 1328 3230 omnes
1354 3175 1453 3244 qui
1475 3173 1753 3243 conﬁdunt
1776 3175 1837 3226 in
1862 3174 1957 3228 eis.
1988 3173 2070 3226 Ite
2090 3214 2146 3290 Ο
2173 3172 2358 3245 giunt,
2392 3169 2601 3227 Christi
2631 3188 2827 3226 amore
2864 3170 3262 3226 ﬂammentur.
3293 3171 3369 3225 At
3396 3187 3532 3227 vero
3565 3171 3666 3226 ubi
3695 3172 3822 3243 quis

439 3286 559 3290 ,,_i,_
598 3288 624 3290 Α
640 3270 854 3290 ____1:_1-
889 3268 1080 3290 2_:..-__
1111 3268 1342 3290 ____-:_‘I:
1371 3270 1555 3290 -.--ι....
1601 3283 1828 3290 ..-..__..
1861 3265 2066 3290 (‘L_:,.l:
2170 3265 2415 3290 ..-L:..--I:
2448 3265 2726 3290 ...ι-...ι-..ιη
2761 3263 3030 3290 ,12ηςιυιιηζιιι
3078 3281 3185 3290 νυ...
3214 3280 3486 3290 num---”
3520 3265 3813 3290 .....Ll:-.-_

428 3286 569 3342 ergo
597 3270 861 3325 nuntiate
887 3268 1086 3340 iniquo
1111 3268 1347 3339 prasidi
1371 3270 1581 3335 vestro,
1601 3283 1707 3322 nos
1726 3283 1832 3338 pro
1861 3265 2071 3321 Christi
2093 3263 2146 3290 υ
2170 3265 2419 3321 vehiculi
2446 3265 2729 3337 adparato
2758 3263 3054 3335 disposito,
3078 3281 3185 3335 per
3212 3280 3491 3336 aggerem
3520 3265 3819 3336 publicum

425 3364 667 3421 nomine
691 3365 892 3434 optare
922 3361 1093 3430 mori,
1119 3378 1295 3434 quam
1322 3361 1394 3416 ab
1422 3360 1546 3432 ejus
1564 3359 1858 3415 mandatis
1879 3360 2073 3414 absce-

429 3458 590 3525 dere,
614 3456 750 3529 quia
778 3456 850 3511 ab
875 3455 1012 3527 ipsis
1042 3454 1342 3510 cunabulis
1362 3453 1675 3510 Dominum
1693 3456 1721 3510 J
1727 3469 1889 3509 esum
1915 3451 2073 3508 Chri-

427 3555 584 3606 stum
622 3550 987 3606 conﬁtemur.
1018 3550 1092 3603 At
1131 3549 1214 3603 illi
1252 3548 1560 3604 redeuntes
1589 3546 1823 3619 praesidi
1852 3547 1941 3601 vel
1971 3561 2069 3601 eo-

429 3644 559 3701 miti
588 3644 915 3699 retulerunt
942 3641 1144 3698 omnia
1173 3658 1301 3714 qum
1332 3645 1497 3713 gesta
1522 3642 1772 3696 fuerant.

502 3735 696 3811 469
731 3739 887 3792 Tunc
926 3735 1217 3792 Dulcidius
1246 3752 1458 3807 praeses
1492 3751 1610 3790 una
1648 3749 1781 3788 cum
1819 3730 2072 3789 Sisinnio

428 3832 643 3889 comite
661 3831 830 3887 valde
850 3830 1149 3898 commoti,
1173 3830 1351 3885 talem
1372 3829 1659 3885 dederunt
1674 3826 1857 3899 impio
1873 3827 2075 3883 Diocli-

430 3928 592 3983 tiano
627 3925 1060 3998 suggestionem
1097 3941 1110 3980 :
1144 3922 1419 3990 Piissimi,
1461 3921 1757 3977 subvenite
1797 3921 2074 3977 Romanis

428 4020 677 4091 legibus,
707 4036 813 4091 pro
852 4018 1057 4090 quibus
1098 4017 1295 4074 victrix
1330 4016 1565 4071 dextera
1599 4018 1789 4072 vestra
1818 4014 2075 4071 hostium

431 4113 680 4169 cervices
737 4112 997 4182 inclinat,
1055 4114 1114 4167 et
1168 4111 1277 4167 diis
1325 4109 1839 4181 omnipotentibus,
1891 4108 1988 4180 qui
2041 4126 2075 4165 a

432 4205 770 4264 Christianis
806 4206 1278 4272 contemnuntur,
1303 4202 1607 4274 juvamina
1644 4202 1917 4274 praebete.
1958 4202 2073 4257 Ad-

431 4303 717 4356 venerunt
755 4300 912 4356 enim
952 4303 1071 4355 tres
1111 4296 1378 4369 germani
1422 4313 1489 4351 ex
1529 4296 1671 4351 urbe
1712 4297 1915 4364 Roma,
1958 4313 2073 4352 uno

434 4394 634 4452 animo
662 4395 890 4450 fortiter
908 4393 1279 4459 reluctantes,
1300 4392 1358 4445 et
1374 4389 1567 4445 nescio
1590 4406 1765 4462 quem
1784 4390 2076 4446 Christum

432 4491 794 4559 conﬁtentes,
811 4493 869 4544 et
889 4488 1334 4545 contemnentes
1352 4486 1583 4541 decreta
1603 4485 1833 4558 pietatis
1849 4488 2071 4540 vestrae.

2173 3358 2469 3432 graditur;
2498 3358 2614 3413 illic
2650 3375 2769 3413 non
2796 3359 2939 3429 fuga
2965 3356 3213 3413 dicenda
3239 3360 3343 3426 est,
3377 3359 3478 3413 sed
3504 3361 3818 3430 profectus.

2172 3453 2363 3510 Sancti
2384 3452 2543 3508 enim
2563 3451 2670 3506 viri
2696 3453 2805 3508 hoc
2826 3453 2997 3520 facto,
3021 3452 3179 3506 velut
3200 3452 3261 3506 in
3282 3451 3620 3525 triumphali
3643 3471 3814 3509 curru

2172 3547 2366 3620 positi,
2410 3546 2885 3602 contestabantur
2920 3546 3178 3600 dicentes
3212 3563 3226 3600 :
3254 3547 3419 3615 Ecce,
3460 3551 3817 3619 persecutor,

2173 3659 2302 3697 ecce
2328 3640 2765 3713 proﬁciscimur,
2792 3656 2922 3695 ecce
2952 3639 3352 3711 prmcedimus.
3378 3640 3531 3705 Quid
3559 3641 3820 3697 resides?

2174 3735 2314 3808 quid
2341 3734 2626 3790 moraris?
2652 3734 3005 3806 subsequere
3033 3736 3231 3789 nostra
3250 3733 3512 3806 vestigia.
3537 3737 3816 3791 Nolumus

2175 3829 2332 3885 enim
2367 3827 2547 3884 videri
2578 3828 2741 3883 inviti
2782 3826 2915 3883 duci
2951 3827 3027 3882 ad
3064 3844 3318 3900 poenam,
3352 3828 3449 3901 qui
3488 3829 3817 3901 praecedere

2174 3941 2280 3979 nos
2308 3923 2652 3995 proﬁtemur
2675 3921 2750 3977 ad
2780 3921 3050 3993 gloriam.

2244 4018 2399 4073 Tune
2431 4015 2713 4072 Sisinnius
2743 4014 2925 4071 comis
2959 4016 3079 4070 haec
3118 4014 3381 4084 audiens,
3406 4014 3579 4087 jussit
3612 4016 3818 4072 beatos

2174 4113 2458 4183 martyres
2487 4109 2933 4182 comprehendi;
2964 4108 3063 4181 qui
3096 4108 3277 4180 judex
3309 4109 3577 4164 hortatur
3605 4126 3725 4179 eos,
3758 4112 3823 4165 ut

2172 4205 2295 4261 Jovi
2322 4205 2493 4260 thura
2518 4204 2814 4260 offerrent.
2845 4201 3171 4257 Beatissimi
3198 4219 3332 4259 vero
3358 4203 3565 4258 famuli
3592 4203 3698 4258 Dei
3724 4221 3824 4258 ex-

2175 4301 2466 4354 secrantes
2494 4296 2763 4353 dixerunt
2787 4314 2847 4351 se
2874 4313 3198 4368 numquam
3227 4297 3533 4353 daemoniis
3557 4296 3824 4352 immola-

2174 4395 2353 4460 turos,
2379 4391 2481 4446 sed
2503 4390 2893 4463 omnipotenti
2911 4390 3155 4446 Domino
3183 4390 3281 4463 qui
3301 4390 3440 4445 fecit
3464 4392 3693 4458 caelum,
3714 4394 3824 4447 ter-

2174 4501 2321 4554 ram,
2360 4502 2523 4541 mare
2559 4488 2617 4539 et
2646 4483 2845 4540 omnia
2876 4500 3003 4555 quae
3042 4483 3101 4538 in
3139 4482 3220 4538 eis
3256 4487 3408 4538 sunt.
3441 4485 3589 4538 Nam
3626 4484 3824 4539 omnia

432 4585 596 4641 Unde
637 4584 776 4657 quid
805 4582 1066 4654 jussione
1100 4581 1290 4635 vestra
1330 4579 1714 4648 decreveritis,
1758 4578 2073 4634 decernite.
2096 4591 2156 4664 D
2178 4578 2353 4647 idola,
2377 4578 2491 4634 sive
2514 4578 2613 4651 qui
2631 4595 2699 4633 ea
2719 4578 2935 4647 colunt,
2959 4594 3090 4632 cum
3113 4576 3333 4632 eisdem
3354 4578 3523 4632 ibunt
3541 4578 3602 4632 in
3624 4578 3823 4649 ignem

432 4678 530 4733 His
556 4677 765 4733 auditis
787 4673 1259 4731 sceleratissimus
1285 4673 1656 4730 Dioclitianus
1675 4671 2078 4727 vehementius

434 4774 521 4827 est
546 4772 897 4835 commotus,
922 4771 982 4823 et
1004 4768 1157 4823 hanc
1178 4767 1339 4824 dedit
1362 4767 1793 4834 auctoritatem,
1821 4767 1886 4819 ut
1914 4765 1962 4819 si
1986 4782 2076 4820 sa-

433 4865 689 4921 criﬁcare
719 4860 1059 4930 noluissent,
1085 4861 1315 4934 capitali
1342 4860 1634 4917 sententia
1659 4860 2075 4931 plecterentur.

431 4960 692 5029 Cumque
713 4955 917 5027 iniqua
938 4940 1223 5011 sententia
1242 4953 1599 5028 pervenisset
1619 4952 1694 5007 ad
1710 4950 2078 5008 beatissimos

434 5053 739 5123 martyres,
771 5066 1009 5106 ascenso
1039 5050 1301 5105 vehiculo
1331 5064 1446 5102 una
1472 5063 1602 5101 cum
1630 5046 1953 5118 paedagogo
1975 5063 2077 5102 suo

433 5148 605 5201 Proto
647 5162 715 5200 ex
756 5144 896 5200 urbe
939 5143 1326 5216 Aquilegense
1368 5140 1583 5212 egressi
1621 5142 1775 5208 sunt,
1822 5139 2078 5196 divinam

435 5239 791 5312 Scripturam
833 5238 1116 5295 habentes
1157 5252 1276 5309 prae
1312 5234 1508 5304 oculis,
1553 5250 1682 5307 quas
1719 5233 1858 5289 dicit
1897 5250 1910 5289 :
1946 5233 2079 5289 Cum

423 5339 824 5406 persequentur
841 5350 932 5391 vos
954 5337 1013 5389 in
1040 5332 1261 5387 civitate
1287 5331 1415 5394 ista,
1435 5331 1615 5398 fugite
1634 5331 1693 5385 in
1714 5330 1902 5384 aliam.
1926 5329 2080 5383 Nun-

430 5428 609 5501 tiatur
637 5445 777 5500 ergo
810 5424 1186 5499 iniquissimis
1218 5423 1511 5495 judicibus
1541 5426 1771 5479 sanctos
1806 5422 1910 5477 Dei
1940 5438 2076 5493 pro-

432 5538 686 5593 perasse.
710 5523 862 5579 Tunc
892 5518 1178 5577 Sisinnius
1203 5517 1385 5574 comis
1410 5535 1527 5574 una
1553 5534 1685 5573 cum
1714 5514 2074 5589 spiculatori-

431 5614 538 5669 bus
570 5632 637 5671 ex
661 5618 951 5689 praecepto
985 5612 1317 5687 impiissimi
1349 5610 1675 5669 Dioclitiani
1709 5609 2077 5688 imperatoris

432 5708 817 5784 subsequitur.

506 5851 577 5922 (ᾳ)
607 5852 738 5922 Hinc
761 5851 930 5907 verba

444 5918 800 5991 Hybrosium
825 5925 883 5978 et
900 5918 1066 5995 apud
1074 5918 1478 5996 Augustinum.

2176 4675 2543 4746 perpetuum.
2556 4673 2711 4727 Tunc
2727 4671 2940 4743 impius
2958 4671 3242 4727 Sisinnius
3260 4671 3460 4739 comis,
3475 4672 3585 4726 hoc
3602 4671 3822 4741 audito,

2175 4766 2342 4821 valde
2382 4766 2560 4823 iratus
2605 4768 2711 4834 est,
2753 4767 2812 4820 et
2855 4764 3131 4837 praecepit
3175 4764 3635 4837 spiculatoribus,
3677 4769 3741 4820 ut
3777 4765 3823 4820 si

2175 4863 2202 4917 J
2208 4860 2297 4916 ovi
2318 4860 2491 4915 thura
2510 4876 2629 4915 non
2653 4858 2950 4927 offerrent,
2975 4858 3168 4930 capita
3186 4860 3596 4931 plecterentur.
3614 4859 3830 4914 Beatis-

2177 4949 2308 5005 simi
2338 4965 2474 5005 vero
2506 4951 2791 5020 martyres
2822 4947 3089 5003 Cantiani
3118 4965 3236 5003 una
3261 4965 3394 5003 cum
3424 4950 3597 5003 Proto
3626 4948 3821 5021 paeda-

2176 5060 2330 5116 gogo
2363 5060 2464 5098 suo
2496 5042 2816 5115 gaudentes
2842 5044 2900 5097 et
2926 5043 3238 5114 psallentes
3265 5041 3627 5097 ducebantur
3653 5059 3686 5097 a
3713 5042 3822 5113 spi-

2178 5137 2546 5194 culatoribus.
2569 5137 2724 5190 Tunc
2745 5135 2903 5191 beati
2923 5136 3129 5191 famuli
3150 5135 3249 5191 Dei
3272 5135 3536 5207 expansis
3551 5135 3819 5191 manibus

2178 5231 2252 5287 ad
2286 5232 2487 5286 caelum
2518 5228 2842 5285 orationem
2871 5229 3149 5285 fuderunt
3182 5229 3256 5284 ad
3286 5228 3602 5285 Dominum
3629 5229 3822 5285 dicen-

2176 5327 2297 5381 tes:
2320 5323 2562 5381 Domine
2581 5324 2714 5379 Jesu
2734 5322 2976 5392 Christe,
3001 5323 3100 5395 qui
3116 5323 3621 5395 perseverantibus
3642 5322 3701 5378 in
3722 5326 3821 5379 tuo

2178 5417 2418 5474 nomine
2452 5421 2511 5473 te
2553 5420 2779 5489 patrem
2813 5420 2871 5471 et
2909 5420 3163 5473 matrem
3206 5416 3395 5472 dixisti
3436 5433 3581 5485 esse,
3620 5420 3679 5471 et
3717 5433 3823 5489 pro

2176 5511 2592 5587 temporalibus
2629 5512 2845 5580 futura,
2883 5514 2942 5566 et
2980 5528 3084 5583 pro
3124 5510 3392 5583 perituris
3430 5513 3734 5583 perpetua,
3766 5514 3827 5565 et

2177 5624 2282 5682 pro
2297 5606 2508 5662 divitiis
2524 5603 2770 5661 terrenis
2787 5604 3182 5678 incorruptam
3195 5604 3374 5660 vitam
3388 5607 3672 5659 zeternam
3690 5620 3827 5659 cum

2177 5701 2451 5758 felicitate
2494 5699 2632 5755 dare
2673 5698 2989 5772 promisisti
3029 5714 3044 5756 :
3075 5702 3133 5755 te
3160 5699 3553 5768 obsecramus,
3584 5699 3832 5754 Amator

1107 5867 1139 5908 e
1173 5852 1245 5908 ad
1279 5852 1613 5923 sequentem
1647 5850 1972 5921 sectionem,
2005 5844 2202 5923 paucis
2239 5842 2661 5921 praetermissis,
2691 5844 2966 5916 leguntur
3007 5844 3069 5900 in
3104 5843 3332 5918 vulgato
3374 5856 3636 5900 sermone
3671 5840 3829 5915 apud
