4006 6228
160 376 243 428 441
769 374 854 425 AD
893 371 1380 426 PRASCEDENTIA
1419 373 1751 428 LITURGIAL‘
1790 373 2202 428 MONUMENTA
2240 372 2576 428 APPENDIX
2617 375 2898 430 ALTERA.

3430 382 3532 436 442

156 497 303 554 pura:
318 478 704 546 conscientiae,
725 483 792 534 ut
805 479 1070 550 respicias
1086 480 1155 534 de
1176 479 1501 536 summitate
1517 482 1786 537 caelorum
1806 493 1867 566 Α
1886 481 2068 552 ligens
2096 481 2549 537 beatissimorum
2570 488 2888 553 martyrum
2913 499 3168 556 corpora,
3198 487 3445 544 condivit
3465 506 3531 544 ea

157 576 216 630 ad
244 575 388 628 hanc
415 573 641 642 horam,
671 576 737 628 ut
763 573 1032 645 suscipias
1057 574 1276 629 animas
1296 579 1516 630 nostras
1538 575 1598 630 in
1626 593 1784 649 pace,

159 675 204 724 et
231 669 374 722 inter
403 671 629 722 sanctos
654 667 873 722 Electos
899 672 1028 722 tuos
1056 668 1336 723 conlocari
1370 669 1685 740 praecipias,
1725 676 1789 727 ut

157 764 482 834 cognoscant
509 777 708 815 omnes
745 761 878 831 quia
902 766 964 816 tu
991 777 1050 815 es
1088 763 1234 817 Deus
1271 761 1422 816 solus
1462 767 1519 816 et
1551 763 1783 819 benedi-

156 862 266 910 ctus
290 855 347 909 in
371 855 603 909 saecula.
634 855 700 909 Et
725 871 855 908 cum
895 855 1271 926 complessent
1306 854 1638 925 orationem,
1679 873 1784 927 po-

155 954 338 1004 nentes
384 964 575 1019 genua
619 953 988 1020 susceperunt
1038 949 1311 1020 gladium,
1355 953 1412 1004 et
1450 954 1789 1020 acceperunt

155 1060 369 1098 coronas
394 1041 812 1113 sempiternas:
858 1047 915 1098 et
959 1059 1085 1098 ecce
1126 1042 1360 1114 sanguis
1399 1059 1596 1098 eorum
1637 1047 1784 1099 tam-

153 1153 309 1208 quam
334 1137 416 1190 lac
442 1135 710 1190 omnibus
735 1136 1059 1192 videntibus
1085 1137 1367 1208 apparuit.

214 1232 327 1294 Quo
355 1234 617 1302 tempore
659 1230 994 1286 venerabilis
1017 1230 1104 1285 vir
1130 1231 1326 1288 Zoelus
1354 1231 1651 1303 presbyter
1678 1233 1787 1287 col-

1889 576 2237 632 aromatibus
2276 575 2558 646 pretiosis,
2595 582 2652 632 et
2676 577 2736 632 in
2759 577 2943 632 loculo
2969 580 3297 636 conlocavit.
3343 583 3449 647 Qui
3475 588 3532 639 et

1886 669 2007 740 ipse
2033 674 2256 724 sanctus
2282 669 2480 725 Zoelus
2504 674 2633 741 post
2657 671 3011 743 aliquantum
3043 678 3268 745 tempus
3298 693 3528 749 suscep-

1887 763 2055 817 tionis
2092 779 2207 817 sua:
2253 763 2359 818 hoc
2395 764 2592 821 ordine
2630 765 2880 836 perrexit
2915 767 2985 821 ad
3028 767 3348 824 Dominum.
3378 771 3529 826 Passi

1887 861 2019 911 sunt
2046 861 2238 912 autem
2264 857 2566 912 beatissimi
2584 864 2864 930 martyres
2879 861 3128 931 Cautius,
3149 863 3454 919 Cantianus
3475 870 3532 920 et

1886 949 2262 1017 Cantianella,
2313 952 2497 1022 pridie
2542 954 2658 1008 Kal.
2701 954 2922 1024 lunias,
2976 961 3249 1026 regnante
3290 958 3527 1014 Domino

1887 1048 2080 1098 nostro
2127 1046 2255 1099 Jesu
2301 1044 2542 1114 Christo,
2589 1046 2679 1100 cui
2716 1052 2798 1102 est
2841 1048 3036 1119 gloria,
3083 1050 3265 1106 honor
3316 1055 3373 1107 et
3420 1069 3523 1122 po-

1887 1142 2056 1194 testas
2083 1138 2144 1192 in
2171 1139 2374 1194 saecula
2393 1139 2752 1207 saeculorum,
2779 1157 2967 1197 amen.

909 1589 1859 1707 APPENDIX
1973 1593 2776 1710 ALTERA.

147 1801 256 1900 In
362 1829 562 1931 quo
678 1801 1195 1903 variantes
1295 1805 1842 1934 scriptura;
1943 1835 2271 1904 sacra:
2375 1806 2846 1906 lectiones
2947 1808 3523 1940 praecipuc‘e

711 1977 839 2044 eae
927 1943 1558 2045 Lectionario
1657 1942 2187 2046 Gallicana
2287 1946 2928 2049 exhibentur.

210 2267 385 2340 471
414 2266 696 2332 Quoniam
715 2282 1060 2338 magnopere
1075 2266 1461 2324 interestscire
1480 2267 1774 2340 antiquam
1794 2281 1851 2354 B
1875 2271 2019 2339 ﬁlias
2036 2270 2332 2338 pharetra,
2364 2269 2572 2340 Graece,
2603 2279 2722 2335 ἰοὺς.
2753 2271 3026 2341 Lection.,
3053 2271 3275 2342 phialas
3313 2273 3519 2342 phare-

149 2362 437 2433 Scripturee
464 2378 642 2416 sacra:
667 2361 1006 2431 versionem,
1039 2377 1153 2432 qua
1180 2361 1384 2433 primis
1419 2363 1774 2434 temporibus

147 2472 232 2510 usa
249 2459 328 2510 est
353 2455 642 2510 Gallicana
666 2455 920 2521 ecclesia,
953 2454 1078 2510 ideo
1106 2455 1197 2510 hic
1236 2455 1339 2510 sub
1373 2472 1489 2510 uno
1533 2473 1771 2529 conspe-

148 2555 230 2603 ctu
256 2549 539 2604 variantes
564 2549 896 2605 Lectionarii
922 2549 1299 2621 antiquissimi
1323 2550 1592 2606 lectiones
1630 2550 1770 2606 insi-

148 2643 356 2714 gniores
380 2644 598 2698 referre
626 2644 810 2698 visum
836 2649 920 2698 est
945 2661 1133 2715 opera:
1158 2645 1430 2716 pretium,
1480 2650 1546 2700 ut
1579 2662 1649 2700 ex
1684 2646 1772 2700 his

144 2737 237 2790 viri
262 2738 410 2791 docti
435 2754 601 2792 suam
627 2737 696 2792 de
725 2737 819 2792 illa
846 2738 1105 2793 versione
1150 2739 1484 2794 sententiam
1526 2743 1771 2795 statuere

144 2833 362 2903 possint.

206 2929 268 2981 Et
299 2926 486 2998 primo
529 2926 761 2998 quidem
811 2925 1126 2998 generatim
1169 2925 1584 2983 observandum
1619 2927 1767 2983 anti-

144 3037 302 3093 quam
328 3021 486 3077 illam
505 3021 828 3076 versionem
846 3020 1098 3092 Vulgata:
1123 3023 1331 3076 nostra),
1359 3021 1570 3093 passim
1594 3021 1773 3078 inhae-

145 3128 276 3185 rere,
305 3120 360 3170 et
381 3115 685 3187 plerasque
716 3114 985 3170 lectiones
1028 3114 1307 3171 variantes
1345 3116 1537 3186 potius
1581 3133 1650 3172 ex
1695 3117 1767 3171 li-

142 3207 448 3264 brariorum
475 3209 644 3281 genio
663 3209 750 3265 vel
774 3225 986 3278 errore,
1017 3225 1188 3280 quam
1215 3226 1286 3264 ex
1301 3209 1569 3265 versionis
1593 3210 1770 3281 ipsius

142 3302 503 3374 discrepantia
548 3302 900 3376 repetendas.
948 3302 1160 3358 Deinde
1185 3303 1284 3358 ubi
1321 3303 1501 3358 versio
1537 3303 1768 3376 antiqua

143 3395 317 3451 differt
359 3415 391 3450 a
435 3400 629 3451 nostra
680 3397 939 3467 Vulgata,
988 3412 1113 3451 eam
1153 3397 1380 3468 saepius,
1436 3414 1552 3452 non
1577 3401 1767 3454 tamen

143 3493 422 3561 perpetuo,
473 3507 607 3545 cum
657 3489 914 3545 versione
965 3490 1155 3544 Graeca
1206 3491 1526 3546 convenire.
1581 3492 1767 3547 Tertio

144 3582 431 3654 Scriptura:
471 3583 666 3650 libros,
699 3600 768 3638 ex
819 3583 1025 3654 quibus
1067 3583 1331 3639 lectiones
1374 3585 1436 3639 in
1474 3584 1763 3640 Lectiona-

143 3676 281 3731 rium
309 3682 568 3733 nostrum
587 3681 831 3750 acceptae
859 3681 1009 3745 sunt,
1031 3677 1132 3732 hos
1150 3678 1383 3733 omnino
1403 3693 1542 3748 esse,
1562 3695 1766 3750 nempe
1787 3650 1842 3724 (λ

143 3770 404 3843 Genesim,
445 3773 726 3840 Exodum,
765 3773 951 3842 Josue,
991 3771 1244 3842 Tobiam,
1289 3771 1502 3843 Judith,
1545 3773 1762 3843 Esther,

145 3880 326 3920 omnes
366 3867 693 3938 prophetas,
747 3865 996 3936 majores
1044 3882 1108 3920 ac
1152 3865 1421 3936 minores,
1469 3882 1538 3920 ex
1580 3866 1766 3922 Veteri

143 3957 518 4030 Testamento;
567 3977 637 4016 ex
684 3961 833 4014 Novo
886 3962 1097 4029 autem,
1155 3965 1398 4032 quatuor
1441 3960 1764 4032 Evangelia,

142 4053 295 4106 Actus
330 4055 735 4126 apostolorum,
784 4069 979 4109 omnes
1020 4053 1179 4108 Pauli
1218 4053 1512 4126 Epistolas,
1559 4058 1766 4126 praeter

143 4158 300 4201 unam
322 4149 390 4204 ad
418 4147 825 4220 Philippenses,
855 4162 1053 4202 omnes
1077 4147 1408 4218 Catholicas,
1454 4151 1512 4202 et
1545 4149 1762 4219 Apoca-

141 4235 327 4309 lypsin.
361 4242 627 4314 Singulos
655 4258 725 4296 ex
753 4241 948 4296 ordine
971 4256 1390 4312 percurramus.

513 4341 580 4394 IN
618 4340 866 4394 VETERI
904 4339 1368 4394 TESTAMENTO.

204 4425 392 4484 Gsxss.
426 4444 520 4498 γη,
555 4431 639 4492 16,
669 4427 765 4482 ubi
794 4428 1005 4498 legitur
1031 4427 1090 4482 in
1116 4429 1370 4499 Vulgata,
1404 4431 1622 4485 inclusit
1645 4446 1766 4486 eum

142 4518 377 4576 Dominus
407 4523 633 4590 deforis,
655 4521 812 4577 addit
829 4520 1244 4576 Lectionarium
1265 4523 1468 4590 deforis
1480 4525 1536 4578 in
1556 4540 1761 4586 arcam,

142 4614 277 4678 quod
320 4616 523 4671 melius
565 4617 754 4672 Graeco
803 4615 986 4670 textui
1021 4615 1343 4687 respondet,
1370 4624 1451 4671 καὶ
1474 4624 1657 4672 ἔκλεισε
1681 4625 1763 4681 τήν

142 4704 329 4754 κιϐωτὸν
349 4709 517 4765 ἔξωθεν
547 4706 695 4757 αὐτοῦ
705 4744 716 4756 .

203 4791 361 4850 losca
402 4812 476 4864 1v,
533 4799 616 4862 l9,
666 4796 866 4850 decimo
903 4795 990 4849 die
1030 4796 1227 4850 mensis
1259 4797 1450 4864 primi,
1483 4795 1764 4850 Lectiona-

143 4882 277 4938 rium
313 4888 482 4944 habet
531 4890 732 4944 decimo
772 4904 971 4952 mense,
1014 4891 1200 4959 prima
1244 4890 1331 4945 die
1379 4891 1595 4946 mensis.
1640 4889 1764 4944 LXX

147 4975 377 5050 Vulgatae
404 4983 616 5038 favent.

209 5072 353 5131 15.11.13
383 5093 526 5144 xxvi,
571 5079 623 5146 6,
651 5092 770 5146 pes,
803 5077 969 5147 pedes
990 5078 1272 5147 pauperis.
1320 5074 1589 5143 Lection.,
1635 5073 1762 5128 abs-

148 5178 242 5232 que
275 5170 670 5240 geminatione,
696 5186 795 5240 pes
824 5172 1108 5241 pauperis.
1160 5170 1304 5240 LXX,
1348 5176 1506 5235 πόδες,
1565 5168 1760 5224 semel.

149 5255 292 5328 lbid.,
324 5280 468 5320 vers.
512 5266 596 5334 18,
637 5269 688 5319 et
723 5267 1036 5334 peperimus
1072 5266 1371 5334 spiritum:
1419 5264 1620 5318 salutes
1658 5279 1766 5318 non

147 5352 369 5428 ft’cimus,
398 5361 457 5413 in
484 5364 650 5413 terra.
679 5359 928 5414 Lection.
979 5374 1128 5428 vero,
1177 5357 1300 5412 sine
1347 5357 1762 5428 dispunctione,

149 5448 375 5513 SI’iv‘itum
402 5455 596 5509 salutis
621 5469 727 5508 non
777 5455 1006 5521 fecimus
1046 5455 1104 5506 in
1160 5457 1325 5510 terra.
1375 5451 1532 5518 LXX,
1579 5455 1767 5521 πνεῦμα

150 5551 359 5613 σωτηρίας
383 5569 474 5602 σου
503 5553 814 5617 ἐποιησαμιν.
864 5545 1169 5618 Complut.,
1202 5552 1228 5600 ὃ
1252 5551 1481 5610 ἐποίησας
1507 5576 1576 5585 —
1627 5546 1761 5616 Cap.

152 5643 232 5700 ιιι,
261 5639 339 5707 14,
369 5641 445 5695 sic
473 5641 740 5708 inglorius
770 5643 893 5696 erit.
924 5639 1193 5710 Lection.,
1234 5642 1311 5696 sic
1336 5641 1623 5710 gloriosior
1640 5641 1762 5695 erit.

153 5718 277 5795 LXX,
303 5747 430 5788 cum
455 5733 716 5805 Vulgata,
744 5740 988 5800 ἀδοξήσει-

214 5819 392 5900 472
417 5827 612 5884 lauru.
637 5844 733 5896 x11,
768 5832 820 5895 7,
845 5830 904 5883 in
922 5845 1090 5884 manu
1115 5830 1456 5885 inimicorum
1485 5827 1624 5897 ejus.
1643 5826 1765 5882 LXX

158 5916 297 5981 “Mc.
323 5919 591 5994 Lection.,
609 5924 952 5981 inimicorum
969 5939 1227 5982 meorum.
1250 5956 1318 5966 —
1336 5923 1544 5980 Thren.
1567 5938 1649 5995 in,
1676 5924 1762 5993 13,

1784 5027 1844 5100 D

1875 2369 1990 2429 trw,
2015 2363 2159 2418 forte
2187 2363 2474 2419 mendose.

1945 2458 2145 2512 Ezacn.
2202 2473 2351 2524 1.11111,
2406 2460 2495 2525 20,
2555 2463 2606 2513 et
2658 2473 2823 2527 super
2869 2473 3121 2513 coronam
3164 2461 3223 2513 in
3265 2461 3516 2524 circuitu,

1872 2551 2080 2618 Grece,
2120 2561 2277 2622 βασιν.
2323 2551 2594 2617 Lection.,
2632 2556 2682 2606 et
2728 2567 2892 2621 super
2922 2568 3126 2607 cornua
3165 2554 3224 2606 in
3262 2555 3513 2609 circuitu.

1871 2674 1940 2685 --—
1967 2644 2100 2716 Cap.
2129 2661 2274 2713 xuv,
2312 2649 2365 2713 3,
2397 2646 2451 2713 4,
2481 2646 2804 2713 egredietur.
2840 2647 2909 2700 Et
2961 2647 3207 2702 addua'it
3239 2663 3342 2711 me,
3386 2664 3518 2702 cum

1872 2739 2016 2793 LXX.
2058 2739 2327 2807 Lection.,
2371 2740 2698 2807 egredietur.
2733 2740 2823 2794 Sic
2865 2741 3004 2795 sicut
3043 2745 3120 2794 est
3159 2742 3368 2805 clausa,
3405 2743 3518 2797 Rea:

1773 2857 1776 2862 -
1874 2834 2129 2887 transivit
2147 2848 2250 2902 per
2279 2849 2415 2888 eam.
2443 2836 2513 2888 Et
2537 2833 2777 2887 adducit
2804 2849 2906 2887 me.

1942 2927 2151 2980 DANIEL
2189 2942 2270 2987 111,
2322 2930 2372 2988 1,
2416 2927 2908 2984 Nabuchodonosor
2950 2943 3048 2982 rem
3064 2929 3214 2995 fecit.
3242 2927 3514 2997 Lection.,

1871 3035 2003 3073 cum
2045 3020 2190 3088 LXX,
2239 3035 2383 3074 anno
2417 3024 2602 3074 octavo
2648 3021 2849 3075 decimo
2890 3021 3380 3077 Nabuchodonosor
3419 3037 3518 3076 rem

1868 3115 2016 3180 fecit.
2053 3111 2216 3182 lbid.,
2248 3128 2392 3168 vers.
2418 3116 2470 3179 6,
2509 3116 2594 3179 15,
2622 3115 2710 3182 20,
2751 3117 3028 3181 fornacem
3067 3116 3211 3181 ignis
3247 3115 3516 3178 ardentis,

1869 3206 2139 3276 Lection.,
2177 3223 2309 3260 cum
2348 3206 2493 3276 LXX,
2523 3205 2737 3278 ubique
2779 3207 2952 3262 habet
2991 3208 3292 3262 ardentem.
3351 3207 3513 3274 lbid.,

1867 3316 2012 3355 vers.
2054 3301 2143 3367 94,
2182 3301 2475 3357 Sarabala.
2522 3300 2794 3368 Lection.,
2847 3317 2977 3356 cum
3024 3301 3171 3370 LXX,
3222 3302 3512 3356 sarabara.

1866 3393 2030 3463 lbid.,
2075 3409 2220 3449 vers.
2267 3397 2355 3462 96,
2388 3397 2628 3465 positum
2671 3401 2750 3450 est
2780 3396 2876 3450 hoc
2905 3396 3195 3451 decretum.
3234 3395 3512 3466 Lection.,

1867 3503 1998 3541 cum
2021 3487 2167 3554 LXX,
2204 3490 2543 3558 prepositum
2567 3489 2962 3544 estdecretum.
3016 3489 3179 3556 lbid.,
3223 3505 3370 3544 vers.
3420 3493 3511 3558 97,

1867 3583 1956 3644 98,
1986 3583 2043 3635 in
2062 3583 2349 3650 provincia
2369 3582 2682 3649 Babylonis.
2705 3583 3216 3639 Nabuchodonosor.
3236 3583 3512 3650 Lection.,

1866 3677 1926 3729 in
1945 3677 2290 3744 provinciam
2315 3676 2635 3744 Babylonis,
2665 3680 2716 3730 et
2733 3677 2953 3746 scripsit
2979 3676 3273 3745 epistulam
3299 3679 3376 3730 sic
3393 3693 3516 3731 con-

1867 3770 2140 3823 tinentem.
2178 3768 2685 3836 Nabuchodonosor,
2711 3785 2840 3840 quae
2881 3769 3050 3823 verba
3093 3767 3266 3822 etiam
3309 3769 3516 3824 desunt

1865 3861 2016 3932 apud
2041 3861 2186 3916 LXX.
2218 3891 2286 3901 --
2307 3860 2441 3932 Cap.
2475 3877 2548 3929 1x,
2581 3861 2668 3929 14,
2699 3865 2751 3916 et
2776 3862 3029 3929 vigilavit
3052 3863 3315 3917 Dominus
3351 3877 3514 3932 super

1864 3955 2152 4010 malitiam.
2186 3955 2352 4010 Deest
2369 3970 2534 4024 super
2558 3956 2828 4009 malitiam
2858 3954 2919 4008 in
2943 3954 3316 4010 Lectionario.
3346 3955 3510 4026 lbid.,

1865 4064 2009 4103 vers.
2063 4051 2155 4118 25,
2205 4049 2336 4103 scito
2381 4064 2504 4116 ergo
2545 4053 2597 4102 et
2632 4049 3024 4104 animadverte.
3069 4048 3322 4105 Lection.
3368 4049 3513 4106 Scito

1866 4157 2009 4210 ergo,
2038 4147 2089 4196 et
2109 4143 2312 4212 planta
2337 4158 2544 4206 aurem,
2574 4146 2625 4197 et
2655 4142 3048 4198 animadverte.

1935 4237 2078 4291 Osca
2104 4253 2178 4299 1v,
2206 4240 2290 4300 17,
2319 4237 2529 4291 dimitte
2558 4252 2698 4292 eum.
2723 4236 2992 4306 Lection.,
3023 4238 3258 4293 dimittet
3283 4253 3420 4293 eum.
3445 4217 3544 4279 -’

1864 4330 1996 4401 Cap.
2025 4346 2102 4398 Vl,
2125 4334 2178 4400 6,
2208 4335 2257 4386 et
2284 4346 2392 4385 non
2411 4333 2756 4401 sacriﬁcium,
2777 4347 2907 4386 cum
2936 4331 3060 4386 LXX
3085 4331 3332 4388 Lection.
3356 4348 3510 4402 vero,

1865 4428 1916 4478 et
1943 4439 2050 4478 non
2066 4425 2367 4493 judicium.

1934 4519 2067 4572 JOEL
2094 4534 2132 4586 1,
2166 4521 2252 4586 13,
2288 4518 2496 4572 libatio.
2528 4517 2800 4585 Lection.,
2823 4518 3043 4571 oblatio.
3067 4547 3135 4556 ——
3161 4517 3294 4587 Cap.
3327 4534 3386 4586 11,
3417 4521 3506 4587 23,

1864 4612 2158 4666 serotinum
2202 4612 2342 4664 sicut
2381 4613 2442 4664 in
2483 4613 2777 4680 principio.
2829 4611 2944 4664 Vox
3000 4611 3140 4664 sicut
3185 4610 3340 4664 deest
3389 4627 3509 4665 non

1863 4705 2036 4760 semel
2062 4704 2121 4758 in
2149 4703 2515 4760 Lectionario.
2547 4703 2709 4772 lbid.,
2737 4719 2883 4758 vers.
2911 4706 3003 4772 28,
3036 4705 3290 4773 spiritum
3310 4720 3506 4760 meum.

1863 4798 2135 4865 Lection.,
2164 4798 2228 4852 de
2255 4799 2457 4867 spiritu
2481 4813 2615 4864 meo,
2645 4813 2776 4852 cum
2802 4797 2948 4866 LXX,
2974 4801 3031 4853 et
3059 4796 3137 4852 sic
3162 4797 3303 4869 legit
3331 4798 3506 4854 Lucas

1863 4895 1983 4947 Act.
2012 4909 2074 4959 11,
2105 4893 2193 4946 47.

1938 4988 2092 5040 Amos
2122 5001 2241 5053 v111,
2275 4989 2326 5055 5,
2369 4985 2590 5055 quando
2634 4986 2891 5040 transibit
2927 4987 3146 5056 mensis,
3187 5002 3318 5041 cum
3362 4987 3510 5042 LXX.

1866 5079 2142 5148 Lection.,
2169 5081 2376 5147 messis,
2403 5079 2549 5134 forte
2577 5079 2869 5135 mendose.
3143 5151 3145 5154 g

1935 5173 2180 5230 MALACH.
2238 5190 2320 5244 111,
2368 5176 2420 5242 3,
2469 5174 2670 5228 colabit
2712 5189 2819 5228 eos.
2857 5173 3130 5245 Lection.,
3173 5190 3304 5229 cum
3360 5173 3508 5242 LXX,

1864 5267 2117 5335 conflabit
2146 5282 2251 5336 eos,
2307 5266 2532 5322 rectius.
2586 5267 2746 5337 lbid.,
2795 5283 2939 5322 vers.
2983 5270 3036 5337 8,
3082 5269 3398 5338 conﬁximus
3437 5271 3507 5335 te,

1863 5377 1995 5415 cum
2021 5361 2166 5430 LXX,
2197 5376 2299 5431 pro
2328 5363 2643 5430 conﬁgimus
2695 5366 2762 5428 te,
2807 5360 2957 5431 quod
3011 5363 3093 5415 est
3137 5360 3198 5414 in
3244 5358 3504 5428 Vulgata.

1865 5454 2028 5525 lbid.,
2061 5470 2203 5509 vers.
2252 5458 2335 5521 17,
2364 5460 2520 5509 erunt
2544 5456 2696 5510 mihi.
2728 5455 3000 5525 Lection.,
3035 5458 3194 5509 erunt
3223 5454 3357 5507 mihi
3386 5469 3508 5509 oves

1862 5565 2010 5605 meae.
2040 5580 2108 5589 —
2140 5549 2279 5620 Cap.
2312 5564 2386 5614 rv,
2430 5552 2481 5612 1,
2520 5550 2746 5618 stipula.
2785 5550 3057 5620 Lection.,
3102 5549 3243 5603 sicut
3276 5549 3504 5618 stipula.

1866 5645 2034 5698 Deest
2059 5646 2254 5698 tamen
2280 5642 2402 5698 haec
2426 5642 2699 5714 particula
2722 5642 2873 5714 apud
2910 5643 3056 5714 LXX,
3082 5641 3214 5698 licet
3225 5641 3498 5698 subintel-

1863 5735 2097 5808 ligatur.

2290 5830 2359 5886 ΙΝ
2397 5829 2578 5885 ΝΟνο
2616 5827 3080 5884 TESTAMENTO.

1939 5924 2149 5982 Mum.
2181 5940 2256 5996 v1,
2297 5927 2380 5995 11,
2410 5921 3006 5995 supersubstantialem.
3046 5918 3319 5985 Lection.,
3365 5921 3505 5979 Coti-
