4006 6228
565 342 660 395 431

1351 338 1685 395 APPENDIX
1724 337 1811 393 AD
1850 337 2074 393 OPERA
2110 322 2345 394 SANCTl
2381 336 2681 393 GERMANI
2719 334 3149 394 PARISIENSIS.

3827 336 3913 391 432

564 451 845 520 decorato,
876 450 934 504 et
956 447 1265 521 pontiﬁcali
1299 447 1483 501 ofﬁcio
1511 452 1795 517 coronato,
1834 447 2067 503 Bibiano
2103 464 2196 503 or-
2218 458 2279 532 Α
2297 448 2554 519 pleverit.
2584 449 2746 520 Apud
2773 464 2876 503 nos
2902 448 3094 519 itaque
3119 463 3187 501 ex
3217 444 3339 517 ejus
3362 442 3739 501 sollemnitate
3759 445 3915 501 absti-

562 544 794 615 todoxo,
823 543 1136 615 Agustinus
1158 543 1258 597 Dei
1298 557 1589 596 servorum
1633 558 1846 611 servus,
1868 541 1930 596 in
1960 541 2198 598 Domino

561 639 823 693 salutem.
866 637 1098 692 Litteras
1138 636 1482 707 apostolatus
1518 634 1705 704 vestri,
1742 635 2030 690 carissimo
2081 636 2198 691 filio

558 735 754 786 nostro
777 730 1016 800 Trojano
1043 733 1229 784 vestro
1256 728 1490 783 diacono
1519 729 1824 796 deferente,
1854 729 2038 783 adnos
2065 745 2196 801 per-

557 825 776 881 venisse
822 822 1157 894 comperite;
1212 824 1269 878 et
1320 823 1458 877 dum
1507 823 1743 893 sospitas
1796 826 1982 878 vestra
2033 824 2199 878 nobis

558 917 756 973 fuisset
779 916 1078 972 certiiicata
1105 930 1212 987 per
1227 916 1522 987 paginam,
1550 916 1829 972 immensa
1848 916 2198 973 reddidimus

558 1012 673 1066 Deo
720 1009 899 1065 laudis
942 1009 1243 1080 praeconia.
1290 1011 1357 1064 Et
1399 1009 1655 1081 quamvis
1707 1010 1883 1065 simus
1938 1011 2197 1067 absentes

558 1120 811 1176 corpore,
843 1108 1151 1174 praesentes
1180 1106 1371 1159 tamen
1399 1103 1667 1175 ﬂorigera
1697 1104 1945 1174 caritate,
1976 1107 2193 1161 exhila-

554 1198 665 1253 rati
693 1213 890 1252 sumus
924 1197 1083 1252 valde
1122 1215 1228 1269 pro
1269 1198 1576 1253 sanctitatis
1616 1214 1869 1268 rumore,
1913 1203 1969 1254 et
2008 1201 2194 1255 excel-

554 1293 704 1348 lente
748 1290 996 1345 culmine
1026 1290 1327 1346 sacerdotii
1354 1291 1542 1362 vestri,
1586 1291 1688 1363 qui
1720 1292 1888 1363 longe
1926 1293 2105 1348 radiat
2134 1294 2194 1347 in

554 1385 711 1456 orbe,
739 1402 855 1440 non
880 1386 1066 1440 solum
1093 1384 1409 1440 Occidentis
1436 1389 1492 1440 et
1529 1385 1740 1452 Galliae,
1784 1402 1981 1440 verum
2020 1386 2194 1441 etiam

554 1478 800 1533 Orientis
829 1483 885 1533 et
910 1478 1146 1548 Affricae,
1178 1479 1517 1534 meritorum
1559 1478 1774 1534 lumine
1803 1485 2190 1551 percurrente.

552 1573 791 1627 Oramus
817 1575 1009 1626 autem
1038 1573 1236 1643 Deum,
1280 1576 1344 1628 ut
1368 1573 1583 1628 bonum
1621 1590 1762 1644 opus
1797 1573 1857 1628 in
1898 1573 2056 1628 vobis
2095 1573 2194 1645 qui

553 1666 740 1737 coepit,
785 1666 907 1737 ipse
953 1671 1133 1738 coepta
1183 1665 1473 1738 perficiat;
1519 1666 1801 1738 simulque
1854 1667 2013 1722 vobis
2062 1684 2195 1740 sup-

548 1760 774 1832 pliciter
814 1760 1080 1831 petimus,
1128 1765 1194 1814 ut
1233 1760 1495 1831 precibus
1535 1760 1734 1816 vestris
1773 1761 1954 1831 adjuti
1980 1777 2194 1816 merea-

2296 541 2492 597 nentia
2517 559 2549 595 a
2573 542 2838 597 carnibus
2862 542 2949 597 vel
2975 539 3261 612 conjugali
3296 540 3495 611 copula
3521 539 3651 594 ﬁliis
3678 539 3915 595 Ecclesia:

2297 635 2595 705 indicatur,
2623 638 2689 691 ut
2716 636 2788 690 ad
2817 635 3169 690 Nativitatem
3219 633 3440 689 Domini
3484 633 3734 689 securius
3778 650 3915 689 com-

2298 729 2611 784 municent.
2640 729 2866 784 Rectius
2887 734 3078 784 autem
3094 728 3201 783 hoc
3219 744 3360 799 opus
3379 727 3440 782 in
3465 728 3643 782 sancti
3668 728 3918 783 Johannis

2299 822 2663 895 conceptione
2708 822 3066 877 instituitur:
3115 821 3251 893 quia
3302 820 3421 892 ipse
3473 820 3759 893 praecessit
3806 826 3919 877 ante

2299 916 2623 987 Dominum,
2648 921 2704 972 et
2727 932 2833 988 per
2856 915 3209 988 praeconium
3227 914 3438 987 angeli,
3461 918 3515 969 et
3538 931 3644 986 per
3659 914 3701 970 si
3710 914 3917 986 gniﬁca-

2295 1010 2464 1064 tionis
2494 1014 2833 1079 contactum,
2866 1010 3005 1065 dum
3036 1008 3309 1063 Dominus
3344 1009 3414 1063 de
3451 1008 3705 1080 Virgine,
3743 1026 3919 1064 servus

2292 1119 2426 1158 vero
2462 1108 2790 1159 nasceretur
2826 1119 2893 1158 ex
2928 1104 3120 1158 vetula
3157 1107 3214 1157 et
3252 1101 3438 1157 sterile
3475 1107 3655 1157 matre
3672 1120 3689 1172 ;
3734 1107 3788 1158 et
3816 1103 3921 1175 ipse

2295 1197 2517 1252 clausus
2538 1202 2721 1269 utero,
2751 1198 3010 1253 exultans
3036 1197 3097 1251 in
3125 1195 3351 1268 gaudio,
3373 1196 3629 1251 clausum
3645 1196 3918 1251 Christum

2295 1291 2542 1363 Virginis
2592 1292 2716 1346 alvo
2761 1292 2997 1363 mystico
3041 1290 3298 1345 salutavit
3354 1290 3653 1361 praesagio.
3720 1291 3822 1345 Sed
3872 1297 3921 1345 et

2293 1385 2522 1456 quando
2545 1386 2829 1441 Johannes
2854 1384 3027 1440 sensit
3071 1384 3371 1439 imminere
3408 1384 3559 1439 diem
3602 1383 3787 1439 obitus
3818 1384 3916 1452 sui,

2293 1479 2420 1534 ideo
2450 1479 2608 1534 misit
2632 1480 2703 1534 ad
2728 1480 3038 1534 Dominum
3070 1478 3262 1534 dicens
3294 1495 3307 1532 :
3341 1480 3421 1532 Tu
3447 1494 3501 1533 es
3535 1480 3633 1549 qui
3669 1483 3916 1533 uenturus

2294 1588 2368 1637 es,
2398 1590 2471 1627 an
2502 1576 2674 1628 alium
2709 1573 3117 1644 erespectamus?
3142 1571 3305 1643 quasi
3333 1571 3544 1627 diceret
3580 1571 3661 1626 illi
3689 1588 3703 1625 :
3744 1570 3920 1626 Indica

2291 1667 2437 1722 mihi
2464 1671 2657 1726 utrum
2683 1684 2787 1739 per
2809 1671 2867 1722 te
2886 1667 2958 1721 ad
2985 1665 3195 1721 inferni
3221 1665 3465 1720 claustra
3492 1665 3811 1732 descendas,
3854 1682 3920 1719 an

2291 1761 2362 1815 ad
2390 1761 2747 1817 liberandum
2778 1777 2957 1833 genus
2988 1761 3306 1815 humanum
3332 1759 3509 1813 alium
3536 1759 3726 1814 mittas
3754 1779 3769 1816 :
3797 1760 3923 1831 quia

549 1870 683 1908 mur
706 1854 776 1909 de
812 1854 1028 1925 laqueis
1052 1853 1223 1924 hujus
1248 1854 1437 1909 saeculi
1475 1853 1725 1909 liberari.
1774 1856 1851 1909 De
1896 1870 1962 1910 eo
1999 1858 2191 1910 autem
2211 1838 2274 1911 Β
2293 1855 2436 1911 sicut
2461 1859 2516 1910 te
2542 1855 2603 1909 in
2629 1856 2795 1911 terris
2821 1855 3037 1927 positus
3063 1854 3317 1909 docendo
3343 1857 3398 1909 et
3422 1852 3756 1925 baptizando
3778 1871 3919 1925 prae-

550 1947 704 2019 quod
743 1948 905 2002 nobis
964 1946 1179 2018 dignati
1221 1947 1407 2002 fuistis
1454 1947 1774 2020 injungere,
1816 1951 1883 2003 ut
1934 1948 2192 2004 ordinem

546 2043 837 2113 Hypponas
860 2041 1153 2113 Regiensis
1179 2041 1447 2112 ecclesiae,
1489 2041 1733 2114 qualiter
1771 2041 1963 2098 divina
2008 2043 2193 2098 officia

546 2152 650 2206 per
673 2135 1016 2191 Testamenti
1044 2138 1099 2190 et
1116 2135 1253 2189 Novi
1273 2140 1330 2190 et
1349 2135 1560 2191 Veteris
1584 2135 1853 2208 paginam
1884 2138 2191 2192 annualem

544 2229 819 2301 persolvit
836 2229 1221 2300 harmoniam,
1236 2228 1397 2284 vobis
1409 2229 1657 2302 dirigere
1675 2231 2011 2286 deberemus
2026 2249 2043 2300 ;
2063 2231 2190 2287 ideo

545 2323 617 2378 ad
646 2339 899 2394 praesens
942 2340 1057 2377 non
1082 2323 1394 2394 potuimus,
1423 2323 1556 2395 quia
1583 2323 1642 2378 in
1684 2324 1828 2379 libro
1874 2326 2191 2380 Exameron

546 2416 1025 2472 nostrosnotarios
1043 2419 1343 2488 occupatos
1369 2416 1741 2471 habebamus.
1760 2417 1868 2473 Sed
1895 2435 2025 2472 cum
2050 2418 2190 2473 illud

548 2527 690 2582 opus
732 2509 924 2578 fuerit,
964 2510 1187 2565 favente
1230 2510 1494 2579 Domino,
1537 2516 2015 2582 consummatum,
2057 2529 2190 2568 mox

547 2603 871 2659 obedientes
928 2607 1113 2676 vestro
1149 2603 1392 2675 imperio
1444 2620 1548 2676 per
1595 2605 1875 2660 famulum
1918 2610 2186 2674 vestrum,

547 2698 730 2753 filium
769 2699 831 2753 in
862 2698 1086 2754 Christo
1112 2703 1391 2767 nostrum,
1422 2699 1741 2771 Eugepium
1768 2700 2186 2772 presbyterum,

544 2792 702 2847 vobis
735 2791 996 2847 libellum
1023 2792 1337 2864 dirigemus
1366 2809 1379 2847 :
1407 2793 1468 2847 in
1493 2810 1606 2864 quo
1637 2793 1810 2849 totius
1844 2794 1980 2849 anni
2023 2794 2187 2864 opiﬁ-

548 2885 698 2941 cium
716 2886 777 2941 in
790 2886 1125 2942 lectionibus
1139 2886 1350 2941 Divinis
1364 2888 1721 2958 perﬂorando
1733 2887 2186 2959 perstrinximus,

544 2980 876 3052 incipientes
913 2980 1174 3036 ordinem
1205 2981 1493 3037 Adventus
1545 2981 1818 3037 Dominici
1867 2982 1937 3036 ab
1991 2986 2189 3037 octavo

544 3075 812 3130 Calendas
844 3075 1089 3131 octubris
1128 3076 1536 3147 aequinoctium
1576 3076 1926 3145 autumnale,
1980 3092 2086 3147 pro
2124 3092 2189 3131 eo

545 3169 699 3242 quod
725 3169 922 3224 eadem
947 3168 1039 3224 die
1063 3169 1346 3225 Johannes
1370 3187 1688 3241 praecursor
1702 3168 1926 3225 Domini
1948 3186 1982 3224 a
2006 3170 2186 3241 majo-

546 3263 704 3318 ribus
727 3263 934 3318 nostris
958 3263 1201 3318 traditur
1227 3268 1283 3319 et
1299 3265 1515 3335 Angelo
1544 3264 1841 3320 nuntiante
1861 3269 2183 3336 conceptus,

547 3361 605 3411 et
631 3355 861 3411 Herodis
888 3356 1097 3411 funesti
1142 3357 1326 3428 gladio
1362 3357 1693 3413 trucidatus.
1740 3359 1837 3413 Est
1883 3363 1939 3413 et
1980 3362 2188 3429 praeter

545 3450 909 3505 Nativitatem
973 3449 1081 3504 alia
1144 3450 1488 3506 sollemnitas
1537 3452 1812 3507 Johannis
1882 3453 2145 3525 Baptistae
2167 3494 2182 3523 ,

546 3549 750 3617 quarto
777 3544 987 3601 scilicet
1012 3545 1286 3600 Calendas
1311 3544 1676 3617 Septembris,
1716 3546 1944 3619 quando
1983 3547 2185 3603 inven-

548 3643 671 3695 tum
712 3639 923 3711 legitur
975 3641 1145 3711 caput
1183 3637 1450 3693 dominici
1494 3641 1875 3711 praecursoris.
1919 3641 2076 3706 Quod
2123 3645 2189 3696 ut

549 3733 750 3806 opinor
768 3734 1015 3790 decrevit
1040 3734 1169 3789 ideo
1195 3732 1535 3803 dispensatio
1565 3735 1817 3805 Deitatis,
1846 3739 1911 3790 ut
1950 3735 2084 3806 quia
2125 3734 2187 3790 in

550 3830 701 3885 unda
729 3828 1103 3900 baptismatis,
1126 3826 1509 3882 ministerium
1536 3828 1851 3899 dumtaxat,
1883 3828 2034 3900 quod
2055 3831 2186 3883 ante

548 3924 753 3980 faciem
779 3921 985 3978 Christi
1020 3920 1345 3993 praedicavit
1372 3922 1676 3993 Johannes,
1714 3938 2003 3978 sacramur
2042 3938 2189 3977 mer-

552 4016 804 4072 sionibus
828 4015 1015 4085 trinis,
1045 4015 1172 4071 ideo
1198 4015 1446 4071 trifarias
1470 4017 1821 4073 sollemniter
1854 4015 2052 4071 reddat
2094 4017 2191 4071 Ec-

553 4111 719 4166 clesia
744 4110 866 4181 ejus
892 4110 1107 4166 laudes.
1134 4111 1202 4166 Et
1226 4111 1358 4183 quia
1379 4111 1448 4166 de
1467 4111 1565 4165 illo
1592 4110 1866 4181 scriptum
1886 4107 2079 4181 459
2106 4113 2190 4164 est

551 4204 784 4261 vocibus
813 4204 1159 4276 propheticis
1205 4210 1261 4261 et
1289 4202 1624 4260 testimoniis
1669 4202 1967 4256 Salvatoris
1997 4219 2011 4257 :
2057 4205 2189 4257 Ecce

556 4315 648 4369 ego
689 4299 842 4354 mitto
871 4300 1124 4367 angelum
1156 4314 1329 4354 meum
1372 4298 1468 4365 qui
1501 4295 1848 4364 praeparabit
1878 4298 2024 4350 viam
2064 4302 2191 4351 ante

552 4397 750 4464 faciem
776 4398 923 4450 tuam
947 4414 963 4462 ;
992 4394 1118 4449 ideo
1143 4399 1200 4447 et
1222 4392 1292 4445 ab
1314 4389 1435 4458 ejus
1460 4389 1736 4459 conceptu
1762 4388 1849 4442 vel
1874 4388 2031 4444 obitu
2073 4390 2191 4444 Ad-

555 4493 756 4546 ventus
779 4488 985 4545 Christi
1001 4487 1334 4542 inchoamus
1363 4480 1635 4536 ofﬁcium.
1665 4481 2007 4553 Dignumest
2032 4501 2192 4538 nam-

2209 3216 2263 3291 C

2292 1965 2525 2004 currens
2551 1948 2731 2021 digito
2745 1948 3045 2004 oriendum
3062 1946 3461 2017 demonstravi,
3482 1946 3559 2002 ita
3576 1946 3705 2001 volo
3721 1947 3922 2020 populo

2290 2043 2351 2097 in
2380 2042 2629 2098 tenebris
2669 2042 2969 2113 resedenti,
3004 2046 3061 2097 et
3105 2046 3161 2097 te
3195 2041 3447 2113 quotidie
3482 2024 3790 2112 postulanti
3829 2042 3922 2097 adv

2290 2140 2525 2192 ventum
2563 2141 2728 2192 tuum
2767 2137 2960 2208 jussus
3005 2153 3039 2189 a
3082 2140 3156 2204 te,
3209 2134 3467 2202 Domine,
3516 2133 3780 2190 nuntiare
3801 2135 3828 2189 ?
3860 2137 3920 2189 Et
3975 2152 3977 2159 λ

2291 2231 2458 2286 certis
2484 2230 2574 2284 his
2619 2230 2688 2285 de
2731 2230 2913 2285 causis
2958 2229 3019 2284 in
3055 2228 3377 2284 celebritate
3410 2227 3698 2283 Adventus
3738 2229 3920 2282 Domi-

2289 2323 2422 2395 nici,
2453 2324 2798 2379 sollemnitas
2823 2323 3191 2396 anteponitur
3218 2322 3491 2377 Johannis
3517 2322 3802 2394 Baptistae.
3825 2322 3921 2379 Sed

2291 2423 2347 2473 et
2372 2418 2498 2473 vide
2529 2418 2788 2473 ordinem
2813 2422 3139 2489 temporum
3164 2417 3224 2471 in
3251 2416 3501 2488 idipsum
3526 2433 3778 2488 congrue
3803 2434 3923 2472 con-

2289 2512 2637 2567 cordantem.
2670 2513 2732 2567 In
2760 2510 3161 2584 aequinoctium
3199 2511 3482 2581 autumni,
3537 2511 3766 2582 quando
3808 2528 3920 2566 cre-

2290 2610 2455 2660 scunt
2478 2605 2747 2676 tenebrae,
2777 2610 2913 2660 tunc
2939 2605 3181 2660 traditur
3198 2603 3481 2659 Johannes
3504 2604 3677 2660 fuisse
3703 2621 3925 2677 concep-

2288 2702 2413 2768 tus;
2437 2703 2493 2754 et
2521 2698 2624 2753 sub
2645 2702 2839 2755 rotatu
2863 2698 3121 2770 ejusdem
3134 2698 3407 2777 temporis
3423 2714 3644 2769 passus.
3676 2700 3739 2754 In
3762 2699 3921 2771 aequi-

2287 2793 2545 2848 noctium
2575 2794 2802 2866 quando
2826 2793 2925 2848 lux
2953 2792 3298 2861 extenditur,
3322 2795 3377 2846 et
3400 2791 3650 2847 tenebrae
3667 2793 3924 2847 minuun-

2287 2890 2401 2954 tur,
2430 2891 2566 2941 tunc
2588 2887 2831 2943 traditur
2854 2887 3109 2942 Christus
3137 2890 3194 2941 et
3220 2888 3523 2957 conceptus
3549 2890 3717 2941 utero
3743 2887 3919 2958 Virgi-

2288 2980 2411 3050 nis;
2446 2984 2503 3037 et
2523 2981 2626 3036 sub
2653 2981 2853 3037 eodem
2878 2980 3155 3036 curriculo
3185 2978 3403 3035 adﬁxus
3436 2979 3689 3051 patibulo
3731 2981 3923 3036 crucis.

2290 3075 2352 3128 In
2378 3074 2639 3146 solstitio,
2661 3075 2721 3130 in
2746 3092 2858 3148 quo
2882 3075 3003 3130 dies
3027 3073 3229 3145 incipit
3256 3073 3461 3141 minui,
3491 3078 3547 3130 et
3570 3090 3688 3130 nox
3708 3075 3920 3147 augeri,

2288 3166 2571 3225 Johannes
2605 3169 2854 3225 creditur
2893 3174 3080 3236 natus,
3123 3172 3188 3224 ut
3223 3168 3471 3222 famulus
3503 3184 3516 3222 :
3558 3168 3619 3224 in
3657 3170 3757 3225 illo
3798 3186 3923 3225 vero

2289 3262 2546 3333 solstitio,
2577 3279 2647 3318 ex
2673 3280 2785 3336 quo
2810 3263 2928 3319 dies
2959 3266 3223 3336 augetur,
3253 3266 3309 3317 et
3366 3262 3612 3319 tenebrae
3653 3262 3925 3319 minuun-

2286 3358 2400 3426 tur,
2429 3361 2594 3411 natus
2624 3362 2708 3412 est
2724 3356 2915 3430 460
2943 3374 3016 3415 ex
3038 3360 3259 3434 virgine
3300 3365 3473 3422 Maria
3513 3362 3789 3419 Salvator.
3828 3360 3925 3412 Pro

2286 3450 2393 3505 hoc
2423 3450 2818 3522 quatripartito
2847 3455 3083 3511 rotantis
3108 3458 3246 3514 anni
3286 3459 3567 3515 curriculo
3606 3456 3783 3512 etiam
3802 3450 3923 3508 libri

2286 3543 2460 3615 hujus
2485 3544 2658 3598 fidem
2681 3545 3043 3604 terminando
3072 3551 3470 3624 distinximus;
3514 3556 3580 3607 ut
3614 3549 3753 3622 quia
3788 3564 3917 3620 qua-

2285 3641 2416 3692 tuor
2444 3642 2702 3710 tempora
2724 3641 2860 3696 anni
2908 3642 3017 3699 isto
3062 3646 3325 3704 videntur
3378 3647 3576 3702 ordine
3611 3640 3922 3709 terminari,

2286 3731 2363 3786 ita
2387 3732 2559 3787 etiam
2599 3738 2842 3806 quatuor
2877 3738 3183 3795 voluminis
3219 3741 3389 3812 hujus
3424 3740 3559 3796 libri
3602 3738 3926 3795 distinctum

2286 3825 2526 3883 reddent
2560 3828 2811 3885 ofﬁcium
2847 3848 2952 3902 per
2999 3833 3277 3889 circulum
3318 3833 3473 3902 anni,
3522 3833 3707 3888 instar
3759 3825 3928 3886 sancti

2286 3919 2594 3993 Evangelii,
2603 3922 2773 3994 juxta
2786 3926 2939 3995 quod
2958 3931 3083 3980 rota
3098 3926 3333 3981 inferius
3346 3925 3699 3998 prmsignata
3714 3926 3927 3981 videtur

2288 4015 2596 4071 attendere.
2654 4017 2936 4088 Deprecor
2973 4023 3164 4075 autem
3209 4024 3284 4090 te,
3326 4024 3383 4075 et
3427 4037 3625 4075 omnes
3673 4021 3749 4076 ad
3795 4035 3926 4092 quos

2287 4105 2532 4163 formula
2557 4110 2662 4165 ista
2684 4111 2912 4183 legendi
2938 4113 3279 4183 pervenerit,
3308 4118 3375 4169 ut
3398 4114 3783 4185 omnipotenti
3821 4115 3922 4167 Do-

2288 4201 2447 4257 mino
2466 4219 2569 4273 pro
2601 4220 2693 4259 me
2715 4187 2947 4260 exorare
2964 4206 3301 4279 dignemini,
3331 4212 3611 4280 quatenus
3636 4225 3744 4280 pro
3760 4207 3927 4279 hujus

2289 4296 2473 4367 operis
2544 4298 2733 4353 labore
2808 4298 3215 4371 aliquantulam
3274 4302 3425 4373 apud
3476 4302 3667 4374 ipsum
3731 4316 3927 4374 capere

2288 4404 2510 4445 merear
2574 4390 2772 4462 gratiae
2821 4392 3164 4464 portionem.
3210 4396 3346 4451 Data
3396 4394 3667 4452 Calendas
3713 4395 3923 4465 Junias,

2288 4482 2544 4555 Hippone
2571 4485 2768 4557 Regio,
2788 4488 3024 4543 Arcadio
3051 4493 3107 4544 et
3133 4489 3370 4545 honorio
3397 4490 3647 4563 Agustis.

554 4603 687 4659 que,
714 4588 780 4640 ut
803 4584 873 4638 ab
902 4582 1101 4639 eodem
1139 4576 1229 4630 die
1268 4589 1448 4645 usque
1490 4574 1560 4629 ad
1593 4575 1955 4633 Nativitatem
1990 4578 2194 4635 Christi
2213 4593 2273 4665 Ι)
2364 4578 2613 4634 Feliciter
2673 4582 2898 4651 explicit
2961 4584 3195 4654 epistula
3258 4585 3433 4641 sancti
3494 4585 3759 4655 Agustini
3817 4586 3923 4655 epi-

554 4681 969 4754 prophetarum
1029 4686 1247 4741 organa
1297 4668 1731 4741 tympanizando
1793 4673 2026 4728 resultet
2088 4674 2190 4728 Ec-

557 4775 743 4832 clesia.

628 4868 737 4925 Sed
775 4865 909 4937 quia
950 4864 1082 4916 sunt
1117 4859 1377 4916 nonnulli
1412 4859 1511 4933 qui
1546 4861 1868 4917 Adventum
1909 4862 2129 4918 Domini
2161 4881 2195 4918 a

557 4960 857 5021 festivitate
896 4954 1044 5011 beati
1100 4955 1319 5011 Martini
1368 4956 1702 5011 Turonensis
1746 4956 1900 5012 urbis
1948 4957 2196 5029 episcOpi

557 5056 822 5113 videntur
848 5050 1179 5122 insipienter
1203 5050 1475 5121 excolere,
1504 5067 1605 5105 nos
1632 5067 1725 5106 eos
1752 5068 1868 5107 non
1894 5055 2195 5125 reprehen-

562 5151 769 5217 dimus,
799 5147 932 5221 quia
958 5162 1075 5201 non
1095 5161 1292 5200 omnes
1317 5143 1505 5199 omnia
1547 5150 1802 5216 possunt,
1850 5151 1907 5203 et
1947 5148 2195 5204 maxime

563 5263 696 5303 cum
717 5243 1014 5317 Apostolus
1056 5240 1239 5295 dicat:
1291 5240 1590 5309 Unicuique
1632 5242 1771 5295 sicut
1815 5244 1958 5296 Deus
2009 5243 2198 5297 divisit

562 5356 872 5399 mensuram
896 5338 1045 5408 ﬁdei.
1070 5333 1175 5390 Sed
1201 5333 1371 5404 longe
1400 5332 1559 5388 aliter
1581 5339 1663 5389 est
1677 5335 1966 5407 plenitudo
1983 5337 2198 5392 ordinis

562 5443 618 5493 et
646 5432 934 5506 religionis
960 5430 1189 5485 nostrae.
1217 5426 1486 5482 Martinus
1506 5428 1714 5482 etenim
1761 5432 1986 5484 sanctus
2026 5431 2197 5504 longe

562 5534 692 5604 post
716 5524 1100 5583 ascensionem
1138 5520 1382 5591 Domini,
1420 5522 1507 5576 vel
1532 5527 1659 5592 post
1692 5522 2043 5578 nativitatem
2072 5539 2200 5596 pro-

564 5626 687 5693 diit,
718 5621 806 5676 vel
836 5623 962 5691 post
998 5620 1242 5672 mortem
1276 5614 1546 5684 discessit,
1592 5616 1803 5687 quippe
1849 5616 1949 5688 qui
1990 5620 2198 5674 nostris

568 5714 921 5788 temporibus
953 5728 1125 5785 prope
1160 5710 1288 5777 fuit,
1335 5708 1590 5782 quamvis
1628 5710 1686 5763 in
1736 5710 1892 5766 brevi
1942 5714 2198 5784 tempore

566 5814 721 5869 fama
745 5807 1052 5865 sanctitatis
1077 5810 1135 5861 et
1158 5803 1382 5861 virtutis
1407 5802 1559 5860 illius
1586 5807 1769 5859 totum
1797 5805 2079 5862 mundum
2104 5822 2197 5864 re-

643 5907 710 5982 (α)
738 5905 869 5960 Vide
898 5919 1032 5976 pag.
1070 5904 1190 5956 115.

2294 4692 2460 4733 ερουι.

2374 4696 2379 4722 ι
2420 4694 2460 4733 ι.

2374 4692 2417 4745 p
2609 4748 2694 4801 IV.
2738 4762 2915 4805 saeuo
2953 4765 3009 4805 ιη
3045 4764 3247 4806 warm
3284 4764 3605 4808 EPIPHANIE.

2538 4849 2625 4902 Ea:
2665 4850 2835 4903 ueteri
2872 4850 3213 4905 Lectionario
3253 4850 3535 4907 Gallicam
3585 4851 3678 4924 (α).

2363 4958 2596 5014 Audivit
2635 4959 2930 5015 nobiscum
2969 4962 3171 5018 caritas
3216 4968 3420 5035 vestra,
3458 4963 3816 5037 Evangelista
3853 4963 3931 5018 di-

2295 5056 2454 5107 cente
2498 5070 2512 5108 :
2568 5053 2700 5109 Cum
2740 5059 2902 5110 natus
2946 5072 3077 5124 esse,
3118 5056 3324 5129 inquit,
3376 5062 3518 5114 Deus
3571 5061 3629 5113 in
3664 5059 3929 5114 Bethleem

2295 5147 2495 5202 Iudaeae
2515 5149 2575 5201 in
2606 5148 2793 5203 diebus
2818 5149 3047 5205 Herodis
3066 5154 3209 5219 regis
3234 5170 3255 5204 :
3279 5168 3390 5208 ecce
3408 5155 3555 5221 magi
3573 5157 3836 5208 venerunt
3862 5152 3929 5206 ab

2299 5239 2514 5295 Oriente
2534 5242 2929 5312 Hyerusoiyma
2956 5244 3191 5301 dicentes
3218 5260 3234 5296 :
3274 5246 3377 5302 Ubi
3405 5253 3483 5302 est
3514 5249 3612 5318 qui
3653 5251 3816 5302 natus
3856 5250 3931 5300 est

2296 5336 2411 5390 Rea:
2433 5336 2739 5391 Iudworum
2756 5339 2783 5390 ?
2812 5337 3063 5393 Vidimus
3083 5342 3225 5395 enim
3242 5342 3454 5396 stellam
3478 5342 3598 5410 ejus
3614 5343 3673 5395 in
3696 5339 3927 5403 Oriente,

2300 5435 2349 5486 et
2377 5432 2622 5485 venimus
2664 5431 2895 5486 adorare
2943 5448 3083 5489 eum.
3120 5433 3275 5488 Felix
3306 5433 3404 5488 illa
3446 5433 3659 5504 civitas,
3709 5433 3928 5502 fratres,

2298 5525 2389 5580 cui
2411 5524 2545 5579 civis
2584 5528 2748 5580 natus
2786 5530 2871 5581 est
2923 5526 3105 5582 Deus!
3148 5544 3277 5599 quae
3327 5528 3613 5599 singulare
3663 5528 3932 5582 meritum

2298 5624 2446 5693 ante_
2471 5619 2778 5675 adventum
2812 5620 3108 5678 Salvatoris
3147 5620 3445 5693 accipiens,
3479 5620 3670 5693 prima
3715 5619 3933 5676 laudari

2299 5688 2511 5769 merbit
2525 5729 2630 5786 per
2643 5714 2998 5786 prophetam,
3021 5731 3194 5787 quam
3208 5688 3449 5771 disceret
3462 5688 3634 5789 quem
3649 5714 3927 5771 sumebat.

2300 5803 2458 5860 Felix
2479 5807 2562 5874 tu,
2595 5803 2786 5861 civitas
2812 5805 3098 5862 Bethleem
3121 5804 3136 5859 !
3165 5804 3300 5877 quia
3318 5822 3435 5863 non
3456 5821 3516 5863 es
3528 5804 3768 5861 minima
3782 5804 3928 5861 inter
