4006 6228
101 412 181 465 333

699 405 789 460 AD
828 405 1315 461 PMCEDENTIA
1354 396 1689 461 LITURGlrE
1726 406 2142 466 MONUMENTA
2178 412 2514 468 ΑΡΡΕΝΒΙΧ
2551 414 2778 470 PRIMA.

3338 419 3403 475 43
3417 420 3442 475 Ξ

92 514 341 593 principes
365 511 527 568 Juda.
556 512 637 567 Ex
678 516 736 568 te
779 514 934 569 enim
975 514 1197 587 prodiet
1231 514 1487 588 Rex‘qui
1540 520 1702 588 reget
1721 517 2024 602 Avagitus
2057 520 2310 591 majores
2352 521 2605 592 gemitus
2651 521 2986 594 exigebant.
3014 524 3180 579 Nulla
3205 524 3435 597 domus,

94 608 340 686 populum
368 622 561 662 meum
579 606 809 662 Israhel.
850 607 996 673 Quid
1021 608 1140 679 agit
1162 608 1324 676 Juda,
1353 625 1555 665 eorum
1591 625 1696 665 cae~

94 706 206 761 citas
235 700 524 771 mentium,
565 700 664 773 qui
697 702 1008 757 adventum
1041 702 1347 757 Salvatoris
1383 719 1490 759 nec
1522 703 1692 758 intel-

91 800 241 871 ligere
264 798 608 865 meruerunt,
638 811 745 850 nec
770 811 934 851 nosse
949 795 979 850 ?
1004 796 1310 868 Impletum
1350 802 1434 853 est
1475 797 1694 853 cunctis

90 890 345 965 prophetae
375 904 713 959 responsum
742 906 757 944 :
786 889 1133 945 Salvatorem
1158 894 1422 946 nostrum
1446 890 1694 962 prodidit

89 986 281 1041 caelum.
311 982 537 1047 Quando
556 983 713 1038 enim
731 982 909 1040 latere
934 987 1175 1056 poterat,
1197 1001 1371 1057 quem
1394 985 1543 1041 Deus
1559 989 1691 1040 ante

86 1077 428 1152 praedixerat?
472 1077 760 1132 Bethleem
801 1076 995 1133 civitas
1039 1077 1255 1151 accepit
1291 1079 1362 1134 de
1419 1078 1691 1135 astriferis

84 1172 304 1246 partibus
328 1170 527 1241 civem,
557 1175 613 1226 et
636 1188 742 1243 per
759 1187 973 1227 novum
998 1171 1242 1228 incolam
1268 1173 1482 1244 grande
1522 1172 1691 1229 meri-

83 1272 183 1322 tum
204 1264 408 1332 transit,
431 1264 567 1336 quia
591 1281 707 1320 non
732 1269 917 1337 potest
942 1264 1095 1321 ﬁniri
1124 1266 1277 1339 quod
1314 1266 1543 1323 meruit.
1580 1268 1689 1324 Sed

77 1364 241 1432 postea
280 1373 448 1431 quam
496 1361 695 1430 partus
728 1358 825 1414 ille
868 1360 1077 1416 caelesti
1121 1359 1286 1431 signo
1330 1364 1688 1418 monstrante

78 1456 303 1525 repertus
318 1456 400 1507 est
423 1451 712 1525 visusque,
742 1468 940 1524 magos
965 1454 1288 1509 veneranda
1317 1453 1567 1509 turbavit
1594 1454 1684 1510 in-

78 1545 415 1615 fantia.§Nihil
442 1546 524 1601 ibi
541 1546 774 1605 omnino
789 1546 1175 1602 contemtibile
1196 1547 1256 1602 in
1268 1546 1379 1602 illis
1403 1548 1685 1621 vagitibus

77 1641 181 1708 fuit,
205 1639 333 1712 quia
367 1640 651 1695 humanos
680 1641 827 1695 Deus
862 1656 1059 1696 sensus
1101 1641 1347 1713 aspexit;
1392 1642 1491 1697 sed
1527 1646 1682 1713 post-

77 1750 222 1806 quam
244 1734 537 1805 probatam
566 1733 740 1806 ipsius
765 1733 963 1790 sideris
1000 1734 1192 1806 ﬁdem,
1233 1735 1493 1791 fallentes
1525 1736 1682 1808 magi

77 1827 235 1899 regale
258 1830 629 1899 praeceptum,
658 1830 876 1883 exteras
899 1832 1135 1885 tenuere
1163 1829 1462 1899 regiones;
1502 1831 1679 1885 Hero-

1799 613 1989 667 nullus
2046 614 2281 669 orbitati
2319 618 2636 671 restaverat
2672 617 2848 685 locus,
2876 616 2975 671 ubi
3024 634 3141 673 non
3191 619 3438 691 diligens

1794 707 2101 762 crudelitas
2112 708 2237 762 fuit.
2253 709 2530 764 Jacebant
2550 710 2747 766 brevia
2761 712 2999 766 vulnera
3009 713 3432 784 membrorum,

1796 802 1855 853 et
1890 801 2077 855 velato
2126 802 2284 856 vultu
2328 802 2477 857 tristi
2521 805 2778 859 colorata
2820 806 3040 876 pallore
3090 810 3432 863 cunctorum

1792 893 2086 948 mentibus
2116 895 2402 966 lacrymas
2437 896 2676 952 dabant.
2707 897 2935 952 Minutis
2980 900 3264 955 mortibus
3310 904 3435 957 tota

1792 986 1989 1041 civitas
2017 989 2369 1059 replebatur,
2400 992 2459 1044 et
2490 991 2756 1046 omnium
2788 992 3122 1062 posteritate
3145 997 3430 1064 truncata,

1790 1080 1900 1135 hoc
1928 1082 2115 1136 solum
2143 1082 2340 1150 evasit,
2375 1084 2529 1154 quod
2550 1084 2811 1155 vagitum
2829 1086 3045 1142 habere
3063 1103 3180 1142 non
3198 1090 3431 1144 meruit.

1788 1176 1851 1228 In
1899 1174 1999 1228 illa
2041 1178 2258 1230 matres
2297 1174 2547 1231 ﬁliorum
2596 1177 2913 1248 perniciem
2954 1179 3147 1253 462
3191 1180 3434 1237 intenta:

1789 1267 2071 1338 grandine
2114 1268 2456 1338 liberorum,
2494 1286 2611 1325 una
2647 1270 2869 1326 femina
2913 1272 3047 1327 felix
3073 1274 3269 1344 evasit,
3299 1292 3430 1347 quae

1786 1361 1895 1415 fuit
1910 1361 2072 1433 virgo
2104 1365 2233 1433 post
2262 1366 2515 1434 partum.
2551 1362 2699 1428 Quid
2709 1364 2859 1435 juvit
2881 1367 3131 1436 replesse
3156 1370 3244 1422 tot
3270 1370 3434 1425 fune-

1784 1454 1943 1509 ribus
1972 1457 2234 1511 terram‘?
2275 1455 2415 1528 quid
2442 1457 2664 1529 profuit
2691 1461 2853 1512 tanta
2895 1458 3071 1514 ubera
3119 1460 3429 1518 ﬂuentibus

1785 1548 2044 1617 siccasse,
2077 1566 2209 1604 cum
2240 1551 2500 1605 futurum
2534 1552 2755 1606 malum
2781 1554 2929 1607 Deus
2961 1556 3095 1607 ante
3124 1554 3428 1625 praedixit?

1782 1643 2020 1699 Constat
2074 1660 2213 1715 ergo
2249 1644 2548 1700 Judaicam
2605 1648 2842 1716 gentem
2885 1646 3147 1701 nascenti
3178 1648 3426 1704 Domino

1782 1752 2111 1807 praeparare
2169 1736 2517 1807 perniciem;
2572 1737 2836 1810 adeoque
2897 1740 3108 1794 eodem
3164 1743 3426 1813 tempore

1782 1831 1939 1884 Deus
1955 1830 2212 1884 Christus
2236 1830 2418 1885 voluit
2447 1831 2676 1899 docere,
2712 1832 2848 1903 quia
2869 1834 3102 1889 Iudaeus
3119 1851 3239 1890 non
3259 1851 3430 1890 nove-

77 1923 145 1978 dis
190 1921 332 1993 regis
377 1920 618 1977 vitantes
658 1926 972 1993 aspectum,
1017 1922 1322 1978 voluerunt
1367 1927 1682 1981 monstrare
1701 1907 1759 1980 B
1778 1927 1874 1983 rat
1904 1924 2059 1995 quod
2080 1925 2262 1979 ﬁeret.
2290 1923 2404 1979 Sed
2430 1925 2566 1997 quia
2592 1925 2870 1982 Dominus
2890 1928 3148 1983 Christus
3172 1929 3426 2001 passioni

77 2015 266 2089 plenius
286 2013 465 2088 461
498 2015 651 2087 quod
669 2015 969 2072 timebant.
982 2016 1248 2088 Majorem
1266 2032 1367 2073 rex
1387 2017 1683 2074 stimulum

78 2110 233 2179 sentit,
275 2108 363 2163 cui
402 2125 523 2164 non
559 2109 878 2166 ostenditur
921 2110 1074 2182 quod
1116 2114 1360 2166 veretur.
1400 2111 1507 2167 Sed
1550 2128 1681 2168 cum

77 2202 303 2259 sollicitus
326 2219 447 2273 rex,
476 2205 758 2259 transacto
795 2208 1056 2277 tempore
1091 2203 1380 2275 veniendi,
1419 2205 1681 2262 fallentes

76 2314 237 2369 magos
276 2297 524 2353 deviasse
572 2302 956 2370 cognosceret,
1009 2298 1193 2371 adque
1239 2299 1363 2370 ejus
1418 2299 1679 2356 animum

76 2391 355 2464 incognitus
394 2391 627 2448 infantis
671 2395 930 2464 aspectus
976 2392 1208 2447 diversis
1239 2393 1486 2448 motibus
1521 2394 1679 2449 dissi-

78 2490 233 2557 paret;
260 2487 364 2541 hoc
389 2485 647 2559 prodidit
672 2486 909 2543 crudelii
933 2491 1054 2543 arte
1080 2487 1318 2557 consilii,
1345 2491 1411 2543 ut
1434 2487 1506 2543 ad
1526 2488 1680 2545 inve—

76 2580 303 2635 niendam
322 2580 657 2636 successoris
681 2580 1003 2651 infantiam,
1050 2581 1356 2638 occidendo
1393 2587 1677 2654 quaereret

76 2675 194 2745 quod
228 2674 448 2745 latebat,
493 2674 641 2730 sicut
679 2674 955 2747 scriptum
999 2680 1083 2732 est
1112 2693 1126 2730 :
1174 2679 1303 2735 Cum
1344 2677 1551 2732 videret
1572 2679 1676 2733 He-

76 2768 214 2831 rodes,
241 2769 381 2839 quod
408 2769 628 2825 delusus
650 2773 785 2825 esset
810 2786 845 2824 a
886 2772 1083 2838 magis,
1127 2772 1304 2826 iratus
1344 2771 1675 2837 vehementer

76 2864 193 2917 misit
212 2866 269 2917 ut
294 2863 664 2918 occiderentur
692 2879 875 2918 omnes
904 2866 1146 2932 infantes
1187 2867 1247 2918 in
1294 2865 1581 2930 Bethleem,
1621 2870 1674 2921 et

76 2958 114 3008 in
138 2956 364 3011 omnibus
383 2958 585 3027 ﬁnibus
610 2958 727 3027 ejus
754 2973 790 3012 a
818 2958 1025 3012 bimatu
1049 2962 1101 3012 et
1138 2960 1312 3026 infra.
1354 2957 1508 3013 Felix
1550 2963 1672 3015 erat

73 3048 202 3104 ludus
223 3050 487 3121 parvulis,
522 3050 802 3106 moriendi
843 3050 1108 3122 conditio,
1150 3051 1249 3124 qui
1281 3068 1388 3124 pro
1424 3051 1665 3117 Christo,

70 3148 363 3200 meruerunt
388 3144 533 3216 pati.
559 3146 818 3201 Furentis
860 3145 1016 3217 regis
1047 3162 1251 3202 vesana
1294 3145 1506 3202 saevitia
1540 3163 1665 3202 mo-

70 3237 304 3293 rientibus
344 3238 564 3310 profuit
591 3256 606 3294 :
635 3238 735 3311 qui
772 3240 910 3294 dum
937 3255 1319 3296 successorem
1352 3256 1522 3295 suum
1546 3239 1667 3296 dili—
1686 3282 1741 3357 Ο

72 3331 190 3357 “nd:
233 3331 556 3357 ,ι-...ΙΑἶζιιυιιι
590 3333 869 3357 -η-ωζ-ΣΔ.
939 3334 1138 3357 ἔζη-Α-
1178 3334 1355 3357 Σ-Αει---
1392 3338 1664 3357 ...ΑΔ-..--

70 3331 193 3401 genti
230 3331 558 3388 crudelitate
590 3333 892 3406 perquirit,
935 3334 1141 3405 dignos
1178 3334 1358 3389 iratus
1390 3338 1667 3407 martyres

67 3424 187 3480 fecit.
220 3426 355 3480 Nam
395 3427 664 3497 Herodes,
711 3443 883 3503 quem
932 3432 1157 3483 tantum
1213 3428 1439 3484 ravidus
1472 3444 1668 3484 sensus

66 3518 236 3573 furoris
301 3520 521 3575 facibus
584 3500 871 3592 eregebat,
936 3526 1217 3593 quantum
1278 3538 1440 3603 amor
1489 3500 1709 3605 dulcis:

65 3612 316 3682 potestatis
341 3613 702 3685 accendebat,
721 3614 1010 3671 carniﬁces
1023 3631 1154 3671 suos
1174 3615 1246 3671 ad
1260 3615 1667 3689 inquirendum
1708 3612 1737 3688 ζ

66 3705 187 3761 misit
234 3707 497 3776 infantes,
556 3707 719 3780 quasi
785 3708 884 3780 qui
930 3709 1110 3765 Deum
1165 3712 1355 3781 posset
1412 3709 1667 3767 invenire

66 3815 168 3854 cum
192 3799 371 3857 vellet.
397 3800 655 3873 Pergunt
679 3801 740 3857 in
766 3802 1051 3859 civitatem
1066 3802 1313 3858 ministri
1340 3803 1513 3875 regis,
1543 3820 1667 3859 cru-

66 3891 165 3947 dele
208 3896 500 3965 portantes
553 3894 887 3967 imperium,
952 3899 1010 3951 et
1058 3896 1267 3951 durum
1310 3899 1664 3968 praeceptum

65 3985 298 4055 ferentes,
313 3988 371 4044 in
390 3988 603 4061 gladiis
614 3989 689 4044 ad
709 3992 965 4045 matrum
990 3991 1274 4062 lacrymas
1290 3990 1659 4047 festinabant.

64 4080 292 4136 lnfantile
326 4082 547 4137 bellum
585 4083 645 4137 in
684 4082 949 4138 domibus
999 4084 1336 4155 gerebatur;
1379 4086 1437 4137 et
1469 4100 1662 4138 secum

64 4174 156 4228 sola
182 4180 470 4247 pugnante
497 4177 734 4245 saevitia,
754 4176 1015 4233 orbitatis
1026 4176 1333 4232 crudelitas
1346 4176 1658 4232 eminebat.

62 4266 416 4324 Mactabantur
458 4270 518 4325 in
559 4271 721 4325 cunis
761 4270 1034 4340 infantes,
1062 4271 1122 4326 in
1158 4270 1365 4343 quibus
1400 4270 1661 4326 nondum

65 4364 161 4415 erat
197 4363 467 4419 nascendi
502 4363 856 4421 conscientia
904 4382 918 4419 :
974 4368 1033 4419 et
1080 4365 1219 4420 illud
1264 4364 1660 4420 membrorum

67 4453 253 4509 initium
304 4458 560 4529 primum
604 4458 777 4513 funus
828 4458 994 4513 discit
1032 4475 1153 4513 esse
1198 4475 1373 4530 quam
1431 4474 1654 4530 corpus.

64 4546 447 4606 Occidebantur
484 4551 649 4607 initia
692 4553 1114 4621 membrorum,
1164 4551 1537 4607 minutissimi
1573 4553 1654 4607 la-

1782 2017 2105 2089 prohibitus
2151 2018 2240 2072 vel
2275 2018 2485 2073 dilatus
2524 2022 2629 2087 est,
2676 2019 2881 2075 maluit
2909 2020 3215 2077 virtutibus
3261 2023 3422 2093 disci,

1783 2128 1959 2183 quam
1988 2114 2123 2165 ante
2145 2114 2376 2184 tempus
2397 2111 2601 2167 occidi.

1832 2206 1895 2259 V.
1928 2221 2315 2261 TESTAMENTUM
2354 2221 2627 2261 ILLUSTRIS
2667 2222 2930 2263 HATRONE
2968 2223 3365 2267 ERMENTRUDIS.

1778 2301 1865 2354 Ea:
1887 2300 2225 2369 autographa
2262 2301 2595 2368 Dionysium
2630 2302 2691 2354 in
2725 2301 2920 2356 charta
2956 2303 3284 2372 Egyptiaca
3319 2304 3417 2376 (a).

1967 2392 2385 2448 sacratissimus
2419 2394 2587 2448 ﬁscus
2624 2393 2941 2465 percipeat.
2967 2395 3028 2451 Si
3053 2413 3188 2452 vero
3220 2398 3421 2454 omnia

1778 2486 1935 2557 quod
1958 2486 2018 2541 in
2041 2487 2193 2541 hunc
2212 2488 2632 2542 testamentum
2664 2487 3017 2544 inserui......
3053 2491 3415 2562 custodieris,

1778 2580 2061 2652 quidquid
2088 2580 2196 2635 tibi
2221 2580 2485 2653 superius
2512 2581 2796 2653 delegavi,
2815 2581 2877 2637 in
2906 2584 3005 2638 tuo
3020 2583 3153 2662 jure
3174 2585 3417 2656 perenni

1773 2677 2041 2746 tempore
2070 2677 2678 2746 permaneant
2703 2674 2765 2730 in
2790 2677 2945 2731 hunc
2974 2679 3413 2749 testamentum,

1774 2767 2112 2839 cuicumque
2135 2785 2255 2823 non
2276 2768 2562 2839 depotavi,
2584 2768 2709 2837 tibi,
2734 2768 3066 2825 dulcissime
3079 2770 3179 2840 ﬁli,
3194 2773 3413 2828 habere

1773 2860 1961 2932 cupio.
1996 2860 2387 2917 Similiter.....
2423 2861 2880 2917 demandatione
2905 2863 3077 2918 bonae
3110 2865 3412 2921 memoria:

1771 2954 2112 3009 Deorovaldi
2145 2955 2298 3009 dono
2327 2954 2430 3009 tibi
2469 2972 2662 3010 eanna
2702 2958 2983 3027 argentea
3007 2957 3236 3012 valente
3285 2960 3414 3030 plus

1768 3049 1962 3103 minus
1987 3047 2200 3103 solidos
2239 3065 2365 3104 xxv.
2394 3050 2463 3103 Et
2490 3066 2524 3104 a
2552 3051 2717 3121 parte
2748 3066 2882 3104 mea
2911 3050 3065 3105 dono
3098 3051 3202 3106 tibi
3233 3068 3409 3108 cauco

1768 3144 2047 3212 argenteo
2089 3142 2316 3196 valente
2362 3144 2466 3197 sol.
2506 3159 2632 3211 xxx,
2674 3145 2734 3197 et
2774 3143 3153 3199 medietatem
3190 3145 3405 3217 ovium,

1767 3234 2147 3307 quasVigilius
2155 3235 2574 3304 adtendit,cum
2586 3239 2817 3309 pastore
2831 3237 3068 3292 nomine
3081 3238 3405 3309 Gaugiulfo.

1771 3328 1957 3385 Simili
1984 3329 2161 3384 modo
2193 3329 2264 3383 de
2300 3329 2594 3386 Latiniaco
2626 3335 2685 3386 et
2705 3330 3054 3400 Balbiniaco,
3073 3327 3210 3387 tam
3234 3334 3407 3388 vestis

1771 3440 1947 3494 quam
1975 3439 2230 3478 aeramen
2253 3424 2341 3477 vel
2369 3424 2643 3493 utinsilia,
2668 3429 2727 3480 et
2752 3425 2822 3480 de
2840 3425 3096 3480 bovebus
3121 3443 3189 3481 ex
3210 3428 3407 3484 omnia

1767 3517 2168 3585 medietatem,
2197 3517 2321 3586 tibi,
2344 3518 2673 3573 dulcissime
2711 3510 2813 3586 ﬁli,
2842 3518 3057 3574 habere
3106 3520 3401 3593 praecipio.

1766 3611 1896 3665 Pari
1925 3611 2258 3666 conditione
2290 3628 2358 3667 ex
2383 3611 2837 3668 demandatione
2882 3613 3052 3668 bona:
3103 3615 3405 3671 memoriae

1766 3704 2110 3760 Deorovaldi
2152 3705 2306 3760 dono
2350 3705 2475 3774 tibi,
2509 3706 2836 3761 dulcissime
2880 3706 2981 3774 ﬁli,
3016 3706 3087 3761 de
3134 3707 3401 3778 portione

1768 3798 1890 3870 ejus
1906 3800 1965 3853 et
1980 3798 2051 3852 de
2068 3798 2425 3870 proprietate
2449 3816 2583 3854 mea
2609 3800 2897 3872 mancipia
2921 3799 3009 3855 his
3033 3800 3399 3871 nominebus,

1766 3893 2138 3964 Unnegiselo,
2178 3892 2589 3962 Aunemundo,
2636 3896 2694 3949 et
2730 3894 2877 3950 ﬁlias
2911 3894 3178 3965 Patricio,
3221 3895 3284 3950 id
3317 3899 3404 3951 est

1766 3986 2017 4056 Fedane,
2059 3989 2118 4041 et
2153 3986 2524 4058 Ausegunde,
2552 3988 2612 4041 et
2644 3987 2998 4059 Agnechilde
3029 3991 3088 4043 et
3124 3989 3403 4045 Baccione

1765 4097 1895 4136 cum
1926 4080 2155 4153 gregim
2180 4096 2518 4153 porcorum;
2540 4079 2721 4136 vinea:
2743 4082 3056 4153 pedaturas
3082 4083 3245 4153 duas,
3265 4085 3402 4140 sitas

1763 4173 1823 4229 in
1867 4177 2067 4229 monte
2108 4174 2448 4244 Maurilioni,
2488 4190 2631 4247 quas
2673 4176 3106 4233 Theodaharius
3143 4181 3201 4233 et
3240 4180 3401 4235 Gari-

1761 4268 2014 4323 mundus
2042 4269 2257 4323 colunt.
2282 4269 2478 4324 Vineae
2497 4268 2781 4342 pedatura
2792 4271 2981 4341 tertia,
3002 4272 3179 4327 sitain
3200 4277 3399 4329 monte

1760 4362 2109 4431 Metobaure,
2133 4378 2265 4417 cum
2282 4362 2529 4419 vinitore
2559 4364 3065 4421 Guntrachario....
3094 4366 3285 4422 Vineae
3305 4384 3401 4439 pe-

1761 4456 1967 4510 datura
1992 4459 2218 4526 quarta,
2249 4456 2359 4511 sita
2384 4457 2746 4529 Taurimaco,
2776 4475 2951 4531 quem
2972 4460 3276 4515 lmnerdus
3302 4478 3397 4517 εο-

1758 4548 1824 4603 lit
1853 4565 1984 4603 cum
2014 4547 2259 4603 vinitore
2278 4549 2635 4621 Munegisilo.
2655 4552 2847 4607 Vineae
2866 4552 3149 4623 pedatura
3175 4553 3395 4627 quinta,

64 4644 264 4712 ctantes,
318 4647 376 4699 et
417 4646 637 4717 accepti
687 4663 721 4701 a
758 4646 1040 4701 matribus
1074 4645 1295 4717 parvuli
1339 4646 1399 4701 in
1442 4644 1863 4731 duritiaDsita
1898 4642 1957 4696 in
1984 4644 2184 4696 monte
2209 4643 2579 4712 Vultoricino,
2611 4660 2785 4715 quem
2838 4644 3023 4699 Sevila
3069 4648 3223 4712 colit,
3265 4664 3397 4703 cum

62 4732 277 4805 lapidum
342 4738 739 4809 vibrabantur,
796 4742 860 4794 ut
895 4739 970 4794 ad
1007 4739 1395 4795 execrandum
1434 4740 1655 4795 malum

62 4843 287 4885 saxorum
314 4849 522 4904 aspera
560 4834 743 4888 moles
778 4836 934 4888 artus
970 4836 1289 4905 spargeret.
1328 4835 1396 4887 Et
1422 4836 1657 4889 necatos

62 4925 245 4995 excepit
276 4927 483 4982 nolens
531 4929 685 4981 terra
728 4926 994 4996 conlisos,
1048 4930 1221 4999 atque
1271 4927 1483 4982 iterum
1533 4928 1658 4999 ipsa

63 5018 360 5075 mortalibus
386 5022 744 5093 sepulturam
782 5021 1046 5093 praebuit,
1081 5020 1178 5093 qui
1221 5021 1445 5092 pridem
1490 5024 1657 5077 natos

60 5107 173 5165 {este
196 5115 456 5187 suscepit.
491 5115 608 5171 Sub
636 5118 945 5187 conspectu
975 5118 1227 5170 matrum
1244 5116 1659 5187 premebantur

62 5205 244 5274 vagitus
284 5208 601 5279 infantum,
655 5212 714 5264 et
760 5210 1048 5281 lacrymas
1098 5226 1228 5264 suas
1266 5209 1325 5264 in
1360 5212 1657 5265 maternos

61 5298 217 5354 oculos
235 5303 628 5373 reportabant.
648 5303 908 5359 Salvator
927 5306 1125 5358 noster
1160 5302 1311 5358 inter
1348 5303 1659 5359 infantium

60 5390 228 5448 funera
275 5396 643 5467 quaerebatur
680 5413 692 5451 :
747 5396 847 5469 qui
888 5397 962 5451 ad
1006 5398 1116 5453 hoc
1154 5396 1419 5469 permisit
1450 5414 1555 5469 pro
1599 5414 1658 5453 se

63 5480 270 5543 infantes
297 5490 502 5558 occidi,
533 5494 596 5545 ut
632 5506 738 5562 pro
774 5490 899 5561 ipso
947 5489 1127 5545 ceteri
1166 5490 1454 5545 discerent
1488 5489 1655 5546 mori.

62 5573 304 5637 Natabant
328 5582 537 5638 domus
563 5583 846 5655 sanguine
874 5583 1244 5655 parvulorum
1267 5599 1280 5650 ;
1306 5599 1413 5637 nec
1434 5582 1545 5636 fuit
1563 5582 1661 5653 qui

60 5674 557 5732 consolarialterum
587 5680 801 5749 posset,
821 5676 958 5749 quia
979 5693 1097 5731 non
1117 5679 1242 5732 erat
1262 5674 1360 5747 qui
1379 5675 1663 5746 lacrymas

57 5777 150 5817 non
164 5765 413 5824 haberet.
445 5770 655 5827 Invicta
688 5770 906 5827 orbitas
940 5772 1174 5826 cunctos
1206 5769 1556 5842 aequaverat,
1605 5770 1664 5823 et

56 5870 327 5918 Commune
339 5863 559 5920 malum
573 5864 786 5939 ubique
797 5864 1042 5921 luctibus
1056 5860 1660 5936 gerebatur.0ppressi

116 5952 179 6023 (α)
199 5954 334 6014 Vide
361 5973 500 6032 pag.
529 5959 650 6019 184.

1756 4736 2022 4792 vinitore.
2051 4736 2180 4789 Haec
2212 4735 2411 4790 omnia
2442 4752 2615 4806 supra
2646 4735 2855 4790 scribta
2893 4736 3018 4805 tibi,
3067 4737 3397 4797 dulcissime

1756 4831 1858 4900 ﬁli,
1886 4848 1953 4885 ex
1985 4846 2117 4885 mea
2138 4830 2434 4884 voluntate
2480 4829 2569 4883 vel
2619 4845 2688 4883 ex
2736 4827 3194 4886 demandatione
3254 4836 3397 4890 divae

1758 4923 2063 4980 memoriae
2079 4922 2418 4978 Deorovaldi
2438 4922 2653 4977 habere
2674 4920 2962 4977 constitui.
2986 4922 3166 4977 Vinea
3199 4926 3307 4982 sita
3337 4929 3396 4982 in

1757 5021 1957 5074 monte
1984 5016 2177 5090 463
2205 5017 2401 5072 Me.....
2420 5032 2596 5089 quem
2628 5015 3073 5072 Habundancius
3100 5016 3255 5085 colit,
3281 5035 3400 5074 me-

1760 5113 2036 5168 dietatem
2064 5113 2277 5167 sanctae
2308 5111 2626 5166 ecclesiae...
2666 5110 2880 5165 eliense
2910 5110 3048 5166 dare
3080 5111 3349 5183 praecipio
3381 5128 3394 5167 :

1759 5206 1937 5262 aliam
1962 5205 2342 5261 medietatem
2369 5205 2442 5260 de
2481 5205 2609 5277 ipsa
2630 5204 2801 5260 vinea
2847 5204 3172 5260 dulcissimo
3200 5205 3397 5278 nepoti

1759 5317 1893 5356 meo
1947 5297 2268 5371 Bertigisilo
2310 5299 2528 5354 habere
2569 5300 2769 5370 jubeo.
2801 5298 2999 5369 Vinea,
3034 5316 3209 5370 quam
3232 5300 3398 5372 Agila

1760 5394 1981 5449 femina
2010 5392 2233 5461 tenuit;
2263 5394 2321 5447 et
2347 5392 2598 5461 vineam,
2629 5409 2806 5463 quam
2822 5392 3218 5449 Imnacharius
3239 5394 3394 5462 colit,

1764 5486 2105 5543 dulcissimae
2145 5486 2303 5558 nepti
2341 5502 2488 5541 mea:
2518 5488 2857 5541 Deorovarae
2887 5502 3020 5541 cum
3050 5486 3175 5560 ipso
3207 5490 3396 5543 Imna-

1763 5580 1958 5637 chario
1983 5581 2197 5636 habere
2216 5579 2507 5653 praecipio.
2527 5580 2953 5652 Vineaplantas,
2969 5580 3069 5652 qui
3091 5586 3225 5637 sunt
3240 5599 3402 5639 secus

1763 5674 1991 5730 vineam
2027 5674 2295 5744 Sevilam,
2337 5672 2666 5730 dulcissimo
2711 5673 2908 5745 nepoti
2942 5689 3077 5730 meo
3110 5675 3399 5732 Berterico

1763 5767 1979 5822 habere
2007 5767 2300 5840 praecipio.
2335 5768 2516 5824 Vinea
2542 5784 2717 5841 quem
2737 5767 3088 5824 Vincimalus
3116 5769 3176 5824 in
3197 5772 3398 5824 monte

1762 5858 2111 5919 Vultoricino
2139 5862 2292 5932 colit,
2323 5865 2380 5919 et
2398 5863 2609 5936 puella,
2645 5861 2885 5919 nomine
2907 5861 3316 5933 Sunnechilde,
3341 5863 3400 5917 et
