4006 6228
524 384 625 439 433

1320 336 1652 439 A-PPENDIX
1688 381 1777 436 AD
1812 382 2034 436 ΟΡΕΡιΑ
2072 381 2305 438 SANCTI
2344 384 2645 440 GERMANI
2684 384 3112 440 PARISIENSIS.

3794 391 3895 447 436

526 489 734 548 ancilla
759 490 999 547 nomine
1017 489 1231 560 Iverim,
1255 505 1387 545 eum
1405 488 1524 544 ﬁlio
1536 486 1796 544 Leudin
1817 487 2164 545 dulcissimae
2185 499 2245 575 Α
2262 491 2462 549 harius
2493 490 2756 548 similiter
2780 507 2913 547 cum
2943 491 3119 548 boves
3148 494 3212 547 ut
3231 491 3497 549 laborent
3513 493 3718 566 jubeo,
3749 497 3899 554 unde

526 603 684 643 noras
708 602 859 642 mem
878 586 1198 641 Bertovarae
1214 584 1429 638 habere
1444 582 1643 654 jubeo.
1666 583 1810 638 Item
1832 582 2159 640 dulcissimo

527 681 724 753 nepoti
748 696 881 735 meo
906 677 1241 749 Bertegisilo
1268 675 1535 732 ichriario
1564 680 1868 749 argenteo,
1902 680 1961 732 et
1989 694 2157 733 man-

527 775 676 847 cipia
706 774 793 829 his
824 771 1188 838 nominebus,
1218 770 1542 840 Sunniulfo,
1577 773 1637 825 et
1674 787 1872 827 sorore
1916 772 2040 843 ejus
2065 771 2158 828 Gi-

525 873 832 940 bethrude,
861 874 920 926 et
947 870 1093 925 ﬁlias
1129 869 1450 939 Anthimio,
1484 873 1542 925 et
1568 869 1687 926 ﬁlio
2070 889 2160 928 me

519 968 752 1041 juniore
801 966 1016 1021 habere
1062 964 1368 1020 constituo.
1414 965 1582 1037 Nepti
1632 982 1780 1020 meae
1822 967 2160 1021 Deorovarae

526 1063 762 1118 scutella
793 1061 1073 1131 argentea
1101 1058 1431 1127 cruciolata,
1460 1062 1519 1113 et
1539 1058 1828 1131 mancipia
1855 1058 1944 1114 his
1968 1059 2160 1115 nemi-

524 1157 725 1223 nebus,
761 1152 1170 1210 Tauechildem
1214 1153 1682 1225 Imnegunthem,
1724 1153 2157 1225 lmuegisilum;

523 1253 583 1307 et
604 1248 843 1304 lectaria
869 1248 943 1304 ad
967 1249 1118 1303 lecto
1146 1263 1263 1302 uno
1290 1246 1389 1318 qui
1416 1247 1628 1302 melior
1652 1247 1844 1315 fuerit,
1879 1250 1937 1301 et
1978 1234 2158 1317 puero

524 1342 763 1399 nomine
802 1340 1196 1409 Gundot‘redo,
1232 1342 1290 1395 et
1336 1340 1544 1395 ancilla
1592 1340 1827 1395 nomine
1870 1339 2158 1411 Theigun-

525 1438 684 1507 dem,
740 1453 967 1493 necnon
999 1439 1059 1490 et
1094 1435 1286 1506 puella
1328 1434 1562 1489 nomine
1590 1432 2010 1488 Andechildem
2036 1434 2161 1489 dari

524 1530 831 1588 constituo.
864 1527 1204 1585 Dulcissimo
1243 1528 1439 1599 nepoti
1475 1543 1607 1582 meo
1636 1527 1941 1595 Berterico,
1980 1544 2160 1599 puero

525 1624 762 1682 nomine
789 1622 1103 1695 Medigisilo
1136 1622 1350 1677 habere
1370 1620 1570 1692 jubeo.

595 1717 861 1774 Baselicis
890 1715 1211 1773 constitutis
1229 1713 1495 1782 Parisius,
1524 1714 1582 1768 id
1620 1717 1707 1768 est
1740 1713 2005 1770 baselica:
2038 1732 2164 1770 san-

525 1813 599 1870 cti
618 1811 793 1879 Petri,
822 1810 980 1866 urcio
1002 1811 1279 1880 argenteo
1300 1809 1529 1863 valente
1552 1808 1782 1863 soledus
1798 1808 2077 1877 duodece,
2104 1813 2162 1864 et
2180 1877 2218 1880 _
2262 1809 2603 1864 libertorum
2645 1823 2913 1862 meorum
2954 1823 3211 1862 nomena
3235 1807 3296 1862 in
3327 1849 3340 1863 .

2263 587 2456 643 oblata
2496 586 2567 641 ad
2609 585 2859 642 baselica
2897 585 3079 642 sancti
3125 585 3445 643 Sinsuriani
3483 605 3589 660 pro
3634 591 3898 663 requiem

2261 680 2605 737 Deorovaldi
2652 679 2945 736 offeretur.
2978 680 3163 737 Simili
3188 682 3366 737 modo
3393 682 3574 740 vineae
3614 684 3902 755 pedatura

2262 792 2398 843 una,
2431 775 2540 831 sita
2566 773 2925 843 Tauriniaco,
2953 778 3011 830 et
3035 792 3211 847 quem
3236 776 3419 848 Pinpo
3448 777 3603 846 colit,
3635 778 3903 836 baselica

2260 869 2560 926 Domui....
2586 868 2750 940 eorgi
2776 868 3041 941 (Georgii)
3071 870 3236 925 Cal...
3263 870 3436 942 (Gala)
3457 871 3580 928 dari
3601 872 3900 946 praecipio.

2260 965 2453 1021 Vineae
2498 962 2780 1035 pedatura
2811 980 2946 1031 una,
2976 962 3084 1019 sita
3115 964 3176 1041 in
3221 966 3419 1020 monte
3460 966 3695 1035 Buxata,
3730 983 3904 1039 quem

2258 1059 2452 1115 Juvius
2481 1056 2635 1125 colit,
2674 1056 2912 1112 ecclisiae
2942 1056 3371 1113 Boninsiaeinse
3416 1058 3540 1114 dari
3589 1060 3900 1116 constituo.

2262 1152 2460 1221 Vinea,
2490 1168 2665 1224 quem
2692 1150 2925 1207 Uvassio
2953 1151 3108 1220 colit,
3140 1167 3272 1207 cum
3295 1150 3418 1224 ipso
3449 1153 3785 1210 Uvassione.
3831 1196 3843 1209 .
3888 1195 3900 1211 .

2263 1357 2437 1412 quem
2473 1381 2486 1395 .
2532 1381 2543 1394 .
2591 1381 2604 1393 .
2651 1380 2663 1393 .
2710 1379 2723 1394 .
2769 1380 2782 1393 .
2827 1380 2840 1393 .
2886 1380 2898 1392 .
2928 1340 3117 1394 colere
3142 1339 3370 1408 debeat,
3404 1339 3669 1397 baselicse
3698 1341 3904 1398 domui

2262 1432 3902 1492 Sinsuriani........oblata........dari

2262 1527 2567 1584 constituo.
2582 1525 2774 1581 Vinea:
2789 1525 3073 1596 pedatura
3085 1542 3219 1593 una,
3235 1525 3341 1581 sita
3358 1526 3416 1582 in
3436 1531 3636 1584 monte
3663 1528 3901 1597 Blixata,

2263 1639 2438 1694 quem
2467 1619 2828 1676 Leudefredo
2858 1618 3011 1686 colit,
3033 1619 3295 1675 baselicae
3323 1621 3503 1676 sancti
3536 1663 3550 1676 .
3595 1663 3606 1677 .
3655 1663 3667 1678 .
3715 1664 3729 1677 .
3777 1664 3790 1677 .
3820 1640 3904 1678 ar-

2262 1715 2367 1770 tini
2393 1715 2537 1786 (Leg.
2570 1713 2816 1783 Martini)
2859 1712 2910 1766 ci
2940 1717 3183 1783 percute
3224 1714 3350 1769 dari
3382 1715 3561 1786 jubeo
3594 1757 3607 1771 .
3655 1757 3668 1769 .
3716 1757 3730 1771 .
3779 1758 3792 1769 .
3832 1758 3845 1771 .
3889 1757 3902 1771 .

3387 1850 3400 1864 .
3446 1850 3460 1865 .
3501 1851 3515 1865 .
3547 1812 3906 1866 testamento

521 1908 659 1963 ﬁbla
684 1877 859 1961 aurea
902 1877 1197 1976 gemmata
1225 1901 1299 1957 ad
1323 1904 1523 1957 mento
1550 1901 1676 1956 dari
1721 1901 2028 1958 constituo.
2053 1903 2159 1958 Ba-
2180 1877 2237 1950 B
2260 1903 2394 1957 abin
2427 1943 2440 1958 .
2485 1944 2499 1957 .
2544 1943 2559 1956 .
2603 1942 2616 1956 .
2665 1943 2678 1957 .
2711 1901 2783 1955 cti
2829 1900 3115 1956 constituo
3157 1901 3586 1975 Medibergane,
3622 1905 3903 1969 Honorio,

524 2001 711 2057 selicm
733 1999 964 2054 domum
992 1996 1179 2053 Mariae
1207 2000 1447 2068 gravata
1478 1997 1755 2066 argentea
1790 1996 2019 2052 valente
2052 1998 2155 2052 sol.

525 2094 804 2162 duodece,
835 2094 893 2145 et
920 2108 1086 2146 cruce
1120 2107 1298 2146 aurea
1322 2091 1551 2145 valente
1573 2090 1676 2144 sol.
1701 2092 1883 2161 septe,
1916 2090 2041 2144 dari
2064 2090 2156 2161 ju-

522 2189 652 2244 beo.
683 2184 949 2241 Βεεθιίοω
975 2183 1175 2239 domui
1202 2183 1424 2240 Stefani
1445 2183 1617 2239 auolo
1654 2199 1830 2238 aureo
1884 2183 2159 2254 nigellato

520 2282 748 2337 valente
768 2280 873 2334 sol.
908 2281 1177 2351 quatuor,
1206 2277 1331 2332 dari
1361 2278 1509 2333 volo.
1538 2275 1788 2332 Basilicas
1806 2276 2010 2332 domui
2029 2277 2163 2332 Ger-

521 2375 642 2431 vasi
675 2376 847 2431 anolo
888 2388 1087 2440 aureo,
1139 2388 1358 2426 nomen
1391 2387 1589 2426 meum
1636 2369 1695 2424 in
1735 2387 1795 2425 se
1844 2371 2161 2425 habentem

520 2469 816 2535 scribtum,
846 2465 971 2522 dari
997 2465 1288 2537 praecipio.
1314 2464 1579 2519 Baselicae
1620 2464 1802 2520 sancti
1841 2463 2163 2520 Sinsuriani

525 2561 678 2635 (Sic),
696 2560 757 2616 in
789 2577 903 2632 qua
932 2559 1102 2615 bonae
1128 2557 1545 2614 recordationis
1574 2558 1724 2614 ﬁlius
1750 2573 1914 2612 meus
1944 2559 2161 2614 Deoro-

520 2654 720 2711 valdus
744 2652 1071 2725 requiescit,
1103 2654 1268 2707 freno
1296 2653 1524 2711 valente
1551 2653 1655 2708 sol.
1690 2651 1969 2719 duodece,
1998 2654 2057 2706 et
2076 2668 2165 2707 ca-

521 2749 676 2804 ballo
704 2749 905 2815 strato,
935 2750 995 2802 et
1019 2762 1255 2801 carruca
1271 2745 1329 2799 in
1350 2762 1467 2817 qua
1488 2745 1691 2801 sedere
1711 2743 2000 2812 consuevi,
2028 2761 2161 2799 cum

521 2843 733 2909 boves;
756 2843 816 2896 et
859 2840 1097 2896 lectaria
1126 2855 1258 2895 eum
1291 2838 1451 2895 omni
1486 2841 1738 2894 stratura
1761 2854 1884 2906 sua,
1914 2854 2020 2911 pro
2060 2838 2161 2894 de-

521 2935 753 2992 votione
780 2950 913 2990 mea
939 2936 998 2989 et
1038 2933 1301 3005 requiem
1335 2931 1676 2989 Deorovaldi
1706 2931 1830 2986 dari
1869 2931 2161 3004 praecipio.

522 3029 651 3085 Alia
679 3043 918 3085 carruca
945 3043 1076 3081 cum
1121 3027 1296 3082 boves
1326 3027 1415 3081 vel
1443 3024 1604 3082 omni
1642 3027 1893 3080 stratura
1920 3042 2042 3093 sua,
2070 3043 2164 3081 ec-

524 3122 697 3178 elisiee
733 3120 841 3176 vici
886 3119 1289 3175 Boniciacinsis
1319 3119 1444 3175 dari
1472 3118 1672 3189 jubeo.
1701 3118 1977 3173 Similiter
2003 3118 2164 3174 villa-

524 3232 670 3283 rem,
718 3214 808 3269 cui
846 3213 1186 3269 vocabulum
1225 3216 1312 3268 est
1345 3213 1627 3279 Volonuo,
1668 3228 1798 3266 cum
1837 3211 2163 3283 adjacentia

525 3325 648 3377 sua,
672 3324 843 3380 supra
876 3307 1099 3363 scribta:
1135 3304 1373 3362 ecclisise
1401 3304 1806 3372 Bonisiaciuse,
1838 3322 1942 3377 pro
1967 3322 2159 3361 reme-

525 3402 686 3459 dium
732 3401 945 3458 animae
985 3417 1132 3457 mea:
1174 3400 1390 3455 habere
1426 3398 1719 3471 praecipio.
1772 3401 2160 3456 Sacrosanetae

525 3496 778 3552 ecclesia
804 3495 1047 3552 civitatis
1073 3492 1424 3551 Parisiorum
1456 3492 1721 3549 missorio
1748 3496 2048 3565 argenteo,
2068 3509 2161 3549 va-

523 3592 680 3645 lente
734 3591 836 3645 sol.
883 3585 1326 3660 quinquaginta,
1377 3585 1504 3641 dari
1561 3585 1850 3658 praecipio.
1890 3587 2160 3642 Baseliete

525 3687 736 3739 sanctae
765 3684 974 3740 Cruces
1004 3682 1093 3735 vel
1122 3679 1336 3735 Domni
1360 3679 1619 3735 Vincenti
1662 3681 1931 3736 cocliaria
1957 3696 2161 3751 argen-

527 3781 621 3833 tea
649 3778 788 3833 deee
815 3776 942 3832 dari
957 3774 1156 3845 jubeo.
1179 3773 1439 3828 Lectaria
1462 3790 1567 3844 par
1588 3790 1723 3842 uno,
1752 3777 1811 3828 et
1834 3772 2163 3829 vestimenti

526 3871 642 3927 mei
671 3871 901 3943 pareclo
929 3884 1045 3922 uno
1076 3866 1349 3922 fratribus
1376 3867 1450 3922 ad
1474 3868 1664 3923 minsa
1693 3866 1956 3922 baselica:
1979 3867 2164 3922 sancti

527 3964 749 4021 Dionisi
798 3962 923 4018 dari
966 3960 1258 4033 praecipio.
1290 3960 1416 4016 Alia
1452 3962 1671 4033 parielo
1716 3960 2047 4015 vestimenti
2088 3960 2165 4016 ad

526 4059 650 4115 vico
681 4056 979 4114 Bonisiaca
1014 4053 1287 4109 fratribus
1317 4053 1441 4110 dari
1470 4053 1662 4127 464
1689 4053 1993 4110 constituo.
2027 4056 2162 4109 Ter-

528 4152 610 4209 tio
641 4151 856 4225 parielo
893 4148 1222 4203 vestimenti
1262 4149 1470 4205 Emilia
1513 4148 1587 4202 ad
1631 4146 1753 4203 vico
1795 4147 1920 4202 dari
1961 4147 2161 4219 jubeo.

528 4250 675 4302 Item
706 4261 810 4317 pro
837 4241 1161 4298 remedium
1192 4260 1414 4299 auemte
1442 4257 1608 4308 meas,
1630 4241 1718 4295 vel
1751 4258 1817 4295 ex
1846 4240 2166 4296 demanda-

528 4341 695 4397 cione
710 4340 880 4393 bonae
898 4337 1320 4394 recordaciouis
1340 4337 1421 4392 ﬁli
1440 4335 1557 4391 mei
1577 4333 1923 4390 Deorovaldi
1946 4335 2163 4402 villam,

531 4430 623 4486 cui
649 4427 989 4484 vocabulum
1019 4430 1106 4483 est
1129 4428 1444 4493 Latiniaco,
1478 4423 1588 4478 sita
1620 4423 1680 4478 in
1708 4423 2001 4479 territurio
2030 4424 2167 4479 Mel-

531 4524 716 4591 dinse,
740 4538 873 4576 cum
885 4522 1119 4595 campis,
1144 4519 1431 4578 colonecis
1451 4516 1524 4571 ad
1543 4516 1752 4572 eadem
1786 4518 2164 4589 pertinentes,

2258 1996 2714 2063 Guudileubane,
2756 1993 2952 2062 Piaue,
2998 1994 3329 2050 Sumthulfo
3372 1996 3726 2065 Ciuccirane,
3776 1997 3906 2053 ﬂic-

2259 2090 2538 2157 chicione,
2560 2090 2718 2144 Maxa
2769 2105 2943 2163 uxore
2981 2089 3323 2162 Chioberga,
3356 2089 3699 2159 Sinderedo,
3732 2092 3909 2163 Augi-

2260 2185 2414 2251 lone,
2460 2181 2819 2239 Leudefredo
2859 2199 2991 2237 cum
3034 2199 3209 2238 uxore
3245 2184 3624 2252 Vuandilone,
3652 2185 3906 2241 Chaide-

2260 2294 2427 2346 ruua,
2451 2276 2822 2342 Childeruua,
2853 2277 3293 2349 Thrasteberga,
3326 2278 3787 2347 Theodachario,
3815 2279 3907 2334 Vi-

2263 2370 2399 2443 gilio
2424 2387 2558 2426 cum
2586 2386 2760 2425 uxore
2785 2370 3068 2439 Suunine,
3095 2372 3319 2443 Agione
3346 2389 3475 2427 cum
3493 2373 3610 2428 ﬁlio
3629 2390 3734 2429 suo
3753 2374 3908 2430 Gari«

2261 2466 2421 2533 lulfo,
2448 2463 2767 2520 Vincimalo
2811 2481 2944 2519 cum
2990 2481 3163 2521 uxore
3202 2466 3493 2533 Maurella,
3522 2466 3737 2522 Mellita
3775 2482 3905 2522 cum

2262 2560 2378 2614 ﬁlio
2410 2576 2511 2614 suo
2533 2557 2787 2629 juniore,
2816 2558 3097 2614 Coccioue
3123 2575 3255 2614 cum
3296 2560 3415 2614 ﬁlio
3464 2577 3565 2616 suo
3603 2560 3904 2632 Daigisilo,

2260 2652 2545 2709 Mudilane
2576 2668 2707 2707 eum
2735 2651 2866 2706 ﬁliis
2895 2651 3009 2707 suis
3036 2652 3373 2724 Muuegisilo
3402 2656 3459 2708 et
3492 2654 3904 2723 Monechrude,

2260 2745 2570 2813 Acchione,
2602 2747 2858 2809 Bonane,
2885 2745 3332 2814 Leubosaintho,
3361 2745 3586 2803 Gibulfo
3609 2748 3731 2803 ﬁlio
3753 2748 3905 2820 Vigi-

2264 2840 2361 2895 lio.
2392 2842 2806 2907 Dommoruna,
2837 2839 3290 2907 Childerimane,
3324 2840 3567 2909 Basoue,
3609 2841 3908 2913 Childegi-

2264 2934 2403 3001 selo,
2437 2933 2881 3004 Childegunthe.
2914 2933 3230 2989 Chrodulfo
3260 2975 3274 2989 .
3319 2975 3333 2989 .
3381 2977 3395 2991 .
3442 2976 3454 2990 .
3480 2933 3671 3008 465
3707 2936 3911 2991 Sinde-

2263 3027 2552 3098 bergane,’
2598 3025 2977 3094 Monechilde,
3029 3028 3263 3082 Eterno
3288 3069 3301 3095 ,
3356 3028 3749 3096 Bauderuna;
3806 3030 3910 3085 hos

2265 3136 2471 3175 omnes
2523 3136 2655 3175 eum
2686 3119 2848 3175 omni
2895 3120 3187 3192 peculiare
3228 3138 3451 3189 eorum,
3497 3125 3619 3177 tam
3657 3124 3908 3190 areolas,

2264 3214 2556 3286 hospitio],
2581 3214 2915 3283 ahortellus,
2944 3215 3031 3269 vel
3052 3213 3327 3284 vineolas,
3357 3218 3417 3270 et
3434 3232 3566 3270 cum
3585 3215 3647 3271 id
3660 3217 3826 3288 quod
3852 3217 3910 3272 in

2264 3307 2609 3379 quibuslibet
2636 3308 2809 3362 rebus
2837 3308 3051 3364 habere
3081 3307 3367 3378 videntur,
3401 3309 3612 3366 liberos
3664 3309 3907 3365 liberas-

2261 3418 2371 3472 que
2403 3418 2528 3456 esse
2553 3401 2854 3473 praecipio;
2888 3405 2946 3456 et
2961 3400 3245 3473 quidquid
3271 3401 3478 3458 exinde
3507 3404 3698 3459 facere
3719 3406 3911 3460 volue-

2259 3494 2396 3561 rint,
2423 3494 2679 3549 habeant
2706 3494 2954 3549 liberam
2984 3498 3354 3566 potestatem.

2333 3587 2612 3644 Similiter
2651 3587 2977 3644 Mumolane
3013 3606 3145 3643 cum
3178 3589 3340 3645 omni
3366 3590 3657 3662 peculiare
3685 3608 3789 3647 suo
3819 3592 3906 3647 in-

2263 3698 2522 3753 genuum
2545 3698 2669 3737 esse
2684 3681 2956 3754 praecipio
2980 3699 2994 3738 :
3015 3683 3327 3739 luminaria
3338 3687 3566 3740 tantum
3579 3686 3639 3740 iu
3667 3687 3910 3742 ecclesia

2264 3774 2562 3830 Bonisiaca
2608 3774 2937 3830 ministrare
2988 3776 3234 3832 stodeat.
3276 3778 3723 3835 Vualacharium
3775 3797 3909 3836 cum

2264 3868 2428 3924 omni
2458 3867 2748 3940 peculiare
2772 3885 2896 3936 suo,
2912 3872 2972 3923 et
2991 3885 3123 3923 cum
3140 3870 3316 3925 boves
3338 3887 3482 3941 quos
3496 3871 3738 3943 bajolat,
3754 3874 3912 3945 inge—

2264 3979 2447 4018 nuum
2470 3979 2540 4017 ea
2569 3961 2910 4018 condicione
2938 3978 3061 4017 esse
3084 3963 3284 4034 jubeo,
3315 3967 3377 4018 ut
3401 3963 3558 4036 ligna
3576 3969 3808 4022 tantum
3836 3968 3911 4023 ad

2267 4057 2459 4112 oblata
2483 4055 2818 4111 faciendum
2842 4055 3174 4112 ministrare
3206 4061 3495 4129 procuret.
3536 4059 3911 4116 Gundefredo

2267 4166 2397 4205 cum
2422 4150 2597 4205 boves
2614 4149 2759 4205 duos
2784 4148 3050 4205 laborare
3071 4150 3361 4223 praecipio,
3386 4152 3539 4207 unde
3566 4169 3699 4209 cera
3720 4154 3796 4209 ad
3816 4155 3915 4210 ba-

2268 4243 2439 4298 selica
2487 4243 2688 4300 domui
2734 4243 3055 4300 Sinsuriani
3099 4249 3487 4316 comparetur.
3540 4246 3912 4316 Martiniano,

2266 4336 2646 4393 Theoderuna
2685 4354 2817 4393 eum
2855 4337 2974 4394 ﬁlio
3018 4355 3119 4393 suo
3156 4338 3406 4408 seniore,
3439 4356 3569 4396 cum
3618 4342 3915 4413 peculiare

2268 4448 2491 4499 eorum,
2513 4432 2659 4487 sicut
2676 4449 2847 4504 supra
2870 4432 3459 4502 scribtibenemereti,
3482 4435 3773 4507 ingenuos
3786 4453 3913 4492 esse

2260 4525 2458 4595 jubeo.
2492 4524 2676 4580 Simili
2700 4525 2877 4581 modo
2907 4542 3011 4597 pro
3058 4526 3383 4582 remedium
3414 4527 3627 4583 animae
3656 4546 3825 4597 meae,
3855 4535 3915 4584 et

531 4633 664 4673 cum
695 4616 872 4688 pratis
900 4617 1141 4689 pascuis,
1172 4613 1343 4679 silvis,
1366 4611 1455 4665 vel
1483 4609 1645 4676 omni
1665 4610 1797 4682 jure
1828 4615 1886 4667 et
1915 4612 2164 4669 termino
2184 4620 2244 4695 D
2269 4635 2337 4673 ex
2361 4617 2815 4674 demandatione
2845 4619 2926 4673 ﬁli
2943 4619 3058 4675 mei
3083 4620 3444 4688 Deorovaldi,
3477 4621 3737 4693 Gygone,
3779 4623 3915 4694 Sep-

533 4728 657 4779 suo,
689 4710 821 4783 quia
840 4710 899 4767 in
924 4711 1191 4784 portione
1219 4720 1393 4775 supra
1417 4704 1728 4760 memorati
1752 4704 1853 4759 ﬁlii
1880 4705 1996 4760 mei
2016 4707 2163 4763 Deo-

530 4804 751 4861 rovaldi
796 4806 1055 4872 obvenit,
1106 4814 1237 4854 cum
1285 4796 1447 4852 omni
1503 4797 1835 4869 integritate
1901 4799 2164 4856 baselicae

534 4899 715 4955 sancti
740 4895 1078 4960 Sinsuriani,
1114 4890 1209 4945 ubi
1242 4892 1536 4963 sepultura
1566 4892 1781 4948 habere
1826 4892 2163 4963 dinuscitur,

533 5009 635 5065 pro
664 4994 925 5066 requiem
948 4989 1072 5059 ejus
1100 4985 1227 5041 dari
1246 4985 1537 5058 praecipio.
1566 4985 1845 5041 Similiter
1876 4986 2163 5057 porcario,

533 5088 766 5143 nomine
795 5082 1095 5148 Gudilaue,
1142 5096 1273 5134 cum
1307 5079 1531 5151 gregim
1563 5096 1892 5151 porcorum,
1926 5082 1984 5135 et
2021 5081 2164 5137 Bau-

532 5182 773 5238 domere
796 5192 928 5233 cum
951 5173 1176 5245 gregim
1200 5172 1412 5240 ovium,
1436 5177 1493 5227 et
1513 5177 1719 5246 troppo
1739 5174 2165 5245 jumentorum,

532 5276 629 5348 qui
662 5275 794 5330 sunt
824 5269 898 5324 ad
929 5283 1102 5339 supra
1144 5267 1354 5338 scripta
1383 5265 1516 5323 villa
1548 5267 1863 5337 Latiniaco,
1905 5269 2166 5342 supradi-

530 5373 636 5425 ctae
656 5362 921 5423 baselicaa
946 5360 1125 5417 sancti
1158 5359 1478 5416 Sinsuriani
1496 5360 1713 5417 habere
1730 5362 1931 5434 jubeo.

603 5458 883 5518 Goderieo
912 5460 972 5513 et
993 5456 1313 5513 Gunderico
1340 5456 1400 5512 in
1429 5474 1603 5529 supra
1628 5456 1905 5530 scriptam
1950 5458 2165 5528 villam,

530 5569 706 5630 quem
733 5552 995 5607 baselicae
1018 5551 1217 5607 domui
1243 5550 1564 5608 Sinsuriani
1593 5551 1862 5624 deligavi,
1896 5551 1976 5608 ita
1989 5552 2168 5624 jubeo

530 5653 593 5705 ut
622 5647 906 5715 laborent,
940 5646 1093 5702 unde
1129 5645 1204 5701 ad
1254 5645 1379 5718 ipsa
1421 5645 1672 5701 basileea
1710 5645 1906 5702 oblata
1946 5645 2170 5702 cotidiee

530 5741 903 5798 ministretur.
927 5740 1207 5797 Leudulfo
1225 5756 1358 5795 eum
1375 5738 1563 5809 vinea,
1592 5755 1767 5811 quem
1791 5739 2059 5796 Sabucito
2081 5757 2172 5796 co-

526 5836 609 5902 lit,
639 5835 711 5889 ad
741 5836 1014 5905 oraturio,
1044 5834 1147 5907 qui
1177 5836 1264 5889 est
1288 5832 1348 5888 iu
1379 5832 1511 5888 villa
1543 5832 1856 5901 Latiniaco,
1890 5833 2044 5889 unde
2069 5832 2171 5890 ibi-

529 5927 661 5986 dem
696 5929 887 5987 oblata
908 5930 1196 5996 occurrat,
1226 5926 1352 5983 dari
1375 5926 1524 5982 volo.
1552 5926 1883 5995 Baudulfus,
1908 5926 2173 5985 Sumtha-

2266 4711 2467 4766 teredo
2484 4727 2616 4766 cum
2642 4728 2818 4767 uxore
2844 4712 3172 4782 Goderuna,
3200 4714 3610 4783 Theodouivia,
3636 4716 3915 4772 Baudoni-

2265 4804 2375 4873 via,
2403 4806 2645 4873 Carane,
2675 4805 2920 4861 Patricio
2956 4822 3087 4862 cum
3119 4825 3296 4865 uxore
3334 4809 3597 4877 Eusebia,
3633 4810 3912 4881 Dagarico

2267 4915 2397 4953 cum
2424 4915 2599 4954 uxore
2634 4900 2943 4968 Aurovefa,
2975 4900 3330 4970 Ciuncileno,
3372 4902 3760 4959 Blidemundo
3782 4921 3914 4959 cum

2267 4992 2384 5048 ﬁlia
2423 4992 2794 5061 Blidechilde,
2825 4994 3169 5063 Mauileubo,
3221 4996 3536 5064 Trasilaue,
3580 4997 3914 5063 Eumuudo,

2268 5085 2572 5141 Imneredo
2630 5102 2762 5141 cum
2805 5103 2980 5142 uxore
3028 5088 3278 5159 Torigia,
3338 5090 3643 5158 Chadulfo,
3693 5090 3913 5159 Aridia,

2224 5186 2241 5197 ’
2268 5180 2611 5248 Rocculane,
2642 5180 2983 5248 Babiccono,
3001 5181 3350 5239 Gunthivera
3374 5200 3388 5251 ;
3412 5184 3519 5238 hos
3549 5200 3755 5240 omnes
3781 5201 3913 5240 cum

2270 5271 2431 5327 omni
2460 5272 2768 5343 peculiare,
2804 5276 2926 5329 tam
2962 5276 3205 5344 areolas,
3256 5293 3432 5348 quam
3468 5276 3805 5348 liospiciola,
3831 5277 3912 5333 vi-

2271 5366 2468 5422 neolas
2494 5367 2582 5422 vel
2605 5367 2902 5435 hortellus,
2936 5384 3068 5424 cum
3086 5369 3145 5425 id
3173 5370 3327 5442 quod
3348 5370 3619 5442 praesenti
3645 5373 3915 5442 tempore

2270 5460 2485 5515 habere
2516 5460 2802 5525 videntur,
2829 5461 3120 5533 ingenuus
3143 5480 3266 5519 esse
3301 5464 3609 5532 constituo,
3632 5464 3915 5520 Baudulfo

2270 5556 2329 5609 et
2343 5554 2777 5625 Sumthahario,
2806 5573 2939 5613 cum
2969 5556 3145 5612 boves
3171 5574 3316 5630 quos
3334 5558 3618 5630 bajolant,
3645 5558 3917 5615 laborare

2270 5648 2560 5722 praecipio,
2587 5650 2739 5706 unde
2762 5651 2957 5707 oblata
2986 5650 3059 5705 ab
3082 5650 3336 5707 baselica
3360 5651 3570 5708 Domni
3590 5651 3919 5708 Sinsuriani

2264 5742 2486 5815 jugiter
2511 5744 2891 5800 ministretur.
2938 5746 3025 5800 Ita
3066 5744 3161 5812 do,
3189 5745 3272 5801 ita
3298 5745 3437 5817 ligo,
3476 5745 3557 5801 ita
3604 5748 3805 5814 testor,
3838 5746 3919 5802 ita

2272 5853 2373 5891 vos
2400 5836 2545 5893 mihi
2576 5836 2809 5903 Quiritis
2848 5837 3248 5894 testimonium
3285 5838 3679 5911 perhibetote;
3728 5840 3916 5905 citeri,

2272 5929 2580 6004 citeraeque
2605 5931 2870 6003 proximi,
2898 5931 3636 6007 proximaeque,,exheredis
3663 5934 3817 5992 mihi
3836 5952 3919 5991 es~
