4006 6228
134 358 215 410 i3?
762 356 851 413 AD
894 357 1381 414 ΡΒιΕΟΕῡΕΝΤΙΑ
1420 359 1752 416 LITURGLE

1858 361 2205 418 )NUMENTA
2245 364 2581 421 APPENDIX
2619 366 2844 423 PRIMA.

3384 376 3487 432 438

127 474 236 527 tote
262 486 275 526 :
308 469 631 543 proculque
658 468 932 526 habetote
964 468 1009 525 si
1038 486 1167 542 qua:
1191 469 1377 524 liturte
1402 470 1491 524 vel
1523 487 1754 528 caraxa-
1779 478 1839 554 Α
1863 470 2174 527 Germania
2203 473 2385 528 Pratis
2410 489 2563 537 mss.,
2592 475 2750 539 ibid,
2786 478 2845 531 in
2880 474 3040 533 Coena
3072 480 3327 553 Domini).
3360 483 3496 540 Post

130 572 258 623 turre
280 564 341 620 in
372 564 487 621 hoc
514 567 864 621 testamento
894 581 1028 620 meo
1060 568 1212 633 sunt,
1236 582 1346 636 ego
1374 565 1482 621 feci
1513 566 1755 641 fierique

131 658 378 734 praecipi,
424 659 570 714 dum
616 658 761 714 mihi
807 660 1014 731 saepius
1054 659 1208 715 volui
1261 658 1566 715 recenseri.
1607 660 1758 716 Addi

131 755 291 810 etiam
329 753 627 823 constitui,
665 754 711 809 si
747 754 873 825 quis
911 756 1112 809 contra
1150 754 1304 809 hunc
1340 757 1756 810 testamentum

130 848 308 904 venire
326 848 597 916 voluerit,
621 850 721 904 aut
738 849 1098 904 voluntatem
1124 864 1319 903 meam
1342 847 1400 903 in
1422 847 1615 920 aliquo
1637 865 1758 904 cor-

129 958 383 1014 rumpere
408 942 804 1014 temptaverit,
839 960 873 997 a
899 941 1311 997 communione
1338 942 1602 998 omnium
1622 959 1754 998 san-

129 1042 337 1092 ctorum
365 1039 424 1091 et
454 1054 490 1091 a
515 1036 842 1091 limenebus
869 1036 1239 1092 ecclesiarum
1259 1037 1556 1092 efﬂceatur
1576 1039 1758 1093 extra-

132 1149 276 1197 neus,
312 1134 370 1186 et
404 1130 648 1202 insuper
682 1132 817 1186 ante
848 1130 1101 1186 tribunal
1127 1130 1338 1187 Christi
1363 1130 1757 1187 anathimatus

129 1227 477 1297 permaneat.
495 1226 703 1279 Actum
722 1223 972 1280 Parisius
991 1225 1095 1280 sub
1114 1224 1207 1280 die
1224 1228 1282 1280 et
1298 1227 1560 1297 tempore
1583 1242 1757 1298 supra

128 1319 341 1389 scripto.
358 1317 611 1389 Signum
623 1326 660 1390 -ι-
677 1318 1160 1374 Erminethrudite
1182 1318 1505 1374 testatricis.
1529 1318 1567 1382 οἱ·
1581 1321 1757 1376 Mum-

128 1413 297 1467 molus
344 1428 524 1479 com.,
574 1415 820 1484 rogante
865 1416 925 1467 et
970 1415 1255 1483 praesente
1304 1414 1753 1482 Ermenthrude,

126 1507 264 1560 hunc
285 1508 705 1561 testamentum
733 1506 884 1561 subs.
910 1506 1161 1579 Scupilio
1184 1506 1487 1579 spataritls,
1510 1510 1754 1579 rogante

126 1598 620 1668 Erminethrudiee,
647 1599 779 1654 huic
808 1602 1224 1654 testamentum
1256 1599 1407 1654 subs.
1439 1617 1534 1655 no.
1569 1599 1661 1655 die
1698 1603 1757 1655 et

125 1709 265 1747 anno
305 1693 517 1764 quibus
556 1710 748 1764 supra.
783 1692 1188 1764 Munegiselus,
1226 1695 1470 1763 rogante
1512 1696 1569 1747 et
1606 1710 1753 1765 pra:-

125 1790 270 1841 sente
294 1786 833 1855 Ermminethrude,
857 1788 1011 1841 hunc
1038 1790 1458 1842 testamentum
1479 1788 1609 1842 test.
1629 1828 1641 1840 .
1667 1828 1679 1841 .
1702 1828 1715 1841 .
1738 1828 1751 1841 .

126 1896 209 1934 no.
237 1878 329 1934 die
362 1883 422 1935 et
447 1879 648 1953 466
677 1853 831 1935 anno
866 1879 1072 1952 quibus
1098 1897 1292 1952 supra.
1332 1879 1755 1935 Baudacharius
1776 1853 1832 1926 B

126 1974 383 2029 defensor
416 1975 575 2029 subs.
606 1974 882 2030 Eusebius
922 1977 1158 2046 rogatus
1200 1975 1272 2029 ab
1305 1973 1754 2030 Erminethrude

126 2069 262 2122 hunc
292 2070 711 2124 testamentum
744 2070 962 2141 scripsi,
997 2068 1178 2140 relegi
1207 2072 1266 2124 et
1292 2068 1444 2123 subs.

186 2164 265 2217 E1:
290 2166 611 2219 testamento
634 2166 812 2220 sancti
836 2165 1068 2231 Remigii
1084 2164 1403 2219 Rhemorum
1426 2163 1681 2233 episcopi.

186 2258 290 2311 Vas
319 2260 672 2329 argenteum
705 2258 909 2313 decem
942 2261 1000 2313 et
1029 2259 1157 2312 octo
1188 2257 1467 2311 librarum
1498 2256 1650 2312 inter
1674 2261 1752 2326 te,

128 2352 278 2405 heres
321 2367 456 2406 mea
500 2351 760 2421 (Ecclesia
801 2351 1131 2421 Rhemensis)
1172 2354 1231 2405 et
1264 2350 1557 2405 dimcesim
1594 2354 1755 2407 tuam

130 2446 412 2499 ecclesiam
442 2446 909 2513 Laudunensem,
936 2445 1101 2500 factis
1128 2445 1210 2516 (id
1237 2450 1315 2500 est
1340 2444 1632 2516 faciendis)
1660 2461 1758 2516 pa-

130 2538 259 2592 tenis
284 2540 460 2610 atque
488 2539 762 2594 calicibus
783 2540 857 2594 ad
885 2538 1274 2593 ministerium
1302 2540 1753 2607 sacrosanctum,

130 2635 282 2702 prout
318 2634 493 2701 valui,
537 2635 653 2689 Deo
690 2636 985 2688 annuente
1017 2632 1301 2687 distribui.
1335 2632 1503 2687 Aliud
1534 2649 1633 2687 vas
1661 2648 1752 2687 ar-

130 2728 408 2795 genteum,
443 2727 603 2798 quod
642 2726 785 2781 mihi
824 2729 1078 2783 Domnus
1113 2725 1347 2781 illustris
1377 2726 1756 2782 Chludovicus

129 2822 305 2889 (quem
341 2820 414 2875 de
454 2838 621 2876 sacro
654 2821 1018 2893 baptismatis
1056 2820 1216 2876 fonte
1253 2819 1496 2891 suscepi)
1534 2819 1754 2875 donare

128 2912 383 2983 dignatus
404 2917 512 2982 est,
538 2914 643 2969 tibi
668 2914 871 2969 heredi
892 2931 1038 2968 mese
1068 2913 1321 2969 ecclesias
1343 2930 1515 2985 supra
1536 2930 1756 2969 memo-

130 3007 441 3077 rataajubeo
463 3008 807 3064 turriculum
831 3011 889 3063 et
907 3008 1293 3079 imaginatum
1318 3007 1556 3063 calicem
1581 3008 1656 3080 (a)
1674 3008 1755 3063 fa-

126 3100 341 3157 bricari.
382 3144 395 3156 .
440 3144 454 3156 .
495 3144 509 3157 .
548 3102 810 3171 Vineam,
840 3118 1017 3173 quam
1057 3100 1433 3157 Bebrimodus
1464 3102 1619 3170 facit,
1649 3102 1753 3157 tibi

128 3197 353 3250 eatenus
376 3195 743 3268 derelinquo,
766 3199 830 3250 ut
850 3196 1053 3250 diebus
1078 3194 1237 3251 festis
1264 3198 1322 3250 et
1347 3195 1618 3251 omnibus
1639 3197 1750 3251 Do-
1773 3227 1828 3301 Ο

127 3287 360 3357 minicis,
378 3289 557 3345 sacris
578 3290 855 3345 altaribus
874 3306 1006 3345 mea
1024 3288 1302 3345 offeratur
1321 3288 1535 3345 oblatio
1549 3289 1644 3361 (b).
1664 3330 1676 3343 .
1699 3332 1711 3345 .
1735 3330 1749 3345 .

128 3381 352 3438 Vineam
385 3383 482 3451 do,
517 3399 692 3455 quam
724 3382 887 3455 posui
911 3382 1290 3451 Vindonissaa,
1324 3383 1428 3438 sub
1454 3400 1524 3439 ea
1551 3383 1751 3439 condi-

129 3474 293 3543 tione,
322 3481 385 3532 ut
417 3495 452 3532 a
491 3477 752 3549 patribus
783 3478 918 3546 suis,
951 3477 1220 3533 omnibus
1254 3477 1457 3533 diebus
1490 3477 1649 3533 festis
1689 3494 1755 3533 ac

128 3570 441 3639 Dominicis,
471 3589 580 3643 pro
612 3571 1171 3628 commemoratione
1202 3588 1334 3627 mea
1364 3571 1539 3628 sacris
1564 3570 1756 3627 altari-

126 3661 223 3717 bus
249 3664 525 3721 offeratur
553 3665 791 3722 oblatio.

448 3784 536 3836 VI.
579 3798 901 3839 FRAGMENTA
941 3798 1414 3839 cnneuouunwu.

128 3876 195 3927 De
234 3879 483 3944 passione
542 3892 653 3931 non
713 3877 937 3944 legenda
1002 3877 1279 3932 Dominica
1327 3876 1642 3931 Palmarum
1692 3877 1753 3931 in

636 3949 817 4003 missis
854 3950 1093 4018 privatis
1139 3947 1222 4019 (c).

193 4040 486 4105 Dominica
515 4041 573 4095 in
600 4040 830 4096 Palmis.
858 4083 870 4095 .
904 4083 917 4095 .
946 4082 958 4094 .
992 4082 1005 4095 .
1035 4040 1377 4096 Sacerdotes
1402 4039 1476 4095 ad
1502 4040 1752 4111 privatas

133 4133 319 4189 missas
356 4152 537 4190 unam
580 4137 809 4190 tantum
856 4134 1170 4190 Collectam
1219 4133 1442 4201 dicant;
1490 4135 1747 4205 Evange-

131 4225 257 4282 lium
291 4245 305 4283 :
338 4229 471 4285 Cum
504 4231 1037 4299 appropinquasset;
1074 4228 1406 4300 passionem
1443 4228 1632 4282 nullus
1668 4228 1747 4281 le-

133 4323 236 4389 gat,
259 4322 363 4377 nisi
393 4324 601 4378 fratres
628 4323 727 4396 qui
754 4323 814 4378 in
844 4321 1048 4378 formis
1074 4324 1329 4377 cantant.
1360 4322 1747 4392 (Lanfraneus,

133 4415 181 4467 in
206 4416 399 4472 Decret.
422 4434 530 4488 pro
556 4417 673 4472 0rd.
703 4419 881 4472 sancti
900 4417 1127 4477 Bencd.,
1147 4432 1283 4486 pag.
1316 4414 1463 4486 260.)

194 4509 251 4562 in
270 4510 464 4566 Ramis
480 4511 812 4566 Palmarum
829 4510 902 4566 ad
919 4509 1322 4565 matutinalem
1346 4508 1585 4563 missam
1608 4524 1751 4564 non-

1857 563 2114 645 Primam
2137 564 2404 622 dicentur
2424 571 2646 640 septem
2674 570 2900 642 psalmi,
2926 575 2983 627 et
3003 572 3267 644 Letania;
3292 581 3493 648 postea

1856 657 2151 715 veniemus
2208 678 2428 717 sessum
2480 662 2669 736 467
2722 663 2780 719 in
2833 666 3102 723 claustro.
3154 668 3494 727 Sacerdotes

1856 750 2024 808 ibunt
2057 753 2273 809 dictum
2314 755 2518 812 missas
2554 774 2705 826 suas,
2743 760 2801 813 et
2840 776 3045 816 omnes
3084 761 3300 819 debent
3344 766 3490 822 cele-

1857 846 2026 902 brare
2054 847 2147 902 die
2178 848 2303 918 illa;
2333 852 2390 905 et
2416 851 2794 908 celebrabunt
2823 852 2946 909 sine
2976 855 3131 927 igne.

1857 964 1967 1019 VII.
2036 980 2225 1021 rassro
2298 982 2730 1025 BBATISSIMORL‘M
2805 987 3099 1030 murram

2475 1054 2876 1099 CANTIANORUM.

1928 1132 2016 1186 Ea:
2041 1146 2142 1186 ms.
2173 1130 2363 1187 Codice
2387 1134 2498 1188 viri
2523 1134 2817 1191 clarissimi
2850 1138 3021 1193 Ulrici
3052 1139 3303 1197 Obrechti
3325 1141 3420 1215 (ά).

1929 1224 2137 1279 Omnia
2166 1225 2231 1297 (e)
2264 1241 2392 1297 quae
2420 1242 2453 1281 a
2484 1227 2694 1282 sanctis
2720 1232 2883 1299 gesta
2913 1235 3046 1286 sunt
3078 1234 3164 1288 vel
3191 1238 3493 1306 geruntur,

1858 1316 1903 1372 si
1935 1317 2062 1391 quis
2088 1319 2331 1375 voluerit
2359 1319 2611 1374 studiose
2642 1322 2999 1393 perquirere,
3030 1330 3087 1379 et
3113 1326 3217 1381 sibi
3250 1332 3305 1383 et
3327 1329 3500 1400 pluri-

1856 1411 1964 1466 mis
2006 1412 2402 1468 mdiﬁcationis
2436 1413 2666 1469 exhibet
2708 1415 2980 1471 fructum.
3024 1419 3093 1472 Et
3131 1420 3276 1475 sicut
3324 1422 3497 1478 arbor

1858 1505 2154 1561 fructifera
2180 1524 2297 1561 non
2321 1507 2443 1562 sine
2476 1524 2647 1563 causa
2674 1509 2954 1581 probatur
2974 1514 3190 1568 terram
3217 1530 3497 1587 occupare

1857 1600 1994 1654 dum
2016 1599 2167 1669 vivit,
2193 1616 2325 1655 cum
2349 1604 2407 1655 et
2434 1601 2557 1672 ipsa
2584 1602 2699 1656 suis
2726 1604 2916 1674 pomis
2942 1608 3200 1674 ornatur,
3225 1611 3283 1661 et
3307 1609 3496 1663 omnis

1856 1692 1953 1763 qui
1975 1709 2042 1749 ex
2067 1710 2136 1749 eo
2164 1695 2349 1749 fructu
2376 1696 2719 1766 perceperit,
2747 1697 3064 1767 saginatur.
3094 1699 3412 1755 Scribimus
3435 1705 3499 1756 ut

1856 1787 1916 1842 in
1948 1787 2121 1859 gestis
2157 1787 2503 1856 invenimus,
2538 1790 2676 1860 quid
2708 1790 2954 1862 egerint,
2990 1792 3129 1863 quid
3166 1794 3336 1848 locuti
3373 1795 3498 1849 fue-

1856 1881 1992 1950 rint,
2017 1882 2153 1954 quid
2172 1882 2321 1953 passi
2342 1881 2456 1937 sint
2477 1883 2678 1938 sancti.
2709 1884 3021 1940 Ostenditis
3041 1903 3139 1942 vos
3162 1903 3284 1941 esse
3305 1890 3499 1944 catho-

1857 1976 2015 2043 licos,
2048 1975 2145 2047 qui
2182 1974 2449 2031 victorias
2483 1976 2691 2031 Christi
2726 1977 2977 2033 libenter
3007 1981 3217 2051 legitis,
3250 1981 3499 2038 libenter

1858 2069 2085 2124 auditis.
2108 2072 2409 2141 Interrogo
2429 2086 2529 2124 vos
2556 2070 2656 2140 qui
2681 2070 2789 2125 ista
2808 2071 2962 2127 inter
2987 2075 3387 2147 apochryphas
3406 2076 3496 2132 Iit-

1856 2167 2009 2218 teras
2044 2164 2361 2217 exvolanda
2399 2163 2644 2218 censetis
2681 2181 2695 2219 :
2725 2182 2832 2236 per
2871 2182 3015 2237 quos
3050 2172 3275 2223 constat
3308 2186 3497 2226 canon

1856 2256 2280 2328 Scripturarum
2302 2256 2568 2312 omnium
2585 2256 2950 2313 divinarum?
2971 2262 3255 2338 numquid
3275 2278 3380 2333 per
3396 2279 3496 2317 eos

1857 2349 1955 2422 qui
1985 2367 2090 2422 pro
2118 2350 2243 2422 ipso
2272 2367 2496 2406 canone
2526 2351 2709 2405 occidi
2736 2352 2923 2423 magis
2951 2356 3293 2424 optaverant
3319 2373 3495 2427 quam

1855 2446 2043 2501 vinci?
2075 2446 2223 2511 Quid
2259 2463 2398 2519 ergo
2438 2451 2754 2502 tenuerunt
2788 2450 3118 2520 martyres?
3162 2451 3359 2506 Fidem
3404 2468 3498 2507 re-

1856 2543 2031 2609 ctam,
2063 2557 2192 2612 quee
2229 2540 2403 2595 sacris
2440 2541 2831 2597 voluminibus
2870 2546 3027 2598 certo
3070 2544 3352 2599 librorum
3388 2563 3496 2600 nu-

1856 2650 2018 2690 mero
2049 2634 2392 2690 continetur.
2422 2636 2617 2707 Agunt
2643 2634 2752 2690 illis
2778 2636 2994 2707 gratias
3020 2637 3210 2710 apices
3238 2639 3500 2695 sacratis-

1856 2728 2006 2797 simi,
2030 2728 2127 2799 qui
2148 2745 2252 2800 per
2272 2745 2473 2784 eorum
2501 2730 2992 2801 perseverantiam
3020 2736 3412 2802 perseverant.
3429 2735 3500 2789 Et

1856 2821 1986 2877 ideo
2012 2822 2213 2877 volunt
2241 2838 2441 2877 eorum
2478 2825 2641 2894 gesta
2672 2823 2977 2892 conscribi,
3005 2828 3067 2879 ut
3097 2825 3154 2879 in
3183 2831 3496 2898 conspectu

1856 2915 1954 2970 Dei
1993 2918 2051 2969 et
2089 2915 2397 2970 hominum
2441 2932 2674 2987 semper
2708 2917 3020 2972 laudentur
3057 2919 3260 2986 sancti,
3291 2919 3388 2992 qui
3435 2920 3495 2975 in

1855 3011 2163 3080 conspectu
2193 3008 2621 3064 incredulorum
2650 3027 2755 3082 pro
2783 3027 2987 3066 eorum
3015 3011 3356 3068 defensione
3381 3016 3497 3069 tor-

1855 3106 2053 3158 menta
2074 3102 2355 3158 immania
2374 3105 2753 3175 pertulerunt.
2769 3104 2919 3160 Nihil
2940 3108 3153 3177 praeter
3173 3107 3499 3178 Scripturas

1854 3195 2160 3252 canonicas
2193 3195 2556 3268 recipientes,
2593 3197 2703 3253 ista
2735 3198 2987 3254 studiose
3027 3199 3509 3272 conscripsimus,_

1855 3290 2227 3346 ostendentes
2257 3290 2473 3362 dogma
2498 3292 2845 3347 catholicum
2874 3309 2979 3365 per
3006 3293 3317 3349 catholicos
3344 3311 3498 3350 mar-

1855 3388 2008 3455 tyres
2037 3383 2403 3439 custoditum.
2433 3386 2771 3456 Exemplum
2794 3386 3038 3458 posteris
3064 3387 3289 3456 damus,
3313 3388 3495 3444 aedifi-

1855 3478 2144 3533 cationem
2170 3476 2535 3533 credentibus
2567 3479 2867 3548 tradimus,
2895 3484 3081 3536 artem
3112 3481 3247 3537 belli
3286 3482 3495 3539 Christi

1855 3571 2131 3627 militibus
2151 3571 2641 3626 demonstramus.
2672 3573 2909 3628 Constat
2929 3590 3029 3628 eos
3050 3575 3202 3629 nolle
3229 3592 3493 3647 pugnare

1855 3666 1901 3720 si
1927 3681 2160 3721 necesse
2186 3664 2277 3732 sit,
2310 3663 2408 3736 qui
2434 3665 2641 3719 nolunt
2668 3666 2863 3736 legere
2901 3670 3273 3737 pugnatores.
3301 3672 3491 3741 Impe-

1854 3762 1985 3814 rent
2019 3758 2313 3814 silentium
2344 3756 2705 3826 infidelibus,
2742 3760 3004 3829 spectent
3037 3761 3261 3832 pugiles
3292 3762 3491 3817 diabo-

1854 3854 1991 3909 licos
2016 3852 2114 3925 qui
2141 3853 2386 3909 athletas
2406 3850 2641 3907 Domini
2667 3855 2926 3924 spectare
2953 3856 3355 3909 contemnunt.
3379 3857 3492 3911 Nos

3171 990 3492 1034 SANCTORUM

1852 3947 2073 4003 divinas
2108 3947 2344 4001 virtutes
2382 3945 2696 4018 loquimur,
2730 3946 3052 4015 scribimus,
3086 3947 3488 4019 praedicamus.

1851 4040 2201 4097 Prohibeant
2228 4039 2444 4109 aemuli,
2475 4039 2771 4112 imperent
2804 4040 3096 4096 silentium
3126 4040 3330 4110 timidi,
3361 4058 3491 4097 ver-

1851 4134 2057 4190 berent
2081 4136 2525 4189 contemnentes
2558 4151 2570 4189 :
2602 4135 2863 4205 legentes
2893 4134 3214 4207 increpent,
3246 4133 3495 4190 libenter

1850 4228 1973 4283 haec
1994 4226 2297 4282 audientes
2315 4230 2603 4295 accusent;
2629 4226 2822 4301 468
2846 4228 3130 4299 gloriosos
3154 4228 3369 4284 facient
3389 4228 3496 4283 mi-

1848 4320 1980 4376 lites
2020 4320 2260 4375 vulnera
2298 4338 2403 4393 pro
2444 4321 2814 4394 imperatoris
2853 4322 3022 4376 laude
3068 4326 3351 4394 suscepta,
3387 4338 3492 4394 pro

1850 4415 2011 4487 cujus
2030 4431 2228 4470 amore
2249 4414 2428 4471 etiam
2450 4417 2675 4471 animas
2691 4432 2910 4488 ponere
2932 4416 3183 4470 libenter
3199 4419 3487 4487 optamus.

1849 4507 2295 4580 Triumphorum
2317 4509 2528 4564 Christi
2550 4526 2615 4565 ac
2641 4509 3010 4565 victoriarum
3038 4509 3264 4564 labores
3285 4509 3494 4563 exerci-

132 4599 226 4656 nisi
250 4620 362 4660 una
382 4605 634 4661 Collecta
652 4607 739 4660 est
758 4604 1033 4671 dicenda;
1058 4620 1165 4658 nec
1184 4602 1374 4675 passio
1396 4602 1626 4675 legitur,
1647 4601 1749 4657 sed
1767 4600 1827 4673 Β
1852 4602 2003 4657 tibus
2029 4602 2100 4657 de
2139 4602 2373 4657 occultis
2408 4602 2547 4657 foris
2586 4603 2957 4674 proferimus.
2987 4602 3211 4660 Scimus
3244 4618 3489 4674 pugnas,

131 4691 217 4750 illa
242 4698 466 4754 tantum
498 4699 668 4754 lectio
700 4698 882 4754 sancti
914 4696 1209 4768 Evangelii
1240 4714 1253 4752 :
1283 4696 1416 4753 Cum
1446 4699 1751 4768 appropin-

128 4797 302 4856 quaret
331 4795 500 4849 Iesus.
542 4793 709 4857 Quod
745 4792 923 4847 etiam
954 4791 1172 4847 cunctis
1206 4790 1625 4859 sacerdotibus,
1659 4791 1757 4862 qui

130 4881 355 4950 privatas
384 4887 590 4942 missas
616 4886 996 4954 cantavcrint,
1028 4884 1378 4957 praecipitur,
1412 4886 1476 4938 ut
1501 4883 1616 4939 sint
1651 4901 1757 4957 pa-

130 4974 224 5029 rati
248 4978 316 5033 ad
343 4980 485 5036 duas
508 4978 906 5053 processiones
930 4995 1059 5051 qua:
1086 4979 1183 5034 illo
1209 4977 1303 5033 die
1333 4981 1467 5032 sunt
1486 4977 1754 5049 agendae.

131 5066 441 5138 (Udalricus,
467 5078 528 5129 in
555 5075 650 5129 lib.
678 5091 696 5130 1
725 5074 1056 5131 Consuetud.
1086 5073 1361 5136 Cluniac.,
1398 5087 1520 5143 cap.
1558 5071 1668 5143 54.)

192 5163 421 5228 Quando
453 5168 671 5224 erimus
695 5168 846 5223 circa
868 5168 1049 5222 finem
1070 5168 1335 5234 Tractus,
1369 5164 1606 5221 sacrista
1629 5166 1755 5237 pul-

134 5254 262 5313 sabit
275 5278 448 5317 unam
467 5278 708 5334 parvam
727 5277 1073 5333 campanam
1092 5278 1198 5333 pro
1217 5258 1634 5333 congregando
1656 5259 1755 5315 do-

138 5348 305 5408 minos
332 5355 405 5411 ad
431 5354 789 5411 audiendam
813 5354 1168 5428 passionem,
1193 5353 1329 5426 quia
1360 5352 1488 5425 ipsa
1519 5370 1637 5409 non
1664 5352 1757 5407 de-

135 5438 219 5498 bet
248 5446 356 5521 legi
387 5448 497 5505 nisi
530 5450 591 5504 in
630 5465 850 5520 magna
885 5448 1061 5504 missa
1099 5448 1554 5521 (Consuetudines
1582 5448 1761 5502 sancti

215 5561 265 5703 αζ
290 5563 425 5620 Vide
454 5580 631 5638 pagg.
663 5567 731 5620 66
762 5567 821 5620 et
845 5566 933 5620 93.

219 5632 246 5685 b
292 5635 425 5691 Vide
455 5652 592 5703 pag.
626 5636 748 5691 184.

219 5632 265 5709 δ)
285 5635 425 5709 viae
454 5632 604 5709 pag:
626 5636 748 5691 184.

218 5704 264 5780 cl
285 5706 418 5780 Ϋὶἀβ
446 5704 587 5780 ῥεέ·
623 5710 746 5763 ‘27-

220 5774 434 5850 d_)_Vide
451 5774 600 5850 pag.
637 5781 758 5850 386.

220 5843 592 5921 e)_Passiobm'c
605 5849 758 5921 apud
770 5849 852 5904 H0
859 5846 1007 5921 mbri
1014 5846 1157 5921 tium
1168 5844 1476 5921 Ambrosio
1489 5843 1757 5921 tribuitur

146 5913 368 5976 subhoc
396 5920 561 5979 initio
592 5938 606 5979 :
639 5913 837 5982 Servus
865 5917 1068 5977 Christi
1100 5918 1422 5977 Ambrosius
1452 5919 1751 5993 episcopus,

1858 4713 2001 4768 quas
2019 4694 2101 4750 illi
2127 4695 2426 4750 visibiliter
2449 4696 2600 4767 passi
2627 4696 2760 4765 sint,
2780 4697 3140 4752 invisibiliter
3164 4696 3332 4752 nobis
3352 4695 3496 4751 exci-

1856 4789 1967 4847 tari
1989 4788 2267 4861 quotidie,
2282 4791 2341 4843 et
2359 4790 2740 4860 neglegenter
2755 4794 3085 4861 pugnantes
3102 4790 3289 4847 acrius
3305 4790 3511 4845 vulne-.

1857 4882 2157 4954 rari.Ergo
2180 4885 2242 4937 ut
2261 4898 2425 4937 arma
2452 4884 2789 4954 pertractes,
2812 4883 3065 4939 adtende
3085 4886 3399 4953 bellantes;
3421 4883 3496 4939 da

1858 4978 2118 5032 mentem
2145 4974 2362 5044 studiis,
2393 4977 2457 5030 ut
2480 4974 2660 5031 hostis
2684 4974 2921 5047 incipiat
2950 4979 3007 5031 te
3036 4977 3264 5033 timere.

1927 5074 1980 5126 2.
2008 5069 2375 5125 Beatissimos
2398 5072 2682 5141 martyres
2711 5069 3001 5139 Cantium,
3030 5071 3399 5143 Cantianum,
3434 5078 3494 5131 et

1858 5165 2304 5233 Cantianellum,
2335 5181 2369 5219 a
2395 5163 2716 5236 paedagogo
2747 5181 2849 5219 suo
2870 5166 3041 5221 Proto
3068 5167 3233 5222 valde
3255 5169 3368 5223 fide
3400 5185 3492 5223 ca-

1857 5259 2070 5315 tholica
2100 5258 2275 5314 fuisse
2306 5258 2558 5314 edoctos.
2592 5300 2605 5313 .
2634 5300 2647 5313 .
2673 5258 2769 5331 qui
2798 5259 2869 5314 de
2891 5274 3106 5332 genere
3133 5261 3491 5329 Aniciorum,

1857 5353 1967 5408 hoc
1989 5354 2075 5406 est
2091 5351 2234 5407 divae
2251 5351 2548 5408 memoriae
2567 5351 2760 5409 Carini
2776 5351 3163 5425 imperatoris,
3180 5357 3496 5409 noscuntur

1858 5444 2168 5517 progeniti,
2193 5449 2252 5500 et
2272 5444 2425 5500 intra
2445 5445 2649 5501 urbem
2669 5447 2940 5517 Romam,
2961 5446 3022 5501 in
3044 5450 3249 5518 quarta
3266 5446 3494 5502 decima

1858 5561 2130 5618 Christum
2152 5564 2322 5617 Deum
2340 5578 2527 5618 verum
2548 5563 2842 5618 colentibus
2866 5563 3139 5630 fratribus
3152 5578 3259 5633 per
3286 5578 3495 5618 omnem

1856 5634 2098 5697 Italiam,
2147 5635 2207 5688 in
2241 5635 2467 5689 Domino
2504 5650 2711 5689 omnem
2752 5634 3001 5688 salutem.
3048 5634 3243 5689 Omnia
3288 5648 3409 5703 qua
3460 5650 3496 5688 a

1855 5705 2092 5768 Sanctis,
2126 5720 2311 5776 usque
2346 5704 2420 5759 ad
2452 5707 2791 5776 sequentem
2822 5705 3397 5776 versum,‘Scribimus
3432 5709 3494 5760 ut

1856 5776 1917 5828 in
1951 5777 2115 5843 gestis
2140 5773 2468 5839 inuenimus,
2498 5773 2628 5841 etc.,
2664 5774 2870 5844 quibus
2906 5773 3150 5842 omissis,
3182 5773 3494 5831 resumitur

1860 5846 2029 5902 lectio
2060 5863 2096 5903 a
2126 5846 2389 5919 sequenti
2413 5861 2659 5905 numero
2692 5848 2918 5918 quarto.
