4006 6228
422 347 525 401 439

1208 343 1544 399 ΑΡΡΕΝΒΙΧ
1579 341 1667 397 AD
1704 340 1929 395 OPERA
1967 336 2203 394 SANCTI
2239 336 2539 393 GERMANI
2575 336 3003 395 PARISIENSIS.

3695 343 3832 397 440

422 452 685 525 regione,
733 450 857 508 nati
899 454 1073 524 atque
1115 449 1303 507 edocti
1336 448 1676 521 probantur,
1718 445 2060 503 Dioclitiano
2084 457 2144 533 Α
2238 442 2556 501 Beatissimi
2576 461 2711 501 vero
2734 448 3019 518 martyres
3044 462 3279 504 ascenso
3301 446 3375 520 (α)
3398 446 3661 504 vehiculo
3683 448 3828 521 jun-

423 549 625 604 Roma:
667 546 1017 619 imperante,
1062 548 1119 600 et
1152 543 1494 601 Maximiano
1535 540 1793 614 partibus
1830 539 2059 614 Illyrici,

423 640 630 697 Carino
652 658 885 714 quoque
913 640 1065 695 intra
1093 637 1300 695 Gallias
1323 638 1475 693 bene
1506 639 1717 709 agente
1746 652 1887 708 erga
1910 634 2068 691 Chri-

427 736 664 805 stianos,
691 735 788 807 qui
808 726 925 791 non
948 735 1078 805 post
1101 733 1351 786 multum
1378 734 1612 803 tempus
1632 730 1938 787 defunctus
1958 732 2062 785 est.

422 832 560 886 Post
610 830 770 901 cujus
829 828 1051 883 obitum
1108 824 1533 881 sceleratissimi
1582 824 1958 881 Dioclitianus
2010 827 2069 879 et

423 922 794 984 Maximianus
832 937 937 993 per
979 936 1183 976 omnes
1223 918 1545 992 provincias
1588 919 1821 975 decreta
1863 935 2068 991 posue-

426 1021 582 1086 runt,
621 1021 683 1071 ut
716 1016 809 1070 ubi
850 1013 1159 1070 Christiani
1200 1013 1620 1082 invenirentur,
1659 1013 1706 1067 si
1747 1011 2064 1068 sacriﬁcare

426 1110 888 1178 contemnerent,
904 1107 1139 1163 diversis
1150 1108 1335 1180 pcanis
1352 1107 1788 1180 adﬂigerentur.
1803 1107 2065 1178 Cumque

426 1206 516 1260 his
533 1203 697 1259 dictis
711 1201 1031 1259 beatissimi
1049 1204 1336 1274 martyres
1353 1201 1623 1258 Cantiani
1638 1200 1698 1256 in
1714 1201 1861 1256 urbe
1882 1201 2068 1256 Roma

424 1288 669 1355 fuissent
695 1297 896 1370 positi,
928 1296 1167 1353 consilio
1196 1294 1392 1351 habito
1422 1312 1553 1351 cum
1580 1296 1752 1350 beato
1782 1296 1975 1361 Proto,
2006 1295 2069 1349 ut

424 1393 688 1465 iniquam
704 1392 955 1447 vitarent
975 1390 1346 1459 sententiam,
1370 1389 1590 1462 praedia
1612 1407 1714 1444 sua
1734 1388 2065 1444 suburbano

424 1486 612 1559 posita
644 1486 749 1541 sub
792 1484 980 1557 specie
1010 1476 1353 1539 visitationis
1389 1482 1629 1538 circuire
1665 1482 2065 1537 decreverunt.

498 1584 551 1637 3.
570 1578 679 1646 Qui
699 1579 909 1635 eodem
930 1580 1196 1649 tempore
1214 1576 1273 1632 in
1294 1576 1501 1631 urbem
1515 1575 1967 1648 Aquilegensem
1982 1592 2070 1631 re-

423 1674 713 1747 pedarunt
735 1690 748 1729 :
772 1672 833 1727 in
856 1689 971 1744 qua
989 1675 1128 1726 tunc
1148 1670 1429 1743 temporis
1449 1687 1567 1726 non
1587 1687 1767 1743 parva
1785 1686 1922 1725 rura
1941 1686 2070 1742 pos-

427 1768 713 1824 sidebant.
741 1767 855 1823 Sed
878 1767 1013 1839 quia
1032 1768 1232 1821 lumen
1254 1766 1314 1819 in
1335 1764 1594 1820 tenebris
1618 1766 1801 1820 latere
1822 1781 1941 1819 non
1961 1781 2064 1835 po-

425 1864 594 1931 terat,
616 1877 847 1916 necesse
870 1862 995 1916 erat
1016 1862 1080 1915 ut
1101 1876 1199 1915 eos
1220 1859 1501 1915 Dominus
1523 1859 1597 1914 ad
1618 1857 1864 1930 gloriam
1886 1856 2069 1913 nomi-
2086 1836 2144 1910 Β

428 1956 517 2011 nis
548 1955 635 2010 sui
667 1956 991 2010 coronaret.
1012 1953 1274 2026 Cumque
1302 1953 1362 2007 in
1391 1951 1839 2025 Aquilegensem
1860 1951 2066 2007 urbem

424 2048 607 2105 sancti
650 2048 894 2104 fuissent
934 2046 1220 2119 ingressi,
1267 2045 1561 2102 duriorem
1606 2046 1887 2101 saevitiam
1928 2063 2069 2118 erga

425 2142 779 2199 Christianos
798 2140 1158 2214 repperiunt,
1179 2157 1357 2213 quam
1375 2140 1733 2212 reliquerant
1751 2141 1969 2196 Romae.
1985 2142 2069 2196 Ita

420 2236 580 2292 enim
608 2253 814 2292 omnes
839 2238 1173 2291 sanctorum
1192 2236 1282 2289 vel
1308 2234 1706 2290 confessorum
1726 2250 1832 2305 pro
1854 2233 2067 2290 Christi

421 2329 661 2386 nomine
682 2329 995 2386 multitudo
1016 2328 1076 2383 in
1105 2327 1347 2383 vinculis
1373 2343 1675 2383 carcerum
1701 2326 1963 2383 custodia
1988 2330 2072 2382 te-

425 2425 734 2492 nebantur,
762 2425 827 2480 ut
856 2421 1193 2477 enumerari
1218 2438 1337 2477 non
1362 2421 1706 2493 potuissent,
1736 2423 1947 2492 agente
1969 2418 2071 2475 sci-

422 2518 558 2574 licet
586 2515 845 2573 Dulcidio
875 2515 1143 2587 praeside,
1170 2532 1287 2570 una
1313 2531 1446 2570 cum
1478 2514 1729 2571 Sisinnio
1761 2514 1994 2569 comite.

496 2613 550 2665 4.
577 2609 895 2665 Audientes
922 2609 1121 2681 itaque
1152 2612 1381 2665 sanctos
1401 2609 1504 2664 Dei
1530 2607 1850 2677 advenisse,
1874 2607 2070 2664 statim

423 2702 674 2761 inveniri
697 2704 769 2759 ab
792 2703 1219 2775 apparitoribus
1243 2703 1747 2776 praecipiunturmt
1768 2702 1877 2757 diis
1899 2702 2073 2759 thura

423 2800 730 2871 ponerent.
759 2799 915 2852 Tunc
952 2796 1275 2852 beatissimi
1309 2800 1594 2868 martyres
1632 2795 1977 2868 aspicientes
2010 2796 2071 2851 in

425 2892 631 2947 caelum
660 2890 1091 2963 responderunt
1118 2907 1132 2946 :
1165 2891 1279 2945 Nos
1310 2889 1612 2945 daemoniis
1637 2906 1755 2945 non
1787 2888 2070 2944 sacriﬁca-

425 3003 576 3055 mus,
601 2984 738 3057 quia
758 2984 1037 3056 scriptum
1059 2986 1146 3039 est
1167 3000 1181 3040 :
1202 2984 1396 3040 Omnes
1418 2985 1500 3039 dii
1517 2986 1759 3053 gentium
1782 2984 2068 3048 daemonia,

422 3081 686 3137 Dominus
717 3084 900 3134 autem
937 3079 1090 3134 celos
1121 3080 1273 3161 fecit.
1308 3079 1377 3132 Et
1412 3078 1624 3133 iterum
1658 3094 1672 3133 :
1707 3078 1921 3132 Similes
1956 3078 2071 3133 illis

421 3177 562 3245 ﬁant
587 3173 685 3243 qui
706 3174 925 3241 faciunt
950 3189 1033 3235 ea,
1066 3176 1118 3227 et
1146 3187 1327 3227 omnes
1353 3173 1451 3241 qui
1474 3171 1752 3241 conﬁdunt
1776 3173 1835 3225 in
1860 3173 1955 3226 eis.
1986 3172 2068 3225 Ite
2088 3214 2144 3289 Ο

432 3284 559 3289 -..μΑ
594 3266 855 3289 _--_L:-L-
886 3265 1080 3289 :_:_.--
1110 3265 1341 3289 -......-:.‘.l:
1369 3267 1554 3289 -.-..l......
1599 3281 1703 3289 ..-ρ-
1725 3282 1826 3289 ..-Λ
1858 3263 2064 3289 [πμ-ξηαπ

425 3284 565 3339 ergo
594 3266 859 3321 nuntiate
885 3265 1084 3337 iniquo
1110 3265 1346 3337 praesidi
1369 3267 1578 3333 vestro,
1599 3281 1705 3320 nos
1724 3282 1830 3337 pro
1858 3263 2069 3320 Christi

422 3360 663 3418 nomine
688 3361 889 3430 optare
920 3358 1092 3428 mori,
1117 3375 1293 3431 quam
1320 3359 1391 3414 ab
1420 3358 1544 3429 ejus
1563 3358 1856 3414 mandatis
1877 3358 2071 3413 absce-

425 3454 586 3521 dere,
611 3452 747 3525 quia
775 3453 847 3507 ab
872 3452 1009 3524 ipsis
1040 3452 1339 3508 cunabulis
1360 3451 1673 3508 Dominum
1690 3454 1719 3509 J
1725 3468 1885 3507 esum
1913 3449 2071 3507 Chri-

424 3550 581 3603 stum
619 3546 984 3603 conﬁtemur.
1015 3547 1089 3600 At
1128 3546 1211 3601 illi
1249 3546 1558 3602 redeuntes
1586 3545 1821 3618 praesidi
1848 3546 1937 3600 vel
1968 3561 2066 3600 co-

426 3641 555 3698 miti
584 3642 912 3696 retulerunt
939 3638 1141 3695 omnia
1170 3655 1298 3711 quas
1330 3642 1495 3711 gesta
1520 3640 1769 3695 fuerant.

498 3733 692 3808 469
728 3736 883 3790 Tunc
923 3733 1214 3789 Dulcidius
1245 3750 1456 3805 praeses
1490 3750 1607 3789 una
1645 3748 1777 3791 cum
1816 3730 2069 3787 Sisinnio

425 3829 638 3885 comite
658 3828 826 3884 valde
847 3827 1147 3896 commoti,
1170 3828 1348 3882 talem
1368 3827 1656 3883 dederunt
1671 3826 1854 3899 impio
1870 3825 2072 3882 Diocli-

426 3923 588 3979 tiano
622 3922 1057 3995 suggestionem
1094 3938 1108 3976 :
1141 3920 1414 3990 Piissimi,
1458 3920 1753 3976 subvenite
1793 3919 2071 3976 Romanis

424 4016 673 4088 legibus,
703 4032 809 4087 pro
849 4014 1055 4086 quibus
1095 4014 1291 4070 victrix
1326 4016 1561 4070 dextera
1594 4017 1785 4071 vestra
1813 4014 2071 4070 hostium

426 4109 676 4165 cervices
734 4107 995 4177 inclinat,
1052 4111 1110 4164 et
1164 4109 1272 4164 diis
1320 4108 1835 4180 omnipotentibus,
1886 4107 1984 4179 qui
2037 4125 2071 4163 a

427 4201 767 4260 Christianis
804 4204 1273 4271 contemnuntur,
1298 4202 1603 4274 juvamina
1638 4202 1913 4273 praebete.
1954 4200 2069 4255 Ad-

427 4300 714 4353 venerunt
751 4296 910 4352 enim
950 4299 1067 4351 tres
1106 4295 1374 4368 germani
1417 4312 1485 4350 ex
1525 4295 1666 4350 urbe
1708 4296 1911 4362 Roma,
1954 4311 2069 4349 uno

429 4391 630 4448 animo
660 4391 886 4447 fortiter
905 4392 1273 4459 reluctantes,
1294 4392 1353 4444 et
1369 4388 1563 4444 nescio
1586 4405 1761 4461 quem
1781 4387 2072 4444 Christum

429 4488 789 4555 conﬁtentes,
806 4491 864 4542 et
883 4489 1328 4544 contemnentes
1347 4485 1579 4540 decreta
1600 4484 1828 4555 pietatis
1844 4486 2067 4539 vestrae.

2167 539 2271 596 ctis
2298 539 2581 608 mulabus,
2606 556 2741 594 cum
2763 540 3034 597 secedere
3058 541 3394 612 voluissent,
3417 545 3475 596 et
3495 559 3618 597 non
3636 543 3827 615 longe

2168 635 2240 690 ab
2270 632 2428 689 urbis
2453 632 2741 689 moenibus
2766 633 2878 689 iter
2908 640 3169 707 agerent,
3199 638 3257 690 et
3281 652 3463 690 unum
3490 636 3713 692 animal
3741 638 3825 693 de

2169 727 2486 800 subjunctis
2506 727 2693 784 subito
2717 727 3025 784 corruisset
3041 729 3099 784 in
3123 730 3250 784 loco
3272 729 3370 801 qui
3388 730 3715 802 appellatur
3729 731 3830 786 Ad

2166 824 2359 895 Aquas
2381 822 2681 891 Gradatas,
2704 822 2787 879 ita
2804 822 2963 879 illinc
2978 826 3113 878 sunt
3128 840 3161 878 a
3181 823 3648 896 persecutoribus
3666 842 3831 882 com-

2168 916 2459 989 prehensi.
2486 916 2653 982 Quod
2679 917 2899 972 factum
2937 933 3114 989 quam
3141 917 3461 989 gloriosum
3489 917 3563 972 sit
3584 922 3644 974 et
3672 936 3708 975 a
3732 920 3824 975 di-

2166 1010 2403 1067 vinitate
2455 1009 2828 1083 dispositum,
2880 1010 3159 1066 debemus
3209 1011 3530 1067 advertere.
3573 1012 3828 1086 Semper

2170 1104 2327 1160 enim
2357 1105 2507 1161 Deus
2543 1120 2687 1177 quos
2730 1104 2925 1176 elegit,
2963 1104 3126 1177 quasi
3159 1104 3403 1160 victores
3436 1123 3570 1161 cum
3609 1107 3821 1162 subve-

2169 1198 2360 1255 ctione
2389 1197 2620 1254 sublimi
2641 1197 2702 1254 in
2732 1199 2924 1254 aulam
2945 1198 3114 1271 regni
3142 1199 3382 1255 caelestis
3403 1198 3643 1256 inducit.
3668 1202 3821 1257 Nam

2169 1292 2313 1350 sicut
2337 1292 2527 1348 Helias
2552 1308 2686 1347 cum
2716 1292 3006 1365 adplicato
3034 1293 3321 1366 quadriga
3346 1294 3605 1349 ascendit
3620 1295 3683 1350 in
3704 1312 3823 1350 caa-

2168 1389 2310 1456 lum,
2345 1387 2426 1443 ita
2454 1389 2513 1442 et
2537 1386 2632 1442 isti
2650 1387 2914 1443 vehiculo
2936 1389 3135 1442 amoto
3157 1387 3232 1442 ad
3250 1388 3595 1459 martyrium
3618 1406 3824 1461 perve-

2171 1482 2414 1549 nerunt;
2448 1483 2506 1536 et
2535 1480 2821 1553 quadriga
2851 1481 2998 1536 sicut
3023 1482 3188 1536 illum
3216 1481 3400 1536 evexit
3421 1482 3497 1538 ad
3523 1482 3819 1555 requiem,

2169 1575 2250 1631 ita
2275 1578 2333 1630 et
2356 1575 2463 1630 hos
2482 1573 2734 1646 portavit
2753 1574 2826 1630 ad
2852 1574 3122 1646 gloriam.
3146 1576 3216 1630 Et
3236 1575 3499 1647 quamvis
3519 1576 3620 1632 illa
3637 1577 3825 1648 ignea

2170 1668 2453 1741 quadriga
2492 1668 2683 1737 fuerit,
2725 1669 2848 1724 haec
2887 1672 3088 1727 tamen
3121 1686 3239 1725 non
3271 1669 3515 1726 inferior
3542 1671 3825 1727 habenda

2168 1766 2281 1830 est;
2324 1762 2461 1834 quia
2500 1762 2599 1818 illa
2637 1779 2817 1818 unum
2860 1763 3108 1834 gestavit
3140 1764 3509 1835 prophetam,
3542 1765 3667 1819 haec
3698 1768 3823 1821 tres

2168 1858 2455 1928 martyres
2494 1856 2852 1913 sustentavit.
2886 1857 3001 1913 Sed
3042 1856 3179 1912 dicit
3211 1857 3417 1929 aliquis
3453 1875 3467 1913 ε
3500 1856 3822 1914 Gloriosius

2166 1951 2413 2023 gestavit
2456 1950 2740 2023 quadriga
2780 1950 2972 2021 ignea,
3026 1967 3202 2022 quam
3249 1954 3499 2007 terrena.
3542 1954 3656 2008 Nec
3706 1953 3823 2008 hoc

2166 2046 2338 2117 plane
2371 2045 2555 2100 defuit
2593 2044 2804 2100 sanctis
2834 2043 2986 2099 viris.
3020 2045 3165 2100 Nam
3195 2044 3342 2100 sicut
3377 2045 3600 2101 Heliam
3638 2046 3821 2118 ignea

2169 2139 2453 2212 quadriga
2478 2139 2748 2211 portavit,
2779 2138 2861 2194 ita
2891 2141 2949 2194 et
2980 2140 3264 2211 martyres
3295 2139 3440 2194 ﬁdes
3471 2140 3645 2211 ignea
3681 2140 3817 2212 jam

2168 2233 2410 2289 ferebat.
2440 2233 2684 2288 Ferebat
2709 2233 2859 2301 illos,
2888 2232 3152 2304 inquam,
3182 2232 3459 2303 Christus,
3485 2234 3583 2306 qui
3614 2235 3818 2290 lumen

2171 2332 2275 2397 est,
2311 2326 2409 2399 qui
2438 2326 2591 2399 ignis
2620 2329 2724 2395 est,
2749 2326 2821 2382 de
2852 2343 2967 2398 quo
2996 2326 3272 2399 scriptum
3301 2331 3388 2382 est
3417 2344 3430 2383 :
3461 2332 3601 2384 Deus
3632 2332 3822 2385 noster

2168 2424 2312 2491 ignis
2339 2436 2655 2477 consumens
2688 2425 2783 2477 est.
2813 2422 2965 2493 Ergo
2995 2438 3126 2476 cum
3156 2421 3359 2477 beatos
3391 2421 3463 2477 de
3496 2422 3702 2494 quibus
3729 2424 3816 2478 lo-

2171 2515 2404 2588 quimur
2428 2514 2763 2587 persecutor
2792 2518 3085 2586 urgueret,
3111 2514 3437 2570 vehiculum
3459 2517 3818 2572 conscende-

2169 2613 2323 2665 runt.
2357 2608 2482 2674 Qua
2506 2608 2718 2664 causa?
2746 2611 2810 2663 ut
2846 2608 3161 2681 fugerent?
3197 2609 3378 2676 absit;
3409 2625 3527 2665 non
3558 2612 3623 2665 ut
3646 2610 3818 2682 fuge-

2169 2706 2320 2771 rent,
2355 2702 2458 2757 sed
2488 2704 2552 2757 ut
2582 2702 2657 2757 ad
2686 2701 3033 2773 martyrium
3061 2702 3226 2757 citius
3257 2701 3660 2774 pervenirent;
3696 2721 3819 2759 non

2171 2799 2235 2852 ut
2270 2797 2585 2865 latitarent,
2632 2795 2826 2869 470
2865 2795 2967 2851 sed
3003 2799 3066 2850 ut
3105 2813 3165 2850 se
3204 2796 3559 2852 Christianos
3597 2798 3819 2853 cunctis

2172 2888 2603 2946 transeuntibus
2632 2888 3096 2944 manifestarent.
3124 2890 3394 2945 Ceterum
3429 2890 3706 2947 occultius
3734 2891 3821 2946 in-

2170 2987 2260 3039 ter
2292 2985 2488 3056 plures
2512 2983 2573 3038 in
2603 2982 2830 3038 civitate
2868 2984 3048 3038 latere
3083 2986 3382 3055 poterant;
3410 2984 3512 3039 sed
3539 2985 3648 3041 hoc
3677 3002 3816 3057 ege-

2169 3080 2326 3147 runt,
2360 3081 2424 3133 ut
2460 3076 2634 3133 totius
2669 3077 2868 3149 papuli
2907 3077 3102 3145 corda,
3146 3077 3285 3133 dum
3320 3094 3425 3149 per
3463 3078 3689 3135 diversa
3724 3080 3817 3134 fu-

2171 3172 2356 3244 giunt,
2390 3170 2599 3227 Christi
2628 3187 2824 3226 amore
2862 3170 3261 3227 ﬂammentur.
3292 3172 3367 3226 At
3394 3189 3529 3228 vero
3564 3173 3662 3228 ubi
3690 3174 3820 3246 quis

2169 3265 2417 3321 vehiculi
2444 3265 2727 3337 adparato
2755 3263 3052 3336 disposito,
3077 3282 3182 3336 per
3211 3282 3489 3337 aggerem
3517 3267 3817 3338 publicum

2171 3358 2467 3431 graditur;
2496 3358 2611 3413 illic
2647 3375 2766 3413 non
2795 3359 2937 3430 fuga
2963 3357 3210 3414 dicenda
3236 3362 3340 3428 est,
3374 3360 3475 3415 sed
3502 3362 3815 3433 profectus.

2170 3452 2361 3510 Sancti
2382 3452 2539 3507 enim
2561 3451 2667 3507 viri
2693 3453 2802 3507 hoc
2823 3453 2994 3520 facto,
3018 3453 3175 3507 velut
3198 3452 3258 3508 in
3281 3453 3617 3527 triumphali
3639 3473 3810 3511 curru

2169 3546 2363 3619 positi,
2408 3546 2882 3601 contestabantur
2918 3546 3176 3601 dicentes
3210 3563 3224 3602 :
3253 3548 3416 3616 Ecce,
3457 3552 3813 3621 persecutor,

2171 3658 2300 3696 ecce
2326 3640 2762 3713 proﬁciscimur,
2789 3656 2919 3695 ecce
2949 3639 3350 3711 praecedimus.
3375 3641 3526 3707 Quid
3557 3643 3816 3699 resides?

2172 3734 2311 3807 quid
2339 3734 2624 3789 moraris?
2649 3734 3002 3806 subsequere
3030 3736 3228 3790 nostra
3248 3735 3509 3808 vestigia.
3533 3738 3811 3792 Nolumus

2172 3828 2330 3884 enim
2364 3826 2544 3884 videri
2574 3828 2738 3883 inviti
2779 3827 2913 3882 duci
2948 3828 3024 3883 ad
3061 3845 3315 3900 poenam,
3349 3829 3445 3902 qui
3484 3832 3812 3903 praecedere

2170 3940 2277 3979 nos
2306 3922 2649 3995 proﬁtemur
2672 3922 2747 3977 ad
2777 3921 3048 3994 gloriam.

2241 4018 2395 4072 Tunc
2428 4015 2710 4072 Sisinnius
2740 4015 2922 4071 comis
2955 4017 3076 4071 haec
3115 4015 3377 4085 audiens,
3402 4016 3575 4088 jussit
3609 4018 3811 4074 beatos

2170 4112 2455 4183 martyres
2484 4109 2929 4182 comprehendi;
2960 4109 3060 4182 qui
3092 4109 3274 4181 judex
3306 4111 3573 4165 hortatur
3600 4127 3720 4180 eos,
3751 4115 3816 4167 ut

2168 4204 2292 4260 Jovi
2318 4205 2491 4260 thura
2514 4204 2811 4260 offerrent.
2842 4202 3168 4259 Beatissimi
3194 4220 3329 4260 vero
3354 4204 3561 4260 famuli
3587 4205 3691 4260 Dei
3718 4222 3816 4260 ex-

2172 4301 2463 4354 secrantes
2491 4297 2760 4353 dixerunt
2783 4314 2843 4352 se
2870 4314 3194 4369 numquam
3224 4298 3528 4354 daemoniis
3552 4298 3819 4354 immola-

2170 4394 2350 4461 turos,
2376 4392 2478 4447 sed
2500 4390 2890 4463 omnipotenti
2907 4391 3151 4447 Domino
3178 4391 3277 4463 qui
3298 4392 3436 4447 fecit
3460 4394 3687 4461 caelum,
3710 4397 3818 4448 ter-

2171 4502 2317 4555 ram,
2356 4502 2519 4542 mare
2555 4487 2614 4539 et
2642 4483 2841 4540 omnia
2872 4501 2998 4556 quae
3038 4484 3097 4539 in
3135 4484 3216 4539 eis
3253 4488 3403 4540 sunt.
3438 4487 3582 4541 Nam
3620 4486 3816 4542 omnia

429 4581 592 4637 Unde
633 4581 771 4652 quid
800 4582 1060 4653 jussione
1094 4583 1283 4636 vestra
1324 4577 1711 4646 decreveritis,
1754 4578 2069 4633 decernite.
2091 4591 2152 4665 D
2176 4578 2349 4647 idola,
2374 4579 2488 4634 sive
2510 4578 2610 4651 qui
2627 4595 2695 4634 ea
2715 4579 2930 4646 colunt,
2954 4595 3086 4633 cum
3109 4577 3329 4633 eisdem
3349 4578 3517 4634 ibunt
3536 4579 3595 4633 in
3618 4579 3815 4651 ignem

428 4674 525 4729 His
551 4674 760 4729 auditis
781 4674 1252 4731 sceleratissimus
1279 4671 1653 4728 Dioclitianus
1671 4672 2073 4727 vehementius

430 4771 517 4823 est
542 4771 891 4837 commotus,
916 4772 975 4823 et
998 4769 1150 4823 hanc
1172 4766 1335 4822 dedit
1358 4764 1787 4834 auctoritatem,
1816 4768 1880 4820 ut
1909 4766 1957 4820 si
1981 4782 2071 4820 sa-

429 4860 685 4917 criﬁcare
712 4862 1053 4928 noluissent,
1078 4859 1310 4932 capitali
1338 4858 1630 4914 sententia
1652 4860 2071 4931 plecterentur.

427 4956 687 5026 Cumque
706 4954 911 5027 iniqua
932 4952 1218 5009 sententia
1238 4951 1593 5024 pervenisset
1614 4952 1687 5007 ad
1704 4951 2074 5008 beatissimos

430 5051 734 5121 martyres,
766 5063 1003 5104 ascenso
1035 5046 1296 5102 vehiculo
1326 5063 1441 5102 una
1467 5063 1595 5101 cum
1624 5046 1949 5119 paedagogo
1970 5063 2072 5101 suo

427 5144 599 5199 Proto
642 5160 710 5197 ex
751 5142 891 5196 urbe
934 5139 1321 5212 Aquilegense
1362 5140 1575 5213 egressi
1616 5141 1769 5208 sunt,
1816 5139 2074 5195 divinam

430 5236 788 5310 Scripturam
829 5234 1111 5290 habentes
1150 5251 1271 5307 prae
1305 5234 1502 5303 oculis,
1546 5249 1676 5306 qua:
1714 5232 1853 5289 dicit
1892 5250 1905 5289 :
1941 5233 2075 5289 Cum

418 5334 819 5402 persequentur
837 5345 929 5385 vos
950 5332 1009 5385 in
1035 5330 1255 5386 civitate
1281 5331 1408 5392 ista,
1430 5331 1608 5398 fugite
1628 5330 1687 5384 in
1709 5329 1897 5384 aliam.
1921 5329 2075 5383 Nun-

427 5424 604 5497 tiatur
632 5441 771 5496 ergo
806 5423 1180 5496 iniquissimis
1212 5422 1506 5495 judicibus
1536 5425 1765 5477 sanctos
1800 5421 1904 5477 Dei
1936 5438 2071 5492 pro-

426 5534 680 5590 perasse.
703 5520 857 5574 Tunc
887 5517 1172 5575 Sisinnius
1197 5516 1379 5573 comis
1403 5533 1521 5571 una
1547 5533 1678 5571 cum
1708 5514 2069 5588 spiculatori-

425 5611 532 5667 bus
564 5630 632 5669 ex
658 5615 946 5686 praecepto
978 5610 1311 5686 impiissimi
1343 5608 1667 5667 Dioclitiani
1704 5608 2071 5688 imperatoris

425 5705 811 5778 subsequitur.

499 5846 572 5916 (α)
603 5848 732 5902 Haec
755 5848 925 5904 verba
950 5865 991 5905 u

431 5916 794 5973 Ambrosium
818 5922 876 5974 et
894 5916 1058 5991 apud
1067 5916 1472 5992 Augustinum.

2172 4675 2539 4746 perpetuum.
2552 4673 2707 4728 Tunc
2722 4672 2935 4745 impius
2954 4672 3238 4728 Sisinnius
3255 4672 3454 4742 comis,
3471 4673 3578 4728 hoc
3596 4673 3814 4742 audito,

2172 4766 2338 4822 valde
2377 4766 2557 4822 iratus
2601 4770 2706 4835 est,
2749 4769 2807 4821 et
2851 4766 3126 4838 praecepit
3171 4766 3628 4839 spiculatoribus,
3670 4770 3734 4822 ut
3770 4767 3814 4821 si

2170 4863 2198 4917 ,Ι
2204 4861 2294 4916 ovi
2314 4861 2486 4916 thura
2506 4877 2626 4916 non
2648 4859 2945 4927 offerrent,
2970 4860 3163 4933 capita
3182 4862 3589 4933 plecterentur.
3606 4860 3819 4916 Beatis-

2172 4949 2303 5005 simi
2332 4965 2469 5005 vero
2503 4952 2786 5021 martyres
2817 4947 3084 5004 Cantiani
3114 4966 3231 5005 una
3256 4967 3389 5004 cum
3418 4952 3590 5005 Proto
3619 4950 3811 5022 paeda-

2172 5060 2325 5116 gogo
2358 5060 2460 5098 suo
2492 5043 2811 5115 gaudentes
2836 5046 2895 5098 et
2922 5044 3232 5115 psallentes
3259 5043 3621 5099 ducebantur
3646 5061 3679 5099 a
3705 5044 3810 5116 spi-

2173 5137 2542 5194 culatoribus.
2564 5137 2719 5191 Tunc
2740 5136 2899 5192 beati
2918 5137 3123 5192 famuli
3144 5136 3243 5193 Dei
3266 5136 3529 5210 expansis
3544 5137 3809 5193 manibus

2172 5231 2246 5287 ad
2280 5232 2482 5285 caelum
2512 5229 2836 5286 orationem
2865 5230 3143 5286 fuderunt
3177 5231 3251 5286 ad
3280 5230 3595 5286 Dominum
3622 5231 3809 5286 dicen-

2171 5327 2291 5381 tes:
2314 5322 2557 5381 Domine
2576 5325 2603 5380 Ι
2608 5341 2709 5380 esu
2728 5324 2970 5393 Christe,
2995 5324 3094 5397 qui
3111 5324 3613 5396 perseverantibus
3635 5324 3693 5379 in
3714 5328 3810 5380 tuo

2173 5417 2412 5475 nomine
2448 5422 2507 5474 te
2548 5421 2772 5490 patrem
2808 5421 2865 5473 et
2902 5420 3155 5473 matrem
3199 5417 3387 5473 dixisti
3429 5434 3575 5487 esse,
3613 5421 3672 5473 et
3709 5434 3810 5490 pro

2171 5513 2586 5586 temporalibus
2624 5513 2838 5580 futura,
2877 5515 2937 5566 et
2972 5528 3078 5584 pro
3118 5511 3385 5584 perituris
3423 5514 3725 5584 perpetua,
3755 5515 3814 5567 et

2170 5625 2276 5681 pro
2291 5606 2503 5663 divitiis
2518 5604 2764 5662 terrenis
2781 5605 3176 5679 incorruptam
3189 5605 3366 5662 vitam
3381 5608 3665 5661 azternam
3683 5622 3809 5661 cum

2172 5701 2446 5758 felicitate
2489 5700 2626 5756 dare
2667 5698 2983 5773 promisisti
3023 5715 3037 5756 :
3068 5702 3126 5755 te
3154 5700 3546 5770 obsecramus,
3577 5701 3816 5756 Amator

1100 5865 1133 5906 e
1167 5849 1239 5906 ad
1272 5850 1607 5922 sequentem
1642 5848 1966 5919 sectionem,
2000 5845 2195 5922 paucis
2232 5843 2654 5921 praetermissis,
2685 5845 2959 5917 leguntur
3000 5844 3063 5902 in
3098 5844 3326 5919 vulgato
3367 5859 3629 5902 sermone
3664 5842 3813 5917 apud
