4006 6228
157 376 240 429 i-it
773 375 858 426 Al)
895 371 1382 427 PR/ECEDENTIA
1424 373 1755 427 LITURGIIE
1793 373 2206 427 MONUMENTA
2244 371 2580 427 APPENDIX
2621 375 2902 429 ALTERA.

3435 381 3536 435 442

154 497 302 554 purae
318 479 707 547 conscientiae,
729 483 795 535 ut
809 480 1074 551 respicias
1090 481 1160 534 de
1180 480 1506 536 summitate
1522 482 1790 537 calorum
1810 493 1871 566 Α
1889 481 2072 552 ligens
2100 480 2554 536 beatissimorum
2575 487 2893 553 martyrum
2917 499 3172 555 corpora,
3202 486 3450 542 condivit
3469 505 3535 543 ea

154 576 215 630 ad
243 575 389 629 hanc
417 574 646 644 horam,
674 577 740 629 ut
767 574 1036 646 suscipias
1061 574 1280 629 animas
1299 579 1520 630 nostras
1543 576 1603 630 in
1631 593 1788 649 pace,

157 675 204 725 et
231 669 375 723 inter
404 672 633 723 sanctos
659 669 877 722 Electos
904 672 1032 723 tuos
1060 668 1340 723 conlocari
1375 669 1689 740 praecipias,
1728 677 1793 727 ut

156 766 486 833 cognoscant
513 778 712 816 omnes
749 761 882 832 quia
909 766 969 816 tu
996 778 1054 816 es
1092 763 1238 817 Deus
1275 761 1427 816 solus
1467 767 1523 816 et
1555 763 1788 819 benedi-

155 862 266 911 ctus
290 855 348 910 in
373 855 608 910 saecula.
639 857 704 910 Et
729 871 860 909 cum
899 856 1276 927 complessent
1311 855 1642 925 orationem,
1683 874 1789 928 po-

154 955 340 1004 nentes
387 965 579 1020 genua
623 954 992 1020 susceperunt
1043 949 1316 1020 gladium,
1359 954 1416 1004 et
1454 955 1793 1020 acceperunt

154 1060 371 1099 coronas
396 1042 816 1114 sempiternas:
863 1048 919 1098 et
964 1059 1090 1099 ecce
1131 1043 1364 1114 sanguis
1404 1059 1600 1098 eorum
1643 1048 1789 1098 tam-

153 1154 311 1208 quam
335 1138 419 1191 lac
445 1136 714 1192 omnibus
740 1136 1063 1192 videntibus
1091 1137 1372 1208 apparuit.

215 1232 329 1295 Quo
359 1235 622 1302 tempore
663 1231 998 1288 venerabilis
1023 1231 1108 1286 vir
1135 1231 1330 1288 Zoelus
1359 1231 1656 1304 presbyter
1683 1233 1792 1288 col-

1893 575 2242 631 aromatibus
2279 574 2563 645 pretiosis,
2600 581 2656 631 et
2679 576 2740 631 in
2764 576 2947 631 loculo
2973 579 3301 634 conlocavit.
3348 582 3453 646 Qui
3479 587 3536 638 et

1891 669 2011 740 ipse
2037 673 2260 724 sanctus
2286 669 2484 724 Zoelus
2508 674 2637 740 post
2661 670 3015 742 aliquantum
3046 676 3272 744 tempus
3303 692 3533 748 suscep-

1891 762 2059 816 tionis
2096 779 2210 817 sum
2258 763 2363 818 hoc
2400 763 2596 820 ordine
2633 764 2885 835 perrexit
2919 766 2990 820 ad
3032 767 3352 822 Dominum.
3381 769 3533 824 Passi

1892 861 2024 910 sunt
2051 861 2243 911 autem
2269 857 2570 912 beatissimi
2589 863 2868 929 martyres
2883 859 3132 930 Cautius,
3154 862 3458 917 Cantianus
3479 869 3535 919 et

1890 949 2266 1018 Cantianella,
2318 951 2501 1021 pridie
2546 953 2662 1006 Kal.
2706 953 2927 1022 Junias,
2980 960 3254 1024 regnante
3294 957 3531 1012 Domino

1891 1048 2085 1097 nostro
2132 1045 2259 1099 Jesu
2305 1043 2547 1113 Christo,
2593 1045 2683 1099 cui
2721 1051 2802 1100 est
2845 1047 3041 1118 gloria,
3087 1049 3270 1105 honor
3320 1053 3377 1106 et
3424 1067 3528 1121 po-

1891 1142 2060 1194 testas
2087 1138 2148 1193 in
2175 1138 2378 1193 saecula
2397 1138 2756 1206 saeculorum,
2784 1156 2971 1196 amen.

914 1590 1864 1707 APPENDIX
1979 1593 2780 1709 ALTERA.

148 1801 258 1901 In
366 1830 567 1932 quo
684 1801 1200 1904 variantes
1301 1804 1848 1933 scripturae
1949 1834 2276 1903 sacra:
2381 1805 2850 1905 lectiones
2953 1807 3528 1938 praecipuae

717 1977 844 2045 ea
931 1943 1563 2046 Lectionario
1663 1941 2192 2046 Gallicana
2292 1945 2932 2048 etv/libentur.

212 2268 390 2340 471
419 2267 702 2333 Quoniam
721 2282 1066 2339 magnopere
1081 2267 1467 2324 interestscire
1485 2267 1780 2340 antiquam
1799 2281 1857 2354 B
1880 2270 2024 2339 ﬁlias
2041 2270 2337 2338 pharetrae,
2369 2269 2577 2340 Graece,
2609 2278 2727 2333 ἰοὺς.
2758 2269 3031 2340 Lection.,
3059 2270 3280 2340 phialas
3319 2271 3524 2340 phare-

150 2363 442 2434 Scripturae
470 2379 647 2417 sacrae
673 2361 1012 2431 versionem,
1044 2378 1158 2433 qua
1185 2361 1390 2433 primis
1424 2362 1779 2434 temporibus

149 2473 235 2511 usa
252 2461 332 2511 est
357 2456 648 2511 Gallicana
672 2455 926 2523 ecclesia,
958 2455 1084 2511 ideo
1112 2455 1202 2510 hic
1241 2456 1344 2510 sub
1378 2472 1494 2510 uno
1539 2472 1776 2529 conspe-

149 2554 232 2604 ctu
259 2550 545 2605 variantes
571 2550 902 2606 Lectionarii
927 2549 1305 2621 antiquissimi
1330 2549 1598 2605 lectiones
1636 2550 1775 2605 insi-

151 2644 360 2716 gniores
384 2644 604 2700 referre
634 2645 815 2699 visum
842 2649 925 2699 est
951 2661 1139 2716 operae
1164 2645 1435 2716 pretium,
1485 2650 1551 2699 ut
1585 2661 1654 2700 ex
1689 2646 1778 2700 his

146 2738 240 2791 viri
266 2739 415 2792 docti
441 2755 607 2792 suam
634 2738 703 2793 de
733 2738 825 2792 illa
852 2738 1111 2793 versione
1156 2739 1491 2794 sententiam
1532 2743 1777 2795 statuere

147 2833 366 2904 possint.

209 2930 272 2982 Et
303 2927 492 3000 primo
535 2927 768 2999 quidem
817 2926 1132 2998 generatim
1175 2926 1590 2983 observandum
1626 2927 1773 2983 anti-

149 3039 308 3094 quam
332 3022 492 3078 illam
511 3021 833 3077 versionem
851 3021 1104 3092 Vulgata:
1128 3024 1337 3076 nostra":
1365 3021 1576 3093 passim
1601 3021 1778 3078 inhae-

149 3130 281 3186 rere,
310 3121 366 3171 et
388 3117 692 3188 plerasque
721 3114 992 3171 lectiones
1035 3114 1312 3171 variantes
1350 3115 1544 3186 potius
1587 3133 1657 3172 ex
1701 3117 1774 3170 li-

147 3209 456 3265 brariorum
481 3209 651 3282 genio
669 3209 756 3266 vel
780 3225 993 3278 errore,
1023 3225 1195 3280 quam
1221 3225 1292 3264 ex
1307 3209 1576 3264 versionis
1599 3210 1777 3281 ipsius

147 3303 510 3376 discrepantia
555 3303 907 3375 repetendas.
955 3303 1166 3358 Deinde
1192 3303 1290 3358 ubi
1328 3303 1508 3358 versio
1543 3303 1775 3376 antiqua

150 3397 324 3452 differt
366 3416 397 3451 a
441 3401 634 3452 nostra
687 3397 945 3468 Vulgata,
994 3413 1119 3451 eam
1160 3397 1386 3469 saepius,
1442 3413 1558 3452 non
1583 3402 1774 3453 tamen

150 3495 430 3562 perpetuo,
478 3507 613 3545 cum
665 3490 919 3546 versione
972 3491 1162 3545 Graeca
1212 3491 1533 3546 convenire.
1587 3491 1774 3546 Tertio

151 3583 438 3655 Scriptura:
477 3584 672 3652 libros,
705 3601 774 3639 ex
826 3583 1031 3656 quibus
1073 3583 1337 3639 lectiones
1380 3585 1442 3639 in
1479 3584 1769 3640 Lectiona-

150 3677 288 3732 rium
315 3683 572 3734 nostrum
593 3682 838 3750 acceptm
865 3681 1015 3747 sunt,
1037 3677 1139 3732 hos
1157 3678 1390 3733 omnino
1409 3694 1548 3749 esse,
1569 3695 1773 3750 nempe
1794 3649 1848 3724 Ο

152 3771 412 3844 Genesim,
453 3773 732 3841 Exodum,
771 3773 958 3841 Josue,
998 3771 1250 3841 Tobiam,
1296 3772 1508 3843 Iudith,
1551 3773 1768 3843 Esther,

153 3881 334 3921 omnes
372 3867 699 3938 prophetas,
753 3866 1003 3936 majores
1051 3882 1113 3920 ac
1159 3865 1428 3936 minores,
1475 3881 1544 3920 ex
1587 3866 1774 3922 Veteri

151 3959 525 4030 Testamento;
574 3977 642 4017 ex
689 3961 840 4015 Novo
892 3963 1104 4029 autem,
1161 3965 1405 4032 quatuor
1448 3959 1771 4032 Evangelia,

152 4054 304 4106 Actus
338 4055 742 4127 apostolorum,
791 4069 986 4109 omnes
1027 4053 1185 4108 Pauli
1225 4053 1520 4126 Epistolas,
1566 4059 1774 4126 praeter

153 4159 308 4202 unam
330 4149 397 4204 ad
423 4147 832 4220 Philippenses,
863 4162 1058 4202 omnes
1084 4147 1415 4218 Catholicas,
1461 4151 1518 4202 et
1551 4149 1769 4220 Apoca-

152 4236 335 4310 lypsin.
369 4243 634 4315 Singulos
662 4258 733 4297 ex
760 4240 955 4296 ordine
978 4257 1397 4312 percurramus.

521 4342 587 4394 IN
625 4341 874 4394 VETERI
911 4339 1376 4394 TESTAMENTO.

213 4426 398 4484 (isses.
431 4445 528 4499 vn,
561 4432 646 4492 16,
677 4428 772 4483 ubi
801 4428 1012 4499 legitur
1037 4427 1097 4482 in
1124 4428 1378 4500 Vulgata,
1411 4430 1630 4484 inclusit
1652 4445 1773 4485 eum

153 4519 385 4576 Dominus
413 4524 640 4591 deforis,
662 4521 820 4578 addit
836 4521 1252 4576 Lectionarium
1273 4523 1476 4590 deforis
1487 4525 1544 4578 in
1563 4539 1768 4585 arcam,

153 4614 287 4680 quod
330 4616 531 4672 melius
572 4617 762 4672 Graeco
811 4616 993 4671 textui
1029 4616 1350 4687 respondet,
1377 4624 1459 4671 καὶ
1481 4624 1664 4672 ἔκλεισε
1688 4624 1770 4680 τήν

153 4705 336 4755 κιϐωτὸν
357 4709 525 4766 ἔξωθεν
554 4707 703 4758 αὐτοῦ
713 4745 724 4756 .

214 4793 368 4850 10er
408 4813 484 4864 ιν,
540 4799 623 4863 19,
673 4796 874 4850 decimo
911 4795 998 4849 die
1037 4797 1234 4850 mensis
1267 4797 1458 4865 primi,
1490 4795 1771 4850 Lectiona-

153 4883 285 4939 rium
320 4889 489 4944 habet
539 4890 740 4944 decimo
781 4905 978 4952 mense,
1021 4891 1208 4959 prima
1252 4889 1338 4944 die
1387 4891 1602 4947 mensis.
1648 4889 1772 4944 LXX

159 4976 384 5050 Vulgata:
412 4984 623 5038 favent.

218 5073 362 5132 [sua
390 5094 534 5144 xxvi,
577 5081 630 5147 6,
658 5093 777 5147 pes,
811 5077 977 5148 pedes
998 5078 1280 5147 pauperis.
1328 5073 1597 5143 Lection.,
1642 5073 1770 5128 abs-

159 5179 252 5234 que
285 5171 678 5240 geminatione,
705 5187 803 5242 pes
832 5173 1116 5241 pauperis.
1169 5170 1312 5240 LXX,
1357 5175 1514 5235 πόδες,
1573 5167 1768 5223 semel.

161 5256 300 5329 Ibid.,
332 5281 475 5321 vers.
519 5267 603 5334 18,
645 5270 695 5320 et
730 5267 1044 5335 peperimus
1079 5266 1379 5335 spiritum:
1426 5264 1627 5318 salutes
1665 5278 1774 5318 non

159 5352 376 5428 ft’cimus,
406 5361 465 5414 in
491 5364 657 5414 terra.
688 5359 936 5414 Lection.
986 5374 1136 5427 vero,
1186 5357 1308 5412 sine
1355 5356 1770 5428 dispunctione,

161 5449 384 5513 spiritum
409 5455 603 5510 salutis
629 5470 736 5508 non
786 5456 1014 5522 fecimus
1054 5455 1112 5506 in
1169 5458 1334 5511 terra.
1383 5451 1540 5518 LXX,
1586 5455 1775 5521 πνεῦμα

161 5551 367 5614 σωτηρίας
391 5571 481 5604 σου
511 5555 822 5617 ὶποιησαμεν.
873 5545 1178 5618 Complut.,
1211 5551 1236 5600 ὃ
1261 5551 1490 5609 ἐποίησας
1516 5575 1583 5585 —
1634 5547 1769 5616 Cap.

163 5645 242 5700 ιιι,
272 5639 348 5708 14,
377 5643 453 5696 sic
481 5642 748 5709 inglorius
778 5643 901 5696 erit.
933 5639 1202 5709 Lection.,
1242 5641 1320 5695 sic
1345 5640 1630 5709 gloriosior
1649 5641 1770 5694 erit.

164 5721 287 5796 LXX,
313 5749 438 5789 cum
463 5734 724 5807 Vulgata,
752 5741 996 5799 ἀδοξήσει.

225 5820 400 5902 472
425 5829 620 5885 leniam.
644 5845 741 5897 xu,
776 5833 828 5895 7,
853 5830 911 5883 in
930 5844 1099 5884 manu
1125 5829 1465 5883 inimicorum
1494 5827 1633 5896 ejus.
1651 5825 1774 5882 LXX

169 5917 308 5983 αὐτῆς.
333 5921 600 5995 Lection.,
617 5924 960 5981 inimicorum
978 5939 1236 5982 meorum.
1259 5955 1327 5965 —
1345 5923 1552 5980 Thren.
1575 5937 1657 5995 ιιι,
1684 5923 1770 5993 13,

1792 5027 1852 5100 Ι)

1880 2368 1996 2429 irae,
2021 2362 2164 2418 forte
2192 2363 2480 2418 mendose.

1950 2457 2150 2512 Ezscn.
2206 2473 2356 2524 Lxlu,
2411 2459 2501 2524 20,
2561 2463 2611 2512 et
2663 2472 2828 2526 super
2875 2472 3127 2512 coronam
3169 2459 3228 2512 in
3269 2459 3521 2522 circuitu,

1878 2551 2086 2617 Greece,
2125 2561 2282 2621 βασιν.
2330 2550 2600 2616 Lection.,
2637 2555 2688 2605 et
2733 2566 2898 2620 super
2928 2567 3132 2606 cornua
3170 2553 3230 2606 in
3267 2554 3518 2607 circuitu.

1877 2673 1946 2684 -—
1972 2644 2106 2716 Cap.
2135 2660 2281 2712 xuv,
2318 2648 2371 2712 3,
2403 2646 2457 2712 4,
2486 2645 2810 2712 egredietur.
2845 2647 2914 2699 Et
2967 2646 3212 2700 adduxit
3245 2662 3348 2709 me,
3391 2663 3523 2700 cum

1877 2739 2022 2793 LXX.
2064 2738 2333 2806 Lection.,
2377 2739 2703 2806 egredietur.
2739 2739 2829 2793 Sic
2871 2739 3009 2794 sicut
3049 2744 3126 2794 est
3165 2741 3374 2804 clausa,
3410 2742 3524 2795 Rea:

1879 2834 2134 2887 transivit
2153 2848 2256 2901 per
2284 2848 2421 2887 eam.
2449 2835 2518 2887 Et
2543 2832 2782 2886 addth
2810 2847 2912 2886 me.

1948 2926 2157 2979 DANIEL
2196 2941 2276 2987 ιιι,
2327 2929 2378 2987 1,
2422 2926 2914 2983 Nabuchodonosor
2956 2941 3054 2981 rea:
3070 2927 3220 2994 fecit.
3249 2925 3520 2996 Lection.,

1877 3034 2008 3073 cum
2051 3019 2196 3087 LXX,
2245 3033 2389 3073 anno
2423 3023 2609 3073 octavo
2655 3020 2855 3074 decimo
2895 3019 3385 3075 Nabuchodonosor
3425 3036 3524 3074 rea:

1875 3114 2022 3180 fecit.
2059 3111 2222 3181 Ibid.,
2255 3128 2398 3167 vers.
2423 3115 2476 3178 6,
2515 3115 2600 3179 15,
2627 3114 2716 3182 20,
2757 3116 3035 3180 fornacem
3073 3115 3217 3180 ignis
3253 3113 3522 3176 ardentis,

1877 3206 2146 3275 Lection.,
2183 3222 2315 3260 cum
2355 3206 2499 3276 LXX,
2528 3204 2743 3277 ubique
2785 3207 2959 3261 habet
2997 3207 3298 3261 ardentem.
3356 3205 3520 3271 Ibid.,

1873 3315 2018 3354 vers.
2061 3300 2150 3366 94,
2189 3300 2481 3357 Sarabala.
2528 3299 2800 3367 Lection.,
2853 3316 2984 3355 cum
3031 3301 3178 3369 LXX,
3229 3301 3518 3355 sarabara.

1873 3393 2037 3462 Ibid.,
2082 3409 2226 3448 vers.
2274 3396 2361 3462 96,
2396 3396 2634 3464 positum
2677 3399 2756 3448 est
2786 3395 2882 3448 hoc
2911 3395 3202 3450 decretum.
3241 3394 3518 3464 Lection.,

1873 3503 2004 3541 cum
2028 3487 2174 3553 LXX,
2210 3489 2549 3557 propositum
2573 3492 2651 3542 est
2679 3489 2968 3543 decretum.
3023 3488 3186 3554 Ibid.,
3230 3503 3377 3543 vers.
3427 3491 3518 3556 97,

1873 3583 1962 3643 98,
1992 3582 2050 3635 in
2068 3582 2356 3650 provincia
2374 3581 2688 3648 Babylonis.
2711 3581 3223 3638 Nabuchodonosor.
3242 3581 3518 3647 Lection.,

1873 3676 1932 3728 in
1953 3676 2296 3743 provinciam
2323 3675 2642 3743 Babylonis,
2672 3679 2722 3730 et
2740 3676 2959 3744 scripsit
2987 3675 3279 3744 epistulam
3305 3677 3383 3729 sic
3400 3691 3522 3730 con-

1873 3770 2148 3823 tinentem.
2184 3767 2692 3835 Nabuchodonosor,
2719 3783 2847 3838 quae
2888 3767 3057 3822 verba
3099 3766 3275 3821 etiam
3316 3767 3522 3823 desunt

1871 3861 2023 3932 apud
2047 3860 2192 3915 LXX.
2225 3860 2448 3931 —Cap.
2482 3877 2554 3928 ιι,
2587 3860 2674 3928 14,
2707 3865 2757 3914 et
2783 3861 3035 3928 vigilavit
3060 3861 3322 3914 Dominus
3358 3876 3521 3930 super

1871 3955 2158 4010 malitiam.
2193 3954 2358 4009 Deest
2376 3969 2540 4024 super
2565 3955 2836 4008 malitiam
2867 3953 2926 4008 in
2950 3953 3323 4008 Lectionario.
3354 3953 3518 4024 Ibid.,

1872 4064 2016 4102 vers.
2071 4051 2162 4116 25,
2212 4049 2344 4103 scito
2387 4063 2511 4116 ergo
2552 4051 2604 4102 et
2639 4048 3031 4103 animadverte.
3077 4046 3330 4103 Lection.
3376 4047 3520 4103 Scito

1873 4157 2016 4210 ergo,
2045 4146 2095 4196 et
2117 4142 2319 4211 planta
2344 4157 2551 4205 aurem,
2581 4145 2631 4196 et
2662 4141 3055 4197 animadverte.

1942 4236 2085 4290 Ossa
2111 4252 2185 4299 IV,
2212 4239 2298 4299 17,
2326 4235 2536 4290 dimitte
2565 4251 2705 4290 eum.
2731 4235 3000 4304 Lection.,
3031 4236 3266 4291 dimittet
3290 4251 3426 4291 eum.
3452 4266 3519 4277 —-
3543 4215 3550 4234 ’

1871 4329 2002 4400 Cap.
2033 4345 2108 4397 νι,
2132 4333 2186 4400 6,
2215 4333 2265 4384 et
2291 4345 2399 4384 non
2417 4331 2763 4399 sacriﬁcium,
2785 4346 2914 4384 cum
2944 4329 3067 4384 LXX
3092 4329 3339 4385 Lection.
3363 4346 3516 4400 vero,

1873 4427 1924 4477 et
1950 4439 2057 4477 non
2073 4423 2374 4491 judicium.

1941 4517 2074 4570 ἔθει,
2101 4533 2139 4586 ι,
2174 4519 2259 4585 13,
2295 4517 2503 4571 libatio.
2535 4516 2808 4585 Lection.,
2830 4517 3051 4570 oblatio.
3074 4546 3142 4554 —
3169 4515 3302 4586 Cap.
3335 4533 3394 4585 ιι,
3425 4519 3513 4585 23,

1871 4611 2165 4665 serotinum
2209 4611 2350 4663 sicut
2389 4612 2449 4663 in
2490 4612 2785 4679 principio.
2837 4611 2952 4663 Vox
3007 4610 3147 4664 sicut
3192 4609 3347 4663 deest
3397 4625 3516 4663 non

1871 4704 2043 4760 semel
2069 4703 2129 4757 in
2157 4701 2523 4758 Lectionario.
2555 4702 2717 4771 Ibid.,
2746 4719 2890 4757 vers.
2920 4705 3011 4772 28,
3044 4705 3296 4771 spiritum
3318 4718 3513 4757 meum.

1871 4797 2142 4864 Lection.,
2171 4797 2236 4851 de
2263 4797 2464 4866 spiritu
2489 4811 2623 4863 meo,
2653 4812 2784 4851 cum
2810 4797 2956 4865 LXX,
2982 4800 3039 4852 et
3067 4795 3144 4850 sic
3169 4796 3310 4868 legit
3339 4797 3512 4852 Lucas

1871 4894 1991 4947 Act.
2020 4908 2081 4958 ιι,
2112 4892 2200 4946 47.

1946 4987 2100 5040 Amos
2129 5000 2248 5052 vm,
2281 4989 2334 5054 5,
2377 4984 2598 5054 quando
2643 4985 2899 5040 transibit
2935 4986 3154 5054 mensis,
3195 5000 3326 5039 cum
3369 4985 3516 5040 LXX.

1874 5079 2150 5148 Lection.,
2177 5080 2384 5146 messis,
2412 5078 2557 5133 forte
2587 5077 2893 5134 mendose.

1944 5173 2187 5228 MALACH.
2245 5188 2328 5242 ιιι,
2376 5175 2428 5241 3,
2477 5173 2677 5227 colabit
2721 5188 2828 5227 eos.
2865 5172 3138 5243 Lection.,
3181 5189 3312 5227 cum
3367 5171 3514 5240 LXX,

1871 5267 2125 5334 con/labit
2153 5281 2258 5335 eos,
2314 5265 2540 5320 rectius.
2594 5265 2755 5336 Ibid.,
2805 5281 2946 5320 vers.
2991 5268 3045 5336 8,
3090 5267 3406 5336 conﬁcimus
3445 5269 3514 5333 te,

1871 5376 2003 5414 cum
2029 5360 2173 5429 LXX,
2204 5375 2307 5430 pro
2336 5361 2651 5429 conﬁgimus
2703 5365 2770 5427 te,
2815 5359 2966 5430 quod
3019 5361 3102 5414 est
3145 5359 3206 5412 in
3252 5356 3511 5426 Vulgata.

1872 5453 2036 5524 Ibid.,
2069 5469 2210 5508 vers.
2259 5457 2342 5520 17,
2372 5458 2529 5508 erunt
2552 5455 2704 5508 mihi.
2736 5454 3009 5522 Lection.,
3043 5456 3202 5507 erunt
3230 5452 3365 5505 mihi
3394 5466 3515 5507 oves

1871 5564 2018 5603 meae.
2048 5579 2116 5588 —
2148 5547 2286 5619 Cap.
2320 5563 2394 5613 IV,
2439 5551 2488 5610 1,
2528 5549 2755 5617 stipula.
2793 5548 3065 5618 Lection.,
3110 5547 3252 5601 sicut
3284 5548 3512 5617 stipula.

1874 5643 2042 5698 Deest
2067 5646 2262 5698 tamen
2288 5641 2410 5697 haec
2433 5641 2708 5713 particula
2731 5641 2882 5712 apud
2917 5642 3064 5713 LXX,
3091 5641 3222 5696 licet
3233 5639 3506 5696 subintel-

1872 5735 2105 5808 ligatur.

2299 5830 2365 5885 lN
2404 5827 2586 5884 ΝΟνο
2624 5825 3090 5882 TESTAMENTO.

1947 5923 2157 5980 Mum.
2189 5939 2264 5995 vi,
2305 5926 2388 5994 11,
2417 5919 3014 5994 supersubstantialem.
3056 5918 3326 5983 Lection.,
3373 5921 3515 5978 Coti-
