  <div class='ocr_page' id='page_1' title='image "/cluster/home/n/w/nwhite01/storage/ocr_20150623/72/uva.x000827084/317.png"; bbox 0 0 4006 6228; ppageno 0'>
   <div class='ocr_carea' id='block_1_1' title="bbox 548 339 643 392">
    <p class='ocr_par' dir='ltr' id='par_1_1' title="bbox 548 339 643 392">
     <span class='ocr_line' id='line_1_1' title="bbox 548 339 643 392; baseline 0.011 -1"><span class='ocrx_word' id='word_1_1' title='bbox 548 339 643 392; x_wconf 79' lang='grc'><strong>431</strong></span> 
     </span>
    </p>
   </div>
   <div class='ocr_carea' id='block_1_2' title="bbox 1335 318 3133 392">
    <p class='ocr_par' dir='ltr' id='par_1_2' title="bbox 1335 318 3133 392">
     <span class='ocr_line' id='line_1_2' title="bbox 1335 318 3133 392; baseline -0.004 0"><span class='ocrx_word' id='word_1_2' title='bbox 1335 335 1671 392; x_wconf 86' lang='lat' dir='ltr'><strong>APPENDIX</strong></span> <span class='ocrx_word' id='word_1_3' title='bbox 1709 334 1796 389; x_wconf 84' lang='lat' dir='ltr'><strong>AD</strong></span> <span class='ocrx_word' id='word_1_4' title='bbox 1834 333 2058 389; x_wconf 80' lang='lat' dir='ltr'><strong>OPERA</strong></span> <span class='ocrx_word' id='word_1_5' title='bbox 2096 318 2329 391; x_wconf 79' lang='lat' dir='ltr'><strong>SANCTl</strong></span> <span class='ocrx_word' id='word_1_6' title='bbox 2366 333 2666 390; x_wconf 82' lang='lat' dir='ltr'><strong>GERMANI</strong></span> <span class='ocrx_word' id='word_1_7' title='bbox 2703 332 3133 391; x_wconf 82' lang='lat' dir='ltr'><strong>PAPJSIENSIS.</strong></span> 
     </span>
    </p>
   </div>
   <div class='ocr_carea' id='block_1_3' title="bbox 3829 332 3918 387">
    <p class='ocr_par' dir='ltr' id='par_1_3' title="bbox 3829 332 3918 387">
     <span class='ocr_line' id='line_1_3' title="bbox 3829 332 3918 387; baseline 0.022 -2"><span class='ocrx_word' id='word_1_8' title='bbox 3829 332 3918 387; x_wconf 57' lang='lat'><strong>43?</strong></span> 
     </span>
    </p>
   </div>
   <div class='ocr_carea' id='block_1_4' title="bbox 547 440 3918 529">
    <p class='ocr_par' dir='ltr' id='par_1_4' title="bbox 547 440 3918 529">
     <span class='ocr_line' id='line_1_4' title="bbox 547 440 3918 529; baseline -0.001 -27"><span class='ocrx_word' id='word_1_9' title='bbox 547 447 829 516; x_wconf 89' lang='lat' dir='ltr'><strong>decorato,</strong></span> <span class='ocrx_word' id='word_1_10' title='bbox 861 445 918 500; x_wconf 89' lang='lat' dir='ltr'><strong>et</strong></span> <span class='ocrx_word' id='word_1_11' title='bbox 940 443 1249 517; x_wconf 89' lang='lat' dir='ltr'><strong>pontiﬁcali</strong></span> <span class='ocrx_word' id='word_1_12' title='bbox 1283 443 1466 498; x_wconf 88' lang='lat' dir='ltr'><strong>ofﬁcio</strong></span> <span class='ocrx_word' id='word_1_13' title='bbox 1495 448 1780 514; x_wconf 88' lang='lat' dir='ltr'><strong>coronato,</strong></span> <span class='ocrx_word' id='word_1_14' title='bbox 1820 443 2052 499; x_wconf 89' lang='lat' dir='ltr'><strong>Bibiano</strong></span> <span class='ocrx_word' id='word_1_15' title='bbox 2087 461 2181 499; x_wconf 91' lang='lat' dir='ltr'><strong>or-</strong></span> <span class='ocrx_word' id='word_1_16' title='bbox 2202 456 2264 529; x_wconf 80' lang='grc' dir='ltr'><strong>Α</strong></span> <span class='ocrx_word' id='word_1_17' title='bbox 2281 444 2538 516; x_wconf 89' lang='lat' dir='ltr'><strong>pleverit.</strong></span> <span class='ocrx_word' id='word_1_18' title='bbox 2569 446 2731 517; x_wconf 90' lang='lat' dir='ltr'>Apud</span> <span class='ocrx_word' id='word_1_19' title='bbox 2758 462 2860 501; x_wconf 90' lang='lat' dir='ltr'><strong>nos</strong></span> <span class='ocrx_word' id='word_1_20' title='bbox 2886 446 3078 517; x_wconf 84' lang='lat' dir='ltr'><strong>itaque</strong></span> <span class='ocrx_word' id='word_1_21' title='bbox 3102 460 3171 499; x_wconf 88' lang='lat' dir='ltr'><strong>ex</strong></span> <span class='ocrx_word' id='word_1_22' title='bbox 3201 442 3322 515; x_wconf 88' lang='lat' dir='ltr'><strong>ejus</strong></span> <span class='ocrx_word' id='word_1_23' title='bbox 3347 440 3733 499; x_wconf 72' lang='lat' dir='ltr'><strong>sollemnitate</strong></span> <span class='ocrx_word' id='word_1_24' title='bbox 3753 441 3918 497; x_wconf 86' lang='lat' dir='ltr'><strong>absti-</strong></span> 
     </span>
    </p>
   </div>
   <div class='ocr_carea' id='block_1_5' title="bbox 546 537 2182 612">
    <p class='ocr_par' dir='ltr' id='par_1_5' title="bbox 546 537 2182 612">
     <span class='ocr_line' id='line_1_5' title="bbox 546 537 2182 612; baseline 0.001 -18"><span class='ocrx_word' id='word_1_25' title='bbox 546 541 778 611; x_wconf 89' lang='lat' dir='ltr'><strong>todoxo,</strong></span> <span class='ocrx_word' id='word_1_26' title='bbox 807 540 1121 612; x_wconf 85' lang='lat' dir='ltr'><strong>Agustinus</strong></span> <span class='ocrx_word' id='word_1_27' title='bbox 1142 540 1243 594; x_wconf 92' lang='lat' dir='ltr'><strong>Dei</strong></span> <span class='ocrx_word' id='word_1_28' title='bbox 1282 554 1573 593; x_wconf 90' lang='lat' dir='ltr'><strong>servorum</strong></span> <span class='ocrx_word' id='word_1_29' title='bbox 1617 554 1831 608; x_wconf 89' lang='lat' dir='ltr'><strong>servus,</strong></span> <span class='ocrx_word' id='word_1_30' title='bbox 1854 537 1914 592; x_wconf 92' lang='lat' dir='ltr'><strong>in</strong></span> <span class='ocrx_word' id='word_1_31' title='bbox 1945 537 2182 595; x_wconf 88' lang='lat' dir='ltr'><strong>Domino</strong></span> 
     </span>
    </p>
   </div>
   <div class='ocr_carea' id='block_1_6' title="bbox 545 631 2183 703">
    <p class='ocr_par' dir='ltr' id='par_1_6' title="bbox 545 631 2183 703">
     <span class='ocr_line' id='line_1_6' title="bbox 545 631 2183 703; baseline 0.001 -16"><span class='ocrx_word' id='word_1_32' title='bbox 545 635 807 690; x_wconf 82' lang='lat' dir='ltr'><strong>salutem.</strong></span> <span class='ocrx_word' id='word_1_33' title='bbox 850 634 1083 689; x_wconf 85' lang='lat' dir='ltr'><strong>Litteras</strong></span> <span class='ocrx_word' id='word_1_34' title='bbox 1123 632 1467 703; x_wconf 84' lang='lat' dir='ltr'><strong>apostolatus</strong></span> <span class='ocrx_word' id='word_1_35' title='bbox 1502 631 1689 701; x_wconf 83' lang='lat' dir='ltr'><strong>vestri,</strong></span> <span class='ocrx_word' id='word_1_36' title='bbox 1726 631 2015 686; x_wconf 88' lang='lat' dir='ltr'><strong>carissimo</strong></span> <span class='ocrx_word' id='word_1_37' title='bbox 2066 633 2183 688; x_wconf 88' lang='lat' dir='ltr'><strong>ﬁlio</strong></span> 
     </span>
    </p>
   </div>
   <div class='ocr_carea' id='block_1_7' title="bbox 542 725 2181 797">
    <p class='ocr_par' dir='ltr' id='par_1_7' title="bbox 542 725 2181 797">
     <span class='ocr_line' id='line_1_7' title="bbox 542 725 2181 797; baseline -0.001 -14"><span class='ocrx_word' id='word_1_38' title='bbox 542 732 738 783; x_wconf 88' lang='lat' dir='ltr'><strong>nostro</strong></span> <span class='ocrx_word' id='word_1_39' title='bbox 761 726 1000 796; x_wconf 89' lang='lat' dir='ltr'><strong>Trojano</strong></span> <span class='ocrx_word' id='word_1_40' title='bbox 1027 730 1213 780; x_wconf 88' lang='lat' dir='ltr'><strong>vestro</strong></span> <span class='ocrx_word' id='word_1_41' title='bbox 1239 725 1475 780; x_wconf 86' lang='lat' dir='ltr'><strong>diacono</strong></span> <span class='ocrx_word' id='word_1_42' title='bbox 1504 726 1809 793; x_wconf 85' lang='lat' dir='ltr'><strong>deferente,</strong></span> <span class='ocrx_word' id='word_1_43' title='bbox 1838 726 1911 780; x_wconf 88' lang='lat' dir='ltr'><strong>ad</strong></span> <span class='ocrx_word' id='word_1_44' title='bbox 1922 743 2023 780; x_wconf 91' lang='lat' dir='ltr'><strong>nos</strong></span> <span class='ocrx_word' id='word_1_45' title='bbox 2049 742 2181 797; x_wconf 91' lang='lat' dir='ltr'><strong>per-</strong></span> 
     </span>
    </p>
   </div>
   <div class='ocr_carea' id='block_1_8' title="bbox 541 818 2183 890">
    <p class='ocr_par' dir='ltr' id='par_1_8' title="bbox 541 818 2183 890">
     <span class='ocr_line' id='line_1_8' title="bbox 541 818 2183 890; baseline 0 -15"><span class='ocrx_word' id='word_1_46' title='bbox 541 821 760 878; x_wconf 83' lang='lat' dir='ltr'><strong>venisse</strong></span> <span class='ocrx_word' id='word_1_47' title='bbox 806 819 1141 890; x_wconf 85' lang='lat' dir='ltr'><strong>comperite;</strong></span> <span class='ocrx_word' id='word_1_48' title='bbox 1196 821 1253 874; x_wconf 91' lang='lat' dir='ltr'><strong>et</strong></span> <span class='ocrx_word' id='word_1_49' title='bbox 1304 819 1442 874; x_wconf 90' lang='lat' dir='ltr'><strong>dum</strong></span> <span class='ocrx_word' id='word_1_50' title='bbox 1491 818 1727 890; x_wconf 84' lang='lat' dir='ltr'><strong>sospitas</strong></span> <span class='ocrx_word' id='word_1_51' title='bbox 1780 823 1967 874; x_wconf 87' lang='lat' dir='ltr'><strong>vestra</strong></span> <span class='ocrx_word' id='word_1_52' title='bbox 2018 820 2183 875; x_wconf 88' lang='lat' dir='ltr'><strong>nobis</strong></span> 
     </span>
    </p>
   </div>
   <div class='ocr_carea' id='block_1_9' title="bbox 542 912 2183 984">
    <p class='ocr_par' dir='ltr' id='par_1_9' title="bbox 542 912 2183 984">
     <span class='ocr_line' id='line_1_9' title="bbox 542 912 2183 984; baseline 0.001 -15"><span class='ocrx_word' id='word_1_53' title='bbox 542 914 740 969; x_wconf 81' lang='lat' dir='ltr'><strong>fuisset</strong></span> <span class='ocrx_word' id='word_1_54' title='bbox 763 912 1062 969; x_wconf 85' lang='lat' dir='ltr'><strong>certiﬁcata</strong></span> <span class='ocrx_word' id='word_1_55' title='bbox 1089 927 1196 984; x_wconf 91' lang='lat' dir='ltr'><strong>per</strong></span> <span class='ocrx_word' id='word_1_56' title='bbox 1213 912 1506 983; x_wconf 84' lang='lat' dir='ltr'><strong>paginam,</strong></span> <span class='ocrx_word' id='word_1_57' title='bbox 1534 912 1813 969; x_wconf 89' lang='lat' dir='ltr'><strong>immensa</strong></span> <span class='ocrx_word' id='word_1_58' title='bbox 1832 913 2183 970; x_wconf 83' lang='lat' dir='ltr'><strong>reddidimus</strong></span> 
     </span>
    </p>
   </div>
   <div class='ocr_carea' id='block_1_10' title="bbox 542 1005 2181 1079">
    <p class='ocr_par' dir='ltr' id='par_1_10' title="bbox 542 1005 2181 1079">
     <span class='ocr_line' id='line_1_10' title="bbox 542 1005 2181 1079; baseline 0 -17"><span class='ocrx_word' id='word_1_59' title='bbox 542 1008 657 1062; x_wconf 92' lang='lat' dir='ltr'><strong>Deo</strong></span> <span class='ocrx_word' id='word_1_60' title='bbox 704 1005 882 1061; x_wconf 87' lang='lat' dir='ltr'><strong>laudis</strong></span> <span class='ocrx_word' id='word_1_61' title='bbox 925 1006 1227 1076; x_wconf 64' lang='lat' dir='ltr'><strong>praeconia.</strong></span> <span class='ocrx_word' id='word_1_62' title='bbox 1274 1008 1339 1061; x_wconf 86' lang='lat' dir='ltr'><strong>Et</strong></span> <span class='ocrx_word' id='word_1_63' title='bbox 1383 1006 1639 1079; x_wconf 87' lang='lat' dir='ltr'><strong>quamvis</strong></span> <span class='ocrx_word' id='word_1_64' title='bbox 1692 1007 1866 1062; x_wconf 88' lang='lat' dir='ltr'><strong>simus</strong></span> <span class='ocrx_word' id='word_1_65' title='bbox 1922 1008 2181 1064; x_wconf 86' lang='lat' dir='ltr'><strong>absentes</strong></span> 
     </span>
    </p>
   </div>
   <div class='ocr_carea' id='block_1_11' title="bbox 543 1100 2178 1172">
    <p class='ocr_par' dir='ltr' id='par_1_11' title="bbox 543 1100 2178 1172">
     <span class='ocr_line' id='line_1_11' title="bbox 543 1100 2178 1172; baseline 0.002 -17"><span class='ocrx_word' id='word_1_66' title='bbox 543 1116 796 1172; x_wconf 88' lang='lat' dir='ltr'><strong>corpore,</strong></span> <span class='ocrx_word' id='word_1_67' title='bbox 826 1105 1134 1170; x_wconf 76' lang='lat' dir='ltr'><strong>praesentes</strong></span> <span class='ocrx_word' id='word_1_68' title='bbox 1164 1104 1355 1156; x_wconf 90' lang='lat' dir='ltr'><strong>tamen</strong></span> <span class='ocrx_word' id='word_1_69' title='bbox 1383 1100 1651 1172; x_wconf 86' lang='lat' dir='ltr'><strong>ﬂorigera</strong></span> <span class='ocrx_word' id='word_1_70' title='bbox 1680 1100 1929 1171; x_wconf 88' lang='lat' dir='ltr'><strong>caritate,</strong></span> <span class='ocrx_word' id='word_1_71' title='bbox 1960 1103 2178 1158; x_wconf 87' lang='lat' dir='ltr'><strong>exhila-</strong></span> 
     </span>
    </p>
   </div>
   <div class='ocr_carea' id='block_1_12' title="bbox 539 1194 2178 1266">
    <p class='ocr_par' dir='ltr' id='par_1_12' title="bbox 539 1194 2178 1266">
     <span class='ocr_line' id='line_1_12' title="bbox 539 1194 2178 1266; baseline 0.002 -18"><span class='ocrx_word' id='word_1_72' title='bbox 539 1194 649 1248; x_wconf 89' lang='lat' dir='ltr'><strong>rati</strong></span> <span class='ocrx_word' id='word_1_73' title='bbox 677 1210 874 1248; x_wconf 91' lang='lat' dir='ltr'><strong>sumus</strong></span> <span class='ocrx_word' id='word_1_74' title='bbox 908 1194 1067 1249; x_wconf 83' lang='lat' dir='ltr'><strong>valde</strong></span> <span class='ocrx_word' id='word_1_75' title='bbox 1105 1211 1213 1266; x_wconf 90' lang='lat' dir='ltr'><strong>pro</strong></span> <span class='ocrx_word' id='word_1_76' title='bbox 1253 1195 1560 1250; x_wconf 76' lang='lat' dir='ltr'><strong>sanctitatis</strong></span> <span class='ocrx_word' id='word_1_77' title='bbox 1600 1211 1853 1265; x_wconf 89' lang='lat' dir='ltr'><strong>rumore,</strong></span> <span class='ocrx_word' id='word_1_78' title='bbox 1897 1200 1953 1250; x_wconf 92' lang='lat' dir='ltr'><strong>et</strong></span> <span class='ocrx_word' id='word_1_79' title='bbox 1993 1198 2178 1253; x_wconf 89' lang='lat' dir='ltr'><strong>excel-</strong></span> 
     </span>
    </p>
   </div>
   <div class='ocr_carea' id='block_1_13' title="bbox 537 1286 2178 1360">
    <p class='ocr_par' dir='ltr' id='par_1_13' title="bbox 537 1286 2178 1360">
     <span class='ocr_line' id='line_1_13' title="bbox 537 1286 2178 1360; baseline 0.002 -18"><span class='ocrx_word' id='word_1_80' title='bbox 537 1288 688 1344; x_wconf 87' lang='lat' dir='ltr'><strong>lente</strong></span> <span class='ocrx_word' id='word_1_81' title='bbox 732 1286 981 1342; x_wconf 88' lang='lat' dir='ltr'><strong>culmine</strong></span> <span class='ocrx_word' id='word_1_82' title='bbox 1010 1287 1311 1342; x_wconf 87' lang='lat' dir='ltr'><strong>sacerdotii</strong></span> <span class='ocrx_word' id='word_1_83' title='bbox 1338 1289 1526 1358; x_wconf 85' lang='lat' dir='ltr'><strong>vestri,</strong></span> <span class='ocrx_word' id='word_1_84' title='bbox 1570 1288 1671 1360; x_wconf 87' lang='lat' dir='ltr'><strong>qui</strong></span> <span class='ocrx_word' id='word_1_85' title='bbox 1704 1288 1873 1360; x_wconf 87' lang='lat' dir='ltr'><strong>longe</strong></span> <span class='ocrx_word' id='word_1_86' title='bbox 1909 1290 2090 1345; x_wconf 88' lang='lat' dir='ltr'><strong>radiat</strong></span> <span class='ocrx_word' id='word_1_87' title='bbox 2117 1290 2178 1345; x_wconf 93' lang='lat' dir='ltr'><strong>in</strong></span> 
     </span>
    </p>
   </div>
   <div class='ocr_carea' id='block_1_14' title="bbox 538 1380 2177 1452">
    <p class='ocr_par' dir='ltr' id='par_1_14' title="bbox 538 1380 2177 1452">
     <span class='ocr_line' id='line_1_14' title="bbox 538 1380 2177 1452; baseline 0.001 -16"><span class='ocrx_word' id='word_1_88' title='bbox 538 1381 695 1452; x_wconf 85' lang='lat' dir='ltr'><strong>orbe,</strong></span> <span class='ocrx_word' id='word_1_89' title='bbox 724 1398 839 1436; x_wconf 93' lang='lat' dir='ltr'><strong>non</strong></span> <span class='ocrx_word' id='word_1_90' title='bbox 864 1381 1050 1436; x_wconf 90' lang='lat' dir='ltr'><strong>solum</strong></span> <span class='ocrx_word' id='word_1_91' title='bbox 1077 1380 1393 1437; x_wconf 84' lang='lat' dir='ltr'><strong>Occidentis</strong></span> <span class='ocrx_word' id='word_1_92' title='bbox 1419 1386 1476 1437; x_wconf 93' lang='lat' dir='ltr'><strong>et</strong></span> <span class='ocrx_word' id='word_1_93' title='bbox 1513 1382 1724 1449; x_wconf 65' lang='lat' dir='ltr'><strong>Galliae,</strong></span> <span class='ocrx_word' id='word_1_94' title='bbox 1767 1398 1965 1437; x_wconf 90' lang='lat' dir='ltr'><strong>verum</strong></span> <span class='ocrx_word' id='word_1_95' title='bbox 2005 1384 2177 1438; x_wconf 88' lang='lat' dir='ltr'><strong>etiam</strong></span> 
     </span>
    </p>
   </div>
   <div class='ocr_carea' id='block_1_15' title="bbox 538 1474 2174 1547">
    <p class='ocr_par' dir='ltr' id='par_1_15' title="bbox 538 1474 2174 1547">
     <span class='ocr_line' id='line_1_15' title="bbox 538 1474 2174 1547; baseline 0.002 -18"><span class='ocrx_word' id='word_1_96' title='bbox 538 1474 784 1529; x_wconf 89' lang='lat' dir='ltr'><strong>Orientis</strong></span> <span class='ocrx_word' id='word_1_97' title='bbox 813 1480 869 1530; x_wconf 93' lang='lat' dir='ltr'><strong>et</strong></span> <span class='ocrx_word' id='word_1_98' title='bbox 895 1474 1130 1545; x_wconf 67' lang='lat' dir='ltr'><strong>Aﬂ‘ricee,</strong></span> <span class='ocrx_word' id='word_1_99' title='bbox 1162 1476 1501 1531; x_wconf 90' lang='lat' dir='ltr'><strong>meritorum</strong></span> <span class='ocrx_word' id='word_1_100' title='bbox 1543 1475 1759 1531; x_wconf 89' lang='lat' dir='ltr'><strong>lumine</strong></span> <span class='ocrx_word' id='word_1_101' title='bbox 1787 1481 2174 1547; x_wconf 86' lang='lat' dir='ltr'><strong>percurrente.</strong></span> 
     </span>
    </p>
   </div>
   <div class='ocr_carea' id='block_1_16' title="bbox 536 1569 2178 1642">
    <p class='ocr_par' dir='ltr' id='par_1_16' title="bbox 536 1569 2178 1642">
     <span class='ocr_line' id='line_1_16' title="bbox 536 1569 2178 1642; baseline 0.001 -19"><span class='ocrx_word' id='word_1_102' title='bbox 536 1569 775 1624; x_wconf 90' lang='lat' dir='ltr'><strong>Oramus</strong></span> <span class='ocrx_word' id='word_1_103' title='bbox 801 1572 993 1623; x_wconf 90' lang='lat' dir='ltr'><strong>autem</strong></span> <span class='ocrx_word' id='word_1_104' title='bbox 1022 1569 1220 1640; x_wconf 92' lang='lat' dir='ltr'><strong>Deum,</strong></span> <span class='ocrx_word' id='word_1_105' title='bbox 1263 1573 1328 1624; x_wconf 92' lang='lat' dir='ltr'><strong>ut</strong></span> <span class='ocrx_word' id='word_1_106' title='bbox 1352 1570 1567 1625; x_wconf 91' lang='lat' dir='ltr'><strong>bonum</strong></span> <span class='ocrx_word' id='word_1_107' title='bbox 1605 1586 1746 1641; x_wconf 89' lang='lat' dir='ltr'><strong>opus</strong></span> <span class='ocrx_word' id='word_1_108' title='bbox 1781 1570 1841 1625; x_wconf 90' lang='lat' dir='ltr'><strong>in</strong></span> <span class='ocrx_word' id='word_1_109' title='bbox 1882 1570 2040 1625; x_wconf 81' lang='lat' dir='ltr'><strong>vobis</strong></span> <span class='ocrx_word' id='word_1_110' title='bbox 2078 1570 2178 1642; x_wconf 91' lang='lat' dir='ltr'><strong>qui</strong></span> 
     </span>
    </p>
   </div>
   <div class='ocr_carea' id='block_1_17' title="bbox 537 1662 2178 1737">
    <p class='ocr_par' dir='ltr' id='par_1_17' title="bbox 537 1662 2178 1737">
     <span class='ocr_line' id='line_1_17' title="bbox 537 1662 2178 1737; baseline 0.001 -19"><span class='ocrx_word' id='word_1_111' title='bbox 537 1662 724 1734; x_wconf 88' lang='lat' dir='ltr'><strong>coepit,</strong></span> <span class='ocrx_word' id='word_1_112' title='bbox 771 1662 891 1734; x_wconf 90' lang='lat' dir='ltr'><strong>ipse</strong></span> <span class='ocrx_word' id='word_1_113' title='bbox 937 1667 1117 1734; x_wconf 88' lang='lat' dir='ltr'><strong>coepta</strong></span> <span class='ocrx_word' id='word_1_114' title='bbox 1166 1662 1457 1734; x_wconf 90' lang='lat' dir='ltr'><strong>perﬁciat;</strong></span> <span class='ocrx_word' id='word_1_115' title='bbox 1503 1663 1785 1735; x_wconf 90' lang='lat' dir='ltr'><strong>simulque</strong></span> <span class='ocrx_word' id='word_1_116' title='bbox 1839 1664 1997 1719; x_wconf 90' lang='lat' dir='ltr'><strong>vobis</strong></span> <span class='ocrx_word' id='word_1_117' title='bbox 2047 1681 2178 1737; x_wconf 87' lang='lat' dir='ltr'><strong>sup-</strong></span> 
     </span>
    </p>
   </div>
   <div class='ocr_carea' id='block_1_18' title="bbox 533 1756 2177 1829">
    <p class='ocr_par' dir='ltr' id='par_1_18' title="bbox 533 1756 2177 1829">
     <span class='ocr_line' id='line_1_18' title="bbox 533 1756 2177 1829; baseline 0.001 -18"><span class='ocrx_word' id='word_1_118' title='bbox 533 1756 758 1828; x_wconf 85' lang='lat' dir='ltr'><strong>pliciter</strong></span> <span class='ocrx_word' id='word_1_119' title='bbox 798 1757 1064 1828; x_wconf 89' lang='lat' dir='ltr'><strong>petimus,</strong></span> <span class='ocrx_word' id='word_1_120' title='bbox 1112 1762 1178 1811; x_wconf 91' lang='lat' dir='ltr'><strong>ut</strong></span> <span class='ocrx_word' id='word_1_121' title='bbox 1216 1757 1479 1828; x_wconf 90' lang='lat' dir='ltr'><strong>precibus</strong></span> <span class='ocrx_word' id='word_1_122' title='bbox 1519 1757 1718 1813; x_wconf 89' lang='lat' dir='ltr'><strong>vestris</strong></span> <span class='ocrx_word' id='word_1_123' title='bbox 1757 1758 1937 1829; x_wconf 88' lang='lat' dir='ltr'><strong>adjuti</strong></span> <span class='ocrx_word' id='word_1_124' title='bbox 1964 1773 2177 1813; x_wconf 89' lang='lat' dir='ltr'><strong>merea-</strong></span> 
     </span>
    </p>
   </div>
   <div class='ocr_carea' id='block_1_19' title="bbox 2281 536 3919 609">
    <p class='ocr_par' dir='ltr' id='par_1_19' title="bbox 2281 536 3919 609">
     <span class='ocr_line' id='line_1_19' title="bbox 2281 536 3919 609; baseline -0.002 -16"><span class='ocrx_word' id='word_1_125' title='bbox 2281 538 2476 594; x_wconf 89' lang='lat' dir='ltr'><strong>nentia</strong></span> <span class='ocrx_word' id='word_1_126' title='bbox 2501 556 2535 592; x_wconf 86' lang='lat' dir='ltr'><strong>a</strong></span> <span class='ocrx_word' id='word_1_127' title='bbox 2558 540 2822 594; x_wconf 86' lang='lat' dir='ltr'><strong>carnibus</strong></span> <span class='ocrx_word' id='word_1_128' title='bbox 2846 540 2933 595; x_wconf 89' lang='lat' dir='ltr'><strong>vel</strong></span> <span class='ocrx_word' id='word_1_129' title='bbox 2960 537 3246 609; x_wconf 88' lang='lat' dir='ltr'><strong>conjugali</strong></span> <span class='ocrx_word' id='word_1_130' title='bbox 3279 539 3481 609; x_wconf 89' lang='lat' dir='ltr'><strong>copula</strong></span> <span class='ocrx_word' id='word_1_131' title='bbox 3505 537 3639 591; x_wconf 92' lang='lat' dir='ltr'><strong>ﬁliis</strong></span> <span class='ocrx_word' id='word_1_132' title='bbox 3667 536 3919 591; x_wconf 78' lang='lat' dir='ltr'><strong>Ecclesiae</strong></span> 
     </span>
    </p>
   </div>
   <div class='ocr_carea' id='block_1_20' title="bbox 2281 630 3920 703">
    <p class='ocr_par' dir='ltr' id='par_1_20' title="bbox 2281 630 3920 703">
     <span class='ocr_line' id='line_1_20' title="bbox 2281 630 3920 703; baseline -0.002 -16"><span class='ocrx_word' id='word_1_133' title='bbox 2281 632 2579 703; x_wconf 89' lang='lat' dir='ltr'><strong>indicatur,</strong></span> <span class='ocrx_word' id='word_1_134' title='bbox 2608 635 2673 688; x_wconf 88' lang='lat' dir='ltr'><strong>ut</strong></span> <span class='ocrx_word' id='word_1_135' title='bbox 2701 634 2772 688; x_wconf 89' lang='lat' dir='ltr'><strong>ad</strong></span> <span class='ocrx_word' id='word_1_136' title='bbox 2800 632 3152 688; x_wconf 87' lang='lat' dir='ltr'><strong>Nativitatem</strong></span> <span class='ocrx_word' id='word_1_137' title='bbox 3202 631 3424 686; x_wconf 90' lang='lat' dir='ltr'><strong>Domini</strong></span> <span class='ocrx_word' id='word_1_138' title='bbox 3469 630 3725 686; x_wconf 89' lang='lat' dir='ltr'><strong>securius</strong></span> <span class='ocrx_word' id='word_1_139' title='bbox 3772 647 3920 685; x_wconf 87' lang='lat' dir='ltr'><strong>com-</strong></span> 
     </span>
    </p>
   </div>
   <div class='ocr_carea' id='block_1_21' title="bbox 2282 724 3923 797">
    <p class='ocr_par' dir='ltr' id='par_1_21' title="bbox 2282 724 3923 797">
     <span class='ocr_line' id='line_1_21' title="bbox 2282 724 3923 797; baseline 0 -18"><span class='ocrx_word' id='word_1_140' title='bbox 2282 726 2596 781; x_wconf 91' lang='lat' dir='ltr'><strong>municent.</strong></span> <span class='ocrx_word' id='word_1_141' title='bbox 2624 726 2850 782; x_wconf 84' lang='lat' dir='ltr'><strong>Rectius</strong></span> <span class='ocrx_word' id='word_1_142' title='bbox 2871 731 3063 783; x_wconf 91' lang='lat' dir='ltr'><strong>autem</strong></span> <span class='ocrx_word' id='word_1_143' title='bbox 3078 726 3185 780; x_wconf 92' lang='lat' dir='ltr'><strong>hoc</strong></span> <span class='ocrx_word' id='word_1_144' title='bbox 3203 742 3345 797; x_wconf 90' lang='lat' dir='ltr'><strong>opus</strong></span> <span class='ocrx_word' id='word_1_145' title='bbox 3363 725 3425 780; x_wconf 91' lang='lat' dir='ltr'><strong>in</strong></span> <span class='ocrx_word' id='word_1_146' title='bbox 3450 725 3629 780; x_wconf 86' lang='lat' dir='ltr'><strong>sancti</strong></span> <span class='ocrx_word' id='word_1_147' title='bbox 3655 724 3923 780; x_wconf 87' lang='lat' dir='ltr'><strong>Iohannis</strong></span> 
     </span>
    </p>
   </div>
   <div class='ocr_carea' id='block_1_22' title="bbox 2283 817 3923 892">
    <p class='ocr_par' dir='ltr' id='par_1_22' title="bbox 2283 817 3923 892">
     <span class='ocr_line' id='line_1_22' title="bbox 2283 817 3923 892; baseline 0.001 -19"><span class='ocrx_word' id='word_1_148' title='bbox 2283 819 2648 892; x_wconf 89' lang='lat' dir='ltr'><strong>conceptione</strong></span> <span class='ocrx_word' id='word_1_149' title='bbox 2692 819 3050 875; x_wconf 82' lang='lat' dir='ltr'><strong>instituitur:</strong></span> <span class='ocrx_word' id='word_1_150' title='bbox 3100 819 3235 891; x_wconf 88' lang='lat' dir='ltr'><strong>quia</strong></span> <span class='ocrx_word' id='word_1_151' title='bbox 3286 818 3405 890; x_wconf 91' lang='lat' dir='ltr'><strong>ipse</strong></span> <span class='ocrx_word' id='word_1_152' title='bbox 3458 817 3750 890; x_wconf 66' lang='lat' dir='ltr'><strong>praecessit</strong></span> <span class='ocrx_word' id='word_1_153' title='bbox 3800 823 3923 874; x_wconf 86' lang='lat' dir='ltr'><strong>ante</strong></span> 
     </span>
    </p>
   </div>
   <div class='ocr_carea' id='block_1_23' title="bbox 2282 911 3921 985">
    <p class='ocr_par' dir='ltr' id='par_1_23' title="bbox 2282 911 3921 985">
     <span class='ocr_line' id='line_1_23' title="bbox 2282 911 3921 985; baseline -0.001 -18"><span class='ocrx_word' id='word_1_154' title='bbox 2282 913 2608 984; x_wconf 91' lang='lat' dir='ltr'><strong>Dominum,</strong></span> <span class='ocrx_word' id='word_1_155' title='bbox 2632 918 2689 968; x_wconf 91' lang='lat' dir='ltr'><strong>et</strong></span> <span class='ocrx_word' id='word_1_156' title='bbox 2712 929 2816 985; x_wconf 90' lang='lat' dir='ltr'><strong>per</strong></span> <span class='ocrx_word' id='word_1_157' title='bbox 2841 912 3193 985; x_wconf 64' lang='lat' dir='ltr'><strong>praeconium</strong></span> <span class='ocrx_word' id='word_1_158' title='bbox 3211 911 3422 984; x_wconf 85' lang='lat' dir='ltr'><strong>angeli,</strong></span> <span class='ocrx_word' id='word_1_159' title='bbox 3445 916 3500 967; x_wconf 91' lang='lat' dir='ltr'><strong>et</strong></span> <span class='ocrx_word' id='word_1_160' title='bbox 3522 928 3629 984; x_wconf 89' lang='lat' dir='ltr'><strong>per</strong></span> <span class='ocrx_word' id='word_1_161' title='bbox 3645 912 3689 967; x_wconf 89' lang='lat' dir='ltr'><strong>si</strong></span> <span class='ocrx_word' id='word_1_162' title='bbox 3697 911 3921 983; x_wconf 85' lang='lat' dir='ltr'><strong>gniﬁca-</strong></span> 
     </span>
    </p>
   </div>
   <div class='ocr_carea' id='block_1_24' title="bbox 2279 1005 3923 1077">
    <p class='ocr_par' dir='ltr' id='par_1_24' title="bbox 2279 1005 3923 1077">
     <span class='ocr_line' id='line_1_24' title="bbox 2279 1005 3923 1077; baseline -0.001 -16"><span class='ocrx_word' id='word_1_163' title='bbox 2279 1006 2449 1061; x_wconf 90' lang='lat' dir='ltr'><strong>tionis</strong></span> <span class='ocrx_word' id='word_1_164' title='bbox 2478 1011 2817 1076; x_wconf 90' lang='lat' dir='ltr'><strong>contactum,</strong></span> <span class='ocrx_word' id='word_1_165' title='bbox 2850 1007 2989 1061; x_wconf 91' lang='lat' dir='ltr'><strong>dum</strong></span> <span class='ocrx_word' id='word_1_166' title='bbox 3020 1005 3292 1060; x_wconf 89' lang='lat' dir='ltr'><strong>Dominus</strong></span> <span class='ocrx_word' id='word_1_167' title='bbox 3327 1006 3397 1060; x_wconf 92' lang='lat' dir='ltr'><strong>de</strong></span> <span class='ocrx_word' id='word_1_168' title='bbox 3436 1005 3690 1077; x_wconf 80' lang='lat' dir='ltr'><strong>Virgine,</strong></span> <span class='ocrx_word' id='word_1_169' title='bbox 3731 1023 3923 1061; x_wconf 81' lang='lat' dir='ltr'><strong>servus</strong></span> 
     </span>
    </p>
   </div>
   <div class='ocr_carea' id='block_1_25' title="bbox 2276 1098 3925 1171">
    <p class='ocr_par' dir='ltr' id='par_1_25' title="bbox 2276 1098 3925 1171">
     <span class='ocr_line' id='line_1_25' title="bbox 2276 1098 3925 1171; baseline 0 -16"><span class='ocrx_word' id='word_1_170' title='bbox 2276 1116 2411 1155; x_wconf 91' lang='lat' dir='ltr'><strong>vero</strong></span> <span class='ocrx_word' id='word_1_171' title='bbox 2447 1105 2775 1156; x_wconf 89' lang='lat' dir='ltr'><strong>nasceretur</strong></span> <span class='ocrx_word' id='word_1_172' title='bbox 2810 1116 2878 1155; x_wconf 91' lang='lat' dir='ltr'><strong>ex</strong></span> <span class='ocrx_word' id='word_1_173' title='bbox 2912 1100 3104 1155; x_wconf 87' lang='lat' dir='ltr'><strong>vetula</strong></span> <span class='ocrx_word' id='word_1_174' title='bbox 3141 1104 3197 1154; x_wconf 92' lang='lat' dir='ltr'><strong>et</strong></span> <span class='ocrx_word' id='word_1_175' title='bbox 3234 1098 3422 1154; x_wconf 89' lang='lat' dir='ltr'><strong>sterile</strong></span> <span class='ocrx_word' id='word_1_176' title='bbox 3459 1104 3674 1169; x_wconf 86' lang='lat' dir='ltr'><strong>matre;</strong></span> <span class='ocrx_word' id='word_1_177' title='bbox 3721 1104 3781 1155; x_wconf 92' lang='lat' dir='ltr'><strong>et</strong></span> <span class='ocrx_word' id='word_1_178' title='bbox 3812 1100 3925 1171; x_wconf 87' lang='lat' dir='ltr'><strong>ipse</strong></span> 
     </span>
    </p>
   </div>
   <div class='ocr_carea' id='block_1_26' title="bbox 2278 1160 4006 1283">
    <p class='ocr_par' dir='ltr' id='par_1_26' title="bbox 2278 1160 4006 1283">
     <span class='ocr_line' id='line_1_26' title="bbox 2278 1160 4006 1283; baseline 0 -35"><span class='ocrx_word' id='word_1_179' title='bbox 2278 1194 2501 1249; x_wconf 88' lang='lat' dir='ltr'><strong>clausus</strong></span> <span class='ocrx_word' id='word_1_180' title='bbox 2522 1199 2705 1266; x_wconf 91' lang='lat' dir='ltr'><strong>utero,</strong></span> <span class='ocrx_word' id='word_1_181' title='bbox 2735 1195 2995 1250; x_wconf 83' lang='lat' dir='ltr'><strong>exultans</strong></span> <span class='ocrx_word' id='word_1_182' title='bbox 3020 1193 3080 1248; x_wconf 93' lang='lat' dir='ltr'><strong>in</strong></span> <span class='ocrx_word' id='word_1_183' title='bbox 3108 1192 3335 1265; x_wconf 87' lang='lat' dir='ltr'><strong>gaudio,</strong></span> <span class='ocrx_word' id='word_1_184' title='bbox 3357 1193 3613 1248; x_wconf 88' lang='lat' dir='ltr'><strong>clausum</strong></span> <span class='ocrx_word' id='word_1_185' title='bbox 3631 1193 3924 1249; x_wconf 87' lang='lat' dir='ltr'><strong>Christum</strong></span> 
     </span>
    </p>
   </div>
   <div class='ocr_carea' id='block_1_27' title="bbox 2278 1286 4006 1360">
    <p class='ocr_par' dir='ltr' id='par_1_27' title="bbox 2278 1286 4006 1360">
     <span class='ocr_line' id='line_1_27' title="bbox 2278 1286 4006 1360; baseline 0 -19"><span class='ocrx_word' id='word_1_186' title='bbox 2278 1288 2526 1359; x_wconf 86' lang='lat' dir='ltr'><strong>Virginis</strong></span> <span class='ocrx_word' id='word_1_187' title='bbox 2576 1289 2700 1343; x_wconf 88' lang='lat' dir='ltr'><strong>alvo</strong></span> <span class='ocrx_word' id='word_1_188' title='bbox 2745 1289 2982 1360; x_wconf 87' lang='lat' dir='ltr'><strong>mystico</strong></span> <span class='ocrx_word' id='word_1_189' title='bbox 3025 1286 3282 1342; x_wconf 85' lang='lat' dir='ltr'><strong>salutavit</strong></span> <span class='ocrx_word' id='word_1_190' title='bbox 3337 1287 3638 1359; x_wconf 63' lang='lat' dir='ltr'><strong>praesagio.</strong></span> <span class='ocrx_word' id='word_1_191' title='bbox 3706 1288 3817 1342; x_wconf 90' lang='lat' dir='ltr'><strong>Sed</strong></span> <span class='ocrx_word' id='word_1_192' title='bbox 3873 1293 3924 1342; x_wconf 88' lang='lat' dir='ltr'><strong>et</strong></span> <span class='ocrx_word' id='word_1_193' title='bbox 4004 1294 4006 1359; x_wconf 81' lang='grc' dir='ltr'>ξ</span> 
     </span>
    </p>
   </div>
   <div class='ocr_carea' id='block_1_28' title="bbox 2278 1380 4006 1454">
    <p class='ocr_par' dir='ltr' id='par_1_28' title="bbox 2278 1380 4006 1454">
     <span class='ocr_line' id='line_1_28' title="bbox 2278 1380 4006 1454; baseline -0.001 -19"><span class='ocrx_word' id='word_1_194' title='bbox 2278 1382 2506 1454; x_wconf 87' lang='lat' dir='ltr'><strong>quando</strong></span> <span class='ocrx_word' id='word_1_195' title='bbox 2529 1382 2812 1437; x_wconf 87' lang='lat' dir='ltr'><strong>Iohannes</strong></span> <span class='ocrx_word' id='word_1_196' title='bbox 2837 1380 3011 1437; x_wconf 89' lang='lat' dir='ltr'><strong>sensit</strong></span> <span class='ocrx_word' id='word_1_197' title='bbox 3055 1381 3354 1436; x_wconf 90' lang='lat' dir='ltr'><strong>imminere</strong></span> <span class='ocrx_word' id='word_1_198' title='bbox 3392 1381 3541 1436; x_wconf 91' lang='lat' dir='ltr'><strong>diem</strong></span> <span class='ocrx_word' id='word_1_199' title='bbox 3586 1380 3779 1436; x_wconf 87' lang='lat' dir='ltr'><strong>obitus</strong></span> <span class='ocrx_word' id='word_1_200' title='bbox 3813 1381 3918 1448; x_wconf 87' lang='lat' dir='ltr'><strong>sui,</strong></span> <span class='ocrx_word' id='word_1_201' title='bbox 4004 1380 4006 1399; x_wconf 93' lang='lat'>&#39;</span> 
     </span>
    </p>
   </div>
   <div class='ocr_carea' id='block_1_29' title="bbox 2276 1475 3918 1546">
    <p class='ocr_par' dir='ltr' id='par_1_29' title="bbox 2276 1475 3918 1546">
     <span class='ocr_line' id='line_1_29' title="bbox 2276 1475 3918 1546; baseline -0.001 -15"><span class='ocrx_word' id='word_1_202' title='bbox 2276 1477 2405 1531; x_wconf 94' lang='lat' dir='ltr'><strong>ideo</strong></span> <span class='ocrx_word' id='word_1_203' title='bbox 2434 1476 2592 1531; x_wconf 89' lang='lat' dir='ltr'><strong>misit</strong></span> <span class='ocrx_word' id='word_1_204' title='bbox 2616 1477 2687 1531; x_wconf 89' lang='lat' dir='ltr'><strong>ad</strong></span> <span class='ocrx_word' id='word_1_205' title='bbox 2713 1477 3021 1531; x_wconf 90' lang='lat' dir='ltr'><strong>Dominum</strong></span> <span class='ocrx_word' id='word_1_206' title='bbox 3054 1475 3246 1530; x_wconf 91' lang='lat' dir='ltr'><strong>dicens</strong></span> <span class='ocrx_word' id='word_1_207' title='bbox 3277 1492 3290 1529; x_wconf 92' lang='lat'>:</span> <span class='ocrx_word' id='word_1_208' title='bbox 3324 1477 3404 1530; x_wconf 90' lang='lat' dir='ltr'><strong>Tu</strong></span> <span class='ocrx_word' id='word_1_209' title='bbox 3431 1491 3485 1530; x_wconf 87' lang='lat' dir='ltr'><strong>es</strong></span> <span class='ocrx_word' id='word_1_210' title='bbox 3518 1477 3617 1546; x_wconf 86' lang='lat' dir='ltr'><strong>qui</strong></span> <span class='ocrx_word' id='word_1_211' title='bbox 3654 1479 3918 1530; x_wconf 76' lang='lat' dir='ltr'><strong>venturus</strong></span> 
     </span>
    </p>
   </div>
   <div class='ocr_carea' id='block_1_30' title="bbox 2277 1568 3921 1640">
    <p class='ocr_par' dir='ltr' id='par_1_30' title="bbox 2277 1568 3921 1640">
     <span class='ocr_line' id='line_1_30' title="bbox 2277 1568 3921 1640; baseline -0.001 -16"><span class='ocrx_word' id='word_1_212' title='bbox 2277 1585 2352 1633; x_wconf 87' lang='lat' dir='ltr'><strong>es,</strong></span> <span class='ocrx_word' id='word_1_213' title='bbox 2381 1586 2456 1624; x_wconf 89' lang='lat' dir='ltr'><strong>an</strong></span> <span class='ocrx_word' id='word_1_214' title='bbox 2486 1572 2657 1625; x_wconf 87' lang='lat' dir='ltr'><strong>alium</strong></span> <span class='ocrx_word' id='word_1_215' title='bbox 2692 1571 3100 1640; x_wconf 70' lang='lat' dir='ltr'><strong>caspectamus?</strong></span> <span class='ocrx_word' id='word_1_216' title='bbox 3125 1568 3287 1640; x_wconf 91' lang='lat' dir='ltr'><strong>quasi</strong></span> <span class='ocrx_word' id='word_1_217' title='bbox 3316 1568 3528 1625; x_wconf 84' lang='lat' dir='ltr'><strong>diceret</strong></span> <span class='ocrx_word' id='word_1_218' title='bbox 3564 1568 3645 1623; x_wconf 90' lang='lat' dir='ltr'><strong>illi</strong></span> <span class='ocrx_word' id='word_1_219' title='bbox 3674 1586 3688 1623; x_wconf 90' lang='lat'><strong>:</strong></span> <span class='ocrx_word' id='word_1_220' title='bbox 3731 1568 3921 1623; x_wconf 80' lang='lat' dir='ltr'><strong>Indica</strong></span> 
     </span>
    </p>
   </div>
   <div class='ocr_carea' id='block_1_31' title="bbox 2275 1662 3920 1735">
    <p class='ocr_par' dir='ltr' id='par_1_31' title="bbox 2275 1662 3920 1735">
     <span class='ocr_line' id='line_1_31' title="bbox 2275 1662 3920 1735; baseline -0.001 -17"><span class='ocrx_word' id='word_1_221' title='bbox 2275 1663 2421 1718; x_wconf 91' lang='lat' dir='ltr'><strong>mihi</strong></span> <span class='ocrx_word' id='word_1_222' title='bbox 2448 1667 2641 1722; x_wconf 89' lang='lat' dir='ltr'><strong>utrum</strong></span> <span class='ocrx_word' id='word_1_223' title='bbox 2667 1681 2770 1735; x_wconf 89' lang='lat' dir='ltr'><strong>per</strong></span> <span class='ocrx_word' id='word_1_224' title='bbox 2792 1668 2850 1719; x_wconf 93' lang='lat' dir='ltr'><strong>te</strong></span> <span class='ocrx_word' id='word_1_225' title='bbox 2869 1664 2941 1718; x_wconf 88' lang='lat' dir='ltr'><strong>ad</strong></span> <span class='ocrx_word' id='word_1_226' title='bbox 2968 1662 3178 1718; x_wconf 82' lang='lat' dir='ltr'><strong>inferni</strong></span> <span class='ocrx_word' id='word_1_227' title='bbox 3204 1662 3449 1717; x_wconf 88' lang='lat' dir='ltr'><strong>claustra</strong></span> <span class='ocrx_word' id='word_1_228' title='bbox 3475 1663 3802 1729; x_wconf 89' lang='lat' dir='ltr'><strong>descendas,</strong></span> <span class='ocrx_word' id='word_1_229' title='bbox 3852 1679 3920 1717; x_wconf 89' lang='lat' dir='ltr'><strong>an</strong></span> 
     </span>
    </p>
   </div>
   <div class='ocr_carea' id='block_1_32' title="bbox 2274 1756 3924 1830">
    <p class='ocr_par' dir='ltr' id='par_1_32' title="bbox 2274 1756 3924 1830">
     <span class='ocr_line' id='line_1_32' title="bbox 2274 1756 3924 1830; baseline 0 -19"><span class='ocrx_word' id='word_1_230' title='bbox 2274 1758 2346 1812; x_wconf 91' lang='lat' dir='ltr'><strong>ad</strong></span> <span class='ocrx_word' id='word_1_231' title='bbox 2373 1757 2731 1813; x_wconf 87' lang='lat' dir='ltr'><strong>liberandum</strong></span> <span class='ocrx_word' id='word_1_232' title='bbox 2762 1773 2941 1830; x_wconf 89' lang='lat' dir='ltr'><strong>genus</strong></span> <span class='ocrx_word' id='word_1_233' title='bbox 2971 1758 3289 1812; x_wconf 90' lang='lat' dir='ltr'><strong>humanum</strong></span> <span class='ocrx_word' id='word_1_234' title='bbox 3315 1756 3493 1811; x_wconf 89' lang='lat' dir='ltr'><strong>alium</strong></span> <span class='ocrx_word' id='word_1_235' title='bbox 3519 1757 3713 1812; x_wconf 88' lang='lat' dir='ltr'><strong>mittas</strong></span> <span class='ocrx_word' id='word_1_236' title='bbox 3743 1777 3758 1814; x_wconf 94' lang='lat'><strong>:</strong></span> <span class='ocrx_word' id='word_1_237' title='bbox 3787 1758 3924 1829; x_wconf 89' lang='lat' dir='ltr'><strong>quia</strong></span> 
     </span>
    </p>
   </div>
   <div class='ocr_carea' id='block_1_33' title="bbox 533 1835 3920 1923">
    <p class='ocr_par' dir='ltr' id='par_1_33' title="bbox 533 1835 3920 1923">
     <span class='ocr_line' id='line_1_33' title="bbox 533 1835 3920 1923; baseline 0 -18"><span class='ocrx_word' id='word_1_238' title='bbox 533 1866 668 1905; x_wconf 90' lang='lat' dir='ltr'><strong>mur</strong></span> <span class='ocrx_word' id='word_1_239' title='bbox 691 1851 761 1905; x_wconf 93' lang='lat' dir='ltr'><strong>de</strong></span> <span class='ocrx_word' id='word_1_240' title='bbox 797 1851 1012 1921; x_wconf 88' lang='lat' dir='ltr'><strong>laqueis</strong></span> <span class='ocrx_word' id='word_1_241' title='bbox 1036 1851 1207 1921; x_wconf 85' lang='lat' dir='ltr'><strong>hujus</strong></span> <span class='ocrx_word' id='word_1_242' title='bbox 1233 1851 1422 1906; x_wconf 65' lang='lat' dir='ltr'><strong>saeculi</strong></span> <span class='ocrx_word' id='word_1_243' title='bbox 1459 1851 1709 1906; x_wconf 90' lang='lat' dir='ltr'><strong>liberari.</strong></span> <span class='ocrx_word' id='word_1_244' title='bbox 1758 1853 1834 1906; x_wconf 91' lang='lat' dir='ltr'><strong>De</strong></span> <span class='ocrx_word' id='word_1_245' title='bbox 1880 1868 1946 1907; x_wconf 89' lang='lat' dir='ltr'><strong>eo</strong></span> <span class='ocrx_word' id='word_1_246' title='bbox 1983 1855 2173 1907; x_wconf 90' lang='lat' dir='ltr'><strong>autem</strong></span> <span class='ocrx_word' id='word_1_247' title='bbox 2194 1835 2257 1908; x_wconf 83' lang='grc' dir='ltr'><strong>Β</strong></span> <span class='ocrx_word' id='word_1_248' title='bbox 2276 1851 2419 1907; x_wconf 89' lang='lat' dir='ltr'><strong>sicut</strong></span> <span class='ocrx_word' id='word_1_249' title='bbox 2446 1856 2500 1906; x_wconf 90' lang='lat' dir='ltr'><strong>te</strong></span> <span class='ocrx_word' id='word_1_250' title='bbox 2526 1852 2586 1906; x_wconf 93' lang='lat' dir='ltr'><strong>in</strong></span> <span class='ocrx_word' id='word_1_251' title='bbox 2612 1852 2779 1907; x_wconf 89' lang='lat' dir='ltr'><strong>terris</strong></span> <span class='ocrx_word' id='word_1_252' title='bbox 2804 1852 3021 1923; x_wconf 92' lang='lat' dir='ltr'><strong>positus</strong></span> <span class='ocrx_word' id='word_1_253' title='bbox 3046 1851 3301 1906; x_wconf 86' lang='lat' dir='ltr'><strong>docendo</strong></span> <span class='ocrx_word' id='word_1_254' title='bbox 3327 1855 3381 1906; x_wconf 90' lang='lat' dir='ltr'><strong>et</strong></span> <span class='ocrx_word' id='word_1_255' title='bbox 3405 1850 3744 1922; x_wconf 87' lang='lat' dir='ltr'><strong>baptizando</strong></span> <span class='ocrx_word' id='word_1_256' title='bbox 3766 1868 3920 1923; x_wconf 82' lang='lat' dir='ltr'><strong>prae-</strong></span> 
     </span>
    </p>
   </div>
   <div class='ocr_carea' id='block_1_34' title="bbox 534 1944 2175 2017">
    <p class='ocr_par' dir='ltr' id='par_1_34' title="bbox 534 1944 2175 2017">
     <span class='ocr_line' id='line_1_34' title="bbox 534 1944 2175 2017; baseline 0.002 -19"><span class='ocrx_word' id='word_1_257' title='bbox 534 1944 688 2016; x_wconf 90' lang='lat' dir='ltr'><strong>quod</strong></span> <span class='ocrx_word' id='word_1_258' title='bbox 727 1944 889 1998; x_wconf 90' lang='lat' dir='ltr'><strong>nobis</strong></span> <span class='ocrx_word' id='word_1_259' title='bbox 948 1944 1163 2015; x_wconf 76' lang='lat' dir='ltr'><strong>dignati</strong></span> <span class='ocrx_word' id='word_1_260' title='bbox 1205 1944 1391 1999; x_wconf 88' lang='lat' dir='ltr'><strong>fuistis</strong></span> <span class='ocrx_word' id='word_1_261' title='bbox 1437 1944 1758 2017; x_wconf 89' lang='lat' dir='ltr'><strong>injungere,</strong></span> <span class='ocrx_word' id='word_1_262' title='bbox 1799 1948 1866 2000; x_wconf 91' lang='lat' dir='ltr'><strong>ut</strong></span> <span class='ocrx_word' id='word_1_263' title='bbox 1918 1946 2175 2001; x_wconf 90' lang='lat' dir='ltr'><strong>ordinem</strong></span> 
     </span>
    </p>
   </div>
   <div class='ocr_carea' id='block_1_35' title="bbox 531 2037 2177 2110">
    <p class='ocr_par' dir='ltr' id='par_1_35' title="bbox 531 2037 2177 2110">
     <span class='ocr_line' id='line_1_35' title="bbox 531 2037 2177 2110; baseline 0.001 -17"><span class='ocrx_word' id='word_1_264' title='bbox 531 2039 821 2109; x_wconf 82' lang='lat' dir='ltr'><strong>Hypponae</strong></span> <span class='ocrx_word' id='word_1_265' title='bbox 844 2037 1137 2108; x_wconf 87' lang='lat' dir='ltr'><strong>Regiensis</strong></span> <span class='ocrx_word' id='word_1_266' title='bbox 1163 2037 1430 2107; x_wconf 65' lang='lat' dir='ltr'><strong>ecclesiae,</strong></span> <span class='ocrx_word' id='word_1_267' title='bbox 1473 2039 1715 2110; x_wconf 88' lang='lat' dir='ltr'><strong>qualiter</strong></span> <span class='ocrx_word' id='word_1_268' title='bbox 1755 2038 1947 2094; x_wconf 88' lang='lat' dir='ltr'><strong>divina</strong></span> <span class='ocrx_word' id='word_1_269' title='bbox 1992 2040 2177 2095; x_wconf 88' lang='lat' dir='ltr'><strong>ofﬁcia</strong></span> 
     </span>
    </p>
   </div>
   <div class='ocr_carea' id='block_1_36' title="bbox 530 2131 2174 2204">
    <p class='ocr_par' dir='ltr' id='par_1_36' title="bbox 530 2131 2174 2204">
     <span class='ocr_line' id='line_1_36' title="bbox 530 2131 2174 2204; baseline 0.003 -20"><span class='ocrx_word' id='word_1_270' title='bbox 530 2147 634 2202; x_wconf 91' lang='lat' dir='ltr'><strong>per</strong></span> <span class='ocrx_word' id='word_1_271' title='bbox 657 2131 1000 2186; x_wconf 88' lang='lat' dir='ltr'><strong>Testamenti</strong></span> <span class='ocrx_word' id='word_1_272' title='bbox 1027 2134 1083 2187; x_wconf 92' lang='lat' dir='ltr'><strong>et</strong></span> <span class='ocrx_word' id='word_1_273' title='bbox 1100 2131 1235 2185; x_wconf 88' lang='lat' dir='ltr'><strong>Novi</strong></span> <span class='ocrx_word' id='word_1_274' title='bbox 1257 2136 1313 2186; x_wconf 90' lang='lat' dir='ltr'><strong>et</strong></span> <span class='ocrx_word' id='word_1_275' title='bbox 1332 2132 1543 2187; x_wconf 87' lang='lat' dir='ltr'><strong>Veteris</strong></span> <span class='ocrx_word' id='word_1_276' title='bbox 1568 2132 1837 2204; x_wconf 80' lang='lat' dir='ltr'><strong>paginam</strong></span> <span class='ocrx_word' id='word_1_277' title='bbox 1868 2135 2174 2189; x_wconf 90' lang='lat' dir='ltr'><strong>annualem</strong></span> 
     </span>
    </p>
   </div>
   <div class='ocr_carea' id='block_1_37' title="bbox 529 2225 2174 2298">
    <p class='ocr_par' dir='ltr' id='par_1_37' title="bbox 529 2225 2174 2298">
     <span class='ocr_line' id='line_1_37' title="bbox 529 2225 2174 2298; baseline 0.002 -18"><span class='ocrx_word' id='word_1_278' title='bbox 529 2225 803 2297; x_wconf 88' lang='lat' dir='ltr'><strong>persolvit</strong></span> <span class='ocrx_word' id='word_1_279' title='bbox 820 2225 1204 2295; x_wconf 86' lang='lat' dir='ltr'><strong>harmoniam,</strong></span> <span class='ocrx_word' id='word_1_280' title='bbox 1222 2225 1381 2280; x_wconf 90' lang='lat' dir='ltr'><strong>vobis</strong></span> <span class='ocrx_word' id='word_1_281' title='bbox 1393 2225 1641 2298; x_wconf 81' lang='lat' dir='ltr'><strong>dirigere</strong></span> <span class='ocrx_word' id='word_1_282' title='bbox 1659 2227 1995 2282; x_wconf 89' lang='lat' dir='ltr'><strong>deberemus</strong></span> <span class='ocrx_word' id='word_1_283' title='bbox 2009 2246 2027 2297; x_wconf 90' lang='lat'><strong>;</strong></span> <span class='ocrx_word' id='word_1_284' title='bbox 2046 2228 2174 2283; x_wconf 90' lang='lat' dir='ltr'><strong>ideo</strong></span> 
     </span>
    </p>
   </div>
   <div class='ocr_carea' id='block_1_38' title="bbox 529 2319 2174 2391">
    <p class='ocr_par' dir='ltr' id='par_1_38' title="bbox 529 2319 2174 2391">
     <span class='ocr_line' id='line_1_38' title="bbox 529 2319 2174 2391; baseline 0.002 -18"><span class='ocrx_word' id='word_1_285' title='bbox 529 2319 601 2374; x_wconf 90' lang='lat' dir='ltr'><strong>ad</strong></span> <span class='ocrx_word' id='word_1_286' title='bbox 630 2335 883 2390; x_wconf 81' lang='lat' dir='ltr'><strong>praesens</strong></span> <span class='ocrx_word' id='word_1_287' title='bbox 925 2335 1041 2373; x_wconf 92' lang='lat' dir='ltr'><strong>non</strong></span> <span class='ocrx_word' id='word_1_288' title='bbox 1066 2319 1379 2390; x_wconf 86' lang='lat' dir='ltr'><strong>potuimus,</strong></span> <span class='ocrx_word' id='word_1_289' title='bbox 1407 2320 1539 2391; x_wconf 86' lang='lat' dir='ltr'><strong>quia</strong></span> <span class='ocrx_word' id='word_1_290' title='bbox 1566 2320 1625 2375; x_wconf 93' lang='lat' dir='ltr'><strong>in</strong></span> <span class='ocrx_word' id='word_1_291' title='bbox 1667 2320 1811 2376; x_wconf 89' lang='lat' dir='ltr'><strong>libro</strong></span> <span class='ocrx_word' id='word_1_292' title='bbox 1858 2322 2174 2377; x_wconf 89' lang='lat' dir='ltr'><strong>Exameron</strong></span> 
     </span>
    </p>
   </div>
   <div class='ocr_carea' id='block_1_39' title="bbox 529 2412 2173 2484">
    <p class='ocr_par' dir='ltr' id='par_1_39' title="bbox 529 2412 2173 2484">
     <span class='ocr_line' id='line_1_39' title="bbox 529 2412 2173 2484; baseline 0.001 -16"><span class='ocrx_word' id='word_1_293' title='bbox 529 2417 751 2468; x_wconf 90' lang='lat' dir='ltr'><strong>nostros</strong></span> <span class='ocrx_word' id='word_1_294' title='bbox 761 2412 1009 2467; x_wconf 83' lang='lat' dir='ltr'><strong>notarios</strong></span> <span class='ocrx_word' id='word_1_295' title='bbox 1027 2415 1327 2484; x_wconf 88' lang='lat' dir='ltr'><strong>occupatos</strong></span> <span class='ocrx_word' id='word_1_296' title='bbox 1353 2412 1724 2468; x_wconf 88' lang='lat' dir='ltr'><strong>habebamus.</strong></span> <span class='ocrx_word' id='word_1_297' title='bbox 1743 2414 1852 2470; x_wconf 92' lang='lat' dir='ltr'><strong>Sed</strong></span> <span class='ocrx_word' id='word_1_298' title='bbox 1877 2431 2008 2469; x_wconf 88' lang='lat' dir='ltr'><strong>cum</strong></span> <span class='ocrx_word' id='word_1_299' title='bbox 2033 2415 2173 2470; x_wconf 92' lang='lat' dir='ltr'><strong>illud</strong></span> 
     </span>
    </p>
   </div>
   <div class='ocr_carea' id='block_1_40' title="bbox 531 2506 2173 2580">
    <p class='ocr_par' dir='ltr' id='par_1_40' title="bbox 531 2506 2173 2580">
     <span class='ocr_line' id='line_1_40' title="bbox 531 2506 2173 2580; baseline 0.003 -20"><span class='ocrx_word' id='word_1_300' title='bbox 531 2524 674 2578; x_wconf 90' lang='lat' dir='ltr'><strong>opus</strong></span> <span class='ocrx_word' id='word_1_301' title='bbox 716 2506 908 2574; x_wconf 89' lang='lat' dir='ltr'><strong>fuerit,</strong></span> <span class='ocrx_word' id='word_1_302' title='bbox 948 2506 1171 2562; x_wconf 87' lang='lat' dir='ltr'><strong>favente</strong></span> <span class='ocrx_word' id='word_1_303' title='bbox 1213 2507 1476 2576; x_wconf 92' lang='lat' dir='ltr'><strong>Domino,</strong></span> <span class='ocrx_word' id='word_1_304' title='bbox 1520 2513 1998 2580; x_wconf 89' lang='lat' dir='ltr'><strong>consummatum,</strong></span> <span class='ocrx_word' id='word_1_305' title='bbox 2039 2526 2173 2565; x_wconf 83' lang='lat' dir='ltr'><strong>mox</strong></span> 
     </span>
    </p>
   </div>
   <div class='ocr_carea' id='block_1_41' title="bbox 531 2600 2169 2672">
    <p class='ocr_par' dir='ltr' id='par_1_41' title="bbox 531 2600 2169 2672">
     <span class='ocr_line' id='line_1_41' title="bbox 531 2600 2169 2672; baseline 0.001 -18"><span class='ocrx_word' id='word_1_306' title='bbox 531 2600 855 2655; x_wconf 88' lang='lat' dir='ltr'><strong>obedientes</strong></span> <span class='ocrx_word' id='word_1_307' title='bbox 911 2604 1098 2672; x_wconf 76' lang='lat' dir='ltr'><strong>vestro</strong></span> <span class='ocrx_word' id='word_1_308' title='bbox 1134 2600 1376 2671; x_wconf 89' lang='lat' dir='ltr'><strong>imperio</strong></span> <span class='ocrx_word' id='word_1_309' title='bbox 1428 2617 1533 2672; x_wconf 91' lang='lat' dir='ltr'><strong>per</strong></span> <span class='ocrx_word' id='word_1_310' title='bbox 1579 2602 1857 2657; x_wconf 89' lang='lat' dir='ltr'><strong>famulum</strong></span> <span class='ocrx_word' id='word_1_311' title='bbox 1901 2606 2169 2671; x_wconf 89' lang='lat' dir='ltr'><strong>vestrum,</strong></span> 
     </span>
    </p>
   </div>
   <div class='ocr_carea' id='block_1_42' title="bbox 530 2694 2168 2769">
    <p class='ocr_par' dir='ltr' id='par_1_42' title="bbox 530 2694 2168 2769">
     <span class='ocr_line' id='line_1_42' title="bbox 530 2694 2168 2769; baseline 0.001 -20"><span class='ocrx_word' id='word_1_312' title='bbox 530 2694 714 2749; x_wconf 89' lang='lat' dir='ltr'><strong>ﬁlium</strong></span> <span class='ocrx_word' id='word_1_313' title='bbox 752 2695 814 2750; x_wconf 90' lang='lat' dir='ltr'><strong>in</strong></span> <span class='ocrx_word' id='word_1_314' title='bbox 846 2695 1070 2750; x_wconf 87' lang='lat' dir='ltr'><strong>Christo</strong></span> <span class='ocrx_word' id='word_1_315' title='bbox 1096 2700 1375 2763; x_wconf 86' lang='lat' dir='ltr'><strong>nostrum,</strong></span> <span class='ocrx_word' id='word_1_316' title='bbox 1406 2696 1724 2768; x_wconf 89' lang='lat' dir='ltr'><strong>Eugepium</strong></span> <span class='ocrx_word' id='word_1_317' title='bbox 1751 2697 2168 2769; x_wconf 83' lang='lat' dir='ltr'><strong>presbyterum,</strong></span> 
     </span>
    </p>
   </div>
   <div class='ocr_carea' id='block_1_43' title="bbox 528 2788 2169 2861">
    <p class='ocr_par' dir='ltr' id='par_1_43' title="bbox 528 2788 2169 2861">
     <span class='ocr_line' id='line_1_43' title="bbox 528 2788 2169 2861; baseline 0.002 -19"><span class='ocrx_word' id='word_1_318' title='bbox 528 2788 685 2843; x_wconf 88' lang='lat' dir='ltr'><strong>vobis</strong></span> <span class='ocrx_word' id='word_1_319' title='bbox 720 2788 979 2843; x_wconf 88' lang='lat' dir='ltr'><strong>libellum</strong></span> <span class='ocrx_word' id='word_1_320' title='bbox 1007 2788 1321 2861; x_wconf 88' lang='lat' dir='ltr'><strong>dirigemus</strong></span> <span class='ocrx_word' id='word_1_321' title='bbox 1349 2806 1362 2844; x_wconf 94' lang='lat'>:</span> <span class='ocrx_word' id='word_1_322' title='bbox 1391 2789 1452 2844; x_wconf 92' lang='lat' dir='ltr'><strong>in</strong></span> <span class='ocrx_word' id='word_1_323' title='bbox 1477 2806 1590 2861; x_wconf 91' lang='lat' dir='ltr'><strong>quo</strong></span> <span class='ocrx_word' id='word_1_324' title='bbox 1620 2790 1794 2846; x_wconf 89' lang='lat' dir='ltr'><strong>totius</strong></span> <span class='ocrx_word' id='word_1_325' title='bbox 1827 2790 1962 2846; x_wconf 89' lang='lat' dir='ltr'><strong>anni</strong></span> <span class='ocrx_word' id='word_1_326' title='bbox 2006 2790 2169 2861; x_wconf 84' lang='lat' dir='ltr'><strong>opiﬁ-</strong></span> 
     </span>
    </p>
   </div>
   <div class='ocr_carea' id='block_1_44' title="bbox 532 2882 2168 2956">
    <p class='ocr_par' dir='ltr' id='par_1_44' title="bbox 532 2882 2168 2956">
     <span class='ocr_line' id='line_1_44' title="bbox 532 2882 2168 2956; baseline 0.001 -18"><span class='ocrx_word' id='word_1_327' title='bbox 532 2882 681 2938; x_wconf 91' lang='lat' dir='ltr'><strong>cium</strong></span> <span class='ocrx_word' id='word_1_328' title='bbox 700 2883 761 2938; x_wconf 92' lang='lat' dir='ltr'><strong>in</strong></span> <span class='ocrx_word' id='word_1_329' title='bbox 773 2883 1109 2938; x_wconf 91' lang='lat' dir='ltr'><strong>lectionibus</strong></span> <span class='ocrx_word' id='word_1_330' title='bbox 1124 2883 1333 2938; x_wconf 87' lang='lat' dir='ltr'><strong>Divinis</strong></span> <span class='ocrx_word' id='word_1_331' title='bbox 1348 2884 1704 2954; x_wconf 86' lang='lat' dir='ltr'><strong>perﬂorando</strong></span> <span class='ocrx_word' id='word_1_332' title='bbox 1715 2884 2168 2956; x_wconf 83' lang='lat' dir='ltr'><strong>perstrinximus,</strong></span> 
     </span>
    </p>
   </div>
   <div class='ocr_carea' id='block_1_45' title="bbox 527 2976 2171 3048">
    <p class='ocr_par' dir='ltr' id='par_1_45' title="bbox 527 2976 2171 3048">
     <span class='ocr_line' id='line_1_45' title="bbox 527 2976 2171 3048; baseline 0.001 -17"><span class='ocrx_word' id='word_1_333' title='bbox 527 2976 860 3048; x_wconf 90' lang='lat' dir='ltr'><strong>incipientes</strong></span> <span class='ocrx_word' id='word_1_334' title='bbox 896 2977 1157 3033; x_wconf 91' lang='lat' dir='ltr'><strong>ordinem</strong></span> <span class='ocrx_word' id='word_1_335' title='bbox 1189 2977 1476 3033; x_wconf 83' lang='lat' dir='ltr'><strong>Adventus</strong></span> <span class='ocrx_word' id='word_1_336' title='bbox 1527 2979 1801 3034; x_wconf 89' lang='lat' dir='ltr'><strong>Dominici</strong></span> <span class='ocrx_word' id='word_1_337' title='bbox 1850 2979 1920 3033; x_wconf 88' lang='lat' dir='ltr'><strong>ab</strong></span> <span class='ocrx_word' id='word_1_338' title='bbox 1974 2983 2171 3034; x_wconf 86' lang='lat' dir='ltr'><strong>octavo</strong></span> 
     </span>
    </p>
   </div>
   <div class='ocr_carea' id='block_1_46' title="bbox 528 3071 2172 3144">
    <p class='ocr_par' dir='ltr' id='par_1_46' title="bbox 528 3071 2172 3144">
     <span class='ocr_line' id='line_1_46' title="bbox 528 3071 2172 3144; baseline 0.001 -19"><span class='ocrx_word' id='word_1_339' title='bbox 528 3071 796 3126; x_wconf 86' lang='lat' dir='ltr'><strong>Calendas</strong></span> <span class='ocrx_word' id='word_1_340' title='bbox 827 3071 1073 3126; x_wconf 88' lang='lat' dir='ltr'><strong>octubris</strong></span> <span class='ocrx_word' id='word_1_341' title='bbox 1111 3071 1519 3143; x_wconf 62' lang='lat' dir='ltr'><strong>aequinoctium</strong></span> <span class='ocrx_word' id='word_1_342' title='bbox 1560 3072 1908 3142; x_wconf 87' lang='lat' dir='ltr'><strong>autumnale,</strong></span> <span class='ocrx_word' id='word_1_343' title='bbox 1963 3089 2069 3144; x_wconf 89' lang='lat' dir='ltr'><strong>pro</strong></span> <span class='ocrx_word' id='word_1_344' title='bbox 2106 3089 2172 3128; x_wconf 87' lang='lat' dir='ltr'><strong>eo</strong></span> 
     </span>
    </p>
   </div>
   <div class='ocr_carea' id='block_1_47' title="bbox 529 3164 2169 3238">
    <p class='ocr_par' dir='ltr' id='par_1_47' title="bbox 529 3164 2169 3238">
     <span class='ocr_line' id='line_1_47' title="bbox 529 3164 2169 3238; baseline 0.001 -19"><span class='ocrx_word' id='word_1_345' title='bbox 529 3165 683 3238; x_wconf 86' lang='lat' dir='ltr'><strong>quod</strong></span> <span class='ocrx_word' id='word_1_346' title='bbox 708 3166 907 3220; x_wconf 88' lang='lat' dir='ltr'><strong>eadem</strong></span> <span class='ocrx_word' id='word_1_347' title='bbox 931 3164 1023 3220; x_wconf 90' lang='lat' dir='ltr'><strong>die</strong></span> <span class='ocrx_word' id='word_1_348' title='bbox 1046 3166 1329 3221; x_wconf 89' lang='lat' dir='ltr'><strong>Iohannes</strong></span> <span class='ocrx_word' id='word_1_349' title='bbox 1352 3183 1671 3237; x_wconf 70' lang='lat' dir='ltr'><strong>praecursor</strong></span> <span class='ocrx_word' id='word_1_350' title='bbox 1685 3166 1909 3221; x_wconf 88' lang='lat' dir='ltr'><strong>Domini</strong></span> <span class='ocrx_word' id='word_1_351' title='bbox 1931 3183 1964 3220; x_wconf 90' lang='lat' dir='ltr'><strong>a</strong></span> <span class='ocrx_word' id='word_1_352' title='bbox 1989 3167 2169 3237; x_wconf 89' lang='lat' dir='ltr'><strong>majo-</strong></span> 
     </span>
    </p>
   </div>
   <div class='ocr_carea' id='block_1_48' title="bbox 529 3259 2165 3333">
    <p class='ocr_par' dir='ltr' id='par_1_48' title="bbox 529 3259 2165 3333">
     <span class='ocr_line' id='line_1_48' title="bbox 529 3259 2165 3333; baseline 0.001 -19"><span class='ocrx_word' id='word_1_353' title='bbox 529 3259 687 3314; x_wconf 92' lang='lat' dir='ltr'><strong>ribus</strong></span> <span class='ocrx_word' id='word_1_354' title='bbox 710 3259 917 3313; x_wconf 90' lang='lat' dir='ltr'><strong>nostris</strong></span> <span class='ocrx_word' id='word_1_355' title='bbox 941 3259 1185 3314; x_wconf 87' lang='lat' dir='ltr'><strong>traditur</strong></span> <span class='ocrx_word' id='word_1_356' title='bbox 1210 3264 1266 3315; x_wconf 91' lang='lat' dir='ltr'><strong>et</strong></span> <span class='ocrx_word' id='word_1_357' title='bbox 1282 3261 1498 3331; x_wconf 84' lang='lat' dir='ltr'><strong>Angelo</strong></span> <span class='ocrx_word' id='word_1_358' title='bbox 1527 3261 1824 3317; x_wconf 85' lang='lat' dir='ltr'><strong>nuntiante</strong></span> <span class='ocrx_word' id='word_1_359' title='bbox 1844 3265 2165 3333; x_wconf 91' lang='lat' dir='ltr'><strong>conceptus,</strong></span> 
     </span>
    </p>
   </div>
   <div class='ocr_carea' id='block_1_49' title="bbox 530 3352 2171 3425">
    <p class='ocr_par' dir='ltr' id='par_1_49' title="bbox 530 3352 2171 3425">
     <span class='ocr_line' id='line_1_49' title="bbox 530 3352 2171 3425; baseline 0.002 -18"><span class='ocrx_word' id='word_1_360' title='bbox 530 3357 587 3408; x_wconf 93' lang='lat' dir='ltr'><strong>et</strong></span> <span class='ocrx_word' id='word_1_361' title='bbox 613 3352 844 3407; x_wconf 82' lang='lat' dir='ltr'><strong>Herodis</strong></span> <span class='ocrx_word' id='word_1_362' title='bbox 870 3353 1080 3407; x_wconf 85' lang='lat' dir='ltr'><strong>funesti</strong></span> <span class='ocrx_word' id='word_1_363' title='bbox 1124 3352 1308 3424; x_wconf 89' lang='lat' dir='ltr'><strong>gladio</strong></span> <span class='ocrx_word' id='word_1_364' title='bbox 1344 3353 1677 3409; x_wconf 89' lang='lat' dir='ltr'><strong>trucidatus.</strong></span> <span class='ocrx_word' id='word_1_365' title='bbox 1723 3355 1819 3409; x_wconf 89' lang='lat' dir='ltr'><strong>Est</strong></span> <span class='ocrx_word' id='word_1_366' title='bbox 1865 3359 1921 3410; x_wconf 91' lang='lat' dir='ltr'><strong>et</strong></span> <span class='ocrx_word' id='word_1_367' title='bbox 1962 3359 2171 3425; x_wconf 69' lang='lat' dir='ltr'><strong>praeter</strong></span> 
     </span>
    </p>
   </div>
   <div class='ocr_carea' id='block_1_50' title="bbox 528 3445 2165 3521">
    <p class='ocr_par' dir='ltr' id='par_1_50' title="bbox 528 3445 2165 3521">
     <span class='ocr_line' id='line_1_50' title="bbox 528 3445 2165 3521; baseline 0.001 -19"><span class='ocrx_word' id='word_1_368' title='bbox 528 3446 891 3502; x_wconf 87' lang='lat' dir='ltr'><strong>Nativitatem</strong></span> <span class='ocrx_word' id='word_1_369' title='bbox 955 3445 1063 3501; x_wconf 89' lang='lat' dir='ltr'><strong>alia</strong></span> <span class='ocrx_word' id='word_1_370' title='bbox 1128 3445 1471 3501; x_wconf 88' lang='lat' dir='ltr'><strong>sollemnitas</strong></span> <span class='ocrx_word' id='word_1_371' title='bbox 1520 3448 1795 3503; x_wconf 84' lang='lat' dir='ltr'><strong>Johannis</strong></span> <span class='ocrx_word' id='word_1_372' title='bbox 1863 3449 2128 3521; x_wconf 58' lang='lat' dir='ltr'><strong>Baptista</strong></span> <span class='ocrx_word' id='word_1_373' title='bbox 2150 3490 2165 3520; x_wconf 93' lang='lat'><strong>,</strong></span> 
     </span>
    </p>
   </div>
   <div class='ocr_carea' id='block_1_51' title="bbox 529 3539 2166 3614">
    <p class='ocr_par' dir='ltr' id='par_1_51' title="bbox 529 3539 2166 3614">
     <span class='ocr_line' id='line_1_51' title="bbox 529 3539 2166 3614; baseline 0.002 -19"><span class='ocrx_word' id='word_1_374' title='bbox 529 3545 732 3613; x_wconf 89' lang='lat' dir='ltr'><strong>quarto</strong></span> <span class='ocrx_word' id='word_1_375' title='bbox 759 3540 969 3597; x_wconf 90' lang='lat' dir='ltr'><strong>scilicet</strong></span> <span class='ocrx_word' id='word_1_376' title='bbox 994 3540 1269 3596; x_wconf 89' lang='lat' dir='ltr'><strong>Calendas</strong></span> <span class='ocrx_word' id='word_1_377' title='bbox 1294 3539 1658 3612; x_wconf 87' lang='lat' dir='ltr'><strong>Septembris,</strong></span> <span class='ocrx_word' id='word_1_378' title='bbox 1698 3542 1926 3614; x_wconf 88' lang='lat' dir='ltr'><strong>quando</strong></span> <span class='ocrx_word' id='word_1_379' title='bbox 1966 3543 2166 3598; x_wconf 86' lang='lat' dir='ltr'><strong>inven-</strong></span> 
     </span>
    </p>
   </div>
   <div class='ocr_carea' id='block_1_52' title="bbox 530 3633 2172 3707">
    <p class='ocr_par' dir='ltr' id='par_1_52' title="bbox 530 3633 2172 3707">
     <span class='ocr_line' id='line_1_52' title="bbox 530 3633 2172 3707; baseline 0.001 -17"><span class='ocrx_word' id='word_1_380' title='bbox 530 3640 654 3690; x_wconf 88' lang='lat' dir='ltr'><strong>tum</strong></span> <span class='ocrx_word' id='word_1_381' title='bbox 694 3635 905 3707; x_wconf 88' lang='lat' dir='ltr'><strong>legitur</strong></span> <span class='ocrx_word' id='word_1_382' title='bbox 957 3636 1127 3706; x_wconf 89' lang='lat' dir='ltr'><strong>caput</strong></span> <span class='ocrx_word' id='word_1_383' title='bbox 1165 3633 1432 3688; x_wconf 89' lang='lat' dir='ltr'><strong>dominici</strong></span> <span class='ocrx_word' id='word_1_384' title='bbox 1476 3636 1858 3706; x_wconf 69' lang='lat' dir='ltr'><strong>praecursoris.</strong></span> <span class='ocrx_word' id='word_1_385' title='bbox 1901 3637 2058 3701; x_wconf 86' lang='lat' dir='ltr'><strong>Quod</strong></span> <span class='ocrx_word' id='word_1_386' title='bbox 2106 3641 2172 3693; x_wconf 92' lang='lat' dir='ltr'><strong>ut</strong></span> 
     </span>
    </p>
   </div>
   <div class='ocr_carea' id='block_1_53' title="bbox 531 3727 2170 3802">
    <p class='ocr_par' dir='ltr' id='par_1_53' title="bbox 531 3727 2170 3802">
     <span class='ocr_line' id='line_1_53' title="bbox 531 3727 2170 3802; baseline 0.002 -18"><span class='ocrx_word' id='word_1_387' title='bbox 531 3729 733 3802; x_wconf 89' lang='lat' dir='ltr'><strong>opinor</strong></span> <span class='ocrx_word' id='word_1_388' title='bbox 751 3729 997 3786; x_wconf 88' lang='lat' dir='ltr'><strong>decrevit</strong></span> <span class='ocrx_word' id='word_1_389' title='bbox 1022 3728 1151 3785; x_wconf 91' lang='lat' dir='ltr'><strong>ideo</strong></span> <span class='ocrx_word' id='word_1_390' title='bbox 1177 3727 1517 3800; x_wconf 86' lang='lat' dir='ltr'><strong>dispensatio</strong></span> <span class='ocrx_word' id='word_1_391' title='bbox 1548 3730 1799 3801; x_wconf 86' lang='lat' dir='ltr'><strong>Deitatis,</strong></span> <span class='ocrx_word' id='word_1_392' title='bbox 1828 3734 1894 3785; x_wconf 93' lang='lat' dir='ltr'><strong>ut</strong></span> <span class='ocrx_word' id='word_1_393' title='bbox 1932 3731 2067 3802; x_wconf 85' lang='lat' dir='ltr'><strong>quia</strong></span> <span class='ocrx_word' id='word_1_394' title='bbox 2109 3730 2170 3787; x_wconf 88' lang='lat' dir='ltr'><strong>in</strong></span> 
     </span>
    </p>
   </div>
   <div class='ocr_carea' id='block_1_54' title="bbox 531 3822 2170 3896">
    <p class='ocr_par' dir='ltr' id='par_1_54' title="bbox 531 3822 2170 3896">
     <span class='ocr_line' id='line_1_54' title="bbox 531 3822 2170 3896; baseline 0 -15"><span class='ocrx_word' id='word_1_395' title='bbox 531 3827 683 3882; x_wconf 88' lang='lat' dir='ltr'><strong>unda</strong></span> <span class='ocrx_word' id='word_1_396' title='bbox 711 3824 1085 3896; x_wconf 89' lang='lat' dir='ltr'><strong>baptismatis,</strong></span> <span class='ocrx_word' id='word_1_397' title='bbox 1108 3822 1491 3878; x_wconf 89' lang='lat' dir='ltr'><strong>ministerium</strong></span> <span class='ocrx_word' id='word_1_398' title='bbox 1518 3823 1833 3895; x_wconf 80' lang='lat' dir='ltr'><strong>dumtaxat,</strong></span> <span class='ocrx_word' id='word_1_399' title='bbox 1865 3825 2017 3896; x_wconf 89' lang='lat' dir='ltr'><strong>quod</strong></span> <span class='ocrx_word' id='word_1_400' title='bbox 2038 3828 2170 3881; x_wconf 87' lang='lat' dir='ltr'><strong>ante</strong></span> 
     </span>
    </p>
   </div>
   <div class='ocr_carea' id='block_1_55' title="bbox 529 3916 2173 3990">
    <p class='ocr_par' dir='ltr' id='par_1_55' title="bbox 529 3916 2173 3990">
     <span class='ocr_line' id='line_1_55' title="bbox 529 3916 2173 3990; baseline 0 -15"><span class='ocrx_word' id='word_1_401' title='bbox 529 3921 735 3976; x_wconf 88' lang='lat' dir='ltr'><strong>faciem</strong></span> <span class='ocrx_word' id='word_1_402' title='bbox 760 3918 966 3975; x_wconf 86' lang='lat' dir='ltr'><strong>Christi</strong></span> <span class='ocrx_word' id='word_1_403' title='bbox 1002 3916 1328 3990; x_wconf 60' lang='lat' dir='ltr'><strong>praedicavit</strong></span> <span class='ocrx_word' id='word_1_404' title='bbox 1354 3918 1658 3989; x_wconf 88' lang='lat' dir='ltr'><strong>Iohannes,</strong></span> <span class='ocrx_word' id='word_1_405' title='bbox 1696 3934 1986 3973; x_wconf 89' lang='lat' dir='ltr'><strong>sacramur</strong></span> <span class='ocrx_word' id='word_1_406' title='bbox 2025 3936 2173 3975; x_wconf 89' lang='lat' dir='ltr'><strong>mer-</strong></span> 
     </span>
    </p>
   </div>
   <div class='ocr_carea' id='block_1_56' title="bbox 533 4011 2174 4082">
    <p class='ocr_par' dir='ltr' id='par_1_56' title="bbox 533 4011 2174 4082">
     <span class='ocr_line' id='line_1_56' title="bbox 533 4011 2174 4082; baseline -0.001 -13"><span class='ocrx_word' id='word_1_407' title='bbox 533 4013 785 4069; x_wconf 89' lang='lat' dir='ltr'><strong>sionibus</strong></span> <span class='ocrx_word' id='word_1_408' title='bbox 810 4012 995 4082; x_wconf 87' lang='lat' dir='ltr'><strong>trinis,</strong></span> <span class='ocrx_word' id='word_1_409' title='bbox 1026 4012 1154 4067; x_wconf 88' lang='lat' dir='ltr'><strong>ideo</strong></span> <span class='ocrx_word' id='word_1_410' title='bbox 1180 4011 1428 4067; x_wconf 88' lang='lat' dir='ltr'><strong>trifarias</strong></span> <span class='ocrx_word' id='word_1_411' title='bbox 1453 4012 1804 4067; x_wconf 90' lang='lat' dir='ltr'><strong>sollemniter</strong></span> <span class='ocrx_word' id='word_1_412' title='bbox 1836 4013 2036 4068; x_wconf 90' lang='lat' dir='ltr'><strong>reddat</strong></span> <span class='ocrx_word' id='word_1_413' title='bbox 2077 4015 2174 4068; x_wconf 86' lang='lat' dir='ltr'><strong>Ec-</strong></span> 
     </span>
    </p>
   </div>
   <div class='ocr_carea' id='block_1_57' title="bbox 534 4105 2174 4178">
    <p class='ocr_par' dir='ltr' id='par_1_57' title="bbox 534 4105 2174 4178">
     <span class='ocr_line' id='line_1_57' title="bbox 534 4105 2174 4178; baseline 0 -16"><span class='ocrx_word' id='word_1_414' title='bbox 534 4107 701 4162; x_wconf 88' lang='lat' dir='ltr'><strong>clesia</strong></span> <span class='ocrx_word' id='word_1_415' title='bbox 726 4106 848 4177; x_wconf 88' lang='lat' dir='ltr'><strong>ejus</strong></span> <span class='ocrx_word' id='word_1_416' title='bbox 873 4106 1089 4161; x_wconf 90' lang='lat' dir='ltr'><strong>laudes.</strong></span> <span class='ocrx_word' id='word_1_417' title='bbox 1116 4107 1183 4161; x_wconf 89' lang='lat' dir='ltr'><strong>Et</strong></span> <span class='ocrx_word' id='word_1_418' title='bbox 1207 4106 1340 4178; x_wconf 87' lang='lat' dir='ltr'><strong>quia</strong></span> <span class='ocrx_word' id='word_1_419' title='bbox 1361 4107 1429 4162; x_wconf 90' lang='lat' dir='ltr'><strong>de</strong></span> <span class='ocrx_word' id='word_1_420' title='bbox 1449 4106 1547 4160; x_wconf 91' lang='lat' dir='ltr'><strong>illo</strong></span> <span class='ocrx_word' id='word_1_421' title='bbox 1575 4105 1849 4177; x_wconf 91' lang='lat' dir='ltr'><strong>scriptum</strong></span> <span class='ocrx_word' id='word_1_422' title='bbox 1870 4105 2063 4178; x_wconf 84' lang='grc'><strong>459</strong></span> <span class='ocrx_word' id='word_1_423' title='bbox 2091 4110 2174 4162; x_wconf 91' lang='lat' dir='ltr'><strong>est</strong></span> 
     </span>
    </p>
   </div>
   <div class='ocr_carea' id='block_1_58' title="bbox 532 4199 2174 4272">
    <p class='ocr_par' dir='ltr' id='par_1_58' title="bbox 532 4199 2174 4272">
     <span class='ocr_line' id='line_1_58' title="bbox 532 4199 2174 4272; baseline -0.001 -15"><span class='ocrx_word' id='word_1_424' title='bbox 532 4200 766 4257; x_wconf 90' lang='lat' dir='ltr'><strong>vocibus</strong></span> <span class='ocrx_word' id='word_1_425' title='bbox 794 4200 1140 4272; x_wconf 84' lang='lat' dir='ltr'><strong>prapheticis</strong></span> <span class='ocrx_word' id='word_1_426' title='bbox 1186 4204 1243 4256; x_wconf 91' lang='lat' dir='ltr'><strong>et</strong></span> <span class='ocrx_word' id='word_1_427' title='bbox 1270 4199 1608 4254; x_wconf 89' lang='lat' dir='ltr'><strong>testimoniis</strong></span> <span class='ocrx_word' id='word_1_428' title='bbox 1652 4199 1996 4255; x_wconf 86' lang='lat' dir='ltr'><strong>Salvatoris:</strong></span> <span class='ocrx_word' id='word_1_429' title='bbox 2040 4202 2174 4255; x_wconf 86' lang='lat' dir='ltr'><strong>Ecce</strong></span> 
     </span>
    </p>
   </div>
   <div class='ocr_carea' id='block_1_59' title="bbox 536 4293 2175 4365">
    <p class='ocr_par' dir='ltr' id='par_1_59' title="bbox 536 4293 2175 4365">
     <span class='ocr_line' id='line_1_59' title="bbox 536 4293 2175 4365; baseline -0.002 -13"><span class='ocrx_word' id='word_1_430' title='bbox 536 4312 629 4365; x_wconf 80' lang='lat' dir='ltr'><strong>ego</strong></span> <span class='ocrx_word' id='word_1_431' title='bbox 670 4296 823 4351; x_wconf 82' lang='lat' dir='ltr'><strong>mitto</strong></span> <span class='ocrx_word' id='word_1_432' title='bbox 853 4296 1105 4363; x_wconf 84' lang='lat' dir='ltr'><strong>angelum</strong></span> <span class='ocrx_word' id='word_1_433' title='bbox 1138 4309 1312 4348; x_wconf 87' lang='lat' dir='ltr'><strong>meum</strong></span> <span class='ocrx_word' id='word_1_434' title='bbox 1354 4294 1451 4362; x_wconf 86' lang='lat' dir='ltr'><strong>qui</strong></span> <span class='ocrx_word' id='word_1_435' title='bbox 1486 4293 1832 4362; x_wconf 71' lang='lat' dir='ltr'><strong>praeparabit</strong></span> <span class='ocrx_word' id='word_1_436' title='bbox 1862 4295 2008 4348; x_wconf 79' lang='lat' dir='ltr'><strong>viam</strong></span> <span class='ocrx_word' id='word_1_437' title='bbox 2048 4299 2175 4349; x_wconf 82' lang='lat' dir='ltr'><strong>ante</strong></span> 
     </span>
    </p>
   </div>
   <div class='ocr_carea' id='block_1_60' title="bbox 532 4385 2173 4461">
    <p class='ocr_par' dir='ltr' id='par_1_60' title="bbox 532 4385 2173 4461">
     <span class='ocr_line' id='line_1_60' title="bbox 532 4385 2173 4461; baseline -0.002 -15"><span class='ocrx_word' id='word_1_438' title='bbox 532 4393 732 4461; x_wconf 86' lang='lat' dir='ltr'><strong>faciem</strong></span> <span class='ocrx_word' id='word_1_439' title='bbox 757 4394 903 4446; x_wconf 87' lang='lat' dir='ltr'><strong>tuam</strong></span> <span class='ocrx_word' id='word_1_440' title='bbox 927 4408 945 4456; x_wconf 91' lang='lat'><strong>;</strong></span> <span class='ocrx_word' id='word_1_441' title='bbox 974 4388 1100 4443; x_wconf 92' lang='lat' dir='ltr'><strong>ideo</strong></span> <span class='ocrx_word' id='word_1_442' title='bbox 1126 4393 1182 4441; x_wconf 88' lang='lat' dir='ltr'><strong>et</strong></span> <span class='ocrx_word' id='word_1_443' title='bbox 1204 4386 1275 4439; x_wconf 89' lang='lat' dir='ltr'><strong>ab</strong></span> <span class='ocrx_word' id='word_1_444' title='bbox 1297 4385 1419 4455; x_wconf 86' lang='lat' dir='ltr'><strong>ejus</strong></span> <span class='ocrx_word' id='word_1_445' title='bbox 1444 4388 1720 4457; x_wconf 90' lang='lat' dir='ltr'><strong>conceptu</strong></span> <span class='ocrx_word' id='word_1_446' title='bbox 1746 4387 1832 4441; x_wconf 87' lang='lat' dir='ltr'><strong>vel</strong></span> <span class='ocrx_word' id='word_1_447' title='bbox 1857 4386 2015 4442; x_wconf 89' lang='lat' dir='ltr'><strong>obitu</strong></span> <span class='ocrx_word' id='word_1_448' title='bbox 2056 4388 2173 4443; x_wconf 87' lang='lat' dir='ltr'><strong>Ad-</strong></span> 
     </span>
    </p>
   </div>
   <div class='ocr_carea' id='block_1_61' title="bbox 536 4478 2174 4552">
    <p class='ocr_par' dir='ltr' id='par_1_61' title="bbox 536 4478 2174 4552">
     <span class='ocr_line' id='line_1_61' title="bbox 536 4478 2174 4552; baseline -0.004 -9"><span class='ocrx_word' id='word_1_449' title='bbox 536 4489 738 4543; x_wconf 87' lang='lat' dir='ltr'><strong>ventus</strong></span> <span class='ocrx_word' id='word_1_450' title='bbox 761 4482 967 4541; x_wconf 86' lang='lat' dir='ltr'><strong>Christi</strong></span> <span class='ocrx_word' id='word_1_451' title='bbox 981 4481 1317 4536; x_wconf 86' lang='lat' dir='ltr'><strong>inchoamus</strong></span> <span class='ocrx_word' id='word_1_452' title='bbox 1346 4478 1618 4535; x_wconf 88' lang='lat' dir='ltr'><strong>ofﬁcium.</strong></span> <span class='ocrx_word' id='word_1_453' title='bbox 1648 4480 1896 4552; x_wconf 90' lang='lat' dir='ltr'><strong>Dignum</strong></span> <span class='ocrx_word' id='word_1_454' title='bbox 1906 4487 1990 4538; x_wconf 90' lang='lat' dir='ltr'><strong>est</strong></span> <span class='ocrx_word' id='word_1_455' title='bbox 2016 4500 2174 4538; x_wconf 90' lang='lat' dir='ltr'><strong>nam-</strong></span> 
     </span>
    </p>
   </div>
   <div class='ocr_carea' id='block_1_62' title="bbox 2192 3213 2246 3288">
    <p class='ocr_par' dir='ltr' id='par_1_62' title="bbox 2192 3213 2246 3288">
     <span class='ocr_line' id='line_1_62' title="bbox 2192 3213 2246 3288; baseline 0 0"><span class='ocrx_word' id='word_1_456' title='bbox 2192 3213 2246 3288; x_wconf 89' lang='lat' dir='ltr'><strong>C</strong></span> 
     </span>
    </p>
   </div>
   <div class='ocr_carea' id='block_1_63' title="bbox 2275 1944 3923 2029">
    <p class='ocr_par' dir='ltr' id='par_1_63' title="bbox 2275 1944 3923 2029">
     <span class='ocr_line' id='line_1_63' title="bbox 2275 1944 3923 2029; baseline 0.001 -28"><span class='ocrx_word' id='word_1_457' title='bbox 2275 1961 2508 2001; x_wconf 89' lang='lat' dir='ltr'><strong>currens</strong></span> <span class='ocrx_word' id='word_1_458' title='bbox 2533 1945 2714 2018; x_wconf 83' lang='lat' dir='ltr'><strong>digito</strong></span> <span class='ocrx_word' id='word_1_459' title='bbox 2728 1945 3028 2000; x_wconf 90' lang='lat' dir='ltr'><strong>oriendum</strong></span> <span class='ocrx_word' id='word_1_460' title='bbox 3046 1944 3445 2015; x_wconf 87' lang='lat' dir='ltr'><strong>demonstravi,</strong></span> <span class='ocrx_word' id='word_1_461' title='bbox 3465 1944 3542 1999; x_wconf 88' lang='lat' dir='ltr'><strong>ita</strong></span> <span class='ocrx_word' id='word_1_462' title='bbox 3560 1945 3691 2029; x_wconf 77' lang='lat' dir='ltr'><strong>volo</strong></span> <span class='ocrx_word' id='word_1_463' title='bbox 3707 1946 3923 2018; x_wconf 88' lang='lat' dir='ltr'><strong>populo</strong></span> 
     </span>
    </p>
   </div>
   <div class='ocr_carea' id='block_1_64' title="bbox 2273 2038 4006 2129">
    <p class='ocr_par' dir='ltr' id='par_1_64' title="bbox 2273 2038 4006 2129">
     <span class='ocr_line' id='line_1_64' title="bbox 2273 2038 4006 2129; baseline 0.001 -35"><span class='ocrx_word' id='word_1_464' title='bbox 2273 2040 2335 2094; x_wconf 93' lang='lat' dir='ltr'><strong>in</strong></span> <span class='ocrx_word' id='word_1_465' title='bbox 2364 2039 2612 2095; x_wconf 91' lang='lat' dir='ltr'><strong>tenebris</strong></span> <span class='ocrx_word' id='word_1_466' title='bbox 2652 2039 2953 2110; x_wconf 90' lang='lat' dir='ltr'><strong>resedenti,</strong></span> <span class='ocrx_word' id='word_1_467' title='bbox 2988 2043 3045 2094; x_wconf 92' lang='lat' dir='ltr'><strong>et</strong></span> <span class='ocrx_word' id='word_1_468' title='bbox 3089 2042 3145 2094; x_wconf 91' lang='lat' dir='ltr'><strong>te</strong></span> <span class='ocrx_word' id='word_1_469' title='bbox 3178 2038 3431 2110; x_wconf 90' lang='lat' dir='ltr'><strong>quotidie</strong></span> <span class='ocrx_word' id='word_1_470' title='bbox 3466 2039 3778 2110; x_wconf 90' lang='lat' dir='ltr'><strong>postulanti</strong></span> <span class='ocrx_word' id='word_1_471' title='bbox 3820 2041 3923 2095; x_wconf 38' lang='lat' dir='ltr'><strong>ad?</strong></span> <span class='ocrx_word' id='word_1_472' title='bbox 3994 2070 4006 2129; x_wconf 47' lang='lat' dir='ltr'>J</span> 
     </span>
    </p>
   </div>
   <div class='ocr_carea' id='block_1_65' title="bbox 2273 2132 3920 2205">
    <p class='ocr_par' dir='ltr' id='par_1_65' title="bbox 2273 2132 3920 2205">
     <span class='ocr_line' id='line_1_65' title="bbox 2273 2132 3920 2205; baseline -0.001 -17"><span class='ocrx_word' id='word_1_473' title='bbox 2273 2137 2508 2189; x_wconf 90' lang='lat' dir='ltr'><strong>ventum</strong></span> <span class='ocrx_word' id='word_1_474' title='bbox 2546 2138 2710 2189; x_wconf 88' lang='lat' dir='ltr'><strong>tuum</strong></span> <span class='ocrx_word' id='word_1_475' title='bbox 2750 2134 2943 2205; x_wconf 89' lang='lat' dir='ltr'><strong>jussus</strong></span> <span class='ocrx_word' id='word_1_476' title='bbox 2989 2150 3023 2187; x_wconf 91' lang='lat' dir='ltr'><strong>a</strong></span> <span class='ocrx_word' id='word_1_477' title='bbox 3064 2137 3140 2201; x_wconf 92' lang='lat' dir='ltr'><strong>te,</strong></span> <span class='ocrx_word' id='word_1_478' title='bbox 3194 2132 3451 2201; x_wconf 90' lang='lat' dir='ltr'><strong>Domine,</strong></span> <span class='ocrx_word' id='word_1_479' title='bbox 3500 2132 3767 2188; x_wconf 91' lang='lat' dir='ltr'><strong>nuntiare</strong></span> <span class='ocrx_word' id='word_1_480' title='bbox 3790 2134 3820 2188; x_wconf 86' lang='lat'><strong>?</strong></span> <span class='ocrx_word' id='word_1_481' title='bbox 3856 2135 3920 2189; x_wconf 88' lang='lat' dir='ltr'><strong>Et</strong></span> 
     </span>
    </p>
   </div>
   <div class='ocr_carea' id='block_1_66' title="bbox 2275 2224 3920 2283">
    <p class='ocr_par' dir='ltr' id='par_1_66' title="bbox 2275 2224 3920 2283">
     <span class='ocr_line' id='line_1_66' title="bbox 2275 2224 3920 2283; baseline -0.001 -1"><span class='ocrx_word' id='word_1_482' title='bbox 2275 2227 2441 2283; x_wconf 91' lang='lat' dir='ltr'><strong>certis</strong></span> <span class='ocrx_word' id='word_1_483' title='bbox 2467 2228 2557 2282; x_wconf 91' lang='lat' dir='ltr'><strong>his</strong></span> <span class='ocrx_word' id='word_1_484' title='bbox 2602 2227 2670 2283; x_wconf 92' lang='lat' dir='ltr'><strong>de</strong></span> <span class='ocrx_word' id='word_1_485' title='bbox 2714 2227 2896 2283; x_wconf 88' lang='lat' dir='ltr'><strong>causis</strong></span> <span class='ocrx_word' id='word_1_486' title='bbox 2941 2226 3002 2281; x_wconf 94' lang='lat' dir='ltr'><strong>in</strong></span> <span class='ocrx_word' id='word_1_487' title='bbox 3039 2226 3361 2281; x_wconf 86' lang='lat' dir='ltr'><strong>celebritate</strong></span> <span class='ocrx_word' id='word_1_488' title='bbox 3394 2224 3683 2281; x_wconf 84' lang='lat' dir='ltr'><strong>Adventus</strong></span> <span class='ocrx_word' id='word_1_489' title='bbox 3724 2228 3920 2281; x_wconf 91' lang='lat' dir='ltr'><strong>Domi-</strong></span> 
     </span>
    </p>
   </div>
   <div class='ocr_carea' id='block_1_67' title="bbox 2273 2319 3921 2393">
    <p class='ocr_par' dir='ltr' id='par_1_67' title="bbox 2273 2319 3921 2393">
     <span class='ocr_line' id='line_1_67' title="bbox 2273 2319 3921 2393; baseline 0.001 -18"><span class='ocrx_word' id='word_1_490' title='bbox 2273 2320 2405 2392; x_wconf 91' lang='lat' dir='ltr'><strong>nici,</strong></span> <span class='ocrx_word' id='word_1_491' title='bbox 2436 2322 2780 2377; x_wconf 86' lang='lat' dir='ltr'><strong>sollemnitas</strong></span> <span class='ocrx_word' id='word_1_492' title='bbox 2806 2320 3174 2393; x_wconf 89' lang='lat' dir='ltr'><strong>anteponitur</strong></span> <span class='ocrx_word' id='word_1_493' title='bbox 3202 2319 3475 2374; x_wconf 85' lang='lat' dir='ltr'><strong>Johannis</strong></span> <span class='ocrx_word' id='word_1_494' title='bbox 3499 2320 3789 2392; x_wconf 64' lang='lat' dir='ltr'><strong>Baptistae.</strong></span> <span class='ocrx_word' id='word_1_495' title='bbox 3815 2321 3921 2378; x_wconf 91' lang='lat' dir='ltr'><strong>Sed</strong></span> 
     </span>
    </p>
   </div>
   <div class='ocr_carea' id='block_1_68' title="bbox 2274 2413 3922 2487">
    <p class='ocr_par' dir='ltr' id='par_1_68' title="bbox 2274 2413 3922 2487">
     <span class='ocr_line' id='line_1_68' title="bbox 2274 2413 3922 2487; baseline 0 -16"><span class='ocrx_word' id='word_1_496' title='bbox 2274 2420 2331 2471; x_wconf 92' lang='lat' dir='ltr'><strong>et</strong></span> <span class='ocrx_word' id='word_1_497' title='bbox 2355 2415 2481 2470; x_wconf 91' lang='lat' dir='ltr'><strong>vide</strong></span> <span class='ocrx_word' id='word_1_498' title='bbox 2512 2415 2771 2471; x_wconf 90' lang='lat' dir='ltr'><strong>ordinem</strong></span> <span class='ocrx_word' id='word_1_499' title='bbox 2796 2420 3123 2487; x_wconf 89' lang='lat' dir='ltr'><strong>temporum</strong></span> <span class='ocrx_word' id='word_1_500' title='bbox 3148 2414 3207 2469; x_wconf 92' lang='lat' dir='ltr'><strong>in</strong></span> <span class='ocrx_word' id='word_1_501' title='bbox 3235 2413 3485 2486; x_wconf 90' lang='lat' dir='ltr'><strong>idipsum</strong></span> <span class='ocrx_word' id='word_1_502' title='bbox 3508 2430 3765 2487; x_wconf 86' lang='lat' dir='ltr'><strong>congrue</strong></span> <span class='ocrx_word' id='word_1_503' title='bbox 3791 2432 3922 2471; x_wconf 88' lang='lat' dir='ltr'><strong>con-</strong></span> 
     </span>
    </p>
   </div>
   <div class='ocr_carea' id='block_1_69' title="bbox 2273 2508 3917 2581">
    <p class='ocr_par' dir='ltr' id='par_1_69' title="bbox 2273 2508 3917 2581">
     <span class='ocr_line' id='line_1_69' title="bbox 2273 2508 3917 2581; baseline 0.001 -17"><span class='ocrx_word' id='word_1_504' title='bbox 2273 2509 2619 2564; x_wconf 89' lang='lat' dir='ltr'><strong>cordantem.</strong></span> <span class='ocrx_word' id='word_1_505' title='bbox 2654 2510 2715 2564; x_wconf 87' lang='lat' dir='ltr'><strong>ln</strong></span> <span class='ocrx_word' id='word_1_506' title='bbox 2743 2508 3144 2581; x_wconf 72' lang='lat' dir='ltr'><strong>aequinoctium</strong></span> <span class='ocrx_word' id='word_1_507' title='bbox 3183 2509 3465 2580; x_wconf 87' lang='lat' dir='ltr'><strong>autumni,</strong></span> <span class='ocrx_word' id='word_1_508' title='bbox 3520 2509 3753 2581; x_wconf 89' lang='lat' dir='ltr'><strong>quando</strong></span> <span class='ocrx_word' id='word_1_509' title='bbox 3795 2527 3917 2565; x_wconf 84' lang='lat' dir='ltr'><strong>cre-</strong></span> 
     </span>
    </p>
   </div>
   <div class='ocr_carea' id='block_1_70' title="bbox 2273 2601 3923 2675">
    <p class='ocr_par' dir='ltr' id='par_1_70' title="bbox 2273 2601 3923 2675">
     <span class='ocr_line' id='line_1_70' title="bbox 2273 2601 3923 2675; baseline 0.001 -19"><span class='ocrx_word' id='word_1_510' title='bbox 2273 2606 2438 2657; x_wconf 90' lang='lat' dir='ltr'><strong>scunt</strong></span> <span class='ocrx_word' id='word_1_511' title='bbox 2460 2602 2730 2673; x_wconf 80' lang='lat' dir='ltr'><strong>tenebrae,</strong></span> <span class='ocrx_word' id='word_1_512' title='bbox 2760 2608 2897 2657; x_wconf 90' lang='lat' dir='ltr'><strong>tunc</strong></span> <span class='ocrx_word' id='word_1_513' title='bbox 2920 2602 3165 2657; x_wconf 89' lang='lat' dir='ltr'><strong>traditur</strong></span> <span class='ocrx_word' id='word_1_514' title='bbox 3182 2601 3465 2657; x_wconf 89' lang='lat' dir='ltr'><strong>Iohannes</strong></span> <span class='ocrx_word' id='word_1_515' title='bbox 3488 2602 3661 2657; x_wconf 90' lang='lat' dir='ltr'><strong>fuisse</strong></span> <span class='ocrx_word' id='word_1_516' title='bbox 3685 2620 3923 2675; x_wconf 86' lang='lat' dir='ltr'><strong>concep-</strong></span> 
     </span>
    </p>
   </div>
   <div class='ocr_carea' id='block_1_71' title="bbox 2272 2695 3917 2773">
    <p class='ocr_par' dir='ltr' id='par_1_71' title="bbox 2272 2695 3917 2773">
     <span class='ocr_line' id='line_1_71' title="bbox 2272 2695 3917 2773; baseline 0.001 -23"><span class='ocrx_word' id='word_1_517' title='bbox 2272 2700 2397 2765; x_wconf 90' lang='lat' dir='ltr'><strong>tus;</strong></span> <span class='ocrx_word' id='word_1_518' title='bbox 2420 2700 2477 2751; x_wconf 93' lang='lat' dir='ltr'><strong>et</strong></span> <span class='ocrx_word' id='word_1_519' title='bbox 2505 2696 2607 2750; x_wconf 91' lang='lat' dir='ltr'><strong>sub</strong></span> <span class='ocrx_word' id='word_1_520' title='bbox 2629 2699 2821 2752; x_wconf 90' lang='lat' dir='ltr'><strong>rotatu</strong></span> <span class='ocrx_word' id='word_1_521' title='bbox 2847 2696 3103 2768; x_wconf 90' lang='lat' dir='ltr'><strong>ejusdem</strong></span> <span class='ocrx_word' id='word_1_522' title='bbox 3118 2695 3392 2773; x_wconf 89' lang='lat' dir='ltr'><strong>temporis</strong></span> <span class='ocrx_word' id='word_1_523' title='bbox 3407 2712 3629 2767; x_wconf 89' lang='lat' dir='ltr'><strong>passus.</strong></span> <span class='ocrx_word' id='word_1_524' title='bbox 3660 2698 3723 2751; x_wconf 88' lang='lat' dir='ltr'><strong>In</strong></span> <span class='ocrx_word' id='word_1_525' title='bbox 3746 2696 3917 2769; x_wconf 75' lang='lat' dir='ltr'><strong>aequi-</strong></span> 
     </span>
    </p>
   </div>
   <div class='ocr_carea' id='block_1_72' title="bbox 2271 2789 3920 2862">
    <p class='ocr_par' dir='ltr' id='par_1_72' title="bbox 2271 2789 3920 2862">
     <span class='ocr_line' id='line_1_72' title="bbox 2271 2789 3920 2862; baseline 0.002 -19"><span class='ocrx_word' id='word_1_526' title='bbox 2271 2790 2529 2845; x_wconf 89' lang='lat' dir='ltr'><strong>noctium</strong></span> <span class='ocrx_word' id='word_1_527' title='bbox 2558 2791 2785 2862; x_wconf 87' lang='lat' dir='ltr'><strong>quando</strong></span> <span class='ocrx_word' id='word_1_528' title='bbox 2809 2791 2908 2845; x_wconf 90' lang='lat' dir='ltr'><strong>lux</strong></span> <span class='ocrx_word' id='word_1_529' title='bbox 2936 2789 3282 2859; x_wconf 82' lang='lat' dir='ltr'><strong>extenditur,</strong></span> <span class='ocrx_word' id='word_1_530' title='bbox 3306 2793 3361 2843; x_wconf 84' lang='lat' dir='ltr'><strong>et</strong></span> <span class='ocrx_word' id='word_1_531' title='bbox 3384 2789 3635 2845; x_wconf 70' lang='lat' dir='ltr'><strong>tenebrae</strong></span> <span class='ocrx_word' id='word_1_532' title='bbox 3651 2791 3920 2846; x_wconf 87' lang='lat' dir='ltr'><strong>minuun-</strong></span> 
     </span>
    </p>
   </div>
   <div class='ocr_carea' id='block_1_73' title="bbox 2270 2883 3914 2957">
    <p class='ocr_par' dir='ltr' id='par_1_73' title="bbox 2270 2883 3914 2957">
     <span class='ocr_line' id='line_1_73' title="bbox 2270 2883 3914 2957; baseline 0.002 -20"><span class='ocrx_word' id='word_1_533' title='bbox 2270 2886 2384 2951; x_wconf 88' lang='lat' dir='ltr'><strong>tur,</strong></span> <span class='ocrx_word' id='word_1_534' title='bbox 2412 2888 2549 2938; x_wconf 92' lang='lat' dir='ltr'><strong>tunc</strong></span> <span class='ocrx_word' id='word_1_535' title='bbox 2572 2883 2814 2939; x_wconf 88' lang='lat' dir='ltr'><strong>traditur</strong></span> <span class='ocrx_word' id='word_1_536' title='bbox 2837 2884 3091 2939; x_wconf 90' lang='lat' dir='ltr'><strong>Christus</strong></span> <span class='ocrx_word' id='word_1_537' title='bbox 3120 2888 3177 2939; x_wconf 92' lang='lat' dir='ltr'><strong>et</strong></span> <span class='ocrx_word' id='word_1_538' title='bbox 3203 2886 3508 2954; x_wconf 90' lang='lat' dir='ltr'><strong>conceptus</strong></span> <span class='ocrx_word' id='word_1_539' title='bbox 3532 2888 3697 2939; x_wconf 90' lang='lat' dir='ltr'><strong>utero</strong></span> <span class='ocrx_word' id='word_1_540' title='bbox 3726 2885 3914 2957; x_wconf 86' lang='lat' dir='ltr'><strong>Virgi-</strong></span> 
     </span>
    </p>
   </div>
   <div class='ocr_carea' id='block_1_74' title="bbox 2270 2976 3918 3048">
    <p class='ocr_par' dir='ltr' id='par_1_74' title="bbox 2270 2976 3918 3048">
     <span class='ocr_line' id='line_1_74' title="bbox 2270 2976 3918 3048; baseline 0.002 -17"><span class='ocrx_word' id='word_1_541' title='bbox 2270 2977 2360 3031; x_wconf 91' lang='lat' dir='ltr'><strong>nis</strong></span> <span class='ocrx_word' id='word_1_542' title='bbox 2376 2995 2394 3047; x_wconf 88' lang='lat'><strong>;</strong></span> <span class='ocrx_word' id='word_1_543' title='bbox 2429 2982 2486 3034; x_wconf 91' lang='lat' dir='ltr'><strong>et</strong></span> <span class='ocrx_word' id='word_1_544' title='bbox 2505 2978 2609 3033; x_wconf 87' lang='lat' dir='ltr'><strong>sub</strong></span> <span class='ocrx_word' id='word_1_545' title='bbox 2636 2978 2837 3033; x_wconf 92' lang='lat' dir='ltr'><strong>eodem</strong></span> <span class='ocrx_word' id='word_1_546' title='bbox 2862 2977 3138 3033; x_wconf 86' lang='lat' dir='ltr'><strong>curriculo</strong></span> <span class='ocrx_word' id='word_1_547' title='bbox 3168 2976 3387 3033; x_wconf 88' lang='lat' dir='ltr'><strong>adﬁxus</strong></span> <span class='ocrx_word' id='word_1_548' title='bbox 3420 2976 3671 3048; x_wconf 89' lang='lat' dir='ltr'><strong>patibulo</strong></span> <span class='ocrx_word' id='word_1_549' title='bbox 3713 2980 3918 3035; x_wconf 88' lang='lat' dir='ltr'><strong>crucis.</strong></span> 
     </span>
    </p>
   </div>
   <div class='ocr_carea' id='block_1_75' title="bbox 2271 3070 3915 3146">
    <p class='ocr_par' dir='ltr' id='par_1_75' title="bbox 2271 3070 3915 3146">
     <span class='ocr_line' id='line_1_75' title="bbox 2271 3070 3915 3146; baseline 0.002 -22"><span class='ocrx_word' id='word_1_550' title='bbox 2271 3071 2334 3124; x_wconf 92' lang='lat' dir='ltr'><strong>In</strong></span> <span class='ocrx_word' id='word_1_551' title='bbox 2361 3071 2621 3142; x_wconf 88' lang='lat' dir='ltr'><strong>solstitio,</strong></span> <span class='ocrx_word' id='word_1_552' title='bbox 2643 3072 2704 3126; x_wconf 93' lang='lat' dir='ltr'><strong>in</strong></span> <span class='ocrx_word' id='word_1_553' title='bbox 2729 3089 2841 3144; x_wconf 94' lang='lat' dir='ltr'><strong>quo</strong></span> <span class='ocrx_word' id='word_1_554' title='bbox 2865 3072 2986 3128; x_wconf 90' lang='lat' dir='ltr'><strong>dies</strong></span> <span class='ocrx_word' id='word_1_555' title='bbox 3010 3071 3212 3142; x_wconf 83' lang='lat' dir='ltr'><strong>incipit</strong></span> <span class='ocrx_word' id='word_1_556' title='bbox 3239 3070 3444 3139; x_wconf 91' lang='lat' dir='ltr'><strong>minui,</strong></span> <span class='ocrx_word' id='word_1_557' title='bbox 3475 3076 3531 3127; x_wconf 90' lang='lat' dir='ltr'><strong>et</strong></span> <span class='ocrx_word' id='word_1_558' title='bbox 3554 3088 3669 3128; x_wconf 91' lang='lat' dir='ltr'><strong>nox</strong></span> <span class='ocrx_word' id='word_1_559' title='bbox 3688 3074 3915 3146; x_wconf 85' lang='lat' dir='ltr'><strong>augeri,</strong></span> 
     </span>
    </p>
   </div>
   <div class='ocr_carea' id='block_1_76' title="bbox 2271 3163 3917 3233">
    <p class='ocr_par' dir='ltr' id='par_1_76' title="bbox 2271 3163 3917 3233">
     <span class='ocr_line' id='line_1_76' title="bbox 2271 3163 3917 3233; baseline 0.002 -14"><span class='ocrx_word' id='word_1_560' title='bbox 2271 3163 2553 3221; x_wconf 87' lang='lat' dir='ltr'><strong>Iohannes</strong></span> <span class='ocrx_word' id='word_1_561' title='bbox 2587 3166 2837 3222; x_wconf 91' lang='lat' dir='ltr'><strong>creditur</strong></span> <span class='ocrx_word' id='word_1_562' title='bbox 2875 3170 3063 3233; x_wconf 88' lang='lat' dir='ltr'><strong>natus,</strong></span> <span class='ocrx_word' id='word_1_563' title='bbox 3105 3169 3171 3221; x_wconf 92' lang='lat' dir='ltr'><strong>ut</strong></span> <span class='ocrx_word' id='word_1_564' title='bbox 3205 3164 3454 3220; x_wconf 91' lang='lat' dir='ltr'><strong>famulus</strong></span> <span class='ocrx_word' id='word_1_565' title='bbox 3486 3182 3500 3220; x_wconf 93' lang='lat'>:</span> <span class='ocrx_word' id='word_1_566' title='bbox 3542 3165 3603 3221; x_wconf 93' lang='lat' dir='ltr'><strong>in</strong></span> <span class='ocrx_word' id='word_1_567' title='bbox 3640 3167 3739 3222; x_wconf 93' lang='lat' dir='ltr'><strong>illo</strong></span> <span class='ocrx_word' id='word_1_568' title='bbox 3781 3184 3917 3223; x_wconf 86' lang='lat' dir='ltr'><strong>vero</strong></span> 
     </span>
    </p>
   </div>
   <div class='ocr_carea' id='block_1_77' title="bbox 2271 3259 3918 3334">
    <p class='ocr_par' dir='ltr' id='par_1_77' title="bbox 2271 3259 3918 3334">
     <span class='ocr_line' id='line_1_77' title="bbox 2271 3259 3918 3334; baseline 0.002 -21"><span class='ocrx_word' id='word_1_569' title='bbox 2271 3259 2528 3329; x_wconf 91' lang='lat' dir='ltr'><strong>solstitio,</strong></span> <span class='ocrx_word' id='word_1_570' title='bbox 2559 3276 2629 3315; x_wconf 89' lang='lat' dir='ltr'><strong>ex</strong></span> <span class='ocrx_word' id='word_1_571' title='bbox 2656 3277 2767 3332; x_wconf 91' lang='lat' dir='ltr'><strong>quo</strong></span> <span class='ocrx_word' id='word_1_572' title='bbox 2793 3260 2911 3316; x_wconf 91' lang='lat' dir='ltr'><strong>dies</strong></span> <span class='ocrx_word' id='word_1_573' title='bbox 2943 3264 3207 3334; x_wconf 82' lang='lat' dir='ltr'><strong>augetur,</strong></span> <span class='ocrx_word' id='word_1_574' title='bbox 3236 3264 3292 3314; x_wconf 91' lang='lat' dir='ltr'><strong>et</strong></span> <span class='ocrx_word' id='word_1_575' title='bbox 3348 3260 3595 3316; x_wconf 66' lang='lat' dir='ltr'><strong>tenebrae</strong></span> <span class='ocrx_word' id='word_1_576' title='bbox 3635 3260 3918 3317; x_wconf 88' lang='lat' dir='ltr'><strong>minuun-</strong></span> 
     </span>
    </p>
   </div>
   <div class='ocr_carea' id='block_1_78' title="bbox 2268 3354 3917 3431">
    <p class='ocr_par' dir='ltr' id='par_1_78' title="bbox 2268 3354 3917 3431">
     <span class='ocr_line' id='line_1_78' title="bbox 2268 3354 3917 3431; baseline 0.003 -25"><span class='ocrx_word' id='word_1_577' title='bbox 2268 3355 2382 3422; x_wconf 88' lang='lat' dir='ltr'><strong>tur,</strong></span> <span class='ocrx_word' id='word_1_578' title='bbox 2411 3358 2576 3408; x_wconf 91' lang='lat' dir='ltr'><strong>natus</strong></span> <span class='ocrx_word' id='word_1_579' title='bbox 2606 3358 2691 3409; x_wconf 87' lang='lat' dir='ltr'><strong>est</strong></span> <span class='ocrx_word' id='word_1_580' title='bbox 2706 3354 2898 3428; x_wconf 79' lang='grc'><strong>460</strong></span> <span class='ocrx_word' id='word_1_581' title='bbox 2926 3372 2999 3412; x_wconf 87' lang='lat' dir='ltr'><strong>ex</strong></span> <span class='ocrx_word' id='word_1_582' title='bbox 3022 3357 3241 3431; x_wconf 82' lang='lat' dir='ltr'><strong>virgine</strong></span> <span class='ocrx_word' id='word_1_583' title='bbox 3283 3362 3457 3419; x_wconf 88' lang='lat' dir='ltr'><strong>Maria</strong></span> <span class='ocrx_word' id='word_1_584' title='bbox 3496 3360 3770 3417; x_wconf 76' lang='lat' dir='ltr'><strong>Salvator.</strong></span> <span class='ocrx_word' id='word_1_585' title='bbox 3810 3358 3917 3411; x_wconf 87' lang='lat' dir='ltr'><strong>Pro</strong></span> 
     </span>
    </p>
   </div>
   <div class='ocr_carea' id='block_1_79' title="bbox 2269 3446 3917 3519">
    <p class='ocr_par' dir='ltr' id='par_1_79' title="bbox 2269 3446 3917 3519">
     <span class='ocr_line' id='line_1_79' title="bbox 2269 3446 3917 3519; baseline 0.002 -18"><span class='ocrx_word' id='word_1_586' title='bbox 2269 3446 2376 3501; x_wconf 88' lang='lat' dir='ltr'><strong>hoc</strong></span> <span class='ocrx_word' id='word_1_587' title='bbox 2405 3447 2801 3519; x_wconf 89' lang='lat' dir='ltr'><strong>quatripartito</strong></span> <span class='ocrx_word' id='word_1_588' title='bbox 2830 3453 3066 3509; x_wconf 90' lang='lat' dir='ltr'><strong>rotantis</strong></span> <span class='ocrx_word' id='word_1_589' title='bbox 3091 3456 3228 3511; x_wconf 90' lang='lat' dir='ltr'><strong>anni</strong></span> <span class='ocrx_word' id='word_1_590' title='bbox 3269 3456 3550 3512; x_wconf 87' lang='lat' dir='ltr'><strong>curriculo</strong></span> <span class='ocrx_word' id='word_1_591' title='bbox 3588 3453 3763 3509; x_wconf 88' lang='lat' dir='ltr'><strong>etiam</strong></span> <span class='ocrx_word' id='word_1_592' title='bbox 3782 3448 3917 3505; x_wconf 92' lang='lat' dir='ltr'><strong>libri</strong></span> 
     </span>
    </p>
   </div>
   <div class='ocr_carea' id='block_1_80' title="bbox 2268 3540 3909 3621">
    <p class='ocr_par' dir='ltr' id='par_1_80' title="bbox 2268 3540 3909 3621">
     <span class='ocr_line' id='line_1_80' title="bbox 2268 3540 3909 3621; baseline 0.005 -27"><span class='ocrx_word' id='word_1_593' title='bbox 2268 3540 2443 3612; x_wconf 91' lang='lat' dir='ltr'><strong>hujus</strong></span> <span class='ocrx_word' id='word_1_594' title='bbox 2467 3541 2641 3596; x_wconf 89' lang='lat' dir='ltr'><strong>ﬁdem</strong></span> <span class='ocrx_word' id='word_1_595' title='bbox 2664 3543 3025 3601; x_wconf 87' lang='lat' dir='ltr'><strong>terminando</strong></span> <span class='ocrx_word' id='word_1_596' title='bbox 3055 3548 3453 3621; x_wconf 82' lang='lat' dir='ltr'><strong>distinximus;</strong></span> <span class='ocrx_word' id='word_1_597' title='bbox 3496 3554 3563 3604; x_wconf 93' lang='lat' dir='ltr'><strong>ut</strong></span> <span class='ocrx_word' id='word_1_598' title='bbox 3597 3546 3732 3620; x_wconf 86' lang='lat' dir='ltr'><strong>quia</strong></span> <span class='ocrx_word' id='word_1_599' title='bbox 3767 3562 3909 3617; x_wconf 85' lang='lat' dir='ltr'><strong>qua-</strong></span> 
     </span>
    </p>
   </div>
   <div class='ocr_carea' id='block_1_81' title="bbox 2268 3636 3913 3708">
    <p class='ocr_par' dir='ltr' id='par_1_81' title="bbox 2268 3636 3913 3708">
     <span class='ocr_line' id='line_1_81' title="bbox 2268 3636 3913 3708; baseline 0.002 -18"><span class='ocrx_word' id='word_1_600' title='bbox 2268 3639 2400 3690; x_wconf 94' lang='lat' dir='ltr'><strong>tuor</strong></span> <span class='ocrx_word' id='word_1_601' title='bbox 2426 3639 2685 3708; x_wconf 90' lang='lat' dir='ltr'><strong>tempora</strong></span> <span class='ocrx_word' id='word_1_602' title='bbox 2707 3639 2843 3693; x_wconf 89' lang='lat' dir='ltr'><strong>anni</strong></span> <span class='ocrx_word' id='word_1_603' title='bbox 2892 3640 3000 3695; x_wconf 90' lang='lat' dir='ltr'><strong>isto</strong></span> <span class='ocrx_word' id='word_1_604' title='bbox 3044 3643 3307 3700; x_wconf 90' lang='lat' dir='ltr'><strong>videntur</strong></span> <span class='ocrx_word' id='word_1_605' title='bbox 3360 3645 3559 3700; x_wconf 87' lang='lat' dir='ltr'><strong>ordine</strong></span> <span class='ocrx_word' id='word_1_606' title='bbox 3593 3636 3913 3707; x_wconf 87' lang='lat' dir='ltr'><strong>terminari,</strong></span> 
     </span>
    </p>
   </div>
   <div class='ocr_carea' id='block_1_82' title="bbox 2269 3729 3918 3811">
    <p class='ocr_par' dir='ltr' id='par_1_82' title="bbox 2269 3729 3918 3811">
     <span class='ocr_line' id='line_1_82' title="bbox 2269 3729 3918 3811; baseline 0.003 -28"><span class='ocrx_word' id='word_1_607' title='bbox 2269 3729 2346 3784; x_wconf 90' lang='lat' dir='ltr'><strong>ita</strong></span> <span class='ocrx_word' id='word_1_608' title='bbox 2370 3730 2542 3785; x_wconf 89' lang='lat' dir='ltr'><strong>etiam</strong></span> <span class='ocrx_word' id='word_1_609' title='bbox 2581 3734 2825 3804; x_wconf 88' lang='lat' dir='ltr'><strong>quatuor</strong></span> <span class='ocrx_word' id='word_1_610' title='bbox 2859 3735 3165 3793; x_wconf 90' lang='lat' dir='ltr'><strong>voluminis</strong></span> <span class='ocrx_word' id='word_1_611' title='bbox 3202 3739 3373 3811; x_wconf 87' lang='lat' dir='ltr'><strong>hujus</strong></span> <span class='ocrx_word' id='word_1_612' title='bbox 3408 3738 3543 3794; x_wconf 86' lang='lat' dir='ltr'><strong>libri</strong></span> <span class='ocrx_word' id='word_1_613' title='bbox 3585 3736 3918 3793; x_wconf 88' lang='lat' dir='ltr'><strong>distinctum</strong></span> 
     </span>
    </p>
   </div>
   <div class='ocr_carea' id='block_1_83' title="bbox 2270 3823 3921 3904">
    <p class='ocr_par' dir='ltr' id='par_1_83' title="bbox 2270 3823 3921 3904">
     <span class='ocr_line' id='line_1_83' title="bbox 2270 3823 3921 3904; baseline 0.002 -26"><span class='ocrx_word' id='word_1_614' title='bbox 2270 3823 2510 3880; x_wconf 90' lang='lat' dir='ltr'><strong>reddent</strong></span> <span class='ocrx_word' id='word_1_615' title='bbox 2544 3825 2794 3882; x_wconf 85' lang='lat' dir='ltr'><strong>ofﬁcium</strong></span> <span class='ocrx_word' id='word_1_616' title='bbox 2830 3845 2935 3900; x_wconf 91' lang='lat' dir='ltr'><strong>per</strong></span> <span class='ocrx_word' id='word_1_617' title='bbox 2982 3830 3261 3887; x_wconf 90' lang='lat' dir='ltr'><strong>circulum</strong></span> <span class='ocrx_word' id='word_1_618' title='bbox 3302 3832 3458 3904; x_wconf 86' lang='lat' dir='ltr'><strong>anni,</strong></span> <span class='ocrx_word' id='word_1_619' title='bbox 3506 3832 3683 3886; x_wconf 87' lang='lat' dir='ltr'><strong>instar</strong></span> <span class='ocrx_word' id='word_1_620' title='bbox 3735 3826 3921 3884; x_wconf 89' lang='lat' dir='ltr'><strong>sancti</strong></span> 
     </span>
    </p>
   </div>
   <div class='ocr_carea' id='block_1_84' title="bbox 2270 3916 3920 3999">
    <p class='ocr_par' dir='ltr' id='par_1_84' title="bbox 2270 3916 3920 3999">
     <span class='ocr_line' id='line_1_84' title="bbox 2270 3916 3920 3999; baseline 0.002 -27"><span class='ocrx_word' id='word_1_621' title='bbox 2270 3916 2578 3990; x_wconf 87' lang='lat' dir='ltr'><strong>Evangelii,</strong></span> <span class='ocrx_word' id='word_1_622' title='bbox 2586 3919 2609 3991; x_wconf 91' lang='lat' dir='ltr'><strong>j</strong></span> <span class='ocrx_word' id='word_1_623' title='bbox 2619 3924 2756 3975; x_wconf 86' lang='lat' dir='ltr'><strong>uxta</strong></span> <span class='ocrx_word' id='word_1_624' title='bbox 2769 3922 2921 3993; x_wconf 89' lang='lat' dir='ltr'><strong>quod</strong></span> <span class='ocrx_word' id='word_1_625' title='bbox 2941 3928 3067 3979; x_wconf 88' lang='lat' dir='ltr'><strong>rota</strong></span> <span class='ocrx_word' id='word_1_626' title='bbox 3081 3924 3317 3981; x_wconf 89' lang='lat' dir='ltr'><strong>inferius</strong></span> <span class='ocrx_word' id='word_1_627' title='bbox 3330 3926 3675 3999; x_wconf 84' lang='lat' dir='ltr'><strong>praesignata</strong></span> <span class='ocrx_word' id='word_1_628' title='bbox 3688 3923 3920 3979; x_wconf 89' lang='lat' dir='ltr'><strong>videtur</strong></span> 
     </span>
    </p>
   </div>
   <div class='ocr_carea' id='block_1_85' title="bbox 2272 4012 3920 4090">
    <p class='ocr_par' dir='ltr' id='par_1_85' title="bbox 2272 4012 3920 4090">
     <span class='ocr_line' id='line_1_85' title="bbox 2272 4012 3920 4090; baseline 0.004 -25"><span class='ocrx_word' id='word_1_629' title='bbox 2272 4012 2579 4068; x_wconf 90' lang='lat' dir='ltr'><strong>attendere.</strong></span> <span class='ocrx_word' id='word_1_630' title='bbox 2638 4015 2919 4086; x_wconf 90' lang='lat' dir='ltr'><strong>Deprecor</strong></span> <span class='ocrx_word' id='word_1_631' title='bbox 2957 4023 3149 4074; x_wconf 88' lang='lat' dir='ltr'><strong>autem</strong></span> <span class='ocrx_word' id='word_1_632' title='bbox 3193 4024 3268 4090; x_wconf 92' lang='lat' dir='ltr'><strong>te,</strong></span> <span class='ocrx_word' id='word_1_633' title='bbox 3310 4025 3366 4076; x_wconf 90' lang='lat' dir='ltr'><strong>et</strong></span> <span class='ocrx_word' id='word_1_634' title='bbox 3411 4037 3608 4076; x_wconf 89' lang='lat' dir='ltr'><strong>omnes</strong></span> <span class='ocrx_word' id='word_1_635' title='bbox 3653 4019 3727 4074; x_wconf 89' lang='lat' dir='ltr'><strong>ad</strong></span> <span class='ocrx_word' id='word_1_636' title='bbox 3774 4034 3920 4090; x_wconf 91' lang='lat' dir='ltr'><strong>quos</strong></span> 
     </span>
    </p>
   </div>
   <div class='ocr_carea' id='block_1_86' title="bbox 2271 4103 3916 4185">
    <p class='ocr_par' dir='ltr' id='par_1_86' title="bbox 2271 4103 3916 4185">
     <span class='ocr_line' id='line_1_86' title="bbox 2271 4103 3916 4185; baseline 0.005 -27"><span class='ocrx_word' id='word_1_637' title='bbox 2271 4103 2516 4160; x_wconf 84' lang='lat' dir='ltr'><strong>formula</strong></span> <span class='ocrx_word' id='word_1_638' title='bbox 2541 4107 2646 4162; x_wconf 89' lang='lat' dir='ltr'><strong>ista</strong></span> <span class='ocrx_word' id='word_1_639' title='bbox 2667 4108 2895 4182; x_wconf 86' lang='lat' dir='ltr'><strong>legendi</strong></span> <span class='ocrx_word' id='word_1_640' title='bbox 2922 4113 3262 4183; x_wconf 87' lang='lat' dir='ltr'><strong>pervenerit,</strong></span> <span class='ocrx_word' id='word_1_641' title='bbox 3291 4118 3359 4170; x_wconf 92' lang='lat' dir='ltr'><strong>ut</strong></span> <span class='ocrx_word' id='word_1_642' title='bbox 3382 4112 3762 4185; x_wconf 89' lang='lat' dir='ltr'><strong>omnipotenti</strong></span> <span class='ocrx_word' id='word_1_643' title='bbox 3802 4113 3916 4166; x_wconf 89' lang='lat' dir='ltr'><strong>Do-</strong></span> 
     </span>
    </p>
   </div>
   <div class='ocr_carea' id='block_1_87' title="bbox 2272 4186 3921 4281">
    <p class='ocr_par' dir='ltr' id='par_1_87' title="bbox 2272 4186 3921 4281">
     <span class='ocr_line' id='line_1_87' title="bbox 2272 4186 3921 4281; baseline 0.005 -28"><span class='ocrx_word' id='word_1_644' title='bbox 2272 4199 2430 4255; x_wconf 88' lang='lat' dir='ltr'><strong>mino</strong></span> <span class='ocrx_word' id='word_1_645' title='bbox 2449 4216 2553 4271; x_wconf 89' lang='lat' dir='ltr'><strong>pro</strong></span> <span class='ocrx_word' id='word_1_646' title='bbox 2584 4218 2678 4259; x_wconf 89' lang='lat' dir='ltr'><strong>me</strong></span> <span class='ocrx_word' id='word_1_647' title='bbox 2699 4186 2931 4260; x_wconf 82' lang='lat' dir='ltr'><strong>exorare</strong></span> <span class='ocrx_word' id='word_1_648' title='bbox 2947 4206 3285 4279; x_wconf 88' lang='lat' dir='ltr'><strong>dignemini,</strong></span> <span class='ocrx_word' id='word_1_649' title='bbox 3314 4213 3593 4281; x_wconf 88' lang='lat' dir='ltr'><strong>quatenus</strong></span> <span class='ocrx_word' id='word_1_650' title='bbox 3620 4224 3725 4280; x_wconf 90' lang='lat' dir='ltr'><strong>pro</strong></span> <span class='ocrx_word' id='word_1_651' title='bbox 3741 4205 3921 4278; x_wconf 89' lang='lat' dir='ltr'><strong>hujus</strong></span> 
     </span>
    </p>
   </div>
   <div class='ocr_carea' id='block_1_88' title="bbox 2273 4295 3919 4375">
    <p class='ocr_par' dir='ltr' id='par_1_88' title="bbox 2273 4295 3919 4375">
     <span class='ocr_line' id='line_1_88' title="bbox 2273 4295 3919 4375; baseline 0.005 -28"><span class='ocrx_word' id='word_1_652' title='bbox 2273 4295 2457 4365; x_wconf 88' lang='lat' dir='ltr'><strong>operis</strong></span> <span class='ocrx_word' id='word_1_653' title='bbox 2528 4297 2718 4354; x_wconf 89' lang='lat' dir='ltr'><strong>labore</strong></span> <span class='ocrx_word' id='word_1_654' title='bbox 2791 4298 3199 4371; x_wconf 89' lang='lat' dir='ltr'><strong>aliquantulam</strong></span> <span class='ocrx_word' id='word_1_655' title='bbox 3258 4303 3409 4374; x_wconf 91' lang='lat' dir='ltr'><strong>apud</strong></span> <span class='ocrx_word' id='word_1_656' title='bbox 3459 4303 3649 4375; x_wconf 90' lang='lat' dir='ltr'><strong>ipsum</strong></span> <span class='ocrx_word' id='word_1_657' title='bbox 3712 4317 3919 4373; x_wconf 88' lang='lat' dir='ltr'><strong>capere</strong></span> 
     </span>
    </p>
   </div>
   <div class='ocr_carea' id='block_1_89' title="bbox 2272 4391 3916 4465">
    <p class='ocr_par' dir='ltr' id='par_1_89' title="bbox 2272 4391 3916 4465">
     <span class='ocr_line' id='line_1_89' title="bbox 2272 4391 3916 4465; baseline 0.004 -23"><span class='ocrx_word' id='word_1_658' title='bbox 2272 4402 2494 4444; x_wconf 89' lang='lat' dir='ltr'><strong>merear</strong></span> <span class='ocrx_word' id='word_1_659' title='bbox 2558 4391 2756 4462; x_wconf 81' lang='lat' dir='ltr'><strong>gratiae</strong></span> <span class='ocrx_word' id='word_1_660' title='bbox 2804 4392 3146 4463; x_wconf 73' lang='lat' dir='ltr'><strong>portionem.</strong></span> <span class='ocrx_word' id='word_1_661' title='bbox 3192 4397 3330 4451; x_wconf 88' lang='lat' dir='ltr'><strong>Data</strong></span> <span class='ocrx_word' id='word_1_662' title='bbox 3380 4395 3651 4451; x_wconf 89' lang='lat' dir='ltr'><strong>Calendas</strong></span> <span class='ocrx_word' id='word_1_663' title='bbox 3695 4395 3916 4465; x_wconf 82' lang='lat' dir='ltr'><strong>Iunias,</strong></span> 
     </span>
    </p>
   </div>
   <div class='ocr_carea' id='block_1_90' title="bbox 2272 4482 3630 4563">
    <p class='ocr_par' dir='ltr' id='par_1_90' title="bbox 2272 4482 3630 4563">
     <span class='ocr_line' id='line_1_90' title="bbox 2272 4482 3630 4563; baseline 0.008 -28"><span class='ocrx_word' id='word_1_664' title='bbox 2272 4482 2527 4555; x_wconf 90' lang='lat' dir='ltr'><strong>Hippone</strong></span> <span class='ocrx_word' id='word_1_665' title='bbox 2554 4484 2752 4556; x_wconf 84' lang='lat' dir='ltr'><strong>Regio,</strong></span> <span class='ocrx_word' id='word_1_666' title='bbox 2772 4487 3008 4543; x_wconf 87' lang='lat' dir='ltr'><strong>Arcadio</strong></span> <span class='ocrx_word' id='word_1_667' title='bbox 3034 4494 3090 4545; x_wconf 92' lang='lat' dir='ltr'><strong>et</strong></span> <span class='ocrx_word' id='word_1_668' title='bbox 3114 4489 3354 4546; x_wconf 92' lang='lat' dir='ltr'><strong>honorio</strong></span> <span class='ocrx_word' id='word_1_669' title='bbox 3380 4490 3630 4563; x_wconf 85' lang='lat' dir='ltr'><strong>Agustis.</strong></span> 
     </span>
    </p>
   </div>
   <div class='ocr_carea' id='block_1_91' title="bbox 535 4573 3915 4665">
    <p class='ocr_par' dir='ltr' id='par_1_91' title="bbox 535 4573 3915 4665">
     <span class='ocr_line' id='line_1_91' title="bbox 535 4573 3915 4665; baseline 0.001 -28"><span class='ocrx_word' id='word_1_670' title='bbox 535 4598 668 4655; x_wconf 89' lang='lat' dir='ltr'><strong>que,</strong></span> <span class='ocrx_word' id='word_1_671' title='bbox 695 4584 762 4635; x_wconf 92' lang='lat' dir='ltr'><strong>ut</strong></span> <span class='ocrx_word' id='word_1_672' title='bbox 785 4578 854 4632; x_wconf 89' lang='lat' dir='ltr'><strong>ab</strong></span> <span class='ocrx_word' id='word_1_673' title='bbox 884 4575 1084 4632; x_wconf 88' lang='lat' dir='ltr'><strong>eodem</strong></span> <span class='ocrx_word' id='word_1_674' title='bbox 1122 4573 1214 4628; x_wconf 92' lang='lat' dir='ltr'><strong>die</strong></span> <span class='ocrx_word' id='word_1_675' title='bbox 1252 4589 1432 4645; x_wconf 89' lang='lat' dir='ltr'><strong>usque</strong></span> <span class='ocrx_word' id='word_1_676' title='bbox 1474 4574 1543 4629; x_wconf 89' lang='lat' dir='ltr'><strong>ad</strong></span> <span class='ocrx_word' id='word_1_677' title='bbox 1576 4575 1937 4632; x_wconf 87' lang='lat' dir='ltr'><strong>Nativitatem</strong></span> <span class='ocrx_word' id='word_1_678' title='bbox 1972 4577 2177 4634; x_wconf 90' lang='lat' dir='ltr'><strong>Christi</strong></span> <span class='ocrx_word' id='word_1_679' title='bbox 2196 4593 2255 4665; x_wconf 83' lang='lat' dir='ltr'>D</span> <span class='ocrx_word' id='word_1_680' title='bbox 2347 4578 2596 4632; x_wconf 83' lang='lat' dir='ltr'><strong>Feliciter</strong></span> <span class='ocrx_word' id='word_1_681' title='bbox 2656 4581 2881 4650; x_wconf 68' lang='lat' dir='ltr'><strong>emplicit</strong></span> <span class='ocrx_word' id='word_1_682' title='bbox 2944 4584 3178 4653; x_wconf 85' lang='lat' dir='ltr'><strong>epistula</strong></span> <span class='ocrx_word' id='word_1_683' title='bbox 3242 4586 3418 4641; x_wconf 83' lang='lat' dir='ltr'><strong>sancti</strong></span> <span class='ocrx_word' id='word_1_684' title='bbox 3479 4586 3743 4655; x_wconf 83' lang='lat' dir='ltr'><strong>Agustini</strong></span> <span class='ocrx_word' id='word_1_685' title='bbox 3800 4588 3915 4656; x_wconf 72' lang='lat' dir='ltr'><strong>epi-</strong></span> 
     </span>
    </p>
   </div>
   <div class='ocr_carea' id='block_1_92' title="bbox 534 4669 2172 4750">
    <p class='ocr_par' dir='ltr' id='par_1_92' title="bbox 534 4669 2172 4750">
     <span class='ocr_line' id='line_1_92' title="bbox 534 4669 2172 4750; baseline -0.003 -18"><span class='ocrx_word' id='word_1_686' title='bbox 534 4676 950 4750; x_wconf 83' lang='lat' dir='ltr'><strong>prophetarum</strong></span> <span class='ocrx_word' id='word_1_687' title='bbox 1012 4683 1229 4740; x_wconf 84' lang='lat' dir='ltr'><strong>organa</strong></span> <span class='ocrx_word' id='word_1_688' title='bbox 1281 4669 1713 4741; x_wconf 83' lang='lat' dir='ltr'><strong>tympanizando</strong></span> <span class='ocrx_word' id='word_1_689' title='bbox 1776 4672 2007 4727; x_wconf 90' lang='lat' dir='ltr'><strong>resultet</strong></span> <span class='ocrx_word' id='word_1_690' title='bbox 2071 4674 2172 4727; x_wconf 90' lang='lat' dir='ltr'><strong>Ec-</strong></span> 
     </span>
    </p>
   </div>
   <div class='ocr_carea' id='block_1_93' title="bbox 538 4770 725 4827">
    <p class='ocr_par' dir='ltr' id='par_1_93' title="bbox 538 4770 725 4827">
     <span class='ocr_line' id='line_1_93' title="bbox 538 4770 725 4827; baseline -0.016 -1"><span class='ocrx_word' id='word_1_691' title='bbox 538 4770 725 4827; x_wconf 85' lang='lat' dir='ltr'><strong>clesia.</strong></span> 
     </span>
    </p>
   </div>
   <div class='ocr_carea' id='block_1_94' title="bbox 610 4859 2178 4935">
    <p class='ocr_par' dir='ltr' id='par_1_94' title="bbox 610 4859 2178 4935">
     <span class='ocr_line' id='line_1_94' title="bbox 610 4859 2178 4935; baseline -0.002 -16"><span class='ocrx_word' id='word_1_692' title='bbox 610 4863 719 4919; x_wconf 91' lang='lat' dir='ltr'><strong>Sed</strong></span> <span class='ocrx_word' id='word_1_693' title='bbox 758 4861 892 4933; x_wconf 89' lang='lat' dir='ltr'><strong>quia</strong></span> <span class='ocrx_word' id='word_1_694' title='bbox 931 4864 1064 4915; x_wconf 94' lang='lat' dir='ltr'><strong>sunt</strong></span> <span class='ocrx_word' id='word_1_695' title='bbox 1098 4859 1359 4916; x_wconf 88' lang='lat' dir='ltr'><strong>nonnulli</strong></span> <span class='ocrx_word' id='word_1_696' title='bbox 1394 4859 1493 4935; x_wconf 86' lang='lat' dir='ltr'><strong>qui</strong></span> <span class='ocrx_word' id='word_1_697' title='bbox 1528 4860 1849 4916; x_wconf 84' lang='lat' dir='ltr'><strong>Adventum</strong></span> <span class='ocrx_word' id='word_1_698' title='bbox 1890 4860 2112 4916; x_wconf 92' lang='lat' dir='ltr'><strong>Domini</strong></span> <span class='ocrx_word' id='word_1_699' title='bbox 2143 4879 2178 4917; x_wconf 88' lang='lat' dir='ltr'><strong>a</strong></span> 
     </span>
    </p>
   </div>
   <div class='ocr_carea' id='block_1_95' title="bbox 539 4954 2178 5028">
    <p class='ocr_par' dir='ltr' id='par_1_95' title="bbox 539 4954 2178 5028">
     <span class='ocr_line' id='line_1_95' title="bbox 539 4954 2178 5028; baseline -0.004 -11"><span class='ocrx_word' id='word_1_700' title='bbox 539 4956 839 5016; x_wconf 87' lang='lat' dir='ltr'><strong>festivitate</strong></span> <span class='ocrx_word' id='word_1_701' title='bbox 878 4954 1025 5011; x_wconf 88' lang='lat' dir='ltr'><strong>beati</strong></span> <span class='ocrx_word' id='word_1_702' title='bbox 1081 4955 1301 5011; x_wconf 84' lang='lat' dir='ltr'><strong>Martini</strong></span> <span class='ocrx_word' id='word_1_703' title='bbox 1350 4955 1685 5010; x_wconf 89' lang='lat' dir='ltr'><strong>Turonensis</strong></span> <span class='ocrx_word' id='word_1_704' title='bbox 1729 4954 1883 5010; x_wconf 90' lang='lat' dir='ltr'><strong>urbis</strong></span> <span class='ocrx_word' id='word_1_705' title='bbox 1931 4955 2178 5028; x_wconf 89' lang='lat' dir='ltr'><strong>episcopi</strong></span> 
     </span>
    </p>
   </div>
   <div class='ocr_carea' id='block_1_96' title="bbox 538 5048 2179 5123">
    <p class='ocr_par' dir='ltr' id='par_1_96' title="bbox 538 5048 2179 5123">
     <span class='ocr_line' id='line_1_96' title="bbox 538 5048 2179 5123; baseline -0.001 -13"><span class='ocrx_word' id='word_1_706' title='bbox 538 5054 804 5111; x_wconf 89' lang='lat' dir='ltr'><strong>videntur</strong></span> <span class='ocrx_word' id='word_1_707' title='bbox 829 5051 1159 5123; x_wconf 90' lang='lat' dir='ltr'><strong>insipienter</strong></span> <span class='ocrx_word' id='word_1_708' title='bbox 1184 5048 1458 5119; x_wconf 83' lang='lat' dir='ltr'><strong>excolere,</strong></span> <span class='ocrx_word' id='word_1_709' title='bbox 1486 5066 1588 5104; x_wconf 90' lang='lat' dir='ltr'><strong>nos</strong></span> <span class='ocrx_word' id='word_1_710' title='bbox 1614 5066 1707 5105; x_wconf 91' lang='lat' dir='ltr'><strong>eos</strong></span> <span class='ocrx_word' id='word_1_711' title='bbox 1735 5066 1851 5105; x_wconf 91' lang='lat' dir='ltr'><strong>non</strong></span> <span class='ocrx_word' id='word_1_712' title='bbox 1876 5053 2179 5123; x_wconf 86' lang='lat' dir='ltr'><strong>reprehen-</strong></span> 
     </span>
    </p>
   </div>
   <div class='ocr_carea' id='block_1_97' title="bbox 542 5142 2178 5220">
    <p class='ocr_par' dir='ltr' id='par_1_97' title="bbox 542 5142 2178 5220">
     <span class='ocr_line' id='line_1_97' title="bbox 542 5142 2178 5220; baseline -0.002 -14"><span class='ocrx_word' id='word_1_713' title='bbox 542 5151 750 5217; x_wconf 92' lang='lat' dir='ltr'><strong>dimus,</strong></span> <span class='ocrx_word' id='word_1_714' title='bbox 779 5147 911 5220; x_wconf 86' lang='lat' dir='ltr'><strong>quia</strong></span> <span class='ocrx_word' id='word_1_715' title='bbox 938 5161 1056 5200; x_wconf 93' lang='lat' dir='ltr'><strong>non</strong></span> <span class='ocrx_word' id='word_1_716' title='bbox 1074 5159 1273 5198; x_wconf 89' lang='lat' dir='ltr'><strong>omnes</strong></span> <span class='ocrx_word' id='word_1_717' title='bbox 1298 5142 1488 5197; x_wconf 87' lang='lat' dir='ltr'><strong>omnia</strong></span> <span class='ocrx_word' id='word_1_718' title='bbox 1530 5148 1784 5215; x_wconf 90' lang='lat' dir='ltr'><strong>possunt,</strong></span> <span class='ocrx_word' id='word_1_719' title='bbox 1832 5150 1889 5201; x_wconf 93' lang='lat' dir='ltr'><strong>et</strong></span> <span class='ocrx_word' id='word_1_720' title='bbox 1930 5148 2178 5203; x_wconf 78' lang='lat' dir='ltr'><strong>maxime</strong></span> 
     </span>
    </p>
   </div>
   <div class='ocr_carea' id='block_1_98' title="bbox 543 5238 2180 5315">
    <p class='ocr_par' dir='ltr' id='par_1_98' title="bbox 543 5238 2180 5315">
     <span class='ocr_line' id='line_1_98' title="bbox 543 5238 2180 5315; baseline -0.004 -12"><span class='ocrx_word' id='word_1_721' title='bbox 543 5263 676 5303; x_wconf 91' lang='lat' dir='ltr'><strong>cum</strong></span> <span class='ocrx_word' id='word_1_722' title='bbox 698 5241 994 5315; x_wconf 78' lang='lat' dir='ltr'><strong>Apostolus</strong></span> <span class='ocrx_word' id='word_1_723' title='bbox 1037 5238 1219 5292; x_wconf 87' lang='lat' dir='ltr'><strong>dicat:</strong></span> <span class='ocrx_word' id='word_1_724' title='bbox 1272 5239 1572 5307; x_wconf 75' lang='lat' dir='ltr'><strong>Unicuique</strong></span> <span class='ocrx_word' id='word_1_725' title='bbox 1615 5240 1754 5293; x_wconf 83' lang='lat' dir='ltr'><strong>sicut</strong></span> <span class='ocrx_word' id='word_1_726' title='bbox 1796 5242 1941 5295; x_wconf 85' lang='lat' dir='ltr'><strong>Deus</strong></span> <span class='ocrx_word' id='word_1_727' title='bbox 1992 5242 2180 5296; x_wconf 72' lang='lat' dir='ltr'><strong>divisit</strong></span> 
     </span>
    </p>
   </div>
   <div class='ocr_carea' id='block_1_99' title="bbox 540 5331 2181 5405">
    <p class='ocr_par' dir='ltr' id='par_1_99' title="bbox 540 5331 2181 5405">
     <span class='ocr_line' id='line_1_99' title="bbox 540 5331 2181 5405; baseline -0.01 -5"><span class='ocrx_word' id='word_1_728' title='bbox 540 5353 852 5399; x_wconf 87' lang='lat' dir='ltr'><strong>mensuram</strong></span> <span class='ocrx_word' id='word_1_729' title='bbox 877 5334 1025 5404; x_wconf 81' lang='lat' dir='ltr'><strong>ﬁdei.</strong></span> <span class='ocrx_word' id='word_1_730' title='bbox 1050 5331 1154 5387; x_wconf 92' lang='lat' dir='ltr'><strong>Sed</strong></span> <span class='ocrx_word' id='word_1_731' title='bbox 1181 5331 1351 5402; x_wconf 89' lang='lat' dir='ltr'><strong>longe</strong></span> <span class='ocrx_word' id='word_1_732' title='bbox 1381 5331 1542 5386; x_wconf 89' lang='lat' dir='ltr'><strong>aliter</strong></span> <span class='ocrx_word' id='word_1_733' title='bbox 1563 5337 1646 5388; x_wconf 90' lang='lat' dir='ltr'><strong>est</strong></span> <span class='ocrx_word' id='word_1_734' title='bbox 1659 5333 1949 5405; x_wconf 90' lang='lat' dir='ltr'><strong>plenitudo</strong></span> <span class='ocrx_word' id='word_1_735' title='bbox 1966 5336 2181 5391; x_wconf 78' lang='lat' dir='ltr'><strong>ordinis</strong></span> 
     </span>
    </p>
   </div>
   <div class='ocr_carea' id='block_1_100' title="bbox 542 5424 2180 5502">
    <p class='ocr_par' dir='ltr' id='par_1_100' title="bbox 542 5424 2180 5502">
     <span class='ocr_line' id='line_1_100' title="bbox 542 5424 2180 5502; baseline -0.005 -9"><span class='ocrx_word' id='word_1_736' title='bbox 542 5443 597 5492; x_wconf 89' lang='lat' dir='ltr'><strong>et</strong></span> <span class='ocrx_word' id='word_1_737' title='bbox 624 5428 914 5502; x_wconf 87' lang='lat' dir='ltr'><strong>religionis</strong></span> <span class='ocrx_word' id='word_1_738' title='bbox 940 5428 1167 5481; x_wconf 58' lang='lat' dir='ltr'><strong>nostrai.</strong></span> <span class='ocrx_word' id='word_1_739' title='bbox 1196 5424 1467 5481; x_wconf 86' lang='lat' dir='ltr'><strong>Martinus</strong></span> <span class='ocrx_word' id='word_1_740' title='bbox 1487 5426 1697 5481; x_wconf 91' lang='lat' dir='ltr'><strong>etenim</strong></span> <span class='ocrx_word' id='word_1_741' title='bbox 1743 5431 1968 5483; x_wconf 89' lang='lat' dir='ltr'><strong>sanctus</strong></span> <span class='ocrx_word' id='word_1_742' title='bbox 2010 5429 2180 5502; x_wconf 88' lang='lat' dir='ltr'><strong>longe</strong></span> 
     </span>
    </p>
   </div>
   <div class='ocr_carea' id='block_1_101' title="bbox 542 5517 2182 5601">
    <p class='ocr_par' dir='ltr' id='par_1_101' title="bbox 542 5517 2182 5601">
     <span class='ocr_line' id='line_1_101' title="bbox 542 5517 2182 5601; baseline -0.002 -19"><span class='ocrx_word' id='word_1_743' title='bbox 542 5531 671 5601; x_wconf 87' lang='lat' dir='ltr'><strong>post</strong></span> <span class='ocrx_word' id='word_1_744' title='bbox 697 5521 1079 5579; x_wconf 89' lang='lat' dir='ltr'><strong>ascensionem</strong></span> <span class='ocrx_word' id='word_1_745' title='bbox 1117 5518 1363 5590; x_wconf 91' lang='lat' dir='ltr'><strong>Domini,</strong></span> <span class='ocrx_word' id='word_1_746' title='bbox 1401 5520 1488 5575; x_wconf 86' lang='lat' dir='ltr'><strong>vel</strong></span> <span class='ocrx_word' id='word_1_747' title='bbox 1513 5525 1640 5591; x_wconf 91' lang='lat' dir='ltr'><strong>post</strong></span> <span class='ocrx_word' id='word_1_748' title='bbox 1674 5520 2026 5577; x_wconf 86' lang='lat' dir='ltr'><strong>nativitatem</strong></span> <span class='ocrx_word' id='word_1_749' title='bbox 2055 5517 2182 5595; x_wconf 84' lang='lat' dir='ltr'><strong>pro-</strong></span> 
     </span>
    </p>
   </div>
   <div class='ocr_carea' id='block_1_102' title="bbox 544 5613 2182 5689">
    <p class='ocr_par' dir='ltr' id='par_1_102' title="bbox 544 5613 2182 5689">
     <span class='ocr_line' id='line_1_102' title="bbox 544 5613 2182 5689; baseline -0.002 -13"><span class='ocrx_word' id='word_1_750' title='bbox 544 5622 666 5689; x_wconf 87' lang='lat' dir='ltr'><strong>diit,</strong></span> <span class='ocrx_word' id='word_1_751' title='bbox 699 5617 787 5674; x_wconf 89' lang='lat' dir='ltr'><strong>vel</strong></span> <span class='ocrx_word' id='word_1_752' title='bbox 816 5620 941 5689; x_wconf 90' lang='lat' dir='ltr'><strong>post</strong></span> <span class='ocrx_word' id='word_1_753' title='bbox 977 5617 1222 5669; x_wconf 90' lang='lat' dir='ltr'><strong>mortem</strong></span> <span class='ocrx_word' id='word_1_754' title='bbox 1256 5613 1528 5683; x_wconf 89' lang='lat' dir='ltr'><strong>discessit,</strong></span> <span class='ocrx_word' id='word_1_755' title='bbox 1574 5614 1784 5686; x_wconf 88' lang='lat' dir='ltr'><strong>quippe</strong></span> <span class='ocrx_word' id='word_1_756' title='bbox 1831 5615 1932 5687; x_wconf 92' lang='lat' dir='ltr'><strong>qui</strong></span> <span class='ocrx_word' id='word_1_757' title='bbox 1974 5619 2182 5673; x_wconf 88' lang='lat' dir='ltr'><strong>nostris</strong></span> 
     </span>
    </p>
   </div>
   <div class='ocr_carea' id='block_1_103' title="bbox 546 5707 2181 5785">
    <p class='ocr_par' dir='ltr' id='par_1_103' title="bbox 546 5707 2181 5785">
     <span class='ocr_line' id='line_1_103' title="bbox 546 5707 2181 5785; baseline 0.004 -22"><span class='ocrx_word' id='word_1_758' title='bbox 546 5712 899 5785; x_wconf 69' lang='lat' dir='ltr'><strong>temporibus</strong></span> <span class='ocrx_word' id='word_1_759' title='bbox 930 5726 1105 5782; x_wconf 87' lang='lat' dir='ltr'><strong>prope</strong></span> <span class='ocrx_word' id='word_1_760' title='bbox 1140 5709 1269 5776; x_wconf 89' lang='lat' dir='ltr'><strong>fuit,</strong></span> <span class='ocrx_word' id='word_1_761' title='bbox 1316 5707 1571 5780; x_wconf 87' lang='lat' dir='ltr'><strong>quamvis</strong></span> <span class='ocrx_word' id='word_1_762' title='bbox 1609 5708 1668 5762; x_wconf 91' lang='lat' dir='ltr'><strong>in</strong></span> <span class='ocrx_word' id='word_1_763' title='bbox 1717 5709 1875 5764; x_wconf 89' lang='lat' dir='ltr'><strong>brevi</strong></span> <span class='ocrx_word' id='word_1_764' title='bbox 1924 5713 2181 5783; x_wconf 87' lang='lat' dir='ltr'><strong>tempore</strong></span> 
     </span>
    </p>
   </div>
   <div class='ocr_carea' id='block_1_104' title="bbox 546 5801 2179 5865">
    <p class='ocr_par' dir='ltr' id='par_1_104' title="bbox 546 5801 2179 5865">
     <span class='ocr_line' id='line_1_104' title="bbox 546 5801 2179 5865; baseline -0.002 0"><span class='ocrx_word' id='word_1_765' title='bbox 546 5810 700 5865; x_wconf 88' lang='lat' dir='ltr'><strong>fama</strong></span> <span class='ocrx_word' id='word_1_766' title='bbox 725 5805 1033 5861; x_wconf 87' lang='lat' dir='ltr'><strong>sanctitatis</strong></span> <span class='ocrx_word' id='word_1_767' title='bbox 1058 5807 1116 5858; x_wconf 87' lang='lat' dir='ltr'><strong>et</strong></span> <span class='ocrx_word' id='word_1_768' title='bbox 1138 5801 1364 5859; x_wconf 86' lang='lat' dir='ltr'><strong>virtutis</strong></span> <span class='ocrx_word' id='word_1_769' title='bbox 1388 5801 1540 5858; x_wconf 90' lang='lat' dir='ltr'><strong>illius</strong></span> <span class='ocrx_word' id='word_1_770' title='bbox 1567 5805 1752 5859; x_wconf 89' lang='lat' dir='ltr'><strong>totum</strong></span> <span class='ocrx_word' id='word_1_771' title='bbox 1778 5803 2062 5860; x_wconf 90' lang='lat' dir='ltr'><strong>mundum</strong></span> <span class='ocrx_word' id='word_1_772' title='bbox 2087 5822 2179 5863; x_wconf 83' lang='lat' dir='ltr'><strong>re-</strong></span> 
     </span>
    </p>
   </div>
   <div class='ocr_carea' id='block_1_105' title="bbox 622 5901 1171 5979">
    <p class='ocr_par' dir='ltr' id='par_1_105' title="bbox 622 5901 1171 5979">
     <span class='ocr_line' id='line_1_105' title="bbox 622 5901 1171 5979; baseline -0.013 -20"><span class='ocrx_word' id='word_1_773' title='bbox 622 5904 689 5979; x_wconf 72' lang='grc' dir='ltr'><strong>(ίι)</strong></span> <span class='ocrx_word' id='word_1_774' title='bbox 719 5902 849 5957; x_wconf 78' lang='lat' dir='ltr'><strong>Vide</strong></span> <span class='ocrx_word' id='word_1_775' title='bbox 877 5916 1014 5972; x_wconf 82' lang='lat' dir='ltr'><strong>pag.</strong></span> <span class='ocrx_word' id='word_1_776' title='bbox 1050 5901 1171 5953; x_wconf 85' lang='grc'><strong>115.</strong></span> 
     </span>
    </p>
   </div>
   <div class='ocr_carea' id='block_1_106' title="bbox 2276 4690 2444 4732">
    <p class='ocr_par' dir='ltr' id='par_1_106' title="bbox 2276 4690 2444 4732">
     <span class='ocr_line' id='line_1_106' title="bbox 2276 4690 2444 4732; baseline 0.006 -1"><span class='ocrx_word' id='word_1_777' title='bbox 2276 4690 2444 4732; x_wconf 76' lang='grc' dir='ltr'><strong>εσουι.</strong></span> 
     </span>
    </p>
   </div>
   <div class='ocr_carea' id='block_1_107' title="bbox 2357 4691 3590 4809">
    <p class='ocr_par' dir='ltr' id='par_1_107' title="bbox 2357 4691 3590 4809">
     <span class='ocr_line' id='line_1_107' title="bbox 2357 4693 2444 4732; baseline 0.011 -1"><span class='ocrx_word' id='word_1_778' title='bbox 2357 4695 2362 4721; x_wconf 67' lang='grc' dir='ltr'><strong>ι</strong></span> <span class='ocrx_word' id='word_1_779' title='bbox 2404 4693 2444 4732; x_wconf 78' lang='grc' dir='ltr'><strong>ι.</strong></span> 
     </span>
     <span class='ocr_line' id='line_1_108' title="bbox 2357 4691 3590 4809; baseline 0.006 -10"><span class='ocrx_word' id='word_1_780' title='bbox 2357 4691 2400 4745; x_wconf 70' lang='grc' dir='ltr'><em>Ρ</em></span> <span class='ocrx_word' id='word_1_781' title='bbox 2592 4747 2677 4801; x_wconf 89' lang='lat' dir='ltr'><strong>IV.</strong></span> <span class='ocrx_word' id='word_1_782' title='bbox 2721 4761 2898 4803; x_wconf 78' lang='lat' dir='ltr'><strong>SERMO</strong></span> <span class='ocrx_word' id='word_1_783' title='bbox 2936 4764 2990 4805; x_wconf 66' lang='grc' dir='ltr'><strong>ιη</strong></span> <span class='ocrx_word' id='word_1_784' title='bbox 3028 4764 3231 4806; x_wconf 72' lang='lat' dir='ltr'><strong>vuum</strong></span> <span class='ocrx_word' id='word_1_785' title='bbox 3268 4766 3590 4809; x_wconf 63' lang='lat' dir='ltr'><strong>spiramus.</strong></span> 
     </span>
    </p>
   </div>
   <div class='ocr_carea' id='block_1_108' title="bbox 2520 4848 3663 4923">
    <p class='ocr_par' dir='ltr' id='par_1_108' title="bbox 2520 4848 3663 4923">
     <span class='ocr_line' id='line_1_109' title="bbox 2520 4848 3663 4923; baseline 0.006 -22"><span class='ocrx_word' id='word_1_786' title='bbox 2520 4848 2607 4902; x_wconf 78' lang='lat' dir='ltr'><strong>Ea:</strong></span> <span class='ocrx_word' id='word_1_787' title='bbox 2647 4850 2817 4903; x_wconf 79' lang='lat' dir='ltr'><strong>veteri</strong></span> <span class='ocrx_word' id='word_1_788' title='bbox 2856 4849 3196 4905; x_wconf 80' lang='lat' dir='ltr'><strong>Lectionario</strong></span> <span class='ocrx_word' id='word_1_789' title='bbox 3236 4850 3520 4907; x_wconf 84' lang='lat' dir='ltr'><strong>Gallicana</strong></span> <span class='ocrx_word' id='word_1_790' title='bbox 3570 4852 3663 4923; x_wconf 79' lang='grc' dir='ltr'><strong>(α).</strong></span> 
     </span>
    </p>
   </div>
   <div class='ocr_carea' id='block_1_109' title="bbox 2346 4957 3923 5036">
    <p class='ocr_par' dir='ltr' id='par_1_109' title="bbox 2346 4957 3923 5036">
     <span class='ocr_line' id='line_1_110' title="bbox 2346 4957 3923 5036; baseline 0.004 -24"><span class='ocrx_word' id='word_1_791' title='bbox 2346 4957 2577 5013; x_wconf 88' lang='lat' dir='ltr'><strong>Audivit</strong></span> <span class='ocrx_word' id='word_1_792' title='bbox 2618 4959 2913 5015; x_wconf 90' lang='lat' dir='ltr'><strong>nobiscum</strong></span> <span class='ocrx_word' id='word_1_793' title='bbox 2951 4962 3155 5018; x_wconf 87' lang='lat' dir='ltr'><strong>caritas</strong></span> <span class='ocrx_word' id='word_1_794' title='bbox 3200 4968 3405 5035; x_wconf 89' lang='lat' dir='ltr'><strong>vestra,</strong></span> <span class='ocrx_word' id='word_1_795' title='bbox 3443 4964 3802 5036; x_wconf 82' lang='lat' dir='ltr'><strong>Evangelista</strong></span> <span class='ocrx_word' id='word_1_796' title='bbox 3840 4964 3923 5019; x_wconf 91' lang='lat' dir='ltr'><strong>di—</strong></span> 
     </span>
    </p>
   </div>
   <div class='ocr_carea' id='block_1_110' title="bbox 2278 5053 3921 5131">
    <p class='ocr_par' dir='ltr' id='par_1_110' title="bbox 2278 5053 3921 5131">
     <span class='ocr_line' id='line_1_111' title="bbox 2278 5053 3921 5131; baseline 0.004 -25"><span class='ocrx_word' id='word_1_797' title='bbox 2278 5056 2437 5107; x_wconf 88' lang='lat' dir='ltr'><strong>cente</strong></span> <span class='ocrx_word' id='word_1_798' title='bbox 2481 5069 2495 5107; x_wconf 89' lang='lat'><strong>:</strong></span> <span class='ocrx_word' id='word_1_799' title='bbox 2551 5053 2682 5109; x_wconf 89' lang='lat' dir='ltr'><strong>Cum</strong></span> <span class='ocrx_word' id='word_1_800' title='bbox 2722 5058 2886 5110; x_wconf 86' lang='lat' dir='ltr'><strong>natus</strong></span> <span class='ocrx_word' id='word_1_801' title='bbox 2929 5072 3060 5125; x_wconf 88' lang='lat' dir='ltr'><strong>esse,</strong></span> <span class='ocrx_word' id='word_1_802' title='bbox 3102 5057 3307 5131; x_wconf 91' lang='lat' dir='ltr'><strong>inquit,</strong></span> <span class='ocrx_word' id='word_1_803' title='bbox 3360 5063 3502 5114; x_wconf 86' lang='lat' dir='ltr'><strong>Deus</strong></span> <span class='ocrx_word' id='word_1_804' title='bbox 3554 5061 3614 5114; x_wconf 79' lang='lat' dir='ltr'><strong>in</strong></span> <span class='ocrx_word' id='word_1_805' title='bbox 3649 5060 3921 5114; x_wconf 81' lang='lat' dir='ltr'><strong>Bethleem</strong></span> 
     </span>
    </p>
   </div>
   <div class='ocr_carea' id='block_1_111' title="bbox 2276 5146 3921 5233">
    <p class='ocr_par' dir='ltr' id='par_1_111' title="bbox 2276 5146 3921 5233">
     <span class='ocr_line' id='line_1_112' title="bbox 2276 5146 3921 5233; baseline 0.004 -33"><span class='ocrx_word' id='word_1_806' title='bbox 2276 5146 2476 5201; x_wconf 53' lang='lat' dir='ltr'><strong>Iudaee</strong></span> <span class='ocrx_word' id='word_1_807' title='bbox 2498 5149 2558 5202; x_wconf 82' lang='lat' dir='ltr'><strong>in</strong></span> <span class='ocrx_word' id='word_1_808' title='bbox 2588 5148 2775 5202; x_wconf 86' lang='lat' dir='ltr'><strong>diebus</strong></span> <span class='ocrx_word' id='word_1_809' title='bbox 2800 5150 3031 5206; x_wconf 78' lang='lat' dir='ltr'><strong>Herodis</strong></span> <span class='ocrx_word' id='word_1_810' title='bbox 3050 5154 3192 5220; x_wconf 82' lang='lat' dir='ltr'><strong>regis</strong></span> <span class='ocrx_word' id='word_1_811' title='bbox 3219 5171 3237 5204; x_wconf 89' lang='lat'><em>:</em></span> <span class='ocrx_word' id='word_1_812' title='bbox 3262 5168 3373 5208; x_wconf 85' lang='lat' dir='ltr'><strong>ecce</strong></span> <span class='ocrx_word' id='word_1_813' title='bbox 3391 5155 3538 5221; x_wconf 83' lang='lat' dir='ltr'><strong>magi</strong></span> <span class='ocrx_word' id='word_1_814' title='bbox 3558 5158 3824 5233; x_wconf 77' lang='lat' dir='ltr'><strong>venerunt</strong></span> <span class='ocrx_word' id='word_1_815' title='bbox 3849 5154 3921 5207; x_wconf 89' lang='lat' dir='ltr'><strong>ab</strong></span> 
     </span>
    </p>
   </div>
   <div class='ocr_carea' id='block_1_112' title="bbox 2282 5238 3923 5318">
    <p class='ocr_par' dir='ltr' id='par_1_112' title="bbox 2282 5238 3923 5318">
     <span class='ocr_line' id='line_1_113' title="bbox 2282 5238 3923 5318; baseline 0.005 -25"><span class='ocrx_word' id='word_1_816' title='bbox 2282 5238 2496 5295; x_wconf 81' lang='lat' dir='ltr'><strong>Oriente</strong></span> <span class='ocrx_word' id='word_1_817' title='bbox 2518 5242 2913 5313; x_wconf 71' lang='lat' dir='ltr'><strong>Hyerusolyma</strong></span> <span class='ocrx_word' id='word_1_818' title='bbox 2939 5245 3174 5302; x_wconf 79' lang='lat' dir='ltr'><strong>dicentes</strong></span> <span class='ocrx_word' id='word_1_819' title='bbox 3202 5261 3219 5296; x_wconf 88' lang='lat'><strong><em>:</em></strong></span> <span class='ocrx_word' id='word_1_820' title='bbox 3256 5246 3359 5302; x_wconf 82' lang='lat' dir='ltr'><strong>Ubi</strong></span> <span class='ocrx_word' id='word_1_821' title='bbox 3388 5252 3469 5302; x_wconf 88' lang='lat' dir='ltr'><strong>est</strong></span> <span class='ocrx_word' id='word_1_822' title='bbox 3499 5249 3596 5318; x_wconf 85' lang='lat' dir='ltr'><strong>qui</strong></span> <span class='ocrx_word' id='word_1_823' title='bbox 3638 5252 3803 5302; x_wconf 85' lang='lat' dir='ltr'><strong>natus</strong></span> <span class='ocrx_word' id='word_1_824' title='bbox 3843 5251 3923 5301; x_wconf 75' lang='lat' dir='ltr'><strong>est</strong></span> 
     </span>
    </p>
   </div>
   <div class='ocr_carea' id='block_1_113' title="bbox 2279 5335 3919 5411">
    <p class='ocr_par' dir='ltr' id='par_1_113' title="bbox 2279 5335 3919 5411">
     <span class='ocr_line' id='line_1_114' title="bbox 2279 5335 3919 5411; baseline 0.005 -23"><span class='ocrx_word' id='word_1_825' title='bbox 2279 5335 2393 5389; x_wconf 73' lang='lat' dir='ltr'><strong>Rea:</strong></span> <span class='ocrx_word' id='word_1_826' title='bbox 2415 5336 2721 5391; x_wconf 64' lang='lat' dir='ltr'><strong>Iudworum</strong></span> <span class='ocrx_word' id='word_1_827' title='bbox 2738 5340 2766 5391; x_wconf 90' lang='lat'><strong><em>?</em></strong></span> <span class='ocrx_word' id='word_1_828' title='bbox 2796 5338 3046 5394; x_wconf 83' lang='lat' dir='ltr'><strong>Vidimus</strong></span> <span class='ocrx_word' id='word_1_829' title='bbox 3066 5343 3206 5396; x_wconf 82' lang='lat' dir='ltr'><strong>enim</strong></span> <span class='ocrx_word' id='word_1_830' title='bbox 3225 5342 3438 5396; x_wconf 87' lang='lat' dir='ltr'><strong>stellam</strong></span> <span class='ocrx_word' id='word_1_831' title='bbox 3462 5341 3581 5411; x_wconf 86' lang='lat' dir='ltr'><strong>ejus</strong></span> <span class='ocrx_word' id='word_1_832' title='bbox 3598 5343 3656 5395; x_wconf 83' lang='lat' dir='ltr'><strong>in</strong></span> <span class='ocrx_word' id='word_1_833' title='bbox 3681 5339 3919 5405; x_wconf 79' lang='lat' dir='ltr'><strong>Oriente,</strong></span> 
     </span>
    </p>
   </div>
   <div class='ocr_carea' id='block_1_114' title="bbox 2282 5431 3920 5504">
    <p class='ocr_par' dir='ltr' id='par_1_114' title="bbox 2282 5431 3920 5504">
     <span class='ocr_line' id='line_1_115' title="bbox 2282 5431 3920 5504; baseline 0.002 -19"><span class='ocrx_word' id='word_1_834' title='bbox 2282 5434 2332 5485; x_wconf 88' lang='lat' dir='ltr'><strong>et</strong></span> <span class='ocrx_word' id='word_1_835' title='bbox 2360 5431 2603 5485; x_wconf 80' lang='lat' dir='ltr'><strong>venimus</strong></span> <span class='ocrx_word' id='word_1_836' title='bbox 2646 5431 2878 5486; x_wconf 80' lang='lat' dir='ltr'><strong>adorare</strong></span> <span class='ocrx_word' id='word_1_837' title='bbox 2926 5448 3067 5489; x_wconf 87' lang='lat' dir='ltr'><strong>eum.</strong></span> <span class='ocrx_word' id='word_1_838' title='bbox 3103 5434 3259 5489; x_wconf 82' lang='lat' dir='ltr'><strong>Felix</strong></span> <span class='ocrx_word' id='word_1_839' title='bbox 3290 5433 3388 5488; x_wconf 90' lang='lat' dir='ltr'><strong>illa</strong></span> <span class='ocrx_word' id='word_1_840' title='bbox 3431 5434 3643 5504; x_wconf 89' lang='lat' dir='ltr'><strong>civitas,</strong></span> <span class='ocrx_word' id='word_1_841' title='bbox 3694 5433 3920 5504; x_wconf 88' lang='lat' dir='ltr'><strong>fratres,</strong></span> 
     </span>
    </p>
   </div>
   <div class='ocr_carea' id='block_1_115' title="bbox 2281 5523 3925 5601">
    <p class='ocr_par' dir='ltr' id='par_1_115' title="bbox 2281 5523 3925 5601">
     <span class='ocr_line' id='line_1_116' title="bbox 2281 5523 3925 5601; baseline 0.002 -22"><span class='ocrx_word' id='word_1_842' title='bbox 2281 5524 2372 5580; x_wconf 93' lang='lat' dir='ltr'><strong>cui</strong></span> <span class='ocrx_word' id='word_1_843' title='bbox 2394 5523 2527 5578; x_wconf 86' lang='lat' dir='ltr'><strong>civis</strong></span> <span class='ocrx_word' id='word_1_844' title='bbox 2566 5528 2731 5580; x_wconf 89' lang='lat' dir='ltr'><strong>natus</strong></span> <span class='ocrx_word' id='word_1_845' title='bbox 2768 5531 2853 5582; x_wconf 91' lang='lat' dir='ltr'><strong>est</strong></span> <span class='ocrx_word' id='word_1_846' title='bbox 2905 5527 3087 5582; x_wconf 77' lang='lat' dir='ltr'><strong>Deus!</strong></span> <span class='ocrx_word' id='word_1_847' title='bbox 3131 5545 3260 5600; x_wconf 80' lang='lat' dir='ltr'><strong>quae</strong></span> <span class='ocrx_word' id='word_1_848' title='bbox 3311 5529 3598 5601; x_wconf 86' lang='lat' dir='ltr'><strong>singulare</strong></span> <span class='ocrx_word' id='word_1_849' title='bbox 3649 5528 3925 5583; x_wconf 90' lang='lat' dir='ltr'><strong>meritum</strong></span> 
     </span>
    </p>
   </div>
   <div class='ocr_carea' id='block_1_116' title="bbox 2281 5619 3927 5695">
    <p class='ocr_par' dir='ltr' id='par_1_116' title="bbox 2281 5619 3927 5695">
     <span class='ocr_line' id='line_1_117' title="bbox 2281 5619 3927 5695; baseline 0.003 -22"><span class='ocrx_word' id='word_1_850' title='bbox 2281 5623 2429 5695; x_wconf 87' lang='lat' dir='ltr'><strong>ante_</strong></span> <span class='ocrx_word' id='word_1_851' title='bbox 2453 5619 2761 5675; x_wconf 88' lang='lat' dir='ltr'><strong>adventum</strong></span> <span class='ocrx_word' id='word_1_852' title='bbox 2795 5621 3090 5677; x_wconf 89' lang='lat' dir='ltr'><strong>Salvatoris</strong></span> <span class='ocrx_word' id='word_1_853' title='bbox 3130 5622 3429 5695; x_wconf 90' lang='lat' dir='ltr'><strong>accipiens,</strong></span> <span class='ocrx_word' id='word_1_854' title='bbox 3464 5622 3653 5695; x_wconf 90' lang='lat' dir='ltr'><strong>prima</strong></span> <span class='ocrx_word' id='word_1_855' title='bbox 3700 5620 3927 5678; x_wconf 87' lang='lat' dir='ltr'><strong>laudari</strong></span> 
     </span>
    </p>
   </div>
   <div class='ocr_carea' id='block_1_117' title="bbox 2282 5688 3921 5789">
    <p class='ocr_par' dir='ltr' id='par_1_117' title="bbox 2282 5688 3921 5789">
     <span class='ocr_line' id='line_1_118' title="bbox 2282 5688 3921 5789; baseline 0.003 -22"><span class='ocrx_word' id='word_1_856' title='bbox 2282 5688 2493 5769; x_wconf 55' lang='lat' dir='ltr'><strong>meruit</strong></span> <span class='ocrx_word' id='word_1_857' title='bbox 2507 5730 2612 5786; x_wconf 91' lang='lat' dir='ltr'><strong>per</strong></span> <span class='ocrx_word' id='word_1_858' title='bbox 2625 5715 2980 5787; x_wconf 88' lang='lat' dir='ltr'><strong>prophetam,</strong></span> <span class='ocrx_word' id='word_1_859' title='bbox 3003 5731 3177 5787; x_wconf 87' lang='lat' dir='ltr'><strong>quam</strong></span> <span class='ocrx_word' id='word_1_860' title='bbox 3192 5688 3431 5772; x_wconf 73' lang='lat' dir='ltr'><strong>disceret</strong></span> <span class='ocrx_word' id='word_1_861' title='bbox 3444 5688 3617 5789; x_wconf 77' lang='lat' dir='ltr'><strong>quem</strong></span> <span class='ocrx_word' id='word_1_862' title='bbox 3631 5716 3921 5772; x_wconf 83' lang='lat' dir='ltr'><strong>sumebat.</strong></span> 
     </span>
    </p>
   </div>
   <div class='ocr_carea' id='block_1_118' title="bbox 2284 5801 3923 5878">
    <p class='ocr_par' dir='ltr' id='par_1_118' title="bbox 2284 5801 3923 5878">
     <span class='ocr_line' id='line_1_119' title="bbox 2284 5801 3923 5878; baseline 0.003 -21"><span class='ocrx_word' id='word_1_863' title='bbox 2284 5801 2440 5859; x_wconf 83' lang='lat' dir='ltr'><strong>Felix</strong></span> <span class='ocrx_word' id='word_1_864' title='bbox 2462 5807 2545 5873; x_wconf 91' lang='lat' dir='ltr'><strong>tu,</strong></span> <span class='ocrx_word' id='word_1_865' title='bbox 2577 5803 2768 5859; x_wconf 88' lang='lat' dir='ltr'><strong>civitas</strong></span> <span class='ocrx_word' id='word_1_866' title='bbox 2794 5805 3080 5861; x_wconf 88' lang='lat' dir='ltr'><strong>Bethleem</strong></span> <span class='ocrx_word' id='word_1_867' title='bbox 3103 5805 3119 5860; x_wconf 85' lang='lat' dir='ltr'><strong>l</strong></span> <span class='ocrx_word' id='word_1_868' title='bbox 3148 5805 3281 5878; x_wconf 90' lang='lat' dir='ltr'><strong>quia</strong></span> <span class='ocrx_word' id='word_1_869' title='bbox 3299 5822 3415 5863; x_wconf 92' lang='lat' dir='ltr'><strong>non</strong></span> <span class='ocrx_word' id='word_1_870' title='bbox 3437 5822 3497 5863; x_wconf 89' lang='lat' dir='ltr'><strong>es</strong></span> <span class='ocrx_word' id='word_1_871' title='bbox 3509 5805 3759 5863; x_wconf 86' lang='lat' dir='ltr'><strong>minima</strong></span> <span class='ocrx_word' id='word_1_872' title='bbox 3771 5806 3923 5863; x_wconf 86' lang='lat' dir='ltr'><strong>inter</strong></span> 
     </span>
    </p>
   </div>
   <div class='ocr_carea' id='block_1_119' title="bbox 3988 2142 4006 2255">
    <p class='ocr_par' dir='ltr' id='par_1_119' title="bbox 3988 2142 4006 2255">
     <span class='ocr_line' id='line_1_120' title="bbox 3988 2142 4006 2255; baseline 0 0"><span class='ocrx_word' id='word_1_873' title='bbox 3988 2142 4006 2255; x_wconf 57' lang='grc' dir='ltr'>Ἰ</span> 
     </span>
    </p>
   </div>
  </div>
