4006 6228
92 403 173 457 i33
712 401 802 455 AD
842 401 1330 457 PRA‘ZCEDENTIA
1368 392 1674 458 LITURGIA

1872 404 2155 462 iUMENTA
2191 408 2527 464 ΑΡΡΕΝΒΙΧ
2564 410 2791 466 PRIMA.
3351 416 3454 472 434

82 506 343 584 principes
368 506 540 563 Juda.
571 507 651 563 Ex
692 512 750 564 te
792 509 948 565 enim
988 510 1212 583 prodiet
1244 511 1501 584 Bex‘qui
1553 515 1715 584 reget
1734 524 1793 598 Α
1814 513 2036 584 vagitus
2070 515 2322 587 majores
2364 517 2617 589 gemitus
2663 517 2999 591 exigebant.
3028 521 3193 577 Nulla
3218 521 3448 594 domus,

84 600 341 678 populum
372 616 575 656 meum
594 602 822 658 Israhel.
863 602 1010 668 Quid
1034 604 1154 676 agit
1176 605 1337 672 Juda,
1366 621 1567 661 eorum
1604 621 1709 660 οω-
1812 609 2001 663 nullus
2060 609 2293 665 orbitati
2332 615 2648 666 restaverat
2684 613 2861 681 locus,
2890 613 2988 668 ubi
3037 631 3155 669 non
3204 616 3450 688 diligens

85 698 203 753 citas
231 694 536 765 mentium,
579 696 677 767 qui
710 697 1021 752 adventum
1055 698 1360 753 Salvatoris
1397 715 1503 755 nec
1536 699 1704 755 intel-
1807 702 2543 761 crudelitasfuitJacebant
2562 706 2759 763 brevia
2774 708 3445 781 vulneramembrorum,

83 791 239 864 ligere
262 794 621 859 meruerunt,
650 806 759 846 nec
783 791 992 846 nosse?
1017 792 1324 863 Impletum
1363 797 1447 849 est
1488 793 1707 849 cunctis
1809 798 1868 849 et
1903 797 2090 851 velato
2138 798 2297 852 vultu
2340 799 2488 853 tristi
2533 801 2791 855 colorata
2833 803 3053 873 pallore
3103 806 3444 860 cunctorum

82 884 350 957 prophetae
380 899 726 954 responsum
756 901 770 939 :
799 884 1147 941 Salvatorem
1171 889 1434 941 nostrum
1460 886 1706 958 prodidit
1805 889 2099 944 mentibus
2129 891 2415 963 lacrymas
2450 892 2688 948 dabant.
2720 893 2949 949 Minutis
2992 896 3277 951 mortibus
3325 902 3448 955 tota

82 979 281 1034 caelum.
313 977 549 1041 Quando
568 978 726 1034 enim
745 978 923 1035 latere
946 983 1188 1051 poterat,
1211 996 1384 1053 quem
1407 980 1556 1037 Deus
1572 984 1704 1036 ante
1805 982 2002 1037 civitas
2030 984 2381 1055 replebatur,
2412 989 2472 1040 et
2502 987 2768 1042 omnium
2798 989 3135 1059 posteritate
3156 994 3443 1061 truncata,

80 1071 436 1145 praedixerat?
480 1072 774 1128 Bethleem
814 1072 1008 1128 civitas
1053 1073 1267 1146 accepit
1305 1075 1375 1130 de
1432 1074 1704 1130 astriferis
1802 1077 1913 1130 hoc
1941 1078 2128 1131 solum
2156 1078 2353 1146 evasit,
2387 1079 2542 1150 quod
2563 1081 2824 1151 vagitum
2842 1082 3057 1138 habere
3076 1100 3194 1139 non
3212 1087 3444 1141 meruit.

77 1165 307 1239 partibus
331 1164 539 1235 civem,
569 1170 626 1222 et
649 1183 755 1238 per
772 1183 986 1222 novum
1010 1167 1256 1223 incolam
1280 1169 1495 1239 grande
1535 1168 1704 1225 meri-
1801 1172 1864 1224 In
1910 1170 2011 1224 illa
2054 1174 2270 1226 matres
2307 1171 2560 1227 ﬁliorum
2608 1173 2926 1244 perniciem
2966 1176 3160 1249 462
3204 1177 3448 1234 intentas

78 1266 181 1315 tum
204 1259 415 1327 transit,
439 1259 580 1331 quia
604 1276 720 1316 non
746 1264 929 1333 potest
955 1260 1109 1316 ﬁniri
1138 1261 1291 1334 quod
1326 1262 1556 1318 meruit.
1593 1263 1701 1319 Sed
1802 1263 2083 1334 grandine
2128 1264 2468 1334 liberorum,
2506 1283 2623 1321 una
2660 1266 2882 1323 femina
2926 1269 3060 1323 felix
3086 1271 3282 1341 evasit,
3312 1289 3443 1344 quas

71 1356 242 1427 postea
282 1368 458 1425 quam
507 1356 707 1425 partus
742 1353 837 1409 ille
881 1355 1090 1417 caelesti
1134 1354 1299 1427 signo
1342 1359 1700 1414 monstrante
1799 1357 1908 1411 fuit
1923 1357 2084 1428 virgo
2115 1361 2245 1429 post
2274 1361 2527 1430 partum.
2563 1358 2712 1425 Quid
2721 1361 2872 1432 juvit
2892 1364 3143 1433 replesse
3169 1368 3257 1420 tot
3282 1367 3446 1421 fune-

72 1451 307 1518 repertus
322 1450 408 1502 est
432 1446 725 1520 visusque,
754 1464 952 1520 magos
978 1448 1300 1504 veneranda
1330 1448 1579 1505 turbavit
1606 1450 1696 1506 in-
1797 1450 1955 1505 ribus
1983 1454 2204 1507 terram
2218 1452 2246 1507 ?
2287 1452 2427 1524 quid
2455 1453 2675 1524 profuit
2702 1456 2866 1509 tanta
2907 1455 3084 1511 ubera
3131 1457 3443 1515 ﬂuentibus

72 1540 423 1609 fantia.!Nihil
452 1541 536 1596 ibi
554 1541 786 1601 omnino
801 1542 1188 1598 contemtibile
1208 1542 1392 1597 inillis
1416 1543 1697 1615 vagitibus
1797 1544 2056 1613 siccasse,
2089 1562 2222 1600 cum
2253 1547 2513 1601 futurum
2545 1548 2767 1603 malum
2793 1551 2941 1604 Deus
2974 1553 3107 1604 ante
3136 1551 3440 1622 praedixit?

73 1635 181 1703 fuit,
206 1634 339 1705 quia
373 1635 663 1690 humanos
693 1636 840 1691 Deus
874 1652 1071 1691 sensus
1114 1637 1360 1708 aspexit;
1405 1637 1503 1692 sed
1540 1641 1695 1708 post-
1795 1639 2033 1695 Constat
2086 1656 2225 1711 ergo
2261 1640 2560 1695 Iudaicam
2617 1644 2855 1713 gentem
2898 1643 3159 1699 nascenti
3190 1646 3438 1702 Domino

72 1744 222 1800 quam
246 1728 551 1800 probatam
577 1728 753 1801 ipsius
776 1728 976 1785 sideris
1012 1729 1204 1800 ﬁdem,
1245 1730 1505 1787 fallentes
1537 1732 1694 1803 magi
1794 1748 2124 1803 praeparare
2182 1732 2529 1804 perniciem;
2584 1734 2848 1807 adeoque
2909 1736 3119 1791 eodem
3176 1739 3439 1810 tempore

73 1822 239 1893 regale
262 1826 641 1894 praeceptum,
670 1825 888 1879 exteras
910 1827 1148 1880 tenuere
1175 1824 1474 1895 regiones;
1515 1826 1691 1881 Hero-
1794 1826 1951 1880 Deus
1967 1826 2224 1881 Christus
2249 1827 2430 1881 voluit
2459 1828 2687 1896 docere,
2724 1829 2859 1900 quia
2881 1831 3113 1886 Judaeus
3131 1847 3250 1887 non
3271 1848 3442 1887 nove-

72 1916 143 1971 dis
193 1915 339 1987 regis
385 1916 631 1972 vitantes
670 1922 984 1989 aspectum,
1029 1917 1335 1973 voluerunt
1379 1922 1694 1977 monstrare
1712 1902 1771 1975 Β
1790 1923 1886 1979 rat
1916 1920 2072 1991 quod
2091 1921 2275 1975 ﬁeret.
2302 1920 2415 1976 Sed
2443 1922 2577 1993 quia
2602 1922 2882 1978 Dominus
2903 1924 3160 1980 Christus
3183 1926 3439 1998 passioni

73 2009 271 2082 plenius
291 2008 475 2082 461
508 2010 663 2083 quod
682 2010 981 2068 timebant.
995 2011 1261 2083 Majorem
1278 2029 1379 2068 rex
1399 2013 1696 2070 stimulum
1794 2013 2117 2085 prohibitus
2163 2015 2252 2068 vel
2288 2013 2497 2069 dilatus
2537 2018 2641 2084 est,
2688 2016 2893 2072 maluit
2921 2017 3227 2074 virtutibus
3273 2020 3435 2090 disci,

73 2103 236 2174 sentit,
280 2103 371 2159 cui
412 2121 533 2159 non
571 2104 888 2161 ostenditur
932 2105 1086 2178 quod
1128 2109 1372 2162 veretur.
1412 2106 1519 2162 Sed
1562 2124 1693 2163 cum
1795 2124 1971 2178 quam
2001 2110 2135 2161 ante
2159 2109 2388 2180 tempus
2409 2107 2613 2163 occidi.

74 2196 310 2254 sollicitus
333 2215 456 2269 rex,
486 2200 770 2254 transacto
807 2203 1067 2272 tempore
1103 2199 1393 2271 veniendi,
1432 2200 1693 2258 fallentes
1844 2202 1907 2255 V.
1940 2217 2327 2258 resrauamun
2366 2217 2639 2258 ILLUSTRIS
2678 2218 2942 2260 mntem
2980 2220 3377 2263 ERMENTRUDIS.

72 2308 242 2363 magos
281 2292 535 2349 deviasse
583 2297 967 2366 cognosceret,
1021 2293 1205 2366 adque
1251 2295 1375 2364 ejus
1430 2295 1691 2352 animum
1789 2297 1876 2351 Ea:
1899 2296 2236 2365 autographa
2274 2297 2607 2365 Dionysiano
2642 2299 2703 2351 in
2737 2297 2931 2353 charta
2968 2300 3295 2369 Egyptiaca
3331 2300 3429 2374 (a).

74 2385 362 2458 incognitus
403 2386 639 2443 infantis
682 2390 942 2459 aspectus
987 2386 1219 2443 diversis
1251 2388 1498 2444 motibus
1533 2390 1690 2446 dissi-
1979 2388 2396 2444 sacratissimus
2431 2390 2598 2444 ﬁscus
2636 2390 2953 2462 percipeat.
2978 2392 3039 2448 Si
3064 2409 3199 2448 vero
3231 2394 3433 2451 omnia

74 2483 238 2550 paret;
266 2481 373 2535 hoc
398 2480 658 2553 prodidit
683 2481 918 2537 crudelii
944 2486 1065 2538 arte
1092 2481 1329 2553 consilii,
1356 2487 1423 2538 ut
1447 2483 1518 2539 ad
1538 2483 1691 2540 inve-
1790 2482 1947 2553 quod
1970 2482 2029 2537 in
2052 2484 2205 2538 hunc
2225 2485 2645 2539 testamentum
2676 2484 3029 2541 inserui......
3064 2487 3427 2559 custodieris,

74 2574 311 2629 niendam
330 2575 668 2631 successoris
692 2575 1015 2647 infantiam,
1060 2577 1368 2634 occidendo
1404 2582 1689 2650 quaereret
1790 2576 2073 2649 quidquid
2100 2576 2207 2632 tibi
2232 2577 2497 2650 superius
2524 2578 2807 2650 delegavi,
2827 2578 2886 2633 in
2919 2582 3015 2635 tuo
3031 2580 3164 2659 jure
3185 2582 3429 2653 perenni

75 2669 199 2739 quod
234 2668 457 2740 latebat,
502 2670 652 2725 sicut
690 2670 966 2742 scriptum
1010 2675 1137 2727 est:
1185 2674 1315 2730 Cum
1355 2672 1562 2728 videret
1584 2675 1689 2728 He-
1786 2673 2053 2742 tempore
2082 2675 2690 2743 permaneant.........
2714 2672 2776 2727 in
2802 2674 2955 2728 hunc
2984 2676 3425 2746 testamentum,

74 2762 220 2827 mdes,
247 2765 390 2833 quod
418 2764 639 2820 delusus
660 2768 796 2820 esset
821 2782 856 2819 α
897 2767 1093 2833 magis,
1138 2768 1315 2821 iratus
1356 2767 1687 2833 vehementer
1785 2763 2123 2835 cuicumque
2148 2782 2265 2820 non
2288 2765 2574 2837 depotavi,
2595 2766 2721 2835 tibi,
2746 2766 3078 2822 dulcissime
3090 2768 3424 2837 ﬁli,habere

74 2858 199 2911 misit
217 2860 277 2911 ut
302 2858 675 2913 occiderentur
702 2874 886 2913 omnes
915 2861 1158 2927 infantes
1198 2862 1259 2914 in
1306 2861 1592 2926 Bethleem,
1632 2866 1685 2917 et
1784 2856 1973 2929 cupio.
2007 2857 2398 2914 Similiter.....
2434 2858 2892 2915 demandatione
2916 2860 3088 2915 bonae
3120 2863 3424 2918 memoriae

74 2951 117 3001 in
142 2951 373 3007 omnibus
393 2953 595 3022 finibus
621 2953 738 3022 ejus
765 2969 802 3007 α
829 2953 1037 3007 bimam
1060 2958 1112 3009 et
1150 2956 1323 3022 infra.
1365 2954 1519 3009 Felix
1562 2959 1683 3011 erat
1782 2950 2123 3006 Deorovaldi
2155 2951 2309 3007 dono
2337 2951 2440 3006 tibi
2481 2968 2673 3007 canna
2714 2956 2994 3025 argentea
3018 2954 3248 3009 valente
3296 2957 3425 3027 plus

73 3042 209 3098 ludus
231 3045 496 3116 parvulis,
533 3046 813 3102 moriendi
854 3046 1119 3117 conditio,
1161 3047 1261 3119 qui
1293 3064 1399 3120 pro
1435 3048 1677 3113 Christo,
1778 3045 1973 3099 minus
1998 3044 2211 3099 solidos
2250 3062 2376 3099 xxv.
2405 3047 2474 3100 Et
2500 3063 2535 3100 a
2563 3049 2727 3117 parte
2759 3063 2893 3101 mea
2921 3047 3077 3102 dono
3109 3048 3213 3103 tibi
3244 3066 3421 3106 cauco

71 3143 373 3195 meruerunt
398 3140 543 3211 pati.
570 3141 829 3197 Furentis
872 3141 1026 3214 regis
1057 3157 1262 3197 vesana
1305 3141 1517 3197 saevitia
1551 3159 1676 3197 mo-
1780 3141 2058 3209 argenteo
2099 3138 2327 3193 valente
2373 3140 2477 3193 sol.
2517 3155 2642 3208 xxx,
2685 3142 2744 3194 et
2784 3140 3164 3196 medietatem
3201 3142 3417 3213 ovium,

69 3230 313 3287 rientibus
354 3233 574 3305 profuit
601 3251 615 3289 :
645 3234 746 3306 qui
783 3235 921 3290 dum
948 3250 1330 3292 successorem
1362 3251 1532 3291 suum
1557 3235 1678 3291 dili-
1698 3278 1749 3307 η
1778 3230 2585 3303 quasVigiliusadtendit,cum
2598 3235 2827 3305 pastore
2840 3233 3079 3289 nomine
3091 3235 3416 3307 Gaugiulfo.

70 3278 313 3287 ""‘""'"""'
355 3278 574 3305 ["V‘w'
601 3278 615 3289 '
647 3278 746 3306 ‘1“
784 3278 921 3290 “ﬂ”
948 3278 1330 3292 "“VVV”"V‘V“‘
1363 3278 1532 3291 ""w“
1558 3278 1655 3291 u‘
1781 3278 1918 3302 Ἴ.“’“”“’
1940 3278 1949 3287 '
1968 3278 3416 3307 ‘O""“"""""““‘""“““I""”"""“V‘uu‘v“"“D‘W‘V'

70 3325 201 3395 genti
238 3327 568 3384 crudelitate
600 3329 902 3401 perquirit,
945 3329 1151 3401 dignos
1188 3329 1369 3385 iratus
1400 3278 1967 3402 martyresESimili
1995 3325 2172 3381 modo
2203 3326 2275 3380 de
2311 3325 2604 3382 Latiniaco
2636 3330 2696 3382 et
2715 3323 3221 3397 Balbiniaco,‘tam
3245 3331 3418 3386 vestis

67 3417 194 3475 fecit.
228 3421 366 3475 Nam
405 3423 674 3495 Herodes,
721 3439 895 3496 quem
943 3427 1168 3479 tantum
1224 3423 1450 3479 ravidus
1483 3417 1956 3496 sensusmquam
1986 3436 2239 3474 aaramen
2265 3421 2352 3474 vel
2379 3420 2654 3489 utinsilia,
2678 3424 2737 3475 et
2762 3421 2832 3476 de
2851 3421 3107 3477 bovebus
3132 3440 3199 3478 ex
3221 3425 3418 3482 omnia

66 3511 245 3567 furoris
311 3515 531 3572 facibus
595 3494 881 3588 eregebat,
946 3522 1228 3589 quantum
1289 3534 1451 3599 amor
1500 3494 2179 3599 dulcis‘gmedietatem,
2206 3513 2331 3583 tibi,
2354 3514 2683 3569 dulcissime
2721 3506 2823 3582 ﬁli,
2852 3515 3068 3571 habere
3118 3518 3411 3590 praecipio.

67 3607 327 3676 potestatis
353 3609 712 3682 accendebat,
731 3611 1020 3667 carniﬁces
1032 3628 1164 3667 suos
1184 3612 1257 3667 ad
1270 3611 1678 3685 inquirendum
1776 3606 1906 3662 Pari
1936 3607 2268 3663 conditione
2300 3624 2368 3663 ex
2393 3607 2847 3663 demandatione
2892 3608 3063 3664 bonae
3115 3613 3416 3668 memoriae

67 3699 196 3756 misit
245 3702 507 3773 infantes,
567 3704 729 3776 quasi
795 3705 894 3777 qui
940 3706 1121 3761 Deum
1175 3708 1365 3777 posset
1422 3705 1677 3763 invenire
1776 3700 2121 3756 Deorovaldi
2162 3701 2317 3757 dono
2360 3701 2484 3769 tibi,
2519 3701 2846 3757 dulcissime
2890 3702 2992 3770 ﬁli,
3027 3703 3098 3757 de
3144 3705 3412 3774 portione

69 3808 178 3849 cum
202 3795 382 3852 vellet.
409 3798 665 3869 Pergunt
688 3796 750 3853 in
776 3798 1060 3856 civitatem
1076 3798 1323 3854 ministri
1351 3798 1524 3871 regis,
1554 3815 1678 3855 cru-
1778 3794 1900 3866 ejus
1916 3796 1975 3849 et
1990 3794 2061 3849 de
2077 3795 2434 3867 proprietate
2458 3812 2593 3851 mea
2618 3796 2907 3868 mancipia
2931 3795 3019 3851 his
3043 3797 3410 3867 nominebus,

68 3885 175 3941 dele
218 3892 510 3959 portantes
562 3890 897 3963 imperium,
962 3895 1020 3947 et
1068 3893 1277 3948 durum
1321 3896 1674 3964 praeceptum
1776 3889 2147 3960 Unnegiselo,
2188 3889 2600 3960 Aunemundo,
2646 3893 2705 3945 et
2740 3890 2887 3946 ﬁlias
2922 3890 3188 3960 Patricio,
3232 3891 3295 3946 id
3328 3896 3415 3948 est

69 3978 310 4051 ferentes,
325 3983 383 4039 in
401 3985 699 4057 gladiisad
720 3988 974 4041 matrum
1001 3987 1284 4058 lacrymas
1302 3986 1669 4043 festinabant.
1776 3983 2027 4052 Fedane,
2068 3986 2128 4037 et
2162 3982 2534 4054 Ausegunde,
2562 3985 2622 4038 et
2655 3983 3009 4056 Agnechilde
3040 3988 3099 4040 et
3135 3985 3414 4042 Baccione

68 4072 303 4130 lnfantile
339 4077 557 4133 bellum
594 4079 654 4133 in
693 4079 959 4134 domibus
1009 4080 1346 4151 gerebatur;
1389 4082 1448 4133 et
1480 4096 1672 4135 secum
1775 4094 1906 4132 cum
1936 4076 2164 4149 gregim
2190 4093 2528 4149 porcorum;
2550 4075 2731 4133 vineae
2754 4079 3067 4150 pedaturas
3093 4080 3255 4149 duas,
3275 4081 3412 4136 sitas

69 4167 169 4222 sola
194 4175 480 4242 pugnante
508 4172 1668 4241 smvitia,orbitatiscrudelitaseminebat.
1772 4169 1834 4225 in
1876 4173 2077 4225 monte
2118 4170 2457 4239 Maurilioni,
2497 4187 2641 4243 quas
2682 4172 3117 4229 Theodaharius
3153 4177 3212 4229 et
3250 4175 3412 4231 Gari-

67 4258 428 4320 Mactabantur
468 4265 527 4320 in
568 4266 731 4321 cunis
771 4266 1044 4337 infantes,
1071 4267 1132 4322 in
1168 4267 1375 4339 quibus
1411 4267 1671 4322 nondum
1770 4264 2024 4319 mundus
2052 4265 2267 4320 colunt.
2294 4264 2487 4320 Vineae
2507 4264 2991 4338 pedaturatertia,
3012 4268 3189 4323 sitain
3210 4273 3409 4325 monte

71 4356 173 4407 erat
210 4359 476 4414 nascendi
513 4359 865 4416 conscientia
913 4377 927 4415 :
984 4364 1043 4415 et
1090 4361 1229 4416 illud
1274 4360 1670 4416 membrorum
1769 4358 2119 4426 Metobaure,
2142 4375 2275 4413 cum
2293 4358 2539 4414 vinitore
2569 4360 3075 4417 Guntrachario....
3105 4361 3295 4418 Vineae
3315 4381 3411 4435 pe-

71 4444 266 4504 initium
318 4453 570 4524 primum
614 4454 787 4509 funus
837 4454 1003 4509 discit
1042 4472 1163 4510 esse
1209 4471 1383 4526 quam
1440 4470 1664 4526 corpus.
1771 4452 1976 4507 datura
2001 4455 2228 4523 quarta,
2259 4452 2369 4508 sita
2394 4453 2756 4525 Taurimaco,
2785 4472 2961 4527 quem
2982 4456 3286 4511 Imnerdus
3312 4474 3407 4512 co-

71 4537 458 4601 Occidebantur
496 4547 659 4604 initia
702 4549 1124 4618 membrorum,
1173 4547 1547 4604 minutissimi
1583 4549 1664 4603 la-
1767 4544 1834 4599 lit
1863 4561 1994 4599 cum
2022 4544 2269 4600 vinitore
2288 4545 2645 4617 Munegisilo.
2664 4548 2857 4604 Vineae
2876 4549 3159 4620 pedatura
3185 4548 3406 4623 quinta,

70 4634 278 4706 ctantes,
331 4643 388 4694 et
428 4642 646 4713 accepti
697 4660 730 4697 a
767 4642 1050 4698 matribus
1085 4642 1305 4714 parvuli
1349 4642 1409 4697 in
1452 4642 1742 4727 duritiaD
1765 4640 1871 4696 sita
1907 4637 1966 4692 in
1993 4640 2193 4692 monte
2218 4638 2589 4706 Vultoricino,
2621 4656 2795 4711 quem
2848 4642 3034 4698 Sevila
3079 4643 3234 4708 colit,
3275 4660 3408 4699 cum

68 4723 291 4795 lapidum
354 4734 749 4805 vibrabantur,
805 4739 870 4791 ut
905 4736 980 4790 ad
1017 4736 1404 4791 execrandum
1443 4723 1724 4792 malumv
1764 4732 2031 4788 vinitore.
2062 4731 2190 4785 Haec
2221 4730 2421 4785 omnia
2452 4747 2625 4801 supra
2656 4731 2865 4786 scribta
2906 4734 3029 4804 tibi,
3078 4736 3407 4793 dulcissime

69 4833 301 4879 saxorum
328 4844 533 4899 aspera
570 4830 753 4884 moles
787 4832 944 4884 artus
980 4833 1299 4902 spargeret.
1338 4831 1406 4884 Et
1432 4833 1666 4885 necatos
1766 4827 1866 4897 ﬁli,
1894 4844 1962 4881 ex
1994 4841 2126 4880 mea
2148 4824 2444 4879 voluntate
2489 4824 2579 4878 vel
2629 4841 2697 4878 ex
2747 4823 3204 4884 demondatione
3264 4832 3407 4886 divae

71 4917 260 4987 excepit
291 4923 493 4977 nolens
541 4924 695 4977 terra
738 4923 1003 4991 conlisos,
1058 4926 1231 4996 atque
1282 4924 1493 4979 iterum
1542 4925 1667 4997 ipsa
1766 4919 2071 4977 memoria:
2088 4917 2428 4974 Deorovaldi
2447 4917 2663 4973 habere
2684 4916 2973 4973 constitui.
2998 4920 3176 4975 Vinea
3209 4923 3317 4979 sita
3348 4926 3407 4980 in

70 5011 373 5070 mortalibus
398 5018 753 5089 sepulturam
790 5017 1055 5089 praebuit,
1090 5018 1188 5090 qui
1230 5018 1455 5089 pridem
1500 5021 1666 5074 natos
1765 5018 1966 5071 monte
1992 5012 2186 5087 463
2214 5014 2411 5068 Me.....
2431 5028 2605 5084 quem
2636 5010 3083 5067 Habundancius
3111 5013 3265 5083 colit,
3291 5033 3411 5071 me-

70 5097 189 5157 feste
213 5110 466 5182 suscepit.
501 5111 618 5166 Sub
646 5114 957 5183 conspectu
985 5115 1237 5167 matrum
1254 5112 1669 5185 premebantur
1769 5110 2047 5165 dietatem
2073 5110 2287 5164 sanctae
2318 5106 2636 5163 ecclesiae...
2674 5106 2890 5160 eliense
2921 5106 3058 5162 dare
3090 5107 3360 5179 praecipio
3392 5126 3405 5164 :

71 5196 260 5266 vagitus
301 5202 611 5275 infantum,
665 5208 724 5259 et
772 5206 1058 5277 lacrymas
1108 5222 1238 5261 suas
1276 5206 1335 5260 in
1370 5208 1667 5261 maternos
1769 5204 1945 5259 aliam
1972 5202 2351 5257 medietatem
2379 5201 2452 5256 de
2491 5200 2619 5273 ipsa
2641 5200 2811 5255 vinea
2857 5200 3183 5257 dulcissimo
3211 5203 3409 5274 nepoti

72 5290 234 5345 oculos
253 5299 638 5369 reportabant.
658 5299 919 5355 Salvator
938 5302 1135 5355 noster
1169 5299 1322 5353 inter
1358 5298 1669 5355 infantium
1769 5314 1902 5353 meo
1956 5294 2277 5367 Bertigisilo
2320 5294 2538 5350 habere
2578 5295 2779 5366 jubeo.
2811 5294 3010 5365 Vinea,
3045 5312 3220 5367 quam
3243 5296 3409 5368 Agila

72 5378 245 5442 funera
291 5393 654 5463 qumrebatur
689 5410 703 5448 :
757 5392 857 5465 qui
899 5393 973 5448 ad
1017 5394 1126 5449 hoc
1164 5390 1430 5465 permisit
1462 5409 1565 5464 pro
1609 5411 1669 5449 se
1770 5390 1991 5446 femina
2020 5388 2243 5457 tenuit;
2273 5389 2330 5442 et
2357 5388 2608 5456 vineam,
2639 5404 2817 5459 quam
2833 5389 3229 5445 Imnacharius
3250 5390 3405 5458 colit,

74 5469 287 5536 infantes
312 5486 511 5555 occidi,
543 5489 605 5540 ut
642 5503 747 5557 pro
784 5486 909 5558 ipso
958 5484 1135 5541 ceteri
1175 5484 1466 5539 discerent
1500 5485 1666 5541 mori.
1774 5482 2115 5539 dulcissimae
2154 5481 2313 5553 nepti
2351 5498 2498 5536 mese
2528 5483 2868 5537 Deorovarae
2898 5498 3033 5538 cum
3061 5483 3187 5556 ipso
3218 5487 3406 5540 lmna-

72 5563 320 5630 Natabant
342 5578 546 5633 domus
572 5578 857 5651 sanguine
884 5578 1254 5651 parvulorum
1278 5593 1291 5644 ;
1317 5593 1425 5632 nec
1448 5576 1556 5631 fuit
1574 5577 1671 5649 qui
1774 5577 1968 5632 chario
1994 5577 2207 5632 habere
2226 5574 2517 5648 praecipio.
2535 5575 2965 5647 Vineaplantas,
2980 5577 3079 5646 qui
3103 5583 3236 5634 sunt
3250 5595 3411 5635 secus

73 5666 568 5728 consolarialterum
596 5676 811 5745 posset,
832 5672 967 5744 quia
989 5687 1106 5727 non
1126 5673 1253 5725 erat
1273 5668 1373 5741 qui
1392 5670 1674 5741 lacrymas
1772 5670 2002 5726 vineam
2037 5670 2305 5738 Sevilam,
2348 5667 2676 5725 dulcissimo
2721 5667 2919 5740 nepoti
2952 5684 3087 5724 meo
3120 5671 3408 5727 Berterico

70 5766 167 5807 non
182 5756 422 5820 haberet.
453 5765 666 5822 Invicta
699 5765 915 5822 orbitas
950 5766 1186 5821 cunctos
1218 5765 1568 5836 aequaverat,
1616 5766 1676 5819 et
1773 5763 1989 5819 habere
2018 5763 2310 5835 praecipio.
2345 5764 2526 5819 Vinea
2554 5779 2728 5836 quem
2747 5762 3097 5819 Vincimalus
3124 5762 3185 5817 in
3205 5766 3406 5817 monte

71 5859 340 5911 c(Humane
352 5860 570 5915 malum
584 5860 797 5934 ubique
807 5860 1051 5916 luctibus
1066 5856 1673 5932 gerebatur.0ppressi
1772 5853 2304 5947 Vultoricinocolit,
2333 5860 2391 5914 et
2409 5858 2621 5931 puella,
2656 5856 2897 5915 nomine
2918 5854 3324 5950 Sunnechilde,
3349 5856 3407 5909 et

132 5940 197 6015 (α)
217 5945 348 6008 Vide
372 5968 511 6028 pag.
541 5953 663 6013 184.
