4006 6228
509 380 611 433 iss

1306 330 1638 433 :{PPENDIX
1675 375 1762 430 AD
1799 376 2020 430 OPEHA
2057 376 2291 432 SANCTl
2330 378 2629 434 GERMANI
2669 378 3097 434 PARlSlENSlS.

3783 382 3883 437 436

512 484 720 543 ancilla
744 484 985 542 nomine
1003 484 1217 554 Iverise,
1241 499 1372 540 cum
1392 482 1510 538 ﬁlio
1522 480 1781 538 Leudino
1803 480 2150 539 dulcissimae
2171 493 2230 569 Α
2248 485 2447 543 harius
2478 484 2741 541 similiter
2765 500 2898 541 cum
2927 485 3104 541 boves
3134 486 3198 540 ut
3216 485 3485 542 laborent
3500 486 3706 559 jubeo,
3736 488 3887 546 unde

512 598 670 638 norse
694 597 844 637 meae
864 581 1184 635 Bertovarae
1200 579 1415 633 habere
1430 577 1629 649 jubeo.
1653 578 1797 632 Item
1817 576 2145 634 dulcissimo

512 676 711 749 nepoti
734 691 867 730 meo
893 671 1226 744 Bertegisilo
1254 670 1521 726 ichriario
1550 673 1854 743 argenteo,
1888 674 1947 726 et
1974 687 2142 727 man-

513 770 663 842 cipia
692 770 779 824 his
810 766 1174 833 nominebus,
1204 764 1529 834 Sunniulfo,
1563 768 1622 820 et
1660 781 1858 821 sorore
1902 766 2025 837 ejus
2050 765 2144 821 Gi-

512 867 818 935 bethrude,
848 868 905 921 et
933 865 1079 921 ﬁlias
1116 864 1436 933 Anthimio,
1470 868 1529 920 et
1554 863 1674 920 filio
2056 882 2146 922 nae

505 964 738 1037 juniore
786 962 1002 1016 habere
1048 959 1354 1015 constituo.
1400 958 1568 1031 Nepti
1618 975 1766 1014 mese
1808 961 2146 1015 Deorovarae

513 1059 748 1114 scutella
779 1056 1059 1126 argentea
1088 1053 1417 1121 cruciolata,
1447 1056 1505 1108 et
1524 1052 1814 1125 mancipia
1842 1052 1930 1108 his
1955 1053 2146 1108 nomi-

512 1152 712 1218 nebus,
748 1148 1157 1206 Tanechildem
1200 1148 1668 1219 Imnegunthem,
1710 1147 2143 1219 lmnegisilum;

508 1248 569 1302 et
591 1243 829 1299 lectaria
855 1242 929 1299 ad
954 1243 1104 1298 lecto
1132 1258 1249 1296 uno
1277 1241 1375 1313 qui
1402 1241 1614 1297 melior
1637 1240 1831 1309 fuerit,
1866 1245 1925 1295 et
1966 1228 2145 1312 puero

511 1337 749 1394 nomine
788 1335 1183 1403 Gundofredo,
1218 1336 1277 1389 et
1322 1335 1531 1390 ancilla
1578 1334 1815 1391 nomine
1857 1334 2144 1405 Theigun-

512 1433 671 1500 dem,
727 1448 953 1487 necnon
986 1433 1045 1486 et
1081 1430 1273 1501 puella
1314 1429 1550 1484 nomine
1577 1426 1995 1483 Andechildem
2022 1427 2147 1484 dari

511 1525 818 1583 constituo.
851 1522 1190 1580 Dulcissimo
1230 1523 1427 1595 nepoti
1462 1538 1594 1577 meo
1622 1521 1929 1590 Berterico,
1967 1539 2146 1593 puero

511 1619 748 1677 nomine
775 1616 1089 1689 Medigisilo
1122 1617 1337 1672 habere
1358 1615 1557 1687 jubeo.

582 1712 848 1770 Baselicis
877 1710 1197 1767 constitutis
1215 1709 1483 1777 Parisius,
1511 1708 1570 1763 id
1608 1712 1695 1762 est
1726 1708 1991 1764 baselicse
2025 1726 2150 1764 san-

511 1808 587 1865 cti
605 1806 780 1875 Petri,
808 1805 967 1861 urcio
989 1807 1267 1875 argenteo
1289 1804 1515 1859 valente
1538 1802 1769 1858 soledus
1785 1802 2064 1871 duodece,
2090 1806 2148 1858 et
2166 1871 2207 1875 _
2250 1803 2591 1857 libertorum
2633 1816 2901 1855 meorum
2941 1817 3199 1856 nomena
3222 1800 3283 1855 in
3314 1842 3328 1856 .
3373 1843 3387 1858 .

2249 581 2441 637 oblata
2481 580 2553 635 ad
2594 578 2843 635 baselica
2882 578 3063 636 sancti
3111 578 3431 636 Sinsuriani
3469 598 3577 653 pro
3621 582 3887 656 requiem

2247 674 2591 731 Deorovaldi
2638 673 2930 730 offeretur.
2963 672 3150 730 Simili
3174 675 3352 730 modo
3378 675 3561 733 vineae
3602 677 3891 748 pedatura

2248 786 2384 837 una,
2417 768 2525 825 sita
2551 767 2910 837 Tauriniaco,
2938 771 2997 823 et
3020 784 3198 840 quem
3222 768 3405 841 Pinpo
3434 770 3590 840 colit,
3622 771 3891 829 baselicze

2246 862 2546 920 Domni....
2571 862 2735 934 eorgi
2761 861 3028 934 (Georgii)
3056 862 3223 918 Cal...
3250 862 3423 935 (Gala)
3444 863 3570 920 dari
3590 866 3888 938 praecipio.

2245 959 2439 1014 Vineae
2484 956 2766 1028 pedatura
2796 973 2932 1025 una,
2962 956 3071 1012 sita
3102 956 3163 1035 in
3206 960 3406 1013 monte
3447 959 3681 1025 Buxata,
3714 976 3892 1031 quem

2244 1053 2438 1110 Juvius
2467 1050 2621 1120 colit,
2660 1049 2899 1105 ecclisise
2929 1050 3357 1106 Boninsiacinse
3402 1051 3529 1107 dari
3577 1053 3889 1109 constituo.

2246 1146 2446 1215 Vinea,
2476 1161 2652 1218 quem
2678 1142 2912 1200 Uvassio
2940 1144 3095 1212 colit,
3126 1160 3259 1200 cum
3281 1142 3405 1217 ipso
3436 1146 3771 1203 Uvassione.
3820 1188 3832 1201 .
3878 1187 3889 1203 .

2249 1350 2423 1407 quem
2459 1375 2473 1389 .
2519 1374 2531 1389 .
2578 1374 2590 1388 .
2638 1375 2650 1386 .
2697 1373 2710 1387 .
2756 1372 2768 1386 .
2815 1373 2827 1386 .
2873 1373 2885 1385 .
2916 1332 3104 1387 colere
3129 1332 3357 1401 debeat,
3391 1332 3656 1390 baselicee
3686 1334 3893 1391 domni

2249 1426 3891 1485 Sinsuriani........oblata........dari

2249 1521 2554 1577 constituo.
2568 1519 2762 1574 Vineae
2776 1518 3061 1590 pedatura
3073 1535 3206 1587 una,
3222 1519 3328 1575 sita
3345 1520 3404 1575 in
3424 1524 3623 1576 monte
3649 1521 3889 1589 Blixata,

2250 1632 2425 1687 quem
2455 1613 2816 1669 Leudefredo
2845 1612 2998 1680 colit,
3021 1612 3283 1669 baselicae
3311 1614 3490 1669 sancti
3523 1656 3537 1669 .
3583 1657 3595 1670 .
3642 1656 3654 1670 .
3702 1657 3716 1670 .
3763 1657 3776 1670 .
3808 1632 3893 1671 ar-

2252 1709 2355 1764 tini
2381 1709 2524 1780 (Leg.
2558 1707 2804 1777 Martini)
2845 1706 2897 1760 ci
2927 1710 3170 1777 perente
3212 1707 3337 1762 dari
3369 1708 3549 1779 jubeo
3581 1749 3595 1764 .
3642 1750 3656 1763 .
3703 1750 3717 1763 .
3765 1751 3778 1762 .
3820 1751 3833 1763 .
3879 1750 3891 1765 .

3434 1844 3448 1857 .
3490 1844 3503 1858 .
3535 1805 3895 1859 testamento

508 1903 646 1958 ﬁbla
671 1871 847 1956 aurea
889 1871 1185 1970 gemmata
1212 1897 1286 1953 ad
1311 1899 1511 1952 mento
1538 1896 1664 1951 dari
1709 1896 2015 1952 constituo.
2041 1897 2145 1952 Ba-
2166 1871 2224 1943 B
2247 1896 2382 1951 abin
2415 1937 2428 1952 .
2473 1937 2487 1950 .
2532 1936 2546 1950 .
2591 1936 2604 1950 .
2653 1936 2666 1950 .
2699 1894 2772 1949 cti
2817 1893 3102 1950 constituo
3145 1895 3574 1968 Medibergane,
3609 1897 3892 1963 Honorio,

511 1996 697 2053 selicaa
720 1994 952 2049 domnae
980 1991 1166 2048 Mariae
1194 1994 1434 2063 gravata
1465 1993 1744 2062 argentea
1779 1991 2007 2045 valente
2038 1991 2141 2046 sol.

512 2088 792 2157 duodece,
822 2090 880 2140 et
908 2103 1074 2141 cruce
1107 2102 1286 2141 aurea
1309 2086 1539 2139 valente
1560 2084 1664 2140 sol.
1688 2086 1870 2155 septe,
1903 2083 2028 2138 dari
2050 2084 2143 2154 ju-

509 2184 639 2239 beo.
670 2179 936 2236 Baselicae
963 2178 1162 2234 domni
1190 2178 1411 2234 Stefani
1433 2178 1605 2233 anolo
1642 2194 1818 2233 aureo
1872 2177 2146 2248 nigellato

508 2278 735 2332 valente
756 2275 860 2329 sol.
895 2275 1164 2346 quatuor,
1192 2272 1319 2327 dari
1346 2272 1496 2327 volo.
1526 2270 1776 2326 Basilicas
1794 2270 1997 2326 domni
2016 2271 2151 2326 Ger-

508 2370 628 2426 vasi
662 2371 834 2425 anolo
874 2383 1074 2434 aureo,
1126 2382 1344 2422 nomen
1379 2381 1578 2421 meum
1625 2365 1683 2420 in
1723 2381 1783 2419 se
1833 2364 2147 2420 habentem

507 2464 804 2530 scribtum,
833 2460 957 2517 dari
986 2459 1276 2532 praecipio.
1302 2458 1567 2514 Baselicse
1608 2459 1789 2514 sancti
1829 2458 2151 2514 Sinsuriani

512 2556 665 2629 (Sic),
684 2556 744 2610 in
775 2572 890 2626 qua
920 2554 1088 2608 bona:
1115 2551 1534 2608 recordationis
1564 2552 1711 2607 ﬁlius
1737 2568 1902 2607 meus
1931 2553 2148 2608 Deoro-

507 2649 707 2704 valdus
732 2647 1059 2720 requiescit,
1090 2648 1256 2701 freno
1284 2647 1512 2707 valente
1538 2647 1642 2701 sol.
1677 2645 1957 2713 duodece,
1986 2648 2045 2700 et
2063 2662 2153 2701 ca-

508 2743 663 2798 ballo
691 2744 893 2809 strato,
922 2744 982 2796 et
1007 2755 1244 2795 carruca
1260 2738 1318 2793 in
1340 2756 1455 2811 qua
1476 2739 1678 2795 sedere
1699 2738 1989 2807 consuevi,
2016 2755 2149 2794 cum

509 2837 719 2903 boves;
743 2837 804 2890 et
847 2834 1085 2889 lectaria
1114 2849 1247 2889 cum
1279 2832 1439 2888 omni
1474 2835 1726 2888 stratura
1750 2849 1872 2901 sua,
1904 2849 2008 2905 pro
2049 2833 2149 2888 de-

508 2929 740 2986 votione
766 2944 900 2984 mea
926 2931 985 2983 et
1026 2927 1290 2999 requiem
1324 2925 1664 2982 Deorovaldi
1694 2925 1819 2981 dari
1859 2925 2148 2998 praecipio.

509 3023 637 3079 Alia
666 3038 906 3080 carruca
931 3036 1065 3076 cum
1109 3021 1285 3076 boves
1314 3021 1401 3075 vel
1430 3019 1593 3076 omni
1630 3022 1883 3074 stratura
1909 3036 2031 3088 sua,
2058 3037 2152 3075 ec-

511 3116 684 3172 clisiee
721 3115 828 3170 vici
873 3113 1278 3171 Boniciacinsis
1307 3114 1433 3169 dari
1460 3113 1661 3185 jubeo.
1689 3112 1966 3168 Similiter
1992 3112 2153 3168 villa-

510 3227 657 3277 rem,
705 3209 795 3264 cui
835 3207 1174 3263 vocabulum
1213 3210 1300 3263 est
1332 3208 1614 3273 Volonno,
1657 3222 1787 3260 cum
1826 3205 2153 3277 adiacentia

512 3320 635 3372 sua,
658 3319 831 3375 supra
865 3301 1087 3357 scribtae
1123 3300 1361 3357 ecclisiae
1388 3298 1795 3366 Bonisiacinse,
1826 3315 1931 3371 pro
1956 3316 2148 3355 reme-

512 3397 674 3453 dium
721 3396 934 3452 animae
974 3411 1120 3452 mea:
1162 3396 1377 3451 habere
1414 3393 1708 3465 praecipio.
1760 3394 2149 3450 Sacrosancta:

512 3490 766 3546 ecclesiae
792 3489 1035 3546 civitatis
1060 3488 1412 3546 Parisiorum
1443 3486 1710 3543 missorio
1738 3489 2038 3559 argenteo,
2057 3504 2150 3544 va-

512 3586 669 3639 lente
723 3585 826 3639 sol.
872 3582 1313 3656 quinquaginta,
1365 3580 1492 3635 dari
1549 3580 1839 3652 prmeipio.
1880 3581 2149 3637 Baselicaa

513 3682 725 3734 sancta:
754 3679 962 3734 Cruces
991 3679 1080 3732 vel
1111 3673 1324 3730 Domni
1347 3673 1609 3728 Vincenti
1650 3674 1920 3729 cocliaria
1947 3692 2150 3747 argen-

514 3776 610 3828 tea
638 3772 777 3828 dece
804 3770 929 3827 dari
945 3771 1145 3843 jubeo.
1167 3767 1428 3823 Lectaria
1450 3783 1557 3839 par
1578 3783 1713 3836 uno,
1741 3771 1800 3823 et
1823 3768 2152 3824 vestimenti

513 3866 630 3922 mei
660 3867 889 3938 pareclo
918 3880 1033 3919 uno
1064 3861 1337 3917 fratribus
1365 3860 1439 3916 ad
1462 3861 1653 3917 minsa
1682 3862 1946 3917 baselicae
1969 3861 2153 3917 sancti

515 3959 736 4016 Dionisi
786 3958 911 4015 dari
953 3955 1246 4027 praecipio.
1278 3954 1407 4010 Alia
1442 3956 1660 4027 pariclo
1705 3954 2037 4011 vestimenti
2077 3954 2153 4011 ad

513 4054 639 4109 vico
670 4052 967 4109 Bonisiaca
1002 4048 1277 4103 fratribus
1307 4048 1431 4105 dari
1459 4048 1652 4123 464
1679 4048 1983 4105 constituo.
2017 4050 2151 4103 Ter-

516 4148 598 4203 tio
629 4146 844 4219 pariclo
882 4142 1211 4198 vestimenti
1252 4142 1460 4199 Emilia
1502 4143 1576 4198 ad
1620 4142 1743 4198 vico
1785 4141 1910 4196 dari
1951 4141 2151 4212 jubeo.

518 4245 662 4297 Item
693 4256 798 4312 pro
824 4236 1151 4292 remedium
1183 4253 1403 4294 anema:
1432 4253 1597 4305 meae,
1619 4237 1707 4290 vel
1740 4253 1806 4290 ex
1835 4234 2154 4289 demanda-

517 4336 682 4391 cione
697 4334 867 4389 bonae
885 4331 1309 4388 recordacionis
1328 4333 1409 4387 ﬁli
1429 4331 1545 4387 mei
1567 4327 1911 4385 Deorovaldi
1934 4328 2152 4395 villam,

519 4424 610 4481 cui
637 4421 977 4478 vocabulum
1009 4424 1095 4477 est
1118 4422 1432 4489 Latiniaco,
1468 4418 1576 4473 sita
1609 4417 1669 4471 in
1698 4417 1990 4473 territurio
2019 4418 2157 4473 Mel-

519 4518 703 4585 dinse,
728 4531 860 4570 cum
874 4516 1108 4588 campis,
1132 4514 1420 4572 colonecis
1440 4511 1513 4566 ad
1532 4510 1741 4565 eadem
1775 4511 2154 4583 pertinentes,

2245 1989 2701 2055 Gundileubane,
2744 1987 2941 2056 Piane,
2985 1988 3316 2043 Sumthulfo
3359 1989 3712 2058 Ciuccirane,
3760 1990 3895 2047 Hic-

2247 2083 2527 2150 chicione,
2547 2083 2707 2137 Maxa
2757 2098 2933 2156 uxore
2968 2082 3310 2155 Chioberga,
3343 2082 3687 2151 Sinderedo,
3718 2085 3899 2156 Angi-
3970 2156 3971 2159 η

2247 2179 2402 2245 lone,
2448 2175 2807 2232 Leudefredo
2847 2192 2979 2230 cum
3022 2192 3197 2232 uxore
3231 2177 3612 2245 Vuandilone,
3640 2178 3895 2234 Chaide-

2249 2288 2415 2339 runa,
2439 2269 2810 2335 Childeruna,
2841 2270 3281 2342 Thrasteberga,
3313 2271 3771 2340 Theodachario,
3802 2272 3896 2326 Vi-

2251 2365 2387 2437 gilio
2414 2381 2549 2419 cum
2574 2380 2748 2419 uxore
2774 2363 3055 2431 Sunnine,
3083 2365 3306 2436 Agione
3333 2382 3463 2421 cum
3480 2366 3598 2421 tilio
3617 2384 3721 2422 suo
3737 2367 3898 2423 Gari-

2249 2459 2410 2526 lulfo,
2437 2457 2757 2513 Vincimalo
2800 2474 2932 2512 cum
2980 2474 3152 2514 uxore
3191 2448 3481 2525 Maurella,
3510 2459 3723 2514 Mellita
3758 2476 3895 2516 cum

2249 2554 2367 2608 filio
2398 2570 2500 2608 suo
2521 2552 2775 2623 juniore,
2805 2551 3087 2608 Coccione
3112 2568 3243 2607 cum
3283 2552 3402 2608 ﬁlio
3452 2570 3552 2608 suo
3594 2554 3893 2625 Daigisilo,

2249 2647 2534 2703 Mudilane
2565 2662 2697 2700 cum
2724 2645 2854 2699 filiis
2884 2644 2998 2700 suis
3025 2646 3360 2717 Munegisilo
3389 2649 3448 2701 et
3481 2647 3892 2715 Monechrude,

2249 2739 2558 2807 Acchione,
2591 2740 2846 2802 Bonane,
2874 2738 3320 2808 Leubosaintho,
3350 2739 3575 2796 Gibulfo
3597 2740 3718 2796 filio
3738 2741 3893 2813 Vigi-

2252 2834 2349 2889 lio.
2381 2836 2795 2901 Dommoruna,
2826 2832 3279 2901 Childerimane,
3313 2833 3555 2902 Basone,
3597 2834 3897 2906 Childegi-

2252 2928 2391 2996 selo,
2426 2926 2870 2998 Childegunthe.
2903 2926 3218 2983 Chrodulfo
3248 2968 3263 2982 .
3308 2968 3321 2982 .
3369 2969 3384 2984 .
3430 2969 3443 2982 .
3467 2926 3659 3000 465
3695 2928 3900 2984 Sinde-

2250 3020 2540 3092 bergane,’
2587 3019 2966 3087 Monechilde,
3016 3021 3252 3076 1Eterno
3278 3062 3291 3087 ,
3345 3021 3735 3089 Bauderuna;
3792 3022 3898 3078 hos

2254 3130 2461 3169 omnes
2512 3130 2644 3169 cum
2675 3113 2838 3168 omni
2883 3113 3177 3185 peculiare
3217 3130 3439 3182 eorum,
3486 3118 3609 3169 tam
3646 3116 3896 3183 areolas,

2253 3207 2544 3279 hospitio],
2570 3208 2904 3274 ahortellus,
2932 3208 3020 3262 vel
3041 3206 3316 3276 vineolas,
3347 3212 3405 3263 et
3423 3224 3554 3263 cum
3574 3208 3633 3263 id
3650 3209 3813 3280 quod
3839 3210 3898 3264 in

2253 3301 2598 3373 quibuslibet
2624 3301 2797 3356 rebus
2825 3300 3041 3357 habere
3070 3300 3357 3370 videntur,
3392 3302 3602 3358 liberos
3653 3302 3896 3358 liberas-

2250 3412 2360 3467 que
2392 3412 2517 3450 esse
2543 3394 2844 3466 prmeipio;
2877 3398 2935 3449 et
2951 3393 3233 3466 quidquid
3261 3394 3466 3451 exinde
3497 3397 3688 3452 facere
3708 3398 3898 3452 volue-

2249 3489 2385 3556 rint,
2413 3488 2668 3543 habeant
2695 3487 2943 3542 liberam
2974 3491 3343 3559 potestatem.

2322 3581 2601 3638 Similiter
2639 3581 2966 3637 Mumolane
3002 3599 3133 3637 cum
3167 3581 3330 3637 omni
3355 3582 3646 3654 peculiare
3676 3600 3780 3640 suo
3806 3584 3894 3639 in-

2253 3692 2509 3746 genuum
2533 3692 2657 3730 esse
2673 3674 2944 3747 praecipio
2969 3692 2983 3730 :
3004 3675 3317 3731 luminaria
3328 3678 3557 3732 tantum
3568 3678 3629 3732 in
3657 3679 3899 3735 ecclesia

2253 3768 2551 3825 Bonisiaca
2596 3768 2926 3824 ministrare
2976 3769 3222 3825 stodeat.
3265 3770 3713 3826 Vualacharium
3766 3789 3897 3827 cum

2253 3862 2416 3918 omni
2448 3861 2737 3934 peculiare
2761 3879 2885 3930 suo,
2901 3865 3112 3917 etcum
3129 3864 3305 3918 boves
3326 3880 3471 3934 quos
3486 3864 3728 3936 bajolat,
3744 3865 3902 3936 inge-

2254 3973 2436 4012 nuum
2459 3973 2528 4011 ea
2559 3955 2899 4012 condicione
2927 3972 3050 4011 esse
3072 3956 3273 4027 jubeo,
3303 3959 3365 4011 ut
3389 3956 3547 4028 ligna
3566 3961 3797 4014 tantum
3825 3960 3901 4014 ad

2256 4050 2447 4106 oblata
2472 4050 2805 4106 faciendum
2832 4049 3163 4106 ministrare
3195 4055 3484 4122 procuret.
3526 4052 3899 4109 Gundefredo

2256 4160 2386 4199 cum
2411 4144 2586 4200 boves
2603 4143 2749 4199 duos
2774 4143 3039 4199 laborare
3059 4144 3350 4217 praecipio,
3375 4145 3529 4201 unde
3556 4163 3691 4202 cera
3710 4148 3786 4202 ad
3805 4149 3903 4203 ba-

2256 4237 2428 4292 selica
2476 4237 2677 4294 domni
2723 4237 3043 4294 Sinsuriani
3088 4226 3476 4310 comparetur.
3530 4239 3901 4309 Martiniano,

2256 4330 2635 4387 Theoderuna
2675 4348 2807 4387 cum
2845 4331 2963 4387 filio
3007 4349 3108 4386 suo
3145 4332 3394 4400 seniore,
3427 4349 3561 4389 cum
3606 4334 3903 4405 peculiare

2258 4442 2481 4493 eorum,
2503 4425 2648 4480 sicut
2666 4442 2837 4497 supra
2860 4425 3448 4494 scribtibenemereti,
3470 4427 3761 4500 ingenuos
3774 4446 3901 4484 esse

2250 4518 2449 4589 jubeo.
2482 4518 2665 4574 Simili
2690 4518 2867 4574 modo
2896 4536 3000 4590 pro
3046 4519 3372 4575 remedium
3402 4520 3616 4576 anima:
3644 4538 3815 4589 mese,
3845 4526 3905 4576 et

519 4628 653 4667 cum
684 4608 860 4682 pratis
888 4611 1130 4682 pascuis,
1161 4608 1332 4673 silvis,
1356 4605 1444 4659 vel
1472 4602 1635 4670 omni
1653 4603 1786 4675 jure
1817 4608 1875 4661 et
1905 4606 2155 4663 termino
2175 4613 2235 4687 Ι)
2259 4628 2327 4665 ex
2351 4611 2805 4667 demandatione
2835 4612 2916 4667 ﬁli
2932 4612 3049 4668 mei
3074 4613 3434 4682 Deorovaldi,
3466 4614 3726 4686 Gygone,
3766 4616 3904 4687 Sep-

521 4722 645 4773 suo,
678 4703 810 4776 quia
830 4704 887 4759 in
912 4706 1181 4777 portione
1209 4715 1382 4770 supra
1405 4698 1717 4753 memorati
1740 4699 1841 4754 filii
1870 4699 1986 4754 mei
2005 4701 2153 4756 Deo-

520 4797 739 4856 rovaldi
785 4798 1045 4865 obvenit,
1095 4809 1228 4848 cum
1274 4791 1437 4848 omni
1492 4791 1825 4863 integritate
1890 4793 2154 4849 baselicaa

522 4892 703 4949 sancti
728 4888 1067 4955 Sinsuriani,
1103 4886 1199 4941 ubi
1232 4887 1526 4958 sepultura
1555 4886 1772 4941 habere
1816 4886 2153 4957 dinuscitur,

521 5004 624 5060 pro
652 4987 914 5060 requiem
938 4982 1061 5053 ejus
1090 4980 1217 5035 dari
1236 4980 1526 5052 prazcipio.
1556 4979 1835 5035 Similiter
1866 4981 2154 5052 porcario,

520 5081 755 5137 nomine
784 5075 1084 5141 Gudilane,
1131 5090 1264 5128 cum
1296 5073 1521 5146 gregim
1553 5090 1881 5145 porcorum,
1916 5078 1975 5130 et
2012 5076 2155 5130 Bau-

522 5177 762 5232 domere
785 5186 917 5226 cum
941 5167 1166 5240 gregim
1191 5166 1402 5235 ovium,
1426 5171 1484 5222 et
1502 5170 1710 5240 troppo
1729 5169 2155 5240 jumentorum,

521 5271 619 5342 qui
651 5267 784 5323 sunt
814 5263 887 5318 ad
918 5278 1092 5333 supra
1135 5260 1345 5333 scripta
1374 5261 1506 5317 villa
1539 5261 1852 5331 Latiniaco,
1895 5262 2156 5335 supradi-

520 5367 626 5418 ctae
646 5357 911 5415 baselicm
936 5354 1116 5411 sancti
1148 5353 1469 5410 Sinsuriani
1489 5355 1704 5411 habere
1721 5356 1921 5428 jubeo.

593 5451 873 5511 Goderico
902 5456 961 5507 et
982 5450 1304 5507 Gunderico
1331 5451 1391 5507 in
1420 5468 1594 5524 supra
1620 5451 1894 5523 scriptam
1940 5452 2156 5522 villam,

521 5563 697 5622 quem
723 5546 986 5601 baselicaa
1008 5545 1209 5602 domui
1234 5544 1556 5603 Sinsuriani
1584 5544 1852 5617 deligavi,
1886 5546 1967 5602 ita
1979 5546 2159 5618 jubeo

519 5646 584 5698 ut
612 5641 896 5709 laborent,
932 5640 1083 5696 unde
1119 5640 1193 5697 ad
1244 5640 1370 5712 ipsa
1412 5638 1663 5695 basileca
1700 5639 1895 5696 oblata
1936 5640 2161 5697 cotidie:

520 5735 895 5793 ministretur.
918 5734 1197 5791 Leudulfo
1215 5750 1349 5789 cum
1365 5732 1554 5803 vinea,
1583 5749 1757 5805 quem
1782 5733 2050 5790 Sabucito
2072 5750 2163 5790 co-

516 5831 599 5897 lit,
629 5830 703 5885 ad
733 5830 1005 5899 oraturio,
1036 5829 1137 5901 qui
1166 5829 1253 5884 est
1278 5827 1338 5882 in
1368 5826 1502 5883 villa
1534 5825 1847 5894 Latiniaco,
1880 5828 2035 5883 unde
2060 5827 2162 5884 ibi-

520 5923 652 5982 dem
687 5924 879 5982 oblata
900 5924 1186 5990 occurrat,
1216 5919 1343 5976 dari
1367 5920 1514 5976 volo.
1543 5919 1874 5989 Baudulfus,
1899 5920 2164 5980 Sumtha-

2256 4704 2457 4760 teredo
2474 4721 2605 4760 cum
2631 4722 2807 4761 uxore
2834 4706 3162 4775 Goderuna,
3189 4707 3599 4777 Theodonivia,
3624 4709 3905 4765 Baudoni—

2255 4797 2365 4867 via,
2394 4798 2635 4867 Carane,
2665 4798 2910 4854 Patricio
2946 4816 3079 4854 cum
3110 4818 3285 4857 uxore
3323 4802 3587 4871 Eusebia,
3623 4803 3903 4873 Dagarico

2257 4908 2388 4947 cum
2414 4908 2589 4947 uxore
2624 4892 2932 4960 Aurovefa,
2964 4893 3320 4962 Ciuncileno,
3362 4894 3747 4952 Blidemundo
3770 4913 3903 4951 cum

2255 4985 2374 5041 ﬁlia
2412 4984 2784 5054 Blidechilde,
2814 4986 3160 5057 Manileubo,
3212 4988 3526 5057 Trasilane,
3571 4990 3902 5058 Eumundo,

2258 5078 2562 5134 Imneredo
2621 5096 2752 5134 cum
2795 5096 2969 5135 uxore
3018 5081 3268 5153 Torigia,
3328 5082 3632 5151 Chadult‘o,
3682 5083 3902 5152 Aridia,

2214 5180 2231 5191 ’
2257 5173 2601 5241 Rocculane,
2633 5172 2973 5242 Babiccono,
2991 5175 3341 5232 Gunthivera
3365 5193 3378 5245 ;
3402 5176 3510 5232 hos
3540 5193 3743 5232 omnes
3769 5194 3903 5232 cum

2260 5265 2422 5320 omni
2450 5265 2758 5336 peculiare,
2794 5269 2917 5323 tam
2952 5269 3196 5337 areolas,
3246 5286 3424 5341 quam
3459 5270 3796 5341 liospiciola,
3822 5270 3903 5325 vi-

2262 5360 2458 5416 neolas
2484 5360 2572 5415 vel
2594 5360 2892 5429 hortellus,
2926 5378 3059 5417 cum
3075 5362 3135 5417 id
3163 5363 3318 5434 quod
3340 5364 3611 5435 praesenti
3636 5367 3905 5435 tempore

2260 5453 2475 5509 habere
2506 5454 2793 5520 videntur,
2820 5454 3111 5526 ingenuus
3133 5472 3256 5512 esse
3292 5458 3599 5524 constituo,
3623 5456 3905 5513 Baudnlt‘o

2261 5547 2768 5618 etSumthahario,
2797 5566 2929 5605 cum
2959 5550 3137 5605 boves
3161 5566 3307 5623 quos
3325 5551 3608 5622 bajolant,
3634 5550 3908 5607 laborare

2261 5642 2550 5715 praecipio,
2577 5643 2731 5699 unde
2752 5643 2947 5699 oblata
2976 5643 3049 5699 ab
3074 5644 3327 5701 baselica
3351 5644 3561 5701 Domni
3581 5644 3911 5701 Sinsuriani

2255 5736 2477 5809 jugiter
2501 5736 2881 5794 ministretur.
2928 5738 3015 5793 Ita
3057 5738 3152 5806 do,
3181 5738 3263 5795 ita
3289 5737 3428 5810 ligo,
3466 5737 3547 5794 ita
3594 5741 3797 5807 testor,
3831 5738 3911 5795 ita

2262 5846 2363 5885 vos
2392 5830 2535 5887 mihi
2566 5828 2800 5896 Quiritis
2839 5830 3237 5887 testimonium
3276 5831 3669 5905 perhibetote;
3718 5832 3908 5896 citeri,

2263 5923 2571 5997 citerseque
2594 5923 2861 5997 proximi,
2889 5924 3626 6000 proximaeque,_exheredis
3655 5926 3809 5983 mihi
3831 5944 3911 5984 es-
