4006 6228
132 356 215 410 i3?
763 355 852 413 AD
894 356 1383 413 l’RrECEDENTIA
1422 357 1753 414 LITURGLE
1791 358 2206 416 MONUMENTA
2246 360 2582 418 APPENDIX
2619 363 2845 420 PRIMA.

3384 372 3487 427 438

126 473 236 527 tote
262 484 275 524 :
308 468 633 543 proculque
660 468 933 526 habetote
965 467 1010 524 si
1039 485 1169 541 qua:
1192 468 1378 523 liturae
1402 469 1491 523 vel
1524 485 1754 526 caraxa-
1780 477 1840 552 Α
1863 467 2176 525 Germania
2203 470 2386 525 Pratis
2411 485 2564 534 mss.,
2590 472 2751 537 ibid.,
2786 474 2847 527 in
2881 471 3041 529 Caeno
3072 460 3327 549 Domini).
3361 478 3496 535 Post

128 572 259 622 ture
281 563 340 619 in
373 564 487 620 hoc
514 567 865 620 testamento
896 580 1029 619 meo
1060 566 1213 631 sunt,
1237 580 1347 635 ego
1374 563 1483 620 feci
1513 564 1756 639 fierique

130 657 379 733 praecipi,
424 658 572 714 dum
617 657 763 714 mihi
809 658 1016 731 saepius
1056 658 1209 713 volui
1262 656 1567 713 recenseri.
1608 658 1758 714 Addi

131 754 292 810 etiam
330 753 629 822 constitui,
666 753 712 808 si
748 752 875 824 quis
912 755 1113 808 contra
1152 753 1305 807 hunc
1341 755 1756 808 testamentum

130 847 309 903 venire
327 846 598 915 voluerit,
624 850 723 903 aut
740 848 1100 903 voluntatem
1126 862 1319 901 meam
1341 846 1401 900 in
1423 845 1616 918 aliquo
1639 863 1759 902 cor-

128 957 385 1013 rumpere
410 940 806 1013 temptaverit,
841 959 876 996 a
901 939 1313 995 communione
1339 940 1603 995 omnium
1624 957 1755 996 san-

130 1040 338 1092 ciorum
366 1038 426 1090 et
456 1053 491 1090 a
516 1034 846 1090 limenebus
872 1033 1241 1090 ecclesiarum
1260 1035 1558 1090 efﬁceatur
1578 1036 1759 1091 extra-

132 1147 277 1198 neus,
314 1133 371 1184 et
406 1128 650 1201 insuper
684 1131 819 1184 ante
850 1129 1102 1184 tribunal
1129 1128 1340 1184 Christi
1364 1128 1758 1185 anathimatus

129 1226 478 1296 permaneat.
497 1225 705 1278 Actum
724 1221 974 1278 Parisius
994 1222 1097 1277 sub
1116 1222 1209 1277 die
1226 1225 1284 1278 et
1299 1225 1562 1295 tempore
1585 1239 1758 1295 supra

128 1317 342 1389 scripto.
360 1316 611 1387 Signum
624 1324 662 1390 ἦ·
678 1316 1162 1372 Erminethrudiae
1183 1316 1507 1372 testatricis.
1531 1316 1569 1379 ’ἰν
1583 1319 1759 1373 Mum-

127 1412 299 1466 molus
345 1427 526 1477 com.,
578 1414 822 1483 rogante
868 1415 927 1465 et
972 1413 1257 1482 praesente
1306 1411 1754 1478 Ermenthrude,

126 1506 265 1559 hunc
286 1507 707 1560 testamentum
735 1505 886 1560 subs.
913 1504 1163 1577 Scupilio
1186 1504 1489 1576 spatarius,
1511 1508 1755 1576 rogante

126 1597 622 1667 Erminethrudioe,
649 1598 782 1653 huic
812 1601 1227 1652 testamentum
1258 1598 1409 1652 subs.
1440 1614 1537 1653 no.
1571 1597 1663 1652 die
1700 1600 1759 1652 et

124 1708 266 1747 anno
307 1691 520 1763 quibus
560 1709 751 1763 supra.
785 1691 1191 1763 Munegisclus,
1228 1693 1472 1761 rogante
1514 1694 1573 1745 et
1608 1707 1756 1762 prae-

124 1789 273 1841 sente
298 1785 836 1853 Ermminethrude,
860 1786 1013 1839 hunc
1042 1787 1460 1840 testamentum
1482 1786 1611 1839 test.
1631 1826 1643 1838 .
1670 1825 1682 1839 .
1705 1825 1718 1838 .
1741 1826 1753 1839 .

126 1896 211 1933 no.
238 1878 331 1933 die
364 1883 425 1934 et
450 1878 651 1953 466
679 1850 834 1933 anno
869 1878 1074 1951 quibus
1101 1895 1295 1950 supra.
1334 1877 1758 1932 Baudacharius
1779 1850 1835 1923 B

126 1973 386 2028 defensor
419 1974 578 2029 subs.
608 1973 885 2029 Eusebius
925 1975 1161 2044 rogatus
1203 1972 1274 2027 ab
1308 1971 1757 2028 Erminethrude

126 2068 265 2122 hunc
296 2070 713 2124 testamentum
746 2068 965 2139 scripsi,
1000 2066 1181 2138 relegi
1210 2068 1269 2121 et
1296 2066 1447 2121 subs.

188 2164 268 2217 Ea:
293 2165 614 2218 testamento
637 2166 815 2219 sancti
840 2163 1071 2230 Remigii
1086 2162 1407 2218 Rhemorum
1429 2161 1684 2231 episcopi.

188 2257 293 2310 Vas
322 2259 675 2328 argenteum
708 2257 912 2312 decem
945 2259 1003 2311 et
1032 2257 1160 2311 octo
1192 2255 1471 2310 librarum
1500 2254 1654 2310 inter
1676 2257 1755 2323 te,

128 2350 281 2405 heres
324 2366 461 2406 mea
504 2351 763 2421 (Ecclesia
804 2349 1134 2420 Rhemensis)
1176 2352 1234 2403 et
1267 2347 1561 2404 dioecesim
1597 2352 1759 2404 tuam

131 2444 415 2499 ecclesiam
447 2445 913 2512 Laudunensem,
940 2444 1105 2499 factis
1131 2443 1214 2515 (id
1241 2448 1320 2499 est
1344 2442 1635 2514 faciendis)
1664 2459 1761 2514 pa-

132 2536 263 2591 tenis
287 2539 465 2609 atque
491 2538 766 2593 calicibus
788 2538 861 2592 ad
890 2537 1277 2592 ministerium
1306 2539 1756 2605 sacrosanctum,

131 2635 286 2702 prout
321 2633 498 2699 valui,
542 2634 656 2688 Deo
694 2634 989 2687 annuente
1020 2630 1305 2685 distribui.
1339 2630 1508 2684 Aliud
1538 2646 1636 2684 vas
1665 2646 1756 2685 ar-

132 2728 412 2795 genteum,
447 2726 607 2797 quod
644 2726 789 2781 mihi
828 2728 1082 2781 Domnus
1118 2723 1352 2779 illustris
1381 2723 1760 2780 Chludovicus

130 2824 309 2889 {quem
345 2820 418 2875 de
458 2837 624 2875 sacro
658 2819 1022 2891 baptismatis
1060 2819 1220 2874 fonte
1258 2817 1500 2889 suscepi)
1538 2817 1758 2873 donare

129 2912 387 2983 dignatus
408 2916 518 2980 est,
544 2913 647 2968 tibi
671 2913 873 2968 heredi
896 2929 1043 2967 meae
1072 2911 1326 2967 ecclesia:
1348 2928 1519 2983 supra
1540 2928 1761 2967 memo-

132 3006 446 3077 rataejubeo
468 3006 812 3063 turriculum
835 3010 893 3061 et
912 3006 1299 3078 imaginatum
1322 3006 1561 3061 calicem
1586 3006 1660 3078 (a)
1680 3006 1760 3061 fa-

128 3100 345 3156 bricari.
387 3142 400 3156 .
445 3143 459 3156 .
502 3143 516 3157 .
553 3100 815 3169 Vineam,
846 3117 1023 3172 quam
1061 3098 1438 3156 Bebrimodus
1468 3100 1623 3168 facit,
1654 3099 1758 3154 tibi

130 3197 357 3250 eatenus
381 3194 747 3267 derelinquo,
772 3198 835 3248 ut
856 3194 1058 3249 diebus
1084 3193 1242 3249 festis
1269 3196 1327 3248 et
1352 3193 1624 3249 omnibus
1644 3194 1754 3248 Do-
1778 3224 1833 3299 Ο

130 3286 365 3356 minicis,
383 3288 562 3345 sacris
583 3288 860 3344 altaribus
879 3305 1011 3343 mea
1028 3287 1307 3343 offeratur
1326 3286 1540 3343 oblatio
1555 3287 1649 3358 (b).
1669 3328 1681 3341 .
1704 3329 1716 3342 .
1740 3328 1754 3343 .

129 3381 357 3437 Vineam
389 3383 488 3450 do,
522 3398 698 3454 quam
727 3381 892 3454 posui
916 3380 1295 3449 Vindonissae,
1329 3381 1433 3435 sub
1460 3398 1529 3437 ea
1557 3380 1756 3436 condi-

131 3474 297 3544 tione,
326 3480 389 3531 ut
422 3494 457 3532 a
497 3476 758 3548 patribus
788 3476 924 3545 suis,
957 3475 1225 3531 omnibus
1260 3475 1462 3531 diebus
1495 3475 1654 3530 festis
1694 3491 1760 3530 ac

128 3569 447 3639 Dominicis,
477 3587 585 3642 pro
618 3570 1176 3627 commemoratione
1207 3586 1339 3626 mea
1370 3569 1544 3626 sacris
1570 3568 1761 3625 altari-

128 3662 225 3717 bus
253 3664 531 3721 offeratur
559 3664 796 3720 oblatio.

455 3783 542 3835 Vl.
584 3797 907 3838 FRAGMENTA
946 3795 1420 3837 canauonumvu.

130 3876 197 3928 De
237 3878 490 3944 passione
548 3891 659 3930 non
719 3876 945 3943 legenda
1008 3876 1285 3931 Dominica
1332 3873 1649 3929 Palmarum
1697 3874 1758 3928 in

643 3948 823 4002 missis
859 3948 1099 4016 privatis
1146 3946 1228 4016 (e).

195 4040 492 4101 Dominica
522 4040 579 4095 in
606 4039 836 4095 Palmis.
864 4081 876 4094 .
911 4082 923 4093 .
952 4081 964 4093 .
998 4082 1011 4093 .
1041 4037 1383 4095 Sacerdotes
1408 4037 1481 4092 ad
1508 4037 1758 4108 privatas

133 4133 324 4189 missas
362 4151 543 4189 unam
587 4136 815 4189 tantum
863 4133 1176 4189 Collectam
1225 4132 1448 4198 dicant;
1496 4132 1753 4202 Evange-

132 4226 260 4282 lium
296 4245 310 4283 :
342 4228 478 4284 Cum
511 4230 1043 4299 appropinquasset;
1080 4226 1411 4298 passionem
1449 4226 1639 4279 nullus
1674 4226 1754 4279 le-

134 4324 239 4390 gat,
264 4322 368 4378 nisi
399 4324 609 4378 fratres
635 4322 733 4394 qui
760 4322 820 4377 in
851 4320 1055 4377 formis
1080 4322 1335 4375 cantant.
1366 4319 1754 4391 (Lanfrancus,

136 4416 184 4468 in
210 4417 406 4472 Decret.
432 4433 536 4487 pro
562 4416 680 4471 0rd.
710 4417 888 4471 sancti
908 4415 1133 4478 Bened.,
1154 4430 1289 4485 pag.
1322 4412 1469 4483 260.)

196 4510 255 4563 ln
274 4509 472 4566 Ramis
486 4511 819 4565 Palmarum
836 4508 908 4564 ad
926 4508 1329 4563 matutinalem
1352 4506 1592 4562 missam
1615 4523 1758 4562 non-

1858 561 2116 643 Primam
2138 562 2405 619 dicentur
2424 568 2647 637 septem
2674 565 2901 638 psalmi,
2927 571 2984 623 et
3003 569 3268 639 Letania;
3292 577 3493 644 postea

1856 655 2153 712 veniemus
2208 675 2428 714 sessum
2480 658 2670 732 467
2724 659 2782 715 in
2834 662 3103 719 claustro.
3155 664 3494 723 Sacerdotes

1858 749 2024 805 ibunt
2058 750 2275 806 dictum
2314 751 2519 808 missas
2555 770 2706 822 suas,
2744 757 2802 808 et
2841 772 3046 812 omnes
3085 758 3302 815 debent
3344 762 3490 816 cele-

1858 844 2027 899 brare
2055 845 2147 899 die
2179 845 2304 915 illa;
2334 850 2391 902 et
2417 847 2795 904 celebrabant
2824 847 2947 905 sine
2977 850 3132 923 igne.

1859 962 1968 1017 V11.
2039 977 2227 1018 mssxo
2300 980 2731 1022 nunssmoavn
2807 983 3101 1025 marmura

2477 1051 2878 1095 CANTIANORUM.

1929 1130 2018 1183 Ea:
2042 1143 2144 1183 ms.
2175 1127 2365 1183 Codice
2390 1130 2499 1185 viri
2524 1131 2819 1187 clarissimi
2851 1134 3022 1189 Ulrici
3054 1135 3304 1192 Obrechti
3327 1135 3422 1209 (ἀ).

1930 1220 2139 1276 Omnia
2168 1222 2233 1293 (e)
2266 1238 2394 1294 quae
2422 1239 2455 1277 a
2486 1223 2696 1278 sanctis
2721 1228 2884 1295 gesta
2915 1230 3048 1282 sunt
3079 1229 3165 1283 vel
3193 1233 3494 1301 geruntur,

1859 1313 1905 1369 si
1936 1314 2063 1388 quis
2090 1315 2333 1371 voluerit
2361 1315 2613 1371 studiose
2643 1318 3001 1389 perquirere,
3032 1326 3089 1376 et
3115 1321 3219 1377 sibi
3251 1326 3308 1378 et
3327 1324 3502 1394 pluri-

1858 1408 1966 1463 mis
2008 1408 2404 1464 aediﬁcationis
2438 1409 2668 1466 exhibet
2708 1411 2981 1467 fructum.
3026 1415 3095 1468 Et
3132 1415 3278 1470 sicut
3325 1417 3500 1473 arbor

1860 1502 2157 1558 fructifera
2182 1520 2299 1558 non
2323 1504 2445 1559 sine
2479 1521 2648 1559 causa
2674 1505 2956 1577 probatur
2977 1510 3192 1564 terram
3219 1526 3499 1582 occupare

1859 1597 1997 1652 dum
2017 1596 2170 1666 vivit,
2196 1613 2327 1652 cum
2352 1601 2409 1651 et
2436 1598 2559 1669 ipsa
2587 1598 2701 1652 suis
2728 1600 2919 1670 pomis
2944 1604 3202 1670 ornatur,
3228 1606 3285 1656 et
3308 1604 3498 1658 omnis

1859 1690 1954 1761 qui
1977 1707 2043 1746 ex
2071 1707 2138 1745 eo
2167 1691 2353 1745 fructu
2379 1692 2721 1762 perceperit,
2749 1692 3067 1763 saginatur.
3096 1694 3415 1751 Scribimus
3436 1700 3501 1752 ut

1859 1784 1918 1839 in
1950 1784 2124 1856 gestis
2160 1784 2505 1853 invenimus,
2540 1786 2677 1856 quid
2710 1786 2957 1857 egerint,
2992 1788 3131 1859 quid
3167 1790 3339 1844 locuti
3374 1790 3500 1845 fue-

1859 1878 1995 1946 rint,
2020 1878 2156 1951 quid
2174 1878 2324 1950 passi
2345 1877 2459 1932 sint
2480 1879 2680 1933 sancti.
2711 1879 3024 1936 Ostenditis
3042 1899 3142 1937 vos
3164 1899 3286 1937 esse
3308 1885 3502 1940 catho-

1860 1973 2018 2040 licos,
2051 1972 2150 2043 qui
2184 1971 2451 2027 victorias
2485 1972 2694 2027 Christi
2730 1973 2980 2029 libenter
3011 1976 3220 2046 legitis,
3255 1977 3503 2032 libenter

1861 2066 2088 2121 auditis.
2112 2068 2411 2137 Interrogo
2432 2082 2532 2120 vos
2559 2066 2658 2137 qui
2683 2066 2791 2121 ista
2811 2066 2965 2122 inter
2990 2070 3390 2142 apochryphas
3409 2071 3499 2127 lit-

1859 2164 2013 2215 teras
2048 2159 2364 2214 exvolanda
2403 2159 2647 2214 censetis
2684 2176 2698 2215 :
2728 2177 2835 2231 per
2875 2177 3018 2232 quos
3053 2167 3278 2218 constat
3311 2181 3499 2220 canon

1859 2253 2283 2325 Scripturarum
2306 2252 2571 2308 omnium
2588 2253 2953 2309 divinarum?
2975 2256 3259 2334 numquid
3279 2273 3383 2329 per
3399 2274 3500 2312 eos

1860 2346 1958 2419 qui
1990 2364 2093 2419 pro
2123 2347 2246 2418 ipso
2275 2363 2499 2402 canone
2529 2346 2713 2402 occidi
2740 2347 2927 2419 magis
2954 2351 3297 2420 optaverant
3323 2367 3499 2422 quam

1858 2443 2046 2499 vinci?
2078 2443 2226 2508 Quid
2262 2459 2402 2515 ergo
2441 2446 2757 2498 tenuerunt
2792 2445 3121 2516 martyres?
3165 2446 3363 2501 Fidem
3407 2464 3502 2502 re-

1859 2540 2035 2607 ctam,
2066 2553 2195 2609 qua:
2232 2537 2407 2592 sacris
2445 2538 2834 2593 voluminibus
2874 2541 3031 2594 certo
3074 2539 3355 2595 librorum
3391 2558 3499 2596 nu-

1860 2648 2022 2687 mero
2052 2631 2396 2687 continetur.
2425 2633 2621 2703 Agunt
2646 2631 2756 2686 illis
2782 2632 2999 2703 gratias
3025 2632 3214 2705 apices
3242 2634 3503 2690 sacratis-

1860 2725 2010 2794 simi,
2033 2725 2131 2797 qui
2151 2742 2256 2796 per
2276 2741 2477 2780 eorum
2505 2726 2997 2797 perseverantiam
3026 2731 3417 2797 perseverant.
3433 2730 3504 2783 Et

1859 2819 1990 2874 ideo
2016 2820 2217 2874 volunt
2244 2835 2446 2874 eorum
2483 2821 2645 2890 gesta
2676 2819 2981 2887 conscribi,
3009 2823 3072 2874 ut
3101 2820 3158 2874 in
3187 2826 3499 2892 conspectu

1860 2912 1959 2967 Dei
1997 2914 2055 2967 et
2093 2912 2400 2967 hominum
2445 2929 2679 2984 semper
2713 2913 3024 2968 laudentur
3062 2914 3264 2982 sancti,
3295 2915 3393 2987 qui
3438 2915 3499 2971 in

1860 3008 2167 3077 conspectu
2196 3005 2627 3061 incredulorum
2655 3023 2760 3077 pro
2788 3022 2991 3061 eorum
3020 3007 3360 3064 defensione
3386 3011 3501 3064 tor-

1860 3103 2057 3155 menta
2076 3099 2359 3155 immania
2378 3101 2757 3171 pertulerunt.
2774 3100 2924 3155 Nihil
2946 3104 3157 3173 praeter
3178 3102 3503 3174 Scripturas

1858 3192 2164 3249 canonicas
2196 3192 2561 3264 recipientes,
2597 3193 2707 3249 ista
2739 3194 2992 3249 studiose
3032 3194 3515 3267 conscripsimus,

1860 3287 2231 3343 ostendentes
2262 3286 2477 3359 dogma
2502 3287 2851 3342 catholicum
2879 3304 2984 3360 per
3010 3289 3322 3344 catholicos
3349 3306 3502 3345 mar-

1860 3385 2013 3452 tyres
2042 3380 2408 3435 custoditum.
2439 3382 2775 3453 Exemplum
2799 3381 3044 3453 posteris
3070 3382 3294 3450 damus,
3318 3383 3499 3439 aedifi-

1860 3475 2148 3530 cationem
2175 3474 2540 3529 credentibus
2570 3475 2872 3544 tradimus,
2900 3479 3085 3531 artem
3117 3476 3253 3531 belli
3290 3477 3501 3533 Christi

1859 3568 2136 3623 militibus
2156 3568 2647 3623 demonstramus.
2676 3570 2914 3625 Constat
2934 3586 3033 3624 eos
3055 3570 3207 3625 nolle
3234 3587 3499 3643 pugnare

1860 3663 1907 3717 si
1932 3678 2165 3718 necesse
2192 3662 2282 3731 sit,
2316 3661 2413 3733 qui
2442 3663 2646 3717 nolunt
2674 3663 2868 3733 legere
2906 3666 3278 3734 pugnatores.
3306 3666 3496 3736 Impe-

1860 3759 1990 3811 rent
2024 3756 2319 3811 silentium
2350 3755 2710 3823 infidelibus,
2747 3758 3009 3827 spectent
3043 3757 3267 3828 pugiles
3297 3758 3497 3812 diabo-

1860 3850 1996 3905 licos
2022 3849 2119 3921 qui
2146 3850 2393 3905 athletas
2414 3849 2647 3905 Domini
2673 3852 2931 3922 spectare
2959 3852 3361 3905 contemnunt.
3384 3853 3497 3907 Nos

1858 3943 2079 4000 divinas
2113 3943 2351 3997 virtutes
2390 3943 2703 4015 loquimur,
2736 3944 3059 4012 scribimus,
3092 3944 3494 4016 praedicamus.

1856 4036 2207 4094 Prohibeant
2234 4035 2450 4103 amuli,
2483 4035 2777 4108 imperent
2810 4036 3103 4093 silentium
3132 4037 3336 4106 timidi,
3366 4054 3497 4093 ver-

1856 4131 2063 4187 berent
2087 4131 2533 4185 contemnentes
2564 4147 2577 4185 :
2608 4131 2871 4201 legentes
2900 4131 3221 4203 increpent,
3253 4130 3501 4186 libenter

1856 4226 1980 4279 haec
2000 4223 2303 4279 audientes
2321 4226 2611 4290 accusent;
2635 4222 2829 4297 468
2853 4224 3138 4296 gloriosos
3160 4224 3377 4280 facient
3396 4225 3503 4280 mi-

1856 4318 1986 4374 lites
2026 4318 2267 4373 vulnera
2303 4333 2409 4390 pro
2452 4317 2821 4391 imperatoris
2860 4319 3030 4374 laude
3076 4322 3358 4391 suscepta,
3394 4336 3499 4391 pro

1856 4412 2017 4484 cujus
2037 4428 2234 4468 amore
2256 4411 2435 4468 etiam
2457 4413 2683 4469 animas
2700 4430 2919 4485 ponere
2940 4413 3192 4468 libenter
3207 4416 3495 4483 optamus.

1855 4505 2302 4578 Triumphorum
2324 4506 2535 4562 Christi
2557 4523 2623 4561 ac
2648 4506 3017 4562 victoriarum
3046 4506 3272 4561 labores
3293 4506 3502 4560 exerci-

3173 985 3492 1029 SANCTORUM

132 4600 230 4658 nisi
255 4620 369 4659 una
388 4604 641 4660 Collecta
659 4606 746 4658 est
765 4602 1040 4669 dicenda;
1065 4618 1172 4656 nec
1190 4600 1381 4673 passio
1404 4600 1634 4673 legitur,
1654 4600 1756 4655 sed
1774 4599 1833 4670 D
1857 4600 2009 4655 tibus
2035 4600 2106 4654 de
2146 4599 2380 4654 occultis
2414 4599 2555 4655 foris
2593 4600 2966 4669 proferimus.
2995 4600 3220 4657 Scimus
3252 4614 3497 4671 pugnas,

131 4694 219 4751 illa
247 4698 473 4753 tantum
504 4698 676 4753 lectio
707 4696 887 4753 sancti
920 4695 1215 4767 Evangelii
1247 4712 1260 4750 :
1290 4694 1423 4750 Cum
1453 4696 1759 4765 appropin-

129 4797 308 4857 quaret
338 4795 508 4847 Iesus.
548 4791 716 4856 Quod
752 4790 929 4846 etiam
961 4789 1179 4846 cunctis
1214 4788 1632 4857 sacerdotibus,
1667 4789 1765 4859 qui

130 4882 361 4952 privatas
392 4886 598 4941 missas
623 4884 1003 4952 cantaverint,
1035 4882 1385 4955 praecipitur,
1419 4884 1484 4936 ut
1508 4882 1624 4936 sint
1658 4898 1765 4954 pa-

130 4976 226 5030 rati
252 4978 323 5033 ad
349 4980 493 5035 duas
516 4977 913 5053 processiones
938 4993 1066 5049 quae
1092 4977 1191 5032 illo
1216 4975 1310 5031 die
1340 4979 1475 5030 sunt
1493 4974 1762 5047 agendas.

132 5068 449 5138 (Udalricus,
475 5077 536 5129 in
563 5074 657 5129 lib.
684 5090 703 5128 1
732 5072 1063 5129 Consuetud.
1094 5071 1369 5135 Cluniac.,
1405 5085 1528 5140 cap.
1566 5068 1676 5141 54.)

195 5164 429 5230 Quando
461 5168 678 5223 erimus
703 5166 854 5221 circa
877 5166 1057 5221 finem
1078 5166 1343 5233 Tractus,
1377 5162 1613 5219 sacrista
1637 5163 1763 5235 pul-

135 5256 266 5313 sabit
280 5277 456 5317 unam
474 5277 716 5333 parvam
735 5275 1080 5332 campanam
1100 5276 1205 5331 pro
1224 5256 1642 5331 congregando
1664 5256 1763 5312 do-

140 5350 311 5408 minos
339 5355 412 5411 ad
440 5354 797 5410 audiendam
822 5352 1176 5426 passionem,
1200 5351 1338 5425 quia
1368 5351 1496 5424 ipsa
1527 5368 1644 5407 non
1672 5350 1766 5404 de-

138 5441 223 5499 bet
253 5446 364 5521 legi
394 5448 505 5504 nisi
539 5448 599 5503 in
639 5464 859 5519 magna
893 5446 1070 5502 missa
1107 5446 1562 5519 (Consuetudines
1591 5444 1769 5500 sancti

295 5564 434 5636 Vide
463 5580 640 5636 pagg.
672 5566 739 5636 66
770 5565 829 5618 et
853 5564 942 5618 93.

219 5578 249 5615 a

224 5561 271 5705 ri)
295 5564 434 5620 Vide
463 5580 640 5636 pagg.
672 5566 739 5620 66

224 5633 255 5708 b_
298 5634 433 5708 Vide
464 5651 601 5708 pag.
635 5634 755 5690 184.

222 5706 269 5779 c)
291 5706 427 5779 Vide
455 5706 595 5779 pag.
632 5708 754 5762 127.

225 5775 608 5851 d_)AVide_pa'g.
645 5780 823 5851 386."
930 5845 945 5851 _
1196 5845 1204 5851 Δ
1291 5842 1307 5851 _
1432 5842 1443 5851 ι
1504 5840 1567 5851 ⁸,

224 5839 513 5920 e)'_PassioJ1
520 5839 601 5904 sec
614 5848 767 5920 apud
778 5844 1165 5920 Hombritium
1177 5842 1485 5920 Ambrosio
1498 5839 1769 5920 tribuitur

148 5929 170 5966 S

271 5918 377 5976 hoc
403 5919 570 5978 initio
600 5937 615 5978 :
648 5915 845 5981 Servus
874 5916 1077 5975 Christi
1110 5916 1431 5975 Ambrosius
1462 5915 1762 5989 episcopus,

1865 4710 2007 4765 quas
2026 4692 2107 4747 illi
2133 4691 2433 4747 visibiliter
2457 4691 2608 4763 passi
2634 4691 2767 4759 sint,
2787 4693 3149 4749 invisibiliter
3172 4692 3340 4748 nobis
3361 4692 3504 4747 exci-

1864 4786 1973 4844 tari
1995 4784 2273 4859 quotidie,
2289 4786 2347 4838 et
2365 4786 2748 4855 neglegenter
2763 4790 3093 4855 pugnantes
3109 4787 3297 4843 acrius
3312 4786 3517 4841 vulne-.

1864 4880 2164 4951 rari.Ergo
2186 4880 2250 4933 ut
2268 4888 2432 4933 arma
2459 4878 2796 4949 pertractes,
2820 4877 3071 4932 adtende
3092 4881 3407 4949 bellantes;
3429 4879 3504 4935 da

1866 4975 2126 5028 mentem
2152 4970 2370 5039 studiis,
2400 4972 2464 5025 ut
2487 4968 2667 5025 hostis
2690 4968 2927 5041 incipiat
2956 4971 3014 5023 te
3042 4971 3272 5027 timere.

1935 5071 1988 5122 2.
2016 5065 2383 5121 Beatissimos
2406 5066 2689 5136 martyres
2719 5063 3007 5131 Cantium,
3036 5063 3406 5137 Cantianum,
3442 5074 3502 5125 et

1866 5161 2312 5228 Cantianellum,
2344 5176 2378 5214 a
2406 5158 2725 5231 padagogo
2755 5175 2856 5213 suo
2877 5159 3047 5213 Proto
3074 5157 3239 5213 valde
3261 5159 3375 5214 fide
3406 5178 3500 5217 ca-

1865 5254 2079 5310 tholica
2108 5253 2283 5309 fuisse
2314 5253 2567 5309 edoctos.
2602 5294 2614 5307 .
2643 5295 2656 5308 .
2682 5252 2778 5325 qui
2807 5252 2879 5308 de
2899 5267 3113 5325 genere
3140 5252 3499 5323 Aniciorum,

1866 5349 1976 5404 hoc
1997 5350 2084 5402 est
2100 5347 2243 5402 divae
2259 5346 2558 5402 memoriae
2576 5346 2770 5403 Carini
2787 5345 3172 5420 imperatoris,
3188 5350 3505 5403 noscuntur

1866 5440 2177 5514 progeniti,
2202 5444 2261 5496 et
2280 5440 2433 5495 intra
2454 5439 2657 5495 urbem
2678 5441 2949 5510 Romam,
2970 5441 3032 5496 in
3053 5445 3259 5513 quarta
3275 5440 3503 5496 decima

1867 5557 2139 5613 Christum
2161 5560 2331 5613 Deum
2349 5572 2536 5612 verum
2556 5556 2852 5612 colentibus
2876 5558 3150 5625 fratribus
3165 5573 3268 5629 per
3296 5574 3505 5614 omnem

1866 5630 2107 5693 Italiam,
2156 5630 2217 5684 in
2250 5630 2476 5700 Domino
2513 5643 2720 5683 omnem
2762 5629 3010 5683 salutem.
3059 5629 3254 5685 Omnia
3298 5645 3419 5700 qua:
3469 5646 3506 5685 α

1865 5702 2102 5764 Sanctis,
2136 5715 2320 5771 usque
2356 5699 2430 5754 ad
2462 5702 2802 5771 sequentem
2832 5699 3408 5771 versum,AScribimus
3442 5704 3504 5755 ut

1867 5773 1928 5825 in
1961 5773 2125 5839 gestis
2150 5768 2478 5834 inuenimus,
2507 5768 2639 5837 etc.,
2674 5770 2880 5841 quibus
2916 5768 3161 5840 omissis,
3194 5770 3504 5828 resumitur

1872 5841 2039 5899 lectio
2070 5859 2106 5898 a
2136 5841 2399 5915 sequenti
2423 5857 2671 5901 numero
2702 5844 2928 5914 quarto.
