4006 6228
452 341 555 395 439

1238 334 1574 392 ΑΡΡΕΝΒΙΧ
1608 332 1697 387 ΑΒ
1734 331 1960 386 OPERA
1997 327 2233 385 SANCTI
2270 325 2569 383 GERMANI
2605 325 3033 383 PARISIENSIS.

3723 329 3810 383 44
3835 330 3874 383 0

453 445 716 519 regione,
763 443 888 501 nati
929 446 1103 517 atque
1144 441 1333 499 edocti
1366 440 1707 514 probantur,
1748 435 2091 494 Dioclitiano
2114 447 2175 524 Α
2268 432 2585 491 Beatissimi
2606 450 2742 490 vero
2764 436 3049 507 martyres
3074 450 3310 492 ascenso
3332 435 3405 507 (α)
3427 434 3690 492 vehiculo
3710 435 3872 508 jun-

454 542 655 598 Roma:
697 539 1047 613 imperante,
1093 541 1150 592 et
1182 535 1525 593 Maximiano
1566 532 1823 606 partibus
1861 530 2091 604 Illyrici,

454 634 661 691 Carino
683 650 915 707 quoque
944 633 1097 688 intra
1124 629 1331 687 Gallias
1355 630 1506 684 bene
1537 630 1748 700 agente
1777 643 1918 699 erga
1941 624 2099 682 Chri-

459 729 695 798 stianos,
723 727 819 800 qui
841 718 955 783 non
979 727 1109 797 post
1133 725 1383 779 multum
1410 726 1644 794 tempus
1663 721 1968 778 defunctus
1990 722 2092 775 est.

454 826 591 879 Post
642 823 801 894 cujus
861 820 1082 876 obitum
1140 817 1565 874 sceleratissimi
1612 814 1990 872 Dioclitianus
2041 816 2100 869 et

455 916 826 977 Maximianus
865 930 970 987 per
1011 928 1214 969 omnes
1253 910 1576 984 provincias
1620 910 1853 966 decreta
1895 925 2099 981 posue-

458 1014 613 1079 runt,
652 1014 715 1064 ut
748 1008 842 1063 ubi
882 1006 1191 1063 Christiani
1232 1005 1651 1073 invenirentur,
1690 1004 1738 1058 si
1779 1001 2096 1059 sacriﬁcare

458 1104 920 1170 contemnerent,
936 1101 1171 1156 diversis
1182 1100 1367 1172 poenis
1384 1099 1820 1171 adﬂigerentur.
1835 1098 2097 1168 Cumque

459 1199 547 1254 his
564 1196 729 1253 dictis
742 1193 1064 1252 beatissimi
1082 1196 1368 1266 martyres
1385 1193 1656 1250 Cantiani
1670 1191 1729 1247 in
1747 1192 1893 1248 urbe
1915 1192 2101 1246 Roma

457 1282 701 1348 fuissent
728 1290 928 1363 positi,
961 1288 1199 1346 consilio
1226 1286 1424 1344 habito
1454 1304 1585 1342 cum
1613 1287 1784 1342 beato
1814 1287 2008 1352 Proto,
2038 1286 2102 1339 ut

458 1387 720 1458 iniquam
736 1385 988 1440 vitarent
1008 1382 1377 1451 sententiam,
1402 1380 1623 1454 praedia
1645 1398 1746 1435 sua
1767 1379 2099 1435 suburbano

456 1480 645 1553 posita
676 1478 781 1535 sub
825 1477 1013 1550 specie
1042 1470 1385 1533 visitationis
1422 1473 1662 1530 circuire
1698 1474 2097 1529 decreverunt.

531 1578 583 1630 3.
603 1572 712 1639 Qui
732 1572 941 1628 eodem
964 1573 1229 1642 tempore
1247 1569 1306 1625 in
1328 1569 1533 1625 urbem
1548 1567 2001 1640 Aquilegensem
2015 1583 2103 1620 re-

456 1668 747 1741 pedarunt
769 1683 782 1723 :
806 1666 865 1721 in
888 1682 1005 1738 qua
1023 1667 1161 1719 tunc
1181 1662 1462 1735 temporis
1482 1680 1599 1718 non
1621 1678 1799 1735 parva
1818 1677 1956 1716 rura
1974 1677 2103 1733 pos-

460 1761 746 1818 sidebant.
775 1760 890 1817 Sed
912 1759 1047 1831 quia
1066 1761 1266 1815 lumen
1288 1758 1349 1812 in
1370 1756 1627 1812 tenebris
1652 1757 1834 1812 latere
1856 1772 1975 1810 non
1995 1771 2098 1826 po-

2198 530 2301 586 etis
2327 528 2612 598 mulabus,
2637 544 2772 583 cum
2794 529 3065 585 secedere
3089 529 3423 600 voluissent,
3447 531 3506 583 et
3524 546 3647 584 non
3666 530 3873 601 longe

2199 625 2271 680 ab
2302 623 2458 679 urbis
2485 622 2772 679 moenibus
2797 623 2909 678 iter
2938 628 3200 695 agerent,
3229 625 3288 678 et
3313 640 3493 678 unum
3520 623 3751 679 animal
3784 623 3872 679 de

2199 717 2517 790 subjunctis
2537 716 2724 773 subito
2747 717 3055 773 corruisset
3072 718 3131 772 in
3152 719 3281 773 loco
3303 716 3403 790 qui
3419 719 3753 790 appellatur
3769 717 3877 773 Ad

2197 815 2390 885 Aquas
2412 812 2712 881 Gradatas,
2736 812 2817 868 ita
2836 811 2994 867 illinc
3009 814 3144 867 sunt
3160 829 3193 866 a
3211 811 3680 884 persecutoribus
3698 829 3878 869 com-

2199 906 2491 979 prehensi.
2519 905 2685 971 Quod
2712 905 2930 961 factum
2968 922 3146 977 quam
3172 905 3492 977 gloriosum
3520 905 3595 961 sit
3614 909 3677 961 et
3704 924 3743 962 a
3773 905 3873 962 di-

2198 1000 2435 1057 vinitate
2487 999 2860 1072 dispositum,
2912 999 3190 1054 debemus
3240 999 3562 1055 advertere.
3605 1001 3878 1073 Semper

2202 1094 2357 1151 enim
2389 1095 2539 1150 Deus
2575 1110 2719 1166 quos
2762 1093 2957 1165 elegit,
2995 1093 3158 1166 quasi
3191 1092 3434 1148 victores
3469 1110 3601 1149 cum
3642 1094 3869 1149 subve-

2201 1189 2391 1245 ctione
2420 1187 2651 1243 sublimi
2674 1187 2734 1243 in
2764 1188 2955 1243 aulam
2978 1187 3147 1259 regni
3174 1186 3414 1243 caelestis
3435 1186 3677 1243 inducit.
3701 1189 3869 1244 Nam

2201 1283 2345 1340 sicut
2369 1282 2559 1338 Helias
2584 1298 2718 1337 cum
2748 1281 3039 1354 adplicato
3067 1281 3352 1354 quadriga
3378 1282 3637 1337 ascendit
3654 1281 3715 1337 in
3738 1299 3871 1337 ese-

2200 1378 2343 1445 lum,
2378 1376 2458 1432 ita
2486 1380 2545 1431 et
2569 1376 2663 1431 isti
2683 1376 2946 1431 vehiculo
2968 1378 3168 1431 amoto
3189 1375 3265 1430 ad
3284 1376 3628 1447 martyrium
3652 1393 3872 1448 perve—

2204 1472 2447 1539 nerunt;
2481 1473 2539 1525 et
2569 1469 2853 1542 quadriga
2884 1470 3031 1525 sicut
3056 1470 3221 1524 illum
3248 1469 3433 1524 evexit
3454 1470 3529 1525 ad
3557 1470 3865 1542 requiem,

2202 1565 2283 1621 ita
2308 1567 2366 1619 et
2388 1565 2496 1619 hos
2515 1563 2766 1636 portavit
2786 1564 2860 1619 ad
2885 1563 3155 1635 gloriam.
3179 1564 3249 1619 Et
3269 1563 3532 1635 quamvis
3553 1564 3652 1619 illa
3671 1564 3871 1635 ignea

2202 1658 2486 1731 quadriga
2524 1658 2717 1727 fuerit,
2758 1659 2881 1713 haec
2921 1660 3121 1717 tamen
3154 1674 3272 1713 non
3304 1657 3548 1714 inferior
3574 1658 3869 1714 habenda

2202 1756 2314 1820 est;
2358 1752 2494 1824 quia
2534 1752 2632 1807 illa
2670 1768 2851 1807 unum
2894 1752 3141 1822 gestavit
3174 1752 3541 1824 prophetam,
3576 1752 3701 1807 haec
3731 1755 3868 1808 tres

458 1859 628 1924 terat,
650 1870 881 1910 necesse
903 1827 1029 1909 erat
1050 1855 1114 1908 ut
1134 1869 1233 1908 eos
1253 1850 1534 1908 Dominus
1556 1850 1630 1906 ad
1652 1848 1898 1921 gloriam
1920 1847 2103 1904 nomi-
2121 1827 2178 1900 B
2202 1849 2488 1919 martyres
2527 1845 2886 1901 sustentavit.
2920 1846 3034 1901 Sed
3075 1844 3213 1901 dicit
3245 1845 3451 1917 aliquis
3487 1862 3500 1901 :
3534 1843 3867 1901 Gloriosius

461 1950 551 2005 nis
582 1949 670 2004 sui
701 1948 1026 2004 coronaret.
1046 1946 1308 2018 Cumque
1334 1945 1395 1999 in
1425 1943 1875 2016 Aquilegensem
1894 1942 2099 1998 urbem

458 2042 642 2099 sancti
685 2041 928 2098 fuissent
968 2039 1253 2112 ingressi,
1302 2037 1597 2093 duriorem
1640 2037 1922 2092 saevitiam
1962 2053 2103 2109 erga

459 2136 814 2193 Christianos
833 2133 1193 2206 repperiunt,
1213 2149 1391 2206 quam
1409 2132 1767 2204 reliquerant
1785 2132 2004 2187 Romae.
2019 2133 2103 2187 Ita

455 2230 614 2286 enim
643 2245 849 2285 omnes
874 2230 1207 2284 sanctorum
1226 2228 1316 2282 vel
1342 2226 1740 2282 confessorum
1761 2242 1866 2297 pro
1888 2223 2101 2281 Christi

457 2323 697 2381 nomine
717 2322 1030 2379 multitudo
1051 2320 1110 2376 in
1140 2320 1381 2376 vinculis
1408 2335 1708 2375 carcerum
1736 2318 1997 2374 custodia
2024 2321 2106 2373 te-

460 2419 768 2485 nebantur,
797 2418 862 2473 ut
891 2414 1227 2471 enumerari
1254 2431 1372 2469 non
1397 2413 1741 2485 potuissent,
1770 2415 1981 2483 agente
2004 2410 2106 2466 sci-

457 2512 594 2569 licet
622 2509 880 2567 Dulcidio
910 2508 1178 2581 praeside,
1205 2525 1321 2563 una
1347 2524 1481 2562 cum
1513 2506 1764 2563 Sisinnio
1795 2505 2029 2560 comite.

531 2606 586 2659 4.
613 2603 929 2659 Audientes
957 2603 1155 2674 itaque
1188 2604 1416 2658 sanctos
1436 2601 1539 2656 Dei
1565 2599 1886 2668 advenisse,
1910 2599 2105 2655 statim

459 2697 710 2755 inveniri
733 2698 804 2752 ab
827 2696 1254 2769 apparitoribus
1279 2695 1784 2768 praecipiuntur,ut
1804 2693 1914 2748 diis
1936 2694 2108 2750 thura

460 2793 767 2865 ponerent.
795 2792 951 2846 Tunc
988 2789 1310 2845 beatissimi
1344 2791 1629 2860 martyres
1668 2787 2014 2860 aspicientes
2046 2786 2106 2842 in

462 2887 667 2941 caelum
696 2884 1126 2956 responderunt
1154 2899 1167 2939 :
1200 2884 1314 2938 Nos
1346 2880 1648 2937 daemoniis
1673 2897 1792 2936 non
1823 2879 2107 2936 sacrifica-

462 2997 613 3048 mus,
638 2978 775 3051 quia
795 2978 1073 3049 scriptum
1094 2978 1216 3032 est:
1237 2976 1431 3033 Omnes
1454 2976 1536 3032 dii
1553 2977 1795 3045 gentium
1818 2976 2105 3038 daemonia,

459 3075 722 3131 Dominus
753 3077 936 3128 autem
974 3072 1126 3127 caelos
1158 3072 1309 3153 fecit.
1344 3071 1413 3124 Et
1448 3070 1660 3124 iterum
1695 3086 1708 3124 :
1744 3069 1957 3124 Similes
1993 3068 2107 3123 illis

459 3172 599 3239 ﬁant
624 3168 722 3236 qui
743 3167 961 3234 faciunt
986 3181 1069 3228 ea,
1102 3169 1153 3220 et
1182 3180 1363 3219 omnes
1388 3165 1487 3233 qui
1510 3162 1788 3233 conﬁdunt
1812 3165 1873 3216 in
1897 3164 1992 3217 eis.
2022 3163 2105 3216 Ite
2125 3204 2181 3280 Ο

463 3277 603 3332 ergo
631 3260 895 3314 nuntiate
922 3258 1120 3330 iniquo
1145 3257 1382 3329 praesidi
1406 3260 1615 3325 vestro,
1635 3273 1742 3311 nos
1761 3273 1867 3328 pro
1895 3254 2105 3311 Christi

461 3353 701 3411 nomine
726 3354 926 3423 optare
958 3351 1128 3420 mori,
1153 3368 1330 3423 quam
1357 3351 1428 3406 ab
1456 3350 1580 3422 ejus
1600 3349 1893 3405 mandatis
1914 3349 2108 3404 absce-

464 3448 625 3515 dere,
649 3445 784 3518 quia
813 3446 885 3500 ab
911 3444 1047 3517 ipsis
1077 3444 1376 3500 cunabulis
1396 3443 1710 3500 Dominum
1728 3445 1756 3500 J
1762 3459 1923 3498 esum
1950 3440 2107 3498 Chri-

462 3543 619 3596 stum
657 3539 1022 3595 conﬁtemur.
1053 3540 1127 3593 At
1166 3539 1248 3593 illi
1286 3538 1595 3594 redeuntes
1625 3535 1858 3609 praesidi
1886 3536 1977 3590 vel
2006 3551 2103 3590 co-

464 3634 594 3691 miti
624 3634 950 3689 retulerunt
977 3631 1179 3687 omnia
1207 3648 1336 3703 quae
1367 3634 1532 3702 gesta
1557 3631 1807 3686 fuerant.

536 3725 730 3801 469
766 3728 921 3782 Tunc
961 3724 1251 3781 Dulcidius
1281 3741 1493 3797 praeses
1528 3741 1645 3780 una
1683 3739 1816 3779 cum
1854 3720 2107 3778 Sisinnio

463 3821 678 3879 comite
696 3821 864 3877 valde
885 3819 1184 3888 commoti,
1208 3820 1385 3875 talem
1407 3818 1694 3874 dederunt
1709 3817 1892 3890 impio
1909 3817 2109 3874 Diocli-

466 3917 627 3973 tiano
661 3915 1096 3988 suggestionem
1132 3931 1146 3969 :
1180 3912 1453 3981 Piissimi,
1496 3911 1792 3968 subvenite
1832 3911 2109 3967 Romanis

463 4011 712 4082 legibus,
742 4025 848 4081 pro
887 4007 1094 4079 quibus
1134 4006 1330 4063 victrix
1365 4007 1600 4062 dextera
1633 4009 1824 4063 vestra
1852 4004 2110 4061 hostium

467 4103 715 4159 cervices
773 4101 1034 4170 inclinat,
1091 4103 1149 4156 et
1203 4101 1311 4157 diis
1360 4100 1873 4173 omnipotentibus,
1926 4097 2022 4169 qui
2076 4115 2111 4152 a

468 4195 806 4254 Christianis
842 4197 1312 4264 contemnuntur,
1337 4194 1641 4267 juvamina
1678 4192 1952 4264 praebete.
1993 4190 2108 4244 Ad-

468 4292 754 4345 venerunt
791 4288 949 4345 enim
990 4292 1107 4345 tres
1146 4288 1413 4361 germani
1456 4304 1524 4341 ex
1564 4286 1706 4340 urbe
1747 4285 1951 4351 Roma,
1993 4300 2109 4339 uno

470 4385 670 4442 animo
698 4383 926 4440 fortiter
945 4385 1314 4451 reluctantes,
1334 4384 1393 4435 et
1409 4377 1602 4433 nescio
1626 4393 1799 4448 quem
1820 4376 2111 4432 Christum

469 4481 830 4547 conﬁtentes,
847 4482 905 4535 et
924 4480 1368 4537 contemnentes
1387 4474 1619 4528 decreta
1640 4471 1868 4542 pietatis
1884 4475 2106 4528 vestrae.

2200 1942 2446 2013 gestavit
2491 1939 2774 2013 quadriga
2812 1940 3005 2011 ignea,
3059 1956 3237 2011 quam
3282 1942 3533 1995 terrena.
3576 1941 3691 1995 Nec
3738 1940 3867 1995 hoc

2199 2037 2373 2108 plane
2405 2035 2590 2090 defuit
2627 2033 2838 2090 sanctis
2869 2032 3020 2088 viris.
3054 2034 3199 2089 Nam
3229 2032 3375 2088 sicut
3413 2033 3633 2088 Heliam
3672 2033 3865 2105 ignea

2203 2129 2486 2203 quadriga
2514 2128 2782 2201 portavit,
2814 2128 2895 2183 ita
2925 2129 2983 2183 et
3014 2130 3299 2199 martyres
3329 2127 3474 2181 ﬁdes
3504 2128 3680 2199 ignea
3715 2128 3861 2199 jam

2203 2223 2444 2280 ferebat.
2474 2222 2719 2278 Ferebat
2744 2222 2894 2290 illos,
2923 2221 3187 2293 inquam,
3217 2221 3494 2291 Christus,
3518 2222 3617 2294 qui
3646 2223 3860 2277 lumen

2205 2321 2310 2387 est,
2346 2316 2443 2390 qui
2472 2316 2627 2388 ignis
2656 2318 2759 2385 est,
2784 2316 2856 2371 de
2887 2332 3001 2387 quo
3032 2315 3307 2387 scriptum
3335 2318 3423 2370 est
3451 2332 3464 2370 :
3494 2319 3634 2371 Deus
3667 2320 3865 2373 noster

2203 2414 2346 2482 ignis
2374 2426 2690 2468 consumens
2723 2415 2818 2466 est.
2849 2411 3001 2481 Ergo
3030 2426 3162 2464 cum
3191 2410 3394 2465 beatos
3426 2409 3496 2464 de
3530 2410 3737 2481 quibus
3768 2411 3859 2465 lo-

2206 2505 2440 2578 quimur
2463 2504 2798 2577 persecutor
2826 2506 3120 2575 urgueret,
3146 2502 3471 2558 vehiculum
3494 2504 3863 2559 conscende-

2204 2603 2358 2655 runt.
2392 2598 2517 2664 Qua
2542 2598 2754 2653 causa?
2783 2601 2845 2652 ut
2882 2597 3197 2669 fugerent?
3232 2597 3412 2665 absit;
3444 2613 3562 2652 non
3592 2600 3657 2652 ut
3683 2598 3861 2669 fuge-

2205 2696 2356 2762 rent,
2391 2692 2494 2747 sed
2524 2694 2588 2747 ut
2618 2691 2692 2747 ad
2722 2690 3068 2762 martyrium
3097 2690 3261 2745 citius
3292 2689 3696 2762 pervenirent;
3732 2709 3862 2746 non

2207 2790 2271 2843 ut
2306 2787 2621 2854 latitarent,
2668 2784 2862 2858 470
2900 2784 3003 2839 sed
3039 2786 3102 2838 ut
3142 2801 3201 2838 se
3240 2784 3595 2840 Christianos
3632 2785 3863 2840 cunctis

2206 2878 2638 2936 transeuntibus
2668 2877 3133 2933 manifestarent.
3160 2878 3431 2933 Ceterum
3465 2878 3743 2934 occultius
3772 2879 3864 2934 in-

2206 2977 2296 3029 ter
2328 2975 2525 3046 plures
2548 2973 2609 3027 in
2640 2971 2867 3027 civitate
2905 2973 3084 3026 latere
3120 2974 3420 3044 poterant;
3447 2973 3548 3027 sed
3574 2973 3684 3029 hoc
3715 2990 3858 3045 ege-

2206 3070 2362 3136 runt,
2396 3071 2460 3123 ut
2496 3066 2671 3122 totius
2705 3065 2905 3138 populi
2944 3065 3139 3133 corda,
3183 3065 3323 3121 dum
3356 3082 3462 3138 per
3499 3065 3725 3122 diversa
3762 3068 3859 3122 fu-

2207 3162 2393 3234 giunt,
2426 3159 2635 3216 Christi
2665 3176 2862 3216 amore
2898 3160 3297 3215 ﬂammentur.
3329 3161 3404 3215 At
3432 3177 3565 3216 vero
3599 3160 3701 3215 ubi
3728 3161 3862 3233 quis

2205 3254 2453 3310 vehiculi
2481 3254 2764 3326 adparato
2792 3252 3089 3326 disposito,
3114 3270 3220 3325 per
3248 3269 3526 3326 aggerem
3554 3254 3860 3326 publicum

2208 3348 2503 3421 graditur;
2532 3347 2649 3403 illic
2685 3365 2804 3403 non
2832 3349 2974 3419 fuga
3001 3345 3248 3403 dicenda
3274 3351 3378 3416 est,
3411 3349 3512 3403 sed
3539 3350 3856 3420 profectus.

2206 3442 2397 3500 Sancti
2418 3442 2577 3497 enim
2598 3441 2705 3496 viri
2730 3442 2840 3497 hoc
2861 3442 3032 3509 facto,
3057 3442 3213 3497 velut
3234 3442 3295 3496 in
3317 3441 3652 3514 triumphali
3676 3460 3852 3498 curru

2206 3536 2400 3609 positi,
2446 3536 2919 3592 contestabantur
2956 3536 3214 3591 dicentes
3248 3553 3261 3590 :
3290 3537 3454 3604 Ecce,
3494 3541 3854 3609 persecutor,

2208 3648 2337 3687 ecce
2364 3630 2800 3703 proﬁciscimur,
2828 3646 2957 3685 ecce
2988 3628 3387 3701 prmcedimus.
3413 3630 3564 3694 Quid
3593 3631 3857 3686 resides?

2209 3725 2349 3798 quid
2376 3723 2661 3780 moraris?
2688 3724 3039 3796 subsequere
3068 3726 3266 3779 nostra
3285 3723 3547 3796 vestigia.
3571 3726 3852 3779 Nolumus

2210 3818 2368 3875 enim
2401 3816 2583 3874 videri
2614 3818 2775 3873 inviti
2817 3815 2950 3872 duci
2987 3817 3061 3872 ad
3099 3834 3353 3889 poenam,
3386 3817 3483 3890 qui
3522 3819 3853 3890 praecedere

2209 3930 2315 3969 nos
2343 3913 2687 3985 proﬁtemur
2710 3911 2786 3966 ad
2816 3910 3086 3983 gloriam.

2279 4008 2434 4061 Tunc
2466 4004 2749 4062 Sisinnius
2778 4004 2961 4060 comis
2994 4005 3115 4060 haec
3153 4003 3415 4073 audiens,
3440 4004 3613 4075 jussit
3645 4004 3852 4061 beatos

2208 4102 2494 4171 martyres
2522 4098 2968 4172 comprehendi;
2999 4097 3099 4170 qui
3130 4097 3311 4169 judex
3344 4098 3611 4153 hortatur
3638 4115 3759 4167 eos,
3791 4101 3857 4154 ut

2208 4194 2330 4248 Jovi
2356 4194 2530 4249 thura
2552 4193 2849 4250 offerrent.
2881 4191 3205 4247 Beatissimi
3233 4208 3367 4248 vero
3392 4192 3600 4247 famuli
3627 4193 3731 4247 Dei
3757 4210 3857 4247 ex-

2210 4290 2501 4342 secrantes
2530 4286 2798 4343 dixerunt
2822 4303 2881 4341 se
2909 4302 3233 4358 numquam
3262 4286 3568 4341 daemoniis
3592 4286 3859 4342 immola-

2210 4383 2389 4449 turos,
2414 4381 2515 4435 sed
2538 4379 2928 4452 omnipotenti
2945 4379 3190 4435 Domino
3217 4379 3316 4452 qui
3336 4379 3475 4435 fecit
3499 4381 3726 4448 caelum,
3748 4384 3857 4436 ter-

2210 4490 2356 4543 ram,
2394 4491 2557 4530 mare
2593 4477 2652 4529 et
2680 4473 2881 4529 omnia
2911 4489 3038 4545 qua:
3076 4473 3137 4527 in
3174 4472 3255 4527 eis
3291 4477 3442 4528 sunt.
3476 4474 3624 4529 Nam
3659 4473 3857 4529 omnia

468 4575 632 4631 Unde
673 4573 812 4645 quid
841 4574 1101 4645 jussione
1135 4572 1324 4626 vestra
1365 4564 1750 4634 decreveritis,
1794 4565 2108 4621 decernite.
2131 4579 2191 4652 D
2213 4567 2388 4637 idola,
2412 4567 2527 4623 sive
2548 4568 2647 4640 qui
2666 4584 2735 4623 ea
2754 4568 2969 4635 colunt,
2993 4584 3126 4622 cum
3148 4566 3367 4622 eisdem
3389 4567 3557 4622 ibunt
3576 4567 3634 4621 in
3656 4567 3854 4639 ignem

470 4668 566 4724 His
593 4666 802 4724 auditis
822 4664 1292 4724 sceleratissimus
1321 4657 1692 4716 Dioclitianus
1710 4660 2112 4715 vehementius

471 4764 558 4817 est
582 4764 931 4830 commotus,
956 4764 1015 4816 et
1038 4760 1191 4813 hanc
1212 4753 1375 4809 dedit
1398 4752 1826 4822 auctoritatem,
1855 4756 1920 4809 ut
1948 4754 1997 4809 si
2020 4771 2110 4809 sa-

470 4855 725 4911 criﬁcare
755 4853 1101 4925 noluissent,
1118 4847 1350 4921 capitali
1377 4846 1669 4902 sententia
1692 4849 2109 4919 plecterentur.

468 4950 728 5021 Cumque
748 4949 951 5020 iniqua
972 4930 1258 4999 sententia
1277 4940 1633 5015 pervenisset
1653 4940 1728 4995 ad
1744 4940 2112 4997 beatissimos

472 5045 775 5115 martyres,
807 5054 1043 5097 ascenso
1074 5036 1335 5092 vehiculo
1364 5052 1481 5090 una
1506 5051 1637 5090 cum
1663 5034 1987 5107 paedagogo
2009 5052 2111 5090 suo

470 5139 641 5193 Proto
684 5154 752 5192 ex
792 5135 931 5190 urbe
975 5128 1360 5202 Aquilegense
1403 5128 1616 5200 egressi
1655 5131 1808 5197 sunt,
1855 5128 2113 5183 divinam

473 5231 828 5303 Scripturam
870 5225 1153 5281 habentes
1179 5210 1311 5295 prae
1346 5222 1542 5292 oculis,
1586 5237 1716 5294 quae
1754 5221 1892 5277 dicit
1931 5239 1944 5278 :
1980 5221 2113 5278 Cum

461 5328 860 5396 persequentur
877 5335 970 5375 vos
991 5321 1050 5374 in
1076 5319 1296 5373 civitate
1322 5319 1449 5381 ista,
1469 5318 1648 5386 fugite
1668 5318 1727 5372 in
1749 5317 1936 5372 aliam.
1960 5317 2113 5371 Nun-

470 5418 647 5474 tiatur
675 5431 814 5487 ergo
848 5411 1221 5484 iniquissimis
1253 5410 1546 5483 judicibus
1575 5413 1805 5466 sanctos
1839 5409 1943 5465 Dei
1974 5426 2110 5481 pro-

441 5507 723 5584 perasse.
747 5510 900 5564 Tunc
930 5505 1212 5563 Sisinnius
1237 5505 1419 5562 comis
1443 5522 1559 5561 una
1586 5502 2107 5577 cumspiculatori-

468 5604 575 5661 bus
607 5623 676 5662 ex
701 5603 988 5675 praecepto
1020 5600 1349 5674 impiissimi
1382 5598 1708 5657 Dioclitiani
1743 5597 2110 5676 imperatoris

468 5696 854 5773 subsequitur.

542 5843 613 5911 (α)
645 5841 773 5911 Haec
797 5841 963 5899 verba

472 5910 833 5970 Ambrosium
857 5918 914 5972 et
931 5910 1097 5989 apud
1106 5910 1511 5999 Augustinum.

2211 4664 2577 4735 perpetuum.
2590 4662 2746 4717 Tunc
2760 4661 2975 4733 impius
2993 4660 3276 4716 Sisinnius
3294 4660 3494 4729 comis,
3509 4661 3618 4716 hoc
3636 4660 3854 4729 audito,

2210 4755 2377 4811 valde
2416 4755 2595 4811 iratus
2640 4758 2745 4823 est,
2788 4757 2846 4809 et
2891 4754 3165 4827 praecepit
3209 4754 3668 4826 spiculatoribus,
3711 4758 3774 4810 ut
3811 4753 3853 4808 si

2209 4851 2236 4906 J
2242 4850 2331 4905 ovi
2353 4850 2524 4904 thura
2545 4866 2664 4905 non
2687 4848 2984 4915 offerrent,
3009 4848 3202 4920 capita
3220 4849 3630 4920 plecterentur.
3647 4848 3860 4903 Beatis-

2211 4937 2343 4994 simi
2372 4954 2508 4993 vero
2541 4941 2825 5010 martyres
2856 4936 3123 4992 Cantiani
3153 4954 3271 4992 una
3296 4954 3428 4991 cum
3459 4939 3631 4993 Proto
3660 4937 3852 5009 paeda-

2210 5049 2364 5105 gogo
2396 5048 2498 5087 suo
2530 5032 2850 5103 gaudentes
2876 5034 2933 5086 et
2961 5032 3272 5103 psallentes
3299 5031 3661 5086 ducebantur
3687 5049 3721 5085 a
3747 5031 3852 5102 spi-

2212 5125 2581 5183 culatoribus.
2603 5126 2758 5180 Tunc
2778 5124 2938 5180 beati
2958 5125 3164 5180 famuli
3184 5125 3283 5181 Dei
3306 5124 3571 5197 expansis
3586 5124 3850 5181 manibus

2212 5220 2285 5276 ad
2320 5220 2521 5274 calum
2552 5217 2875 5274 orationem
2904 5218 3183 5274 fuderunt
3216 5219 3292 5274 ad
3321 5218 3636 5275 Dominum
3662 5218 3852 5274 dicen-

2211 5316 2330 5370 tes:
2354 5311 2595 5369 Domine
2614 5313 2642 5368 Ιῐ
2647 5330 2747 5368 esu
2767 5312 3010 5383 Christe,
3035 5313 3134 5385 qui
3150 5313 3655 5385 perseverantibus
3675 5312 3735 5367 in
3758 5315 3851 5367 tuo

2212 5406 2452 5464 nomine
2485 5410 2545 5463 te
2586 5410 2813 5479 patrem
2846 5409 2905 5462 et
2942 5410 3195 5462 matrem
3240 5405 3429 5461 dixisti
3471 5422 3616 5475 esse,
3654 5410 3713 5460 et
3751 5422 3852 5478 pro

2210 5501 2625 5575 temporalibus
2662 5503 2879 5570 futura,
2916 5504 2976 5556 et
3013 5518 3118 5573 pro
3158 5499 3426 5573 perituris
3465 5502 3767 5572 perpetua,
3799 5502 3854 5553 et

2210 5613 2315 5670 pro
2330 5594 2542 5651 divitiis
2558 5593 2803 5651 terrenis
2820 5594 3216 5667 incorruptam
3230 5594 3409 5650 vitam
3421 5597 3705 5649 aeternam
3724 5609 3855 5648 cum

2210 5690 2485 5747 felicitate
2527 5689 2666 5745 dare
2707 5688 3022 5762 promisisti
3063 5704 3077 5746 :
3108 5691 3167 5744 te
3194 5688 3587 5757 obsecramus,
3618 5688 3858 5743 Amator

1140 5857 1172 5898 e
1206 5840 1278 5897 ad
1311 5840 1647 5912 sequentem
1681 5838 2005 5909 sectionem,
2038 5834 2235 5912 paucis
2272 5832 2694 5911 praetermissis,
2725 5834 2999 5907 leguntur
3040 5833 3101 5890 in
3138 5832 3367 5907 vulgato
3407 5846 3669 5890 sermone
3705 5828 3856 5904 apud
