4006 6228
145 369 230 422 441
770 369 856 420 AD
895 366 1380 421 PRzECEDENTIA
1421 366 1752 421 LITURGL‘E
1792 366 2204 422 MONUMENTA
2243 366 2579 422 APPENDIX
2619 369 2900 424 ALTERA.

3433 375 3534 428 442

143 491 293 548 pura:
308 473 705 541 conscientize,
728 477 794 529 ut
806 474 1072 545 respicias
1089 474 1158 528 de
1178 474 1503 530 summitate
1520 476 1788 531 caelorum
1808 487 1869 560 Α
1888 475 2070 547 ligens
2099 474 2551 530 beatissimorum
2572 481 2890 547 martyrum
2915 492 3170 549 corpora,
3200 479 3448 536 condivit
3467 498 3533 537 ea

141 570 205 624 ad
233 569 380 622 hanc
409 568 643 637 horam,
672 571 739 623 ut
765 568 1034 640 suscipias
1059 569 1278 622 animas
1297 573 1518 624 nostras
1540 570 1602 624 in
1629 587 1786 643 pace,

145 669 192 719 et
218 664 366 717 inter
396 666 631 717 sanctos
656 662 874 717 Electos
901 666 1030 717 tuos
1059 662 1337 717 conlocari
1373 663 1687 734 praecipias,
1726 671 1791 721 ut

144 759 479 827 cognoscant
507 772 710 810 omnes
747 756 880 826 quia
905 760 967 810 tu
994 772 1052 810 es
1091 757 1236 811 Deus
1273 755 1425 810 solus
1464 761 1521 810 et
1554 757 1786 813 benedi-

143 856 256 905 ctus
281 850 340 903 in
365 849 606 904 saecula.
637 850 702 904 Et
727 865 857 903 cum
897 849 1274 921 complessent
1309 849 1640 919 orationem,
1681 868 1787 922 po-

143 949 331 998 nentes
378 959 577 1013 genua
621 947 990 1014 susceperunt
1041 943 1314 1015 gladium,
1357 947 1414 998 et
1452 948 1791 1014 acceperunt

143 1055 364 1092 coronas
389 1037 814 1108 sempiternas:
861 1043 918 1092 et
962 1053 1088 1093 ecce
1129 1037 1363 1108 sanguis
1402 1053 1598 1093 eorum
1640 1042 1786 1093 tam-

141 1148 302 1202 quam
327 1132 412 1184 lac
438 1130 712 1186 omnibus
737 1131 1062 1186 videntibus
1089 1131 1370 1202 apparuit.

205 1227 320 1288 Quo
351 1230 620 1296 tempore
662 1225 996 1282 venerabilis
1021 1225 1106 1280 vir
1133 1225 1329 1282 Zoelus
1356 1225 1653 1297 presbyter
1681 1227 1790 1281 col-

1891 569 2240 625 aromatibus
2278 569 2561 639 pretiosis,
2598 575 2654 625 et
2677 570 2738 625 in
2762 570 2945 625 loculo
2971 573 3299 629 conlocavit.
3346 575 3452 639 Qui
3478 581 3535 632 et

1889 663 2010 734 ipse
2035 667 2258 718 sanctus
2285 663 2482 718 Zoelus
2506 668 2635 734 post
2659 664 3012 736 aliquantum
3045 670 3270 738 tempus
3301 685 3531 741 suscep-

1890 757 2058 810 tionis
2094 773 2210 811 suae
2256 757 2361 812 hoc
2398 757 2594 814 ordine
2631 758 2883 828 perrexit
2917 760 2988 814 ad
3031 760 3350 816 Dominum.
3381 764 3531 818 Passi

1890 855 2022 905 sunt
2049 855 2240 904 autem
2266 850 2568 905 beatissimi
2587 856 2866 923 martyres
2881 853 3130 924 Cantius,
3151 856 3457 911 Cantianus
3477 863 3534 913 et

1889 943 2264 1011 Cantianella,
2316 944 2499 1015 pridie
2544 947 2661 1000 Kal.
2704 947 2925 1015 lunias,
2978 954 3252 1019 regnante
3293 951 3530 1006 Domino

1889 1042 2082 1092 nostro
2130 1039 2257 1092 Jesu
2303 1037 2545 1108 Christo,
2591 1039 2682 1093 cui
2719 1045 2801 1094 est
2843 1041 3039 1112 gloria,
3086 1043 3267 1099 honor
3319 1047 3376 1099 et
3422 1061 3526 1115 Ρο-

1890 1135 2058 1188 testas
2085 1131 2147 1186 in
2173 1131 2376 1187 saacula
2395 1131 2755 1200 saeculorum,
2782 1149 2969 1190 amen.

911 1584 1862 1701 APPENDIX
1976 1587 2778 1703 ALTERA.

138 1795 251 1895 In
360 1825 566 1926 quo
680 1795 1198 1898 variantes
1299 1799 1845 1927 scriptura;
1947 1827 2274 1896 sacrae
2379 1799 2848 1900 lectiones
2951 1801 3526 1932 praecipua:

715 1972 842 2040 ea
930 1938 1560 2040 Lectionario
1661 1936 2190 2040 Gallicana
2290 1939 2931 2042 eae/libentur.

205 2262 385 2334 471
415 2261 700 2327 Quoniam
718 2276 1064 2333 magnopere
1078 2260 1464 2318 interestscire
1483 2261 1778 2334 antiquam
1797 2274 1854 2348 B
1878 2264 2022 2333 ﬁlias
2040 2263 2336 2332 pharetrae,
2367 2263 2575 2334 Graece,
2607 2272 2726 2328 ἰοὺς.
2757 2263 3030 2334 Lection.,
3057 2265 3279 2335 phialas
3317 2265 3522 2334 phare-

143 2357 438 2428 Scripturze
466 2373 645 2411 sacra:
671 2355 1010 2425 versionem,
1043 2371 1156 2427 qua
1183 2354 1388 2428 primis
1423 2357 1778 2428 temporibus

142 2455 328 2505 usaest
353 2450 647 2506 Gallicana
671 2450 923 2517 ecclesia,
957 2448 1082 2505 ideo
1110 2449 1201 2504 hic
1239 2449 1342 2504 sub
1376 2466 1492 2504 uno
1537 2467 1775 2523 conspe-

143 2548 227 2598 ctu
253 2545 544 2599 variantes
569 2544 900 2600 Lectionarii
925 2543 1303 2616 antiquissimi
1328 2544 1597 2599 lectiones
1634 2544 1773 2600 insi-

144 2639 356 2710 gniores
381 2639 603 2694 referre
632 2639 814 2693 visum
840 2643 924 2693 est
949 2655 1136 2710 operm
1162 2638 1434 2710 pretium,
1484 2644 1550 2693 ut
1583 2655 1652 2694 ex
1688 2640 1776 2694 his

140 2732 234 2786 viri
261 2733 411 2786 docti
437 2749 606 2787 suam
632 2732 701 2787 de
730 2732 823 2786 illa
850 2731 1108 2787 versione
1154 2733 1490 2788 sententiam
1530 2737 1776 2789 statuere

141 2828 362 2898 possint.

204 2924 267 2976 Et
299 2921 490 2994 primo
533 2921 766 2994 quidem
815 2919 1130 2992 generatim
1173 2920 1589 2977 observandum
1623 2921 1772 2978 anti-

143 3033 302 3088 quam
329 3016 490 3072 illam
511 3015 831 3071 versionem
850 3015 1102 3087 Vulgatze
1126 3018 1335 3070 nostra:
1364 3016 1575 3087 passim
1599 3015 1778 3072 inhae-

143 3124 276 3180 rere,
306 3115 362 3165 et
386 3111 690 3182 plerasque
720 3109 990 3165 lectiones
1033 3108 1311 3165 variantes
1349 3109 1542 3181 potius
1586 3127 1655 3166 ex
1699 3111 1772 3165 li-

141 3203 452 3260 brariorum
481 3203 649 3276 genio
667 3204 755 3260 vel
778 3219 991 3272 errore,
1021 3219 1194 3275 quam
1220 3220 1290 3258 ex
1305 3203 1574 3259 versionis
1597 3204 1776 3276 ipsius

141 3297 508 3370 discrepantia
553 3297 906 3370 repetendas.
953 3297 1165 3353 Deinde
1191 3297 1289 3352 ubi
1327 3297 1506 3353 versio
1542 3297 1774 3370 antiqua

144 3391 318 3447 differt
362 3410 394 3445 a
439 3396 633 3446 nostra
685 3391 943 3462 Vulgata,
992 3407 1117 3446 eam
1159 3391 1385 3462 saepius,
1441 3408 1558 3446 non
1583 3395 1772 3447 tamen

144 3489 427 3556 perpetuo,
478 3501 611 3540 cum
662 3484 917 3540 versione
970 3485 1161 3538 Graeca
1211 3485 1532 3540 convenire.
1586 3485 1772 3540 Tertio

145 3578 436 3649 Scriptura:
476 3578 670 3645 libros,
703 3595 773 3633 ex
825 3578 1029 3650 quibus
1073 3577 1336 3633 lectiones
1379 3579 1441 3633 in
1479 3578 1768 3634 Lectiona-

145 3672 284 3726 rium
312 3678 572 3728 nostrum
592 3676 836 3744 acceptae
863 3676 1014 3740 sunt,
1035 3672 1138 3726 hos
1156 3672 1388 3727 omnino
1409 3688 1548 3743 esse,
1568 3689 1771 3744 nempe
1793 3643 1847 3718 Ο

146 3765 409 3838 Genesim,
451 3768 730 3836 Exodum,
769 3768 956 3836 Josue,
996 3766 1250 3836 Tobiam,
1295 3766 1507 3837 Iudith,
1550 3766 1766 3836 Esther,

148 3875 331 3916 omnes
369 3862 697 3934 prophetas,
751 3860 1002 3931 majores
1049 3876 1112 3914 ac
1157 3859 1426 3930 minores,
1475 3876 1544 3914 ex
1585 3859 1771 3916 Veteri

147 3954 524 4025 Testamento;
572 3972 642 4012 ex
687 3955 838 4009 Novo
891 3958 1102 4024 autem,
1161 3959 1404 4027 quatuor
1446 3953 1770 4026 Evangelia,

147 4048 300 4102 Actus
335 4050 740 4122 apostolorum,
789 4064 984 4104 omnes
1025 4047 1184 4102 Pauli
1224 4047 1518 4120 Epistolas,
1565 4052 1772 4120 praeter

148 4155 304 4196 unam
328 4145 395 4199 ad
424 4142 830 4215 Philippenses,
861 4157 1057 4197 omnes
1082 4141 1414 4212 Catholicas,
1459 4145 1516 4196 et
1550 4144 1768 4214 Apoca~

146 4231 332 4305 lypsin.
366 4237 632 4310 Singulos
661 4253 731 4292 ex
758 4235 954 4291 ordine
976 4251 1396 4307 percurramus.

520 4337 586 4389 IN
624 4335 872 4389 VETERI
909 4333 1374 4388 TESTAMENTO.

209 4422 398 4479 (leues.
432 4440 526 4493 vn,
559 4427 644 4487 16,
676 4423 771 4477 ubi
799 4423 1010 4494 legitur
1035 4422 1096 4476 in
1122 4423 1376 4494 Vulgata,
1409 4424 1629 4479 inclusit
1651 4439 1771 4480 eum

149 4514 384 4572 Dominus
413 4519 638 4586 deforis,
660 4516 818 4572 addit
833 4515 1250 4571 Lectionarium
1271 4517 1474 4585 deforis
1485 4519 1543 4572 in
1562 4533 1767 4580 arcam,

149 4610 284 4675 quod
327 4611 530 4666 melius
570 4612 760 4667 GI‘EBCO
809 4610 991 4666 textui
1027 4610 1349 4682 respondet,
1376 4618 1457 4666 καὶ
1480 4618 1662 4666 ἔκλεισε
1687 4618 1769 4674 τήν

149 4700 335 4750 κιϐωτὸν
355 4705 523 4760 ἔξωθεν
553 4702 701 4753 αὐτοῦ
711 4740 722 4751 .

211 4788 368 4845 Josm;
408 4808 483 4859 1v,
539 4794 621 4858 19,
671 4791 872 4845 decimo
909 4791 996 4844 die
1035 4791 1232 4845 mensis
1264 4791 1456 4859 primi,
1489 4789 1770 4844 Lectiona—

149 4878 283 4935 rium
319 4884 488 4940 habet
537 4885 738 4939 decimo
778 4899 977 4947 mense,
1019 4886 1205 4954 prima
1250 4885 1336 4939 die
1385 4885 1600 4942 mensis.
1646 4883 1770 4938 LXX

155 4971 384 5047 Vulgata:
411 4979 622 5034 favent.

215 5069 360 5128 13.41.17.
391 5089 533 5139 xxvx,
577 5075 629 5142 6,
656 5088 776 5142 pes,
810 5073 975 5142 pedes
997 5073 1278 5143 pauperis.
1326 5068 1596 5138 Lection.,
1641 5067 1768 5122 abs-

155 5175 249 5229 que
282 5166 676 5235 geminatione,
702 5182 802 5236 pes
831 5167 1114 5236 pauperis.
1167 5165 1310 5235 LXX,
1355 5171 1513 5229 πόδες,
1571 5162 1767 5218 semel.

157 5252 297 5323 lbid.,
329 5276 474 5315 vers.
519 5262 602 5330 18,
643 5265 695 5315 et
729 5263 1042 5330 peperimus
1078 5261 1335 5330 spiritum
1361 5277 1378 5312 :
1425 5258 1626 5312 salutes
1664 5273 1772 5312 non

155 5349 375 5424 fecimus,
405 5357 464 5409 in
491 5359 656 5409 terra.
686 5354 934 5409 Lection.
985 5370 1134 5422 vero,
1183 5352 1306 5407 sine
1354 5351 1769 5422 dispunctione,

156 5445 383 5510 Spiritum
409 5450 602 5504 salutis
628 5464 735 5503 non
785 5450 1012 5516 fecimus
1052 5450 1110 5501 in
1167 5453 1332 5502 terra.
1382 5446 1539 5512 LXX,
1586 5449 1774 5514 πνεῦμα

157 5547 365 5611 σωτηρίας
390 5565 481 5598 σου
510 5549 821 5611 ἐποιησαμεν.
871 5541 1176 5612 Complut.,
1209 5547 1235 5595 ὃ
1259 5546 1489 5604 ἐποίησας
1515 5569 1583 5579 -
1634 5540 1770 5609 Cap.

158 5641 238 5698 ιιι,
269 5635 345 5703 14,
375 5637 452 5690 sic
481 5636 748 5703 inglorius
777 5637 900 5690 erit.
932 5634 1200 5704 Lection.,
1242 5636 1319 5690 sic
1344 5634 1630 5704 gloriosior
1648 5634 1770 5688 erit.

160 5717 282 5792 LXX,
307 5745 437 5783 cum
462 5728 724 5801 Vulgata,
751 5736 996 5794 ἀδοξήσει.

220 5816 329 5892 4⁸7
339 5821 399 5896 2
423 5823 619 5880 leniam.
644 5839 740 5890 ιιι,
776 5827 828 5890 7,
853 5825 912 5877 in
930 5839 1098 5878 manu
1124 5823 1465 5878 inimicorum
1494 5819 1634 5889 ejus.
1651 5818 1774 5874 LXX

164 5915 302 5979 αὐτῆς.
329 5916 598 5990 Lection.,
617 5919 961 5976 inimicorum
979 5933 1237 5976 meorum.
1260 5948 1328 5958 -—
1346 5915 1554 5972 Thren.
1577 5929 1658 5984 ιιι,
1686 5914 1772 5983 13,

1792 5021 1851 5094 D

1879 2362 1994 2424 trze,
2019 2356 2163 2412 forte
2190 2357 2478 2413 mendose.

1949 2451 2148 2506 Ezscn.
2205 2467 2355 2518 LXIII,
2410 2453 2500 2518 20,
2559 2456 2610 2506 et
2662 2466 2827 2520 super
2873 2466 3125 2506 coronam
3167 2453 3227 2506 in
3268 2453 3520 2515 circuitu,

1877 2545 2084 2612 Grazce,
2124 2554 2281 2616 βασιν.
2327 2545 2598 2610 Lection.,
2635 2549 2686 2598 et
2733 2560 2896 2614 super
2926 2560 3131 2600 cornua
3168 2547 3228 2599 in
3266 2547 3517 2601 circuitu.

1876 2668 1944 2679 —-—
1971 2638 2104 2710 Cap.
2133 2655 2279 2705 xuv,
2316 2642 2369 2705 3,
2401 2640 2454 2706 4,
2485 2639 2808 2706 egredietur.
2843 2640 2914 2692 Et
2965 2639 3211 2693 adduxit
3244 2655 3346 2703 me,
3391 2656 3521 2694 cum

1876 2733 2020 2786 LXX.
2061 2732 2331 2800 Lection.,
2375 2733 2702 2800 egredietur.
2737 2732 2828 2786 Sic
2869 2734 3008 2787 sicut
3047 2737 3125 2787 est
3163 2735 3373 2797 clausa,
3409 2735 3523 2789 Rea:

1777 2853 1780 2856 η
1878 2828 2133 2881 transivit
2151 2842 2254 2896 per
2283 2842 2419 2881 eam.
2447 2829 2517 2882 Et
2541 2826 2781 2880 adduxit
2808 2841 2910 2879 me.

1947 2920 2155 2974 DANIEL
2195 2936 2274 2981 ιιι,
2326 2923 2376 2981 1,
2420 2920 2912 2977 Nabuchodonosor
2954 2935 3052 2974 rea:
3069 2921 3218 2987 fecit.
3247 2919 3518 2990 Lection.,

1876 3029 2006 3067 cum
2050 3013 2195 3081 LXX,
2244 3028 2387 3067 anno
2421 3017 2606 3068 octavo
2652 3014 2854 3068 decimo
2893 3013 3384 3069 Nabuchodonosor
3423 3030 3522 3068 rem

1873 3108 2021 3174 fecit.
2057 3105 2220 3175 Ibid.,
2253 3122 2396 3161 vers.
2421 3109 2474 3172 6,
2513 3109 2598 3172 15,
2625 3108 2715 3176 20,
2755 3109 3032 3174 fornacem
3073 3108 3216 3174 ignis
3251 3107 3520 3170 ardentis,

1875 3200 2143 3269 Lection.,
2181 3215 2313 3253 cum
2353 3200 2497 3269 LXX,
2526 3198 2741 3271 ubique
2783 3200 2956 3255 habet
2995 3201 3296 3255 ardentem.
3354 3199 3518 3266 Ibid.,

1871 3310 2016 3348 vers.
2059 3294 2148 3360 94,
2187 3294 2480 3350 Sarabala.
2525 3293 2798 3361 Lection.,
2851 3309 2982 3348 cum
3029 3295 3176 3363 LXX,
3227 3295 3516 3349 sarabara.

1872 3387 2035 3456 Ibid.,
2080 3402 2224 3442 vers.
2272 3389 2359 3455 96,
2394 3389 2633 3458 positum
2676 3393 2755 3442 est
2785 3389 2880 3442 hoc
2909 3388 3200 3443 decretum.
3239 3387 3517 3458 Lection.,

1872 3497 2003 3535 cum
2026 3481 2172 3547 LXX,
2208 3483 2548 3551 prepositum
2571 3486 2649 3536 est
2677 3482 2967 3536 decretum.
3021 3481 3184 3548 Ibid.,
3227 3497 3375 3536 vers.
3425 3485 3516 3550 97,

1872 3577 1961 3637 98,
1990 3576 2048 3628 in
2067 3576 2354 3644 provincia
2373 3575 2687 3642 Babylonis.
2710 3575 3222 3632 Nabuchodonosor.
3241 3575 3516 3642 Lection.,

1871 3670 1931 3722 in
1950 3670 2294 3737 provinciam
2321 3668 2640 3737 Babylonis,
2670 3672 2721 3723 et
2739 3669 2958 3738 scripsit
2985 3668 3278 3737 epistulam
3303 3670 3381 3722 sic
3398 3684 3520 3723 con-

1871 3764 2145 3817 tinentem.
2183 3761 2691 3829 Nabuchodonosor,
2717 3777 2845 3833 qua:
2887 3761 3055 3816 verba
3097 3760 3272 3815 etiam
3315 3761 3521 3817 desunt

1869 3854 2021 3926 apud
2045 3854 2190 3908 LXX.
2223 3885 2291 3894 —
2311 3853 2446 3926 Cap.
2480 3871 2553 3922 ιι,
2586 3855 2672 3922 14,
2705 3858 2756 3909 et
2782 3855 3034 3922 vigilavit
3058 3856 3320 3909 Dominus
3357 3870 3520 3924 super

1869 3949 2157 4003 malitiam.
2191 3948 2356 4004 Deest
2374 3963 2539 4018 super
2563 3949 2834 4003 malitiam
2864 3947 2925 4001 in
2949 3946 3322 4002 Lectionario.
3352 3947 3516 4018 Ibid.,

1871 4058 2014 4097 vers.
2069 4045 2160 4110 25,
2210 4043 2342 4097 scito
2385 4057 2510 4109 ergo
2551 4046 2602 4096 et
2637 4041 3030 4097 animadverte.
3075 4040 3329 4097 Lection.
3374 4041 3519 4097 Scito

1871 4151 2014 4203 ergo,
2043 4140 2093 4190 et
2115 4137 2317 4205 planta
2342 4151 2550 4199 aurem,
2579 4139 2630 4190 et
2661 4135 3054 4190 animadverte.

1941 4230 2084 4284 Ossa
2109 4246 2183 4291 ιν,
2211 4233 2296 4293 17,
2325 4230 2535 4284 dimitte
2564 4245 2703 4284 eum.
2730 4229 2998 4298 Lection.,
3029 4230 3264 4285 dimittet
3289 4245 3426 4284 eum.
3451 4207 3550 4272 —-‘

1870 4323 2001 4394 Cap.
2031 4339 2106 4391 vr,
2131 4327 2184 4392 6,
2213 4328 2263 4378 et
2289 4339 2398 4378 non
2416 4325 2762 4394 sacriﬁcium,
2783 4340 2915 4379 cum
2941 4324 3066 4378 LXX
3091 4323 3338 4380 Lection.
3362 4341 3516 4394 vero,

1871 4421 1923 4471 et
1949 4433 2056 4471 non
2073 4417 2373 4486 judicium.

1940 4511 2073 4565 JosL
2100 4527 2138 4580 ι,
2173 4513 2258 4580 13,
2294 4511 2502 4566 libatio.
2533 4511 2808 4579 Lection.,
2829 4513 3050 4565 oblatio.
3074 4542 3141 4551 —
3168 4512 3302 4583 Cap.
3335 4529 3394 4581 ιι,
3425 4515 3514 4581 '23,

1870 4605 2164 4659 serotinum
2208 4605 2349 4657 sicut
2388 4607 2447 4658 in
2489 4606 2784 4674 principio.
2836 4605 2950 4657 Vox
3007 4606 3146 4658 sicut
3192 4606 3348 4660 deest
3397 4622 3516 4660 non

1869 4699 2042 4754 semel
2067 4697 2127 4750 in
2156 4695 2521 4751 Lectionario.
2553 4696 2716 4764 Ibid.,
2744 4711 2889 4750 vers.
2918 4698 3009 4764 28,
3043 4699 3296 4764 spiritum
3318 4715 3513 4754 meum.

1870 4791 2141 4857 Lection.,
2169 4790 2234 4843 de
2260 4791 2462 4858 spiritu
2488 4804 2622 4854 meo,
2651 4803 2782 4842 cum
2808 4788 2954 4856 LXX,
2980 4792 3037 4843 et
3065 4788 3142 4843 sic
3167 4790 3309 4862 legit
3338 4793 3512 4848 Lucas

1870 4888 1990 4940 Act.
2019 4901 2080 4952 ιι,
2111 4884 2199 4938 47.

1945 4981 2098 5033 Amos
2128 4993 2247 5044 vm,
2280 4981 2332 5046 5,
2376 4975 2596 5046 quando
2640 4974 2896 5029 transibit
2932 4975 3151 5042 mensis,
3192 4990 3323 5029 cum
3367 4979 3514 5033 LXX.

1873 5072 2149 5141 Lection.,
2176 5072 2384 5138 messis,
2411 5069 2556 5125 forte
2584 5068 2890 5124 mendose.

1942 5167 2186 5222 MALACH.
2245 5181 2327 5235 ιιι,
2375 5168 2428 5234 3,
2477 5164 2675 5218 colabit
2719 5177 2826 5217 eos.
2863 5161 3133 5233 Lection.,
3177 5176 3308 5215 cum
3365 5161 3512 5231 LXX,

1871 5260 2125 5328 con/labit
2153 5275 2258 5328 eos,
2315 5257 2540 5314 rectius.
2592 5256 2753 5327 Ibid.,
2802 5272 2946 5310 vers.
2989 5258 3043 5325 8,
3087 5256 3404 5326 conﬁa‘imus
3443 5261 3513 5324 te,

1870 5369 2003 5407 cum
2028 5353 2173 5422 LXX,
2204 5369 2307 5424 pro
2336 5353 2650 5421 conﬁgi-mus
2702 5357 2769 5418 te,
2814 5349 2965 5422 quod
3019 5352 3100 5404 est
3143 5350 3204 5405 in
3250 5348 3510 5420 Vulgata.

1871 5447 2036 5517 Ibid.,
2068 5462 2210 5502 vers.
2259 5450 2342 5513 17,
2372 5451 2529 5501 erunt
2551 5447 2704 5500 mihi.
2735 5445 3009 5517 Lection.,
3044 5450 3202 5502 erunt
3231 5447 3364 5500 mihi
3393 5458 3515 5501 oves

1871 5559 2018 5598 mea.
2048 5573 2116 5582 —
2148 5541 2286 5612 Cap.
2319 5556 2395 5606 IV,
2439 5543 2488 5604 1,
2528 5539 2754 5608 stipula.
2792 5540 3066 5612 Lection.,
3111 5543 3250 5596 sicut
3284 5541 3511 5612 stipula.

1874 5637 2042 5691 Deest
2068 5639 2262 5690 tamen
2287 5634 2410 5690 haec
2434 5632 2707 5705 particula
2730 5633 2881 5704 apud
2917 5635 3064 5706 LXX,
3091 5635 3222 5690 licet
3233 5632 3503 5690 subintel-

1872 5728 2106 5800 ligatur.

2298 5821 2366 5876 ΙΝ
2405 5819 2586 5876 ΝΟνο
2624 5818 3088 5875 TESTAMENTO.

1948 5915 2264 5985 MATTH.V1,
2306 5917 2359 5969 11
2373 5955 2388 5984 ,
2418 5912 3012 5986 supersubstantialem.
3055 5911 3323 5973 Lection.,
3368 5910 3509 5965 Coti-
