4006 6228
438 364 538 423 443

1226 370 1559 426 APPENDIX
1593 370 1682 425 AD
1722 369 1946 425 οΡΕιιΑ
1980 366 2217 424 SANCTI
2252 368 2553 424 cr:le
2590 334 3017 426 PdeSlENSlS.

3724 369 3838 439 444

444 476 708 543 dianum;
736 480 794 535 et
811 494 954 536 vers.
985 482 1077 546 20,
1117 482 1458 550 ewterminat,
1503 496 1608 552 pro
1648 480 1975 545 demolitur;
2022 482 2080 536 et
2099 488 2158 562 Α
2178 477 2299 533 hinc
2326 494 2471 534 vers.
2502 480 2590 550 33,
2623 481 2794 536 omnis
2820 479 3009 536 domus
3034 477 3175 549 ejus.
3195 475 3470 550 Lection.,
3497 492 3680 535 omnes
3707 478 3833 548 eius

443 586 590 627 vers.
616 574 706 643 23,
726 579 948 644 quantae
970 579 1119 643 sunt,
1146 591 1250 646 pro
1269 579 1490 645 quantae
1514 579 1709 642 erunt;
1731 579 1787 630 et
1808 589 1954 629 vers.
1985 576 2076 644 25,

442 666 577 735 quid
602 668 962 732 manducetis,
990 674 1090 724 aut
1112 669 1247 738 quid
1268 669 1484 736 bibatis,
1504 683 1696 738 neque,
1718 684 1849 723 cum
1860 666 2077 735 Graeco,

442 775 547 830 pro
595 762 731 831 quid
762 764 1116 826 manducetis,
1171 777 1373 832 neque;
1434 766 1492 818 et
1533 778 1679 820 vers.
1722 765 1811 833 33,
1857 763 2080 832 quaerite

409 898 418 916 .
442 858 642 918 autem,
670 871 801 910 cum
825 856 1036 923 Graeco,
1056 871 1161 927 pro
1193 858 1419 926 quam'te
1449 873 1669 926 ergo.-——-
1712 857 1847 929 Cap.
1889 873 2078 921 xxvnl,

445 949 497 1010 3,
524 952 575 1003 et
596 952 913 1004 vestimenta
937 950 1055 1018 ejus
1080 952 1222 1005 sicut
1244 953 1363 1005 nim.
1396 951 1671 1020 Lection.,
1706 953 2082 1009 vestimentum

443 1042 560 1110 ejus
586 1043 882 1097 candidum
899 1044 1043 1098 sicut
1063 1046 1181 1107 nire,
1212 1060 1345 1099 cum
1368 1046 1579 1101 Graeco.

512 1133 707 1207 473
740 1137 910 1191 Mane.
942 1153 1051 1201 xv1,
1086 1139 1169 1206 14,
1196 1142 1559 1196 resurrexisse
1576 1156 1686 1195 non
1710 1140 2075 1196 crediderunt.

442 1228 714 1300 Lection.,
747 1233 1112 1286 resurremisse
1154 1234 1544 1290 nunciantibus
1570 1235 1684 1290 illis
1709 1251 1819 1290 non
1845 1235 2082 1291 credide-

443 1327 593 1377 runt.

432 1440 439 1447 -
510 1416 644 1487 LUC,
673 1432 731 1486 Il,
760 1420 814 1487 2,
838 1434 873 1471 a
886 1419 1146 1487 praeside.
1174 1419 1447 1491 Lection.,
1471 1422 1570 1476 sub
1591 1423 1923 1492 praeside.—
1942 1423 2078 1495 Cap.

441 1525 538 1579 x11,
561 1512 651 1579 31,
680 1514 905 1581 quaerite
921 1514 1182 1582 primum,
1214 1515 1378 1570 Deest
1405 1515 1464 1569 in
1494 1516 1763 1588 Lection.,
1801 1520 2079 1589 primum;

440 1607 496 1658 et
522 1603 583 1658 in
612 1603 805 1658 Grmco
822 1623 838 1673 ;
873 1604 1036 1673 ibid.,
1064 1621 1209 1662 vers.
1236 1608 1326 1679 43,
1356 1613 1565 1665 venerit
1588 1612 1871 1668 Dominus.
1916 1611 2084 1667 Addit

439 1696 710 1766 Lection.,
751 1699 921 1762 illius,
952 1715 1084 1754 cum
1111 1700 1322 1757 Graeco.
1354 1734 1424 1743 —
1448 1704 1581 1776 Cap.
1610 1722 1720 1775 xxv,
1778 1710 1863 1776 12,
1911 1722 2083 1776 neque

439 1793 642 1846 vicinos
668 1792 883 1849 divites.
912 1794 1183 1863 Lection.,
1215 1812 1386 1867 neque
1413 1800 1638 1863 vicinos,
1668 1815 1838 1869 neque
1866 1801 2079 1855 divites.

2180 588 2313 628 cum
2338 572 2566 629 Graecis.

2663 674 2726 718 IN
2769 672 3090 719 EPISTOLIS
3131 673 3311 719 PAULI
3321 702 3335 716 .

2251 759 2399 815 Rom.
2428 774 2545 829 vni,
2577 761 2632 829 3,
2658 760 2990 828 impossibile
3009 762 3128 814 erat
3153 759 3289 827 legi;
3310 758 3371 813 in
3389 757 3637 815 Lection.
3667 760 3834 829 legis,

2179 855 2246 907 ut
2270 851 2330 908 in
2354 852 2567 923 Graeco,
2596 858 2769 925 νομοῦ.
2816 854 2885 908 Et
2924 869 3071 909 vers.
3113 855 3199 923 16,
3238 854 3356 923 ipse
3397 855 3539 909 enim
3579 855 3842 924 spiritus.

2180 947 2347 1003 Deest
2368 946 2431 1001 in
2460 949 2703 1019 utroque
2726 946 3006 1018 particula
3033 948 3196 1001 enim.
3221 947 3367 1002 Tum
3393 962 3541 1003 vers.
3579 950 3670 1017 23,
3698 948 3844 1018 ﬁlio-

2180 1058 2303 1098 rum
2332 1044 2449 1099 Dei.
2477 1043 2645 1098 Deest
2669 1040 2977 1113 utrobique
3003 1042 3197 1095 Dei.—
3222 1040 3362 1111 Cap.
3389 1057 3485 1106 xv,
3516 1044 3607 1110 22,
3636 1047 3690 1097 et
3707 1056 3845 1113 pro-

2182 1140 2385 1195 hibitus
2412 1153 2533 1192 sum
2556 1151 2726 1207 usque
2770 1135 2967 1190 adhuc.
2997 1134 3161 1191 Deest
3187 1134 3248 1190 in
3283 1134 3636 1190 Lectionario
3684 1139 3741 1191 et
3774 1135 3841 1191 in

2181 1233 2395 1289 Graeco.
2418 1230 2584 1301 Ibid.,
2611 1246 2760 1286 vers.
2776 1231 2868 1297 29,
2884 1229 3190 1297 Evangelii.
3218 1229 3383 1286 Deest
3405 1228 3467 1285 in
3491 1229 3837 1299 Lectionar.,

2183 1341 2512 1399 quanquam
2540 1323 2784 1379 habetur
2813 1322 2875 1377 in
2901 1323 3118 1378 Graeco.

2254 1422 2275 1475 Ι
2304 1421 2440 1476 Con.
2474 1434 2571 1487 vn,
2601 1421 2692 1487 39,
2741 1417 2973 1472 liberata
3008 1420 3104 1471 est.
3140 1416 3389 1472 Lection.
3421 1416 3598 1488 addit,
3630 1433 3667 1472 a
3698 1419 3838 1487 lege.

2181 1543 2251 1555 —
2281 1514 2415 1585 Cap.
2440 1529 2495 1582 x,
2522 1515 2608 1580 17,
2640 1511 2705 1565 de
2733 1526 2841 1564 uno
2864 1525 3012 1580 pane
3025 1512 3450 1581 participamus.
3470 1510 3745 1581 Lection.,
3770 1512 3841 1566 de

2183 1623 2290 1663 uno
2312 1622 2460 1678 pane
2490 1609 2540 1661 et
2576 1606 2644 1660 de
2668 1620 2776 1660 uno
2804 1604 2968 1659 calice
2993 1606 3258 1675 particip.
3304 1605 3366 1658 In
3399 1620 3547 1659 nova
3586 1604 3842 1660 editione

2182 1702 2375 1757 Graeca
2401 1697 2706 1755 Oxoniensi
2724 1697 2960 1769 quidam
3000 1697 3179 1752 Graeci
3215 1697 3447 1753 Codices
3480 1697 3560 1752 ita
3597 1697 3838 1754 habent.

2182 1826 2251 1836 —
2274 1795 2407 1866 Cap.
2455 1810 2549 1861 xv,
2599 1796 2690 1862 21,
2740 1792 2997 1862 quoniam
3041 1791 3278 1861 quidem,
3320 1807 3454 1846 cum
3490 1791 3726 1860 Graecis;
3779 1796 3843 1848 at

440 1884 547 1939 Sed
571 1886 926 1955 praeferenda
951 1888 1215 1960 Vulgata,
1243 1865 1337 1944 cui
1362 1891 1583 1946 Graecus
1610 1865 1797 1947 textus
1825 1892 1994 1949 favet.
2012 1925 2081 1934 -
2100 1865 2157 1938 B
2180 1865 2455 1958 Lection.,
2487 1903 2605 1942 non
2633 1885 2829 1956 semel,
2863 1886 3122 1954 quoniam
3149 1887 3309 1941 enim.
3342 1884 3503 1953 Ibid.,
3545 1901 3695 1940 vers.
3742 1889 3838 1956 52,

441 1977 577 2049 Cap.
606 1995 753 2049 xxxv,
778 1980 866 2050 24,
897 1983 1080 2052 ipsum
1114 1999 1238 2038 vero
1274 2000 1384 2039 non
1423 1986 1769 2042 invenerunt.
1809 1986 2080 2052 Lection.,

441 2073 621 2139 ipsum
649 2088 771 2128 vero
791 2090 901 2129 non
923 2076 1199 2145 viderunt,
1228 2094 1361 2132 cum
1389 2079 1602 2134 Graeco.
1624 2080 1637 2088 ’

511 2166 674 2220 low.
711 2182 772 2236 II,
804 2170 889 2237 10,
928 2184 1049 2224 cum
1078 2171 1338 2227 inebriati
1358 2174 1593 2240 fuerint.
1625 2173 1872 2229 Lection.
1901 2175 2077 2246 addit,

440 2260 690 2315 convivae.
719 2290 788 2301 —
814 2261 948 2334 Cap.
976 2280 1031 2334 x,
1069 2267 1155 2334 11,
1178 2267 1359 2334 ponit,
1389 2282 1522 2321 cum
1550 2267 1766 2336 Graeco,
1813 2284 1918 2340 pro
1959 2269 2077 2332 dat,

441 2352 596 2424 quod
620 2354 830 2425 legitur
856 2355 916 2411 in
940 2356 1196 2429 Vulgata.
1217 2388 1284 2398 —
1311 2359 1444 2430 Cap.
1466 2375 1543 2427 χι,
1579 2364 1664 2429 10,
1692 2363 1744 2415 si
1765 2366 1946 2417 autem
1975 2378 2086 2417 am-

441 2446 725 2503 bulaverit.
755 2448 1023 2519 Lection.,
1055 2466 1188 2505 cum
1217 2452 1430 2520 Graeco,
1462 2456 1513 2508 si
1535 2456 1656 2523 quis
1704 2455 2083 2511 ambulaverit.

443 2568 512 2580 -—
537 2540 672 2612 Cap.
702 2557 800 2605 xu,
838 2545 890 2613 6,
925 2545 1207 2613 portabat.
1250 2545 1522 2614 Lection.,
1570 2550 1912 2618 asportabat,
1957 2565 2086 2621 quas

440 2632 605 2689 lectio
652 2633 801 2689 favet
834 2635 1141 2691 doctissimi
1186 2638 1369 2694 Huetii
1420 2640 1905 2712 interpretationi,
1987 2643 2087 2715 qui

442 2726 679 2782 verbum
691 2734 945 2793 ἐϐάσταζεν
962 2731 1068 2785 hoc
1078 2731 1200 2787 loco
1220 2732 1290 2788 de
1304 2734 1458 2788 furto
1480 2734 1907 2806 interpretatur.
1931 2736 2085 2793 Idem

441 2835 587 2876 vers.
616 2823 668 2892 8,
698 2822 964 2878 habebitis
987 2823 1048 2879 in
1075 2825 1443 2897 Lectionario,
1472 2843 1576 2899 pro
1601 2828 1829 2885 habetis.

823 2931 889 2975 IN
929 2931 1186 2979 ACTIBUS
1228 2934 1708 2983 APOSTOLOBU’M.

512 3011 646 3065 Acr.
673 3026 712 3080 1,
741 3013 797 3078 2,
814 3028 915 3082 per
940 3013 1209 3083 Spiritum
1236 3019 1485 3071 sanctum
1511 3017 1841 3087 quosIelegit,
1869 3032 2084 3073 assum-

436 3107 570 3172 ptus
593 3107 708 3159 est:
735 3107 931 3175 quibus
952 3112 1001 3162 et
1014 3109 1254 3177 praebuit
1279 3123 1355 3164 se.
1381 3109 1656 3180 Lection.,
1680 3126 1785 3181 per
1814 3110 2086 3181 Spiritum

441 3200 691 3254 sanctum
707 3200 1013 3268 praedicare
1040 3203 1418 3271 Evangelium,
1434 3219 1568 3273 quos
1594 3207 1644 3260 et
1662 3205 1821 3273 elegit
1847 3218 1865 3254 .'
1888 3206 2083 3275 quibus

443 3292 605 3346 etiam
622 3293 861 3360 praebuit
888 3308 961 3348 se.
991 3295 1134 3349 Tum
1157 3311 1301 3351 vers.
1344 3297 1378 3350 4
1403 3313 1416 3351 :
1463 3299 1535 3352 Et
1566 3313 1687 3353 cum
1735 3314 2082 3354 eonversare-

445 3389 536 3439 tur
559 3399 679 3439 cum
700 3386 834 3449 illis,
854 3390 1117 3457 praecepit
1133 3391 1228 3444 eis.
1245 3389 1476 3455 Deinde,
1509 3391 1919 3462 baptizabimini
1955 3393 2082 3463 Spi-

442 3479 555 3531 ritu
574 3484 778 3543 sancto,
810 3496 967 3549 quem
992 3485 1269 3552 accepturi
1293 3487 1421 3539 estis
1447 3500 1560 3539 non
1585 3491 1717 3555 post
1757 3487 1953 3542 multos
1988 3487 2084 3542 hos

442 3572 652 3628 dies.——
667 3572 800 3644 Cap.
825 3591 883 3645 ιι,
905 3577 994 3644 33,
1015 3576 1209 3631 videtis
1232 3580 1283 3632 et
1297 3578 1548 3647 auditis,
1570 3578 1740 3635 etiam
1764 3578 1827 3633 in
1853 3579 2080 3649 Graeco;

442 3670 507 3720 ut
535 3666 596 3720 in
625 3667 895 3738 Lection.,
916 3669 1139 3726 vidistis
1165 3675 1219 3727 et
1241 3672 1496 3728 audistis.
1513 3703 1583 3714 —
1602 3672 1734 3744 Cap.
1754 3689 1838 3743 ιιι,
1865 3675 1950 3743 12,
1977 3676 2084 3729 vir-

444 3764 558 3815 tute
580 3765 679 3817 aut
684 3766 951 3833 potestate
971 3782 989 3830 ;
1012 3763 1071 3819 in
1088 3764 1360 3835 Lection.,
1377 3768 1577 3822 virtute
1596 3772 1648 3821 et
1655 3768 1864 3836 pietate
1884 3785 1902 3833 ;
1937 3768 2084 3823 Grai-

443 3853 540 3922 cis,
596 3862 836 3912 εὐσέϐεια.
890 3887 962 3898 ——
1011 3857 1148 3929 Cap.
1195 3876 1248 3926 v,
1300 3861 1391 3923 24,
1447 3861 1745 3930 principes.
1807 3860 2080 3931 Lection.,

434 3950 715 4019 princeps:
741 3950 952 4019 Graece,
982 3959 1149 4024 ῐερεὺς.
1186 3954 1325 4008 Item
1354 3956 1620 4022 vers.'36,
1650 3969 1755 4024 pro
1779 3956 1878 4024 qui
1899 3955 2082 4011 crede-

443 4041 594 4104 bant,
646 4042 890 4099 Lection.
915 4085 929 4111 ,
984 4048 1308 4116 quicumque
1362 4048 1681 4115 credebant;
1740 4048 1802 4102 in
1866 4048 2078 4117 Graeco,

441 4141 565 4190 ὅσοι.
594 4135 733 4191 Item
760 4153 903 4193 vers.
928 4138 1022 4207 40,
1052 4139 1153 4195 ubi
1171 4140 1234 4195 in
1258 4139 1520 4212 Vulgata,
1544 4156 1611 4195 ne
1634 4143 1853 4197 omnino
1897 4142 2082 4211 loque-

438 4231 650 4298 rentur,
680 4230 1026 4287 Lectionario
1065 4234 1221 4290 deest
1261 4236 1499 4297 omnino,
1539 4238 1606 4289 ut
1643 4234 1815 4290 etiam
1854 4234 2078 4290 Graecis.

441 4353 511 4363 -
539 4322 672 4394 Cap.
704 4340 779 4395 v1,
810 4328 897 4397 10,
924 4329 1127 4397 spiritu
1157 4330 1255 4398 qui
1284 4327 1623 4396 loquebatur.
1665 4327 1934 4395 Lection.,
1975 4344 2081 4398 quo

442 4417 781 4487 loquebatur,
810 4436 942 4475 cum
983 4421 1212 4476 Grecis.
1250 4422 1395 4475 Tum
1441 4422 1587 4475 vers.
1623 4424 1707 4490 13,
1754 4421 1923 4477 verba
1962 4423 2078 4478 bla-

439 4512 691 4580 sphemia:
718 4511 899 4583 (sicin
934 4514 1143 4585 Graeco)
1196 4513 1459 4568 adversus
1503 4514 1677 4569 locum
1719 4520 1986 4580 sanctum,
2031 4521 2083 4571 et

2180 1987 2338 2039 canet
2373 1984 2517 2037 enim
2563 1980 2717 2036 tuba.
2753 1979 2918 2035 Deest
2943 1978 3164 2035 duobus
3211 1978 3275 2034 in
3316 1977 3453 2033 locis
3500 1978 3842 2034 Lectionarii

2183 2077 2336 2131 tuba.
2363 2076 2631 2131 Attamen
2652 2071 2955 2145 Gregorius
2978 2071 3323 2128 Turonensis
3367 2071 3682 2145 episcopus,
3701 2073 3842 2127 tuba

2182 2169 2323 2241 legit
2348 2169 2411 2223 in
2438 2167 2699 2223 Historias
2726 2166 2823 2221 lib.
2859 2182 2893 2222 x
2922 2181 3046 2238 cap.
3083 2168 3168 2221 13.

2255 2263 2456 2319 Guar.
2484 2279 2540 2332 v,
2576 2264 2661 2331 13,
2693 2262 2977 2316 caritatem
3003 2261 3267 2330 spiritus;
3291 2259 3353 2314 in
3376 2259 3629 2315 Lection.
3679 2259 3842 2316 deest

2185 2357 2434 2427 spiritus,
2462 2354 2607 2411 sicut
2630 2354 2801 2410 etiam
2824 2354 2885 2408 in
2914 2354 3125 2408 Graeco.
3164 2353 3327 2423 Ibid.,
3365 2369 3508 2409 vers.
3539 2355 3632 2421 20,
3665 2352 3838 2408 haere-

2185 2465 2288 2513 ses,
2315 2466 2420 2521 pro
2445 2454 2616 2505 sectas.
2643 2447 2807 2518 Ibid.,
2832 2463 2978 2504 .vers.
3010 2449 3101 2516 22,
3132 2446 3193 2505 in
3234 2446 3584 2503 Lectionario
3615 2446 3840 2503 fructus

2186 2542 2417 2615 spiritus
2437 2546 2660 2599 tantum
2689 2541 2888 2597 decem
2905 2546 3285 2597 numerantur
3303 2541 3411 2597 hoc
3430 2542 3631 2597 ordine
3654 2561 3670 2597 :
3703 2543 3843 2600 Cha-

2182 2641 2344 2703 ritas,
2366 2636 2651 2706 gaudium,
2663 2651 2803 2706 pan,
2826 2637 3124 2706 patientia,
3167 2636 3575 2704 longanimitas,
3598 2636 3837 2700 bonitas,

2189 2733 2515 2801 benignitas,
2539 2731 2695 2801 ﬁdes,
2721 2730 3006 2794 modestia,
3037 2731 3390 2785 continentia.
3420 2730 3482 2784 In
3504 2730 3697 2785 Graeco
3716 2735 3841 2785 tan-

2184 2830 2311 2881 tum
2330 2841 2557 2895 novem,
2586 2822 2684 2879 sed
2712 2831 3019 2896 μακροθυμία
3044 2823 3278 2895 ponitur
3316 2839 3420 2894 pro
3458 2826 3737 2894 patientia
3779 2828 3842 2880 et

2187 2921 2617 2988 longanimitate.
2646 2949 2716 2960 —
2740 2918 2872 2989 Cap.
2902 2934 2976 2985 v1,
3013 2920 3098 2989 12,
3128 2918 3453 2989 quicumque
3471 2919 3635 2980 enim,
3680 2917 3841 2973 deest

2186 3015 2327 3069 enim
2347 3013 2409 3069 in
2435 3012 2791 3069 Lectionario
2816 3015 2875 3067 et
2898 3011 2959 3066 in
2988 3015 3150 3066 textu
3179 3011 3392 3067 Graeco.
3430 3011 3493 3069 in
3529 3010 3839 3067 Oxoniensi

2187 3109 2380 3163 tamen
2408 3106 2654 3163 editione
2676 3105 2914 3178 quidam
2940 3105 3172 3162 Codices
3194 3107 3466 3163 notantur
3505 3121 3611 3178 pro
3651 3105 3835 3178 parti-

2184 3201 2311 3256 cula
2334 3208 2443 3273 γὰρ.
3112 3190 3117 3195 Δ

2253 3296 2451 3349 EPHES.
2498 3310 2575 3359 IV,
2607 3297 2696 3359 22,
2750 3294 3103 3364 adimpletur.
3145 3293 3416 3362 Lection.,
3465 3294 3731 3366 adimplet
3775 3296 3839 3349 in

2184 3388 2396 3443 Christo
2421 3390 2570 3451 Iesu,
2613 3390 2831 3460 Anceps
2877 3391 2963 3444 est
2994 3386 3361 3459 participium
3393 3388 3652 3443 Graecum
3697 3397 3829 3454 πλη-

2186 3489 2440 3555 ρουμένου.
2463 3512 2533 3522 -
2557 3482 2690 3553 Cap.
2721 3498 2780 3551 ιι,
2812 3484 2902 3552 22,
2930 3484 2990 3537 in
3016 3484 3237 3552 spiritu.
3282 3481 3555 3551 Lection.,
3599 3485 3662 3537 in
3705 3483 3833 3553 Spi-

2182 3579 2296 3632 ritu
2325 3579 2529 3631 sancto.
2562 3578 2634 3631 At
2656 3580 2845 3631 sancto
2869 3575 3154 3632 redundat
3191 3575 3504 3632 secundum
3549 3577 3741 3632 Graeca
3778 3581 3838 3633 et

2182 3669 2549 3725 Ambrosium
2592 3671 2763 3741 atque
2791 3669 3219 3742 Hieronymum.
3249 3700 3318 3709 —
3362 3670 3495 3742 Cap.
3537 3687 3592 3740 ν,
3636 3673 3725 3740 18,
3773 3672 3834 3726 in

2183 3779 2289 3835 quo
2315 3768 2395 3819 est
2420 3764 2665 3819 luxuria.
2692 3762 2964 3833 Lection.,
2994 3766 3059 3826 in
3080 3780 3185 3834 quo
3231 3768 3309 3820 est
3346 3766 3519 3820 omnis
3567 3765 3832 3833 luxuria;

2182 3857 2242 3912 in
2266 3858 2480 3925 Graeco,
2500 3856 2851 3929 simpliciter,
2881 3863 3086 3913 ἀσωτία.

2255 3953 2424 4007 Hann.
2451 3966 2527 4022 x1,
2559 3953 2612 4019 6,
2636 3952 2853 4020 placere
2883 3953 3009 4006 Deo.
3038 3952 3204 4007 Deest
3228 3954 3334 4006 Deo
3381 3950 3440 4006 in
3476 3951 3832 4008 Lectionario

2183 4048 2241 4101 et
2285 4044 2347 4100 in
2385 4049 2546 4101 textu
2588 4044 2800 4114 Graeco,
2846 4043 3022 4100 etiam
3066 4044 3220 4116 apud
3252 4044 3722 4117 Chrysostomum
3776 4050 3835 4103 et

2157 4137 2688 4210 ~Theophylactum.
2760 4135 2923 4207 Ibid.,
2970 4153 3114 4192 vers.
3162 4141 3253 4208 21,
3306 4140 3595 4207 fastigium
3640 4141 3828 4208 virgae.

2182 4231 2454 4300 Lection.,
2480 4233 2789 4300 fastigium,
2815 4246 3073 4287 cacumen
3095 4233 3282 4300 virgae,
3303 4231 3405 4287 ubi
3428 4231 3832 4303 duplexversio

2180 4324 2330 4379 vocis
2353 4325 2561 4379 Graecae
2586 4331 2641 4380 τὸ
2668 4331 2833 4396 ἄκρον,
2864 4327 2928 4381 ut
2954 4324 3126 4379 etiam
3150 4324 3300 4380 infra
3323 4341 3469 4381 vers.
3500 4325 3569 4381 24
3610 4326 3672 4381 in
3723 4327 3827 4382 Le-

2180 4417 2450 4474 ctionario
2490 4418 2619 4483 dici,
2668 4432 2801 4482 esse,
2848 4434 2954 4490 pro
2991 4418 3182 4474 Greece
3231 4426 3468 4488 λέγεσθαι.
3504 4419 3697 4475 Potius
3749 4424 3831 4476 est

2180 4512 2334 4584 quod
2357 4527 2502 4568 vers.
2533 4514 2604 4567 25
2631 4510 2843 4583 legitur
2867 4528 3000 4567 cum
3015 4512 3226 4583 Graeco,
3251 4514 3597 4583 temporalem
3618 4516 3833 4584 peccati

439 4606 626 4667 Deum,
659 4611 710 4661 et
739 4607 925 4676 legem,
961 4606 1059 4661 ubi
1090 4604 1301 4677 legitur
1327 4606 1389 4660 in
1406 4607 1662 4679 Vulgata,
1692 4609 1856 4663 verba
1881 4609 2077 4664 adver-
2097 4605 2596 4683 Djucunditatem,
2623 4620 2739 4660 non
2766 4606 3100 4676 temporalis,
3123 4611 3189 4661 ut
3215 4605 3276 4661 in
3302 4606 3572 4677 Vulgata;
3600 4611 3657 4662 et
3673 4624 3818 4663 vers.

437 4712 531 4752 sus
566 4699 738 4753 locum
762 4703 1029 4763 sanctum,
1057 4704 1108 4754 et
1128 4700 1312 4767 legem.
1341 4730 1410 4741 --
1433 4701 1569 4772 Cap.
1597 4717 1691 4769 vn,
1736 4705 1825 4773 59,
1878 4703 2075 4759 obdor-

438 4793 593 4846 mivit
621 4793 681 4845 in
704 4794 948 4846 Domino.
976 4792 1226 4849 Lection.
1259 4793 1417 4850 deest
1440 4797 1500 4849 in
1523 4797 1768 4859 Domino,
1808 4795 1895 4851 uti
1924 4800 1982 4852 et
2017 4796 2079 4852 in

435 4885 736 4940 Graeco.—
761 4885 896 4956 Cap.
928 4903 1025 4956 ιιιι,
1055 4890 1108 4957 8,
1155 4888 1360 4957 caligas
1399 4893 1543 4945 tuas.
1587 4888 1859 4957 Lection.,
1904 4891 2070 4957 galli-

436 4979 588 5033 culas
608 4982 763 5046 tuas;
791 4978 1017 5051 Graecis,
1043 4989 1103 5037 τὰ
1126 4988 1372 5038 σανδάλια.
1391 4983 1531 5038 Item
1548 4998 1694 5037 vers.
1727 4985 1812 5053 13,
1821 4983 2080 5052 pulsante

435 5077 617 5128 autem
645 5088 704 5127 eo
729 5075 925 5129 ostium
942 5076 1156 5145 januav,
1187 5079 1471 5146 processit,
1514 5080 1581 5131 ut
1624 5075 1685 5130 in
1719 5075 1931 5131 Grmco.
1972 5077 2077 5133 Le-

435 5166 632 5234 ction.,
662 5167 922 5236 pulsante
947 5173 1126 5225 autem
1157 5185 1236 5233 eo,
1265 5171 1341 5224 ad
1353 5171 1592 5239 januam
1608 5172 1891 5240 processit.
1936 5171 2080 5226 Tum

434 5278 581 5319 vers.
612 5260 697 5331 14,
726 5266 789 5317 ut
805 5265 1136 5331 cognovisset
1156 5279 1348 5318 nomen
1380 5264 1550 5327 Petri,
1585 5280 1690 5335 pro
1732 5268 1795 5320 ut
1836 5266 2082 5332 cognovit

432 5372 609 5412 vocem
636 5356 805 5419 Petri,
832 5356 1005 5411 etiam
1032 5357 1241 5412 Greece.
1269 5387 1340 5396 -—
1362 5356 1499 5427 Cap.
1522 5373 1643 5427 xm,
1672 5360 1762 5427 20,
1807 5358 2076 5428 quadrin-

433 5452 613 5516 gintos
643 5454 694 5505 et
718 5452 1141 5521 quinquaginta,
1173 5452 1240 5504 ut
1261 5449 1323 5505 in
1369 5450 1580 5506 Graeco.
1620 5451 1891 5521 Lection.,
1938 5468 2078 5523 qua-

437 5542 755 5610 dringentos
781 5549 832 5599 et
856 5545 1250 5614 quadraginta.
1276 5543 1421 5598 Tum
1449 5559 1593 5601 vers.
1621 5548 1710 5615 3'7,
1737 5547 2022 5601 suscitavit
2045 5562 2082 5600 a

432 5638 681 5690 mortuis.
709 5637 872 5693 Deest
898 5655 934 5693 a
958 5640 1185 5693 mortuis
1214 5636 1276 5692 in
1301 5637 1552 5694 Lection.
1582 5643 1639 5694 et
1666 5638 1727 5694 in
1755 5639 1969 5695 Graaco.
2010 5669 2080 5680 -—

435 5728 569 5799 Cap.
608 5744 722 5795 va,
766 5733 855 5799 22,
892 5733 1150 5787 cucurrit.
1194 5731 1464 5803 Lection.,
1514 5735 1823 5800 concurrit;
1861 5734 2073 5804 Graece,

438 5827 721 5884 συνεπέστη·
768 5822 976 5876 Deinde
1020 5823 1216 5895 4⁵74
1271 5840 1414 5879 vers.
1482 5826 1574 5891 24,
1629 5827 1856 5879 strinxit
1911 5827 2078 5893 ligno.

440 5910 717 5982 Lection.,
746 5914 807 5969 in
848 5914 1018 5986 ligno,
1072 5932 1177 5988 pro
1223 5919 1285 5973 in
1327 5919 1571 5989 lignum;
1613 5924 1681 5981 εις
1699 5924 1754 5975 τὸ
1778 5922 1932 5982 ξύλον.
1998 5918 2082 5975 Ad

2178 4703 2268 4767 30,
2294 4703 2525 4755 ruerunt
2554 4700 2772 4754 circuiti
2798 4715 2929 4754 cum
2956 4700 3172 4769 Graeco,
3199 4698 3299 4755 ubi
3335 4699 3397 4755 in
3423 4699 3681 4771 Vulgata,
3712 4716 3822 4757 car-

2177 4798 2409 4849 ruerunt
2436 4793 2690 4849 circuitu.
2717 4822 2787 4833 —
2827 4792 2961 4864 Cap.
2993 4809 3112 4856 x111,
3146 4798 3198 4863 1,
3224 4797 3442 4849 maneat
3470 4794 3530 4847 in
3554 4794 3727 4849 vobis.
3759 4796 3819 4849 In

2176 4885 2525 4944 Lectionario
2545 4886 2703 4943 deest
2723 4888 2786 4942 in
2812 4886 2983 4954 vobis,
3013 4890 3183 4959 atque
3210 4886 3271 4942 in
3311 4886 3539 4957 Graeco;
3581 4890 3640 4943 et
3674 4902 3816 4944 vers.

2179 4985 2233 5051 9,
2264 4981 2522 5044 stabiliri,
2553 4995 2657 5052 pro
2684 4980 2949 5036 stabilire.

2591 5088 2655 5132 IN
2699 5086 3017 5133 EPISTOLIS
3060 5085 3406 5133 CANONICIS.

2252 5168 2373 5241 47
2385 5167 2444 5241 5
2458 5169 2649 5225 ΙΑοοΒι
2663 5183 2786 5240 cap.
2808 5184 2847 5239 ι,
2862 5170 2915 5238 8,
2933 5170 3253 5224 inconstans
3268 5172 3366 5225 est.
3386 5168 3553 5226 Deest
3563 5168 3626 5225 in
3639 5170 3822 5227 Lectio

2179 5263 2339 5319 nario
2364 5264 2423 5317 et
2450 5262 2513 5318 in
2536 5262 2728 5318 Graeco
2758 5266 2855 5318 est.
2884 5262 3038 5318 Vers.
3072 5265 3159 5333 11,
3203 5263 3511 5320 itineribus.
3548 5263 3820 5336 Lection.,

2179 5357 2489 5414 honoribus.
2539 5356 2796 5429 Vulgatae
2846 5355 3127 5413 consentit
3169 5359 3358 5412 textus
3418 5357 3677 5429 Graecus,
3727 5359 3826 5417 sed

2178 5456 2372 5508 tamen
2395 5449 2731 5507 Lectionarii
2756 5449 2991 5507 variatio
3018 5467 3138 5507 non
3162 5450 3488 5507 temnenda.
3535 5453 3692 5510 Vers.
3735 5456 3822 5510 18.

2178 5547 2485 5601 voluntarie
2542 5547 2703 5602 enim.
2750 5544 2920 5601 Deest
2962 5546 3105 5601 enim
3148 5544 3211 5601 in
3252 5544 3605 5603 Lectionario
3657 5551 3715 5605 et
3763 5548 3827 5605 in

2180 5639 2396 5709 Graeco,
2414 5644 2471 5695 et
2490 5655 2635 5695 vers.
2653 5641 2723 5695 26
2743 5638 2901 5695 deest
2926 5644 3108 5696 autem
3126 5638 3187 5695 in
3211 5643 3481 5712 utroque.
3498 5671 3567 5682 —
3586 5641 3721 5713 Cap.
3737 5658 3822 5712 ιιι,

2184 5736 2270 5803 12,
2295 5748 2449 5789 uvas.
2479 5733 2757 5801 Lection.,
2786 5748 2918 5788 cum
2937 5732 3152 5804 Graeco,
3183 5734 3376 5791 olivas.
3407 5765 3476 5776 -—
3497 5735 3632 5808 Cap.
3671 5752 3723 5804 v,
3766 5738 3822 5806 3,

2182 5826 2587 5883 thesaurizastis
2618 5826 2768 5883 vobis
2794 5828 2937 5882 iram
2956 5828 3016 5881 in
3041 5828 3232 5885 diebus
3254 5830 3579 5886 novissimis.
3607 5827 3824 5886 Lectio-

2182 5935 2330 5994 nar.,
2359 5935 2492 5978 cum
2519 5920 2730 5993 Graeco,
2761 5921 3147 5984 thesaurizatis
3170 5925 3232 5984 in
3268 5923 3459 5984 diebus
3492 5925 3826 5983 novissimis.
