4006 6228
199 366 301 423 Hii

827 368 914 421 AD
952 367 1438 423 PILECEDENTIA
1473 366 1806 423 LITURGLE
1844 366 2256 422 MONUMENTA
2293 365 2631 423 APPENDIX
2667 366 2950 423 ALTERA.

3472 369 3573 425 446

201 472 357 539 Ibid.,
412 488 566 528 vers.
626 475 720 541 12,
764 476 838 530 sit
882 480 1063 531 autem
1107 489 1278 532 sermo
1324 481 1517 539 vester,
1570 480 1677 539 est,
1732 478 1830 531 est.
1855 474 2035 559 Abis,
2073 474 2452 540 adulescentes,
2489 477 2748 545 quoniam
2780 477 2984 532 vicistis
3026 475 3348 546 malignum.
3390 474 3575 532 Scribo

199 565 472 634 Lection.,
497 570 577 624 sit
604 572 787 625 autem
809 573 1045 626 vestrum
1066 574 1163 634 est,
1190 573 1287 633 est,
1314 568 1407 625 cui
1432 569 1665 626 lectioni
1686 570 1839 625 Grae-
1932 569 2099 632 vobis,
2127 570 2385 637 infantes,
2412 572 2544 640 quia
2571 571 2890 640 cognovistis
2924 572 3162 627 Patrem.
3192 571 3373 627 Scriba
3401 571 3572 633 vobis,

200 683 290 722 cus
313 669 504 721 textus
533 667 855 738 respondet
875 685 892 724 :
915 669 1051 731 ὑμῶν
1072 667 1129 717 τὸ
1152 668 1248 729 ναὶ,
1272 668 1368 729 ναὶ,
1399 667 1564 738 quasi
1582 667 1831 722 diceret:

204 762 444 817 Vestrum
470 764 574 824 est,
599 763 673 816 sit
700 766 798 825 est,
828 764 880 817 et
907 766 1145 817 vestrum
1169 777 1297 825 non,
1322 764 1396 817 sit
1422 778 1551 817 non.
1582 762 1698 817 Hoc
1727 764 1832 828 est,

202 853 381 925 inquit
420 854 719 922 Erasmus,
758 855 903 924 quod
940 856 1242 924 animatis,
1282 870 1402 910 vere
1443 857 1744 923 afﬁrmate;
1784 859 1836 911 et

200 947 334 1019 quod
358 950 602 1016 negatis,
640 963 763 1003 vere
793 952 1002 1018 negate.
1038 950 1353 1019 Perperam
1390 949 1584 1020 itaque
1622 948 1680 1002 in
1716 964 1834 1003 uno

198 1040 396 1097 Codice
422 1040 707 1097 editionis
736 1040 1075 1097 Oxoniensis
1103 1041 1338 1097 additur
1366 1042 1425 1097 in
1455 1042 1652 1099 Graeco
1677 1045 1835 1099 textu

196 1135 222 1182 ὁ
243 1133 395 1195 λόγος.

259 1230 488 1297 lei,
512 1228 849 1284 inscribitur
865 1229 957 1286 Ad
976 1228 1185 1293 Gentes,
1206 1245 1333 1302 cap.
1355 1246 1395 1298 ι,
1418 1232 1471 1297 6,
1495 1232 1546 1297 8,
1567 1230 1836 1286 exultabi-

193 1325 276 1378 tis.
307 1322 598 1390 Lection.,
629 1324 910 1387 escultatis,
945 1340 1079 1378 cum
1113 1323 1344 1379 Grzeeis.
1384 1323 1552 1391 Ibid.,
1588 1341 1735 1379 vers.
1776 1328 1831 1392 7,

185 1417 473 1488 probatum
502 1422 698 1475 vestra
726 1418 859 1487 fidei
882 1418 1052 1473 multo
1076 1420 1366 1489 pretiosius
1398 1421 1473 1475 sit
1501 1434 1657 1481 auro,
1687 1418 1834 1489 quod

184 1514 343 1582 Per“.
364 1528 471 1582 Per
496 1513 678 1582 ignem
694 1513 949 1583 probato,
970 1511 1112 1566 utin
1134 1512 1351 1568 Graeco.
1378 1511 1542 1580 Ibid.,
1568 1529 1716 1567 vers.
1744 1515 1827 1580 10,

189 1606 280 1675 qui
302 1604 368 1660 de
396 1608 611 1673 futuris
636 1609 693 1661 in
717 1607 866 1662 vobis
891 1607 1131 1677 gaudiis,
1160 1623 1263 1677 pro
1294 1623 1407 1678 quo
1437 1607 1700 1677 Vulgata,
1735 1607 1833 1676 qui

188 1694 250 1749 de
271 1696 471 1762 futura
496 1697 559 1751 in
583 1697 732 1752 vobis
758 1698 973 1766 gratia;
1002 1695 1080 1751 sic
1109 1695 1179 1751 in‘
1196 1696 1413 1750 Graeco.
1434 1694 1585 1749 Alibi
1608 1694 1826 1750 Lectio-

190 1783 415 1840 narium
436 1784 734 1840 consentit
751 1801 883 1840 cum
902 1787 1163 1856 Vulgata.
1182 1786 1325 1841 Tum
1344 1786 1404 1839 in
1426 1784 1650 1841 duobus
1667 1784 1827 1853 locis,

1927 666 2135 733 patres,
2163 665 2294 733 quia
2330 666 2667 734 cognovistis,
2697 680 2817 720 eum
2850 667 2949 734 qui
2980 665 3050 720 ab
3080 666 3236 720 initio
3263 669 3358 720 est.
3387 665 3572 721 Scriba

1932 757 2079 812 vobis
2106 757 2489 821 adulescentes,
2520 759 2653 829 quia
2688 759 2857 825 fortes
2884 760 3028 824 estis,
3063 763 3113 814 et
3143 759 3364 814 verbum
3394 761 3489 814 Dei
3513 760 3573 813 in

1932 851 2079 905 vobis
2107 856 2308 915 manet,
2339 856 2391 907 et
2418 853 2621 907 vicistis
2656 852 2981 922 malignum.
3004 883 3073 893 —
3093 853 3231 924 Cap.
3259 869 3339 920 ιιι,
3376 855 3460 919 11,
3488 852 3571 907 di-

1935 944 2140 1013 ligatis.
2202 945 2495 1012 Lection.,
2550 962 2681 1000 cum
2733 946 2964 1015 Graeco,
3022 948 3335 1018 diligamus.
3403 946 3569 1015 Ibid.,

1933 1053 2078 1092 vers.
2112 1039 2195 1103 13,
2232 1039 2283 1093 si
2307 1038 2423 1093 odit
2454 1054 2548 1095 nos
2572 1040 2824 1104 mundus,
2852 1057 2968 1095 non
2998 1056 3114 1105 vos,
3147 1042 3211 1095 ut
3236 1040 3296 1094 in
3328 1040 3573 1111 Vulgata

1934 1134 1993 1185 et
2019 1130 2078 1186 in
2112 1131 2329 1186 Graeco.
2363 1131 2531 1199 Ibid.,
2563 1148 2713 1188 vers.
2746 1136 2832 1201 19,
2857 1135 3146 1190 suademus
3176 1151 3281 1206 pro
3314 1134 3567 1191 suadebi-

1932 1240 2077 1292 mus;
2111 1241 2316 1296 grzece,
2341 1224 2588 1289 πείσομεν.
2621 1258 2690 1269 -
2711 1227 2849 1298 Cap.
2891 1244 2965 1294 IV,
3005 1232 3058 1296 3,
3095 1233 3145 1284 et
3183 1229 3268 1284 hic
3305 1232 3382 1285 est
3417 1229 3567 1284 anti-

1931 1320 2183 1382 christus,
2221 1319 2289 1375 de
2324 1335 2430 1390 quo
2462 1320 2717 1376 audistis.
2765 1321 3042 1389 Lection.,
3077 1327 3130 1377 et
3166 1324 3262 1377 hoc
3296 1326 3375 1378 est
3412 1323 3572 1378 Anti-

1931 1414 2180 1477 Christus,
2203 1414 2347 1483 quod
2365 1414 2619 1469 audistis.
2643 1416 2727 1469 Ita
2750 1415 2964 1483 Graece,
2987 1415 3095 1470 nisi
3123 1416 3277 1487 quod
3298 1416 3357 1470 in
3380 1415 3567 1487 patrio

1932 1522 2065 1560 casu
2094 1506 2306 1577 legitur
2336 1505 2679 1571 Ἀντιχρίστου.
2714 1507 2879 1576 Ibid.,
2907 1524 3054 1565 vers.
3086 1512 3172 1576 10,
3192 1525 3297 1564 non
3322 1512 3475 1579 quia,
3496 1508 3570 1556 ὅτι

1931 1598 1989 1653 in
2030 1600 2272 1671 Vulgata
2299 1616 2406 1655 non
2444 1603 2623 1671 quasi.
2662 1601 2904 1668 Deinde,
2945 1602 3111 1670 Ibid.,
3139 1605 3254 1673 ipse
3283 1605 3437 1672 prior
3477 1604 3566 1657 di-

1932 1693 2063 1748 leasit
2087 1707 2200 1748 nos.
2224 1694 2395 1748 Deest
2411 1696 2565 1764 prior
2588 1694 2648 1748 in
2668 1695 2923 1750 Lection.
2948 1699 3006 1750 et
3026 1695 3084 1749 in
3108 1696 3323 1751 Graeco.
3345 1725 3413 1736 -—-
3433 1696 3565 1767 Cap.

1929 1801 1983 1852 ν,
2016 1787 2069 1853 4,
2107 1790 2159 1852 5,
2190 1788 2376 1849 vincit,
2410 1789 2527 1851 ter;
2561 1788 2620 1841 in
2656 1787 2933 1856 Lection.,
2968 1788 3201 1860 ubique,
3232 1790 3380 1845 vicit.
3413 1789 3567 1844 Grie-

189 1894 329 1932 vers.
366 1881 454 1945 11,
494 1882 801 1935 scrutantes
836 1881 1075 1943 initium,
1112 1879 1258 1949 quod
1289 1880 1373 1934 vel
1400 1880 1562 1949 quale
1600 1883 1825 1950 tempus.
1849 1856 1906 1928 B
1928 1895 2062 1934 cum
2082 1878 2259 1934 habet
2279 1878 2337 1933 in
2360 1880 2613 1935 secundo
2634 1881 2760 1936 loco
2780 1881 3038 1938 νικήσασα.
3066 1856 3232 1951 Ibid.,
3262 1899 3410 1937 vers.
3437 1888 3490 1949 7,
3514 1885 3567 1951 8,

188 1970 351 2039 Ibid.,
395 1988 549 2026 vers.
588 1975 678 2041 22,
710 1975 769 2028 in
810 1973 1113 2029 obedientia
1147 1974 1412 2029 caritatis.
1453 1972 1732 2040 Lection.,
1768 1975 1829 2028 in

189 2066 490 2122 obedientia
506 2069 780 2132 veritatis,
803 2084 935 2122 cum
957 2068 1246 2124 Grazco.—
1264 2068 1401 2139 Cap.
1427 2084 1487 2135 ιι,
1511 2071 1564 2135 2,
1581 2070 1634 2124 si
1649 2071 1829 2123 tamen

190 2160 467 2228 gustastis,
494 2164 757 2231 quoniam
785 2161 959 2217 dulcis
981 2167 1060 2219 est
1081 2166 1356 2220 Dominus.
1386 2161 1665 2230 Lection.,
1693 2177 1826 2216 cum

190 2253 403 2320 Graeco,
440 2256 493 2309 si
536 2257 821 2325 gustastis,
854 2260 1109 2326 quoniam
1146 2258 1320 2313 dulcis
1348 2258 1623 2312 Dominus.
1658 2254 1824 2322 Ibid.,

191 2363 329 2402 vers.
358 2349 449 2414 21,
478 2364 586 2418 pro
612 2349 782 2412 vobis,
822 2352 884 2403 ut
917 2350 975 2404 in
1012 2351 1241 2418 Crteco;
1277 2367 1394 2405 non
1428 2366 1532 2421 pro
1561 2350 1731 2413 nobis,
1767 2353 1829 2404 ut

189 2440 243 2494 in
276 2430 549 2512 Vulgata.
588 2440 755 2509 Ibid.,
788 2459 935 2497 vers.
968 2446 1055 2511 25,
1092 2446 1444 2506 visitatorem,
1484 2459 1589 2513 pro
1625 2446 1827 2514 episco-

184 2550 415 2604 pum.—
432 2535 575 2607 Cap.
600 2552 682 2604 ιιι,
705 2539 758 2604 8,
774 2538 1017 2592 modesti.
1038 2538 1209 2592 Deest
1225 2537 1283 2591 in
1305 2536 1667 2592 Lectionario
1690 2539 1748 2591 et
1766 2536 1825 2591 in

192 2628 403 2683 Graeco.
424 2630 573 2684 Tum
596 2646 742 2684 vers.
776 2632 860 2698 l8,
883 2633 1081 2687 nostris
1106 2630 1163 2684 in
1192 2633 1436 2703 utroque
1458 2631 1639 2685 deest.
1660 2630 1824 2698 Ibid.,

191 2720 305 2775 haec
331 2723 513 2778 verba
548 2723 828 2794 Vulgatae,
856 2739 1003 2777 vers.
1036 2726 1132 2791 '22,
1164 2724 1463 2794 deglutiens
1494 2726 1738 2787 mortem,
1777 2728 1829 2779 et

190 2817 308 2871 vita
336 2820 556 2872 aeternae
582 2817 798 2872 heredes
827 2819 1164 2885 efficeremur,
1194 2816 1405 2872 desunt
1433 2817 1495 2872 in
1534 2816 1829 2872 Lectiona—

190 2909 272 2963 rio
299 2912 359 2963 et
376 2909 436 2964 in
460 2912 622 2965 textu
646 2911 862 2965 Graeco.
892 2910 1155 2966 Citantur
1177 2914 1373 2965 tamen
1404 2928 1507 2982 pro
1537 2911 1646 2966 hoc
1670 2910 1828 2966 addi-

189 3006 449 3059 tamento
501 3002 740 3075 quidam
782 3003 1021 3060 Codices
1057 3004 1236 3059 Graeci
1282 3004 1339 3059 in
1381 3004 1636 3059 editione
1680 3004 1825 3060 Oxo-

192 3097 392 3152 niensi.
419 3129 494 3138 —
525 3098 661 3169 Cap.
688 3114 762 3166 ιν,
788 3098 842 3167 4,
874 3097 1244 3166 admirantur;
1268 3097 1329 3152 in
1359 3098 1638 3167 Lection.,
1669 3113 1823 3170 pere-

190 3194 505 3261 grinantur,
530 3191 671 3246 utin
688 3192 905 3259 Graeco,
924 3190 1190 3247 ξενίζονται.
1211 3190 1377 3258 Ibid.,
1391 3208 1536 3246 vers.
1560 3194 1641 3259 12,
1662 3193 1827 3247 nolite

184 3287 531 3356 peregrinari
562 3288 621 3340 in
656 3287 888 3353 fervore,
926 3287 1024 3356 qui
1062 3286 1138 3341 ad
1178 3288 1523 3341 tentationem
1562 3286 1712 3340 vobis
1740 3288 1823 3356 ﬁt,

191 3382 346 3449 quasi
359 3382 510 3435 novi.
533 3379 787 3434 Lection.
812 3378 973 3433 addit
990 3381 1122 3450 post
1142 3379 1292 3433 vobis
1309 3380 1404 3448 ﬁt:
1426 3380 1592 3434 nolite
1605 3393 1825 3449 pavere,

194 3476 469 3543 tamquam
490 3476 634 3529 novi.
663 3472 1004 3528 Minutulum
1031 3474 1117 3527 est
1142 3471 1318 3544 quod,
1341 3488 1486 3526 vers.
1511 3472 1598 3540 17,
1624 3477 1829 3544 tempus

194 3569 284 3628 est,
311 3566 479 3621 abest
506 3566 748 3620 verbum
775 3569 853 3621 est
877 3581 912 3619 a
940 3564 1303 3620 Lectionario
1331 3567 1389 3618 et
1414 3565 1628 3619 Graeco.

262 3662 305 3715 Il
330 3662 522 3727 PETRI,
552 3677 676 3731 cap.
708 3676 783 3728 ιν,
811 3662 897 3726 17,
920 3658 1081 3714 deest
1106 3658 1165 3713 in
1189 3657 1551 3714 Lectionario
1571 3658 1826 3727 dilectus;

197 3757 253 3807 et
278 3757 479 3825 postea
505 3753 667 3808 deest
696 3753 895 3821 etiam,
921 3754 1098 3823 ipsum
1117 3752 1325 3820 audite,
1346 3751 1428 3807 uti
1454 3754 1512 3807 et
1529 3751 1587 3806 in
1612 3752 1826 3807 Graeco.

196 3846 502 3918 Gregorius
527 3845 873 3901 Turonensis
897 3845 1050 3900 hunc
1074 3846 1286 3912 locum,
1310 3861 1377 3899 ex
1396 3845 1731 3916 Evangelio,
1753 3861 1829 3899 an

199 3956 261 3994 ex
282 3940 435 3994 Petri
465 3940 738 4011 Epistula,
762 3940 941 3995 refert
960 3939 1019 3993 in
1050 3938 1311 3993 Historia:
1338 3938 1438 3993 lib.
1470 3954 1545 4005 γι,
1569 3954 1695 4009 cap.
1722 3938 1826 3994 40:

202 4055 226 4081 ‹‹
250 4034 414 4089 Certe
449 4034 495 4088 si
524 4034 807 4105 obpilatas
835 4033 1016 4088 habes
1041 4048 1211 4088 aures
1236 4033 1301 4087 ut
1325 4030 1437 4087 ista
1460 4047 1579 4087 non
1605 4031 1827 4100 audias,

198 4128 359 4183 crede
386 4126 665 4200 apostolis
687 4126 828 4199 quid
848 4127 906 4181 in
931 4129 1129 4182 monte
1153 4124 1463 4192 audierint,
1488 4141 1619 4179 cum
1641 4126 1829 4180 trans-

200 4220 475 4291 ﬁguratus
500 4222 662 4277 Iesus
704 4220 764 4275 in
805 4220 991 4291 gloria
1028 4221 1366 4291 loqueretur
1393 4235 1527 4273 cum
1554 4218 1741 4289 Moyse
1774 4222 1833 4273 et

200 4314 331 4370 Elia.
359 4316 581 4386 Nempe
624 4314 695 4369 de
731 4314 883 4369 nube
922 4313 1227 4385 splendida
1254 4314 1426 4368 Pater
1460 4311 1582 4367 ait:
1613 4314 1713 4368 Hic
1756 4318 1832 4368 est

198 4411 361 4465 Filius
385 4424 534 4465 meus
558 4410 888 4471 carissimus,
920 4409 1099 4479 ipsum
1123 4407 1328 4463 audite.
1359 4426 1387 4459 ι)
1416 4405 1707 4478 Quidquid
1737 4405 1828 4476 sit,

204 4519 263 4556 ex
295 4503 421 4561 aliis
450 4502 587 4558 locis
617 4501 1013 4573 intelligimus,
1049 4517 1167 4556 non
1196 4501 1368 4556 ﬁxam
1401 4500 1657 4571 aliquam
1693 4517 1828 4557 con-

1928 1972 2009 2027 ita
2039 1972 2295 2027 Lection.
2330 1989 2343 2027 :
2383 1974 2523 2041 Quia
2565 1978 2669 2029 tres
2708 1979 2835 2029 sunt
2874 1976 2971 2044 qui
3015 1977 3377 2031 testimonium
3412 1976 3568 2039 dant,

1924 2068 2171 2136 spiritus,
2201 2081 2347 2136 aqua
2371 2070 2423 2121 et
2450 2070 2711 2136 sanguis;
2739 2071 2791 2124 et
2818 2072 2924 2123 tres
2947 2083 3116 2122 unum
3142 2072 3288 2124 sunt.
3317 2069 3466 2124 Nihil
3495 2070 3566 2124 de

1927 2157 2259 2214 testimonio
2270 2158 2449 2214 trium
2461 2176 2843 2231 personarum
2855 2160 3201 2216 divinarum.
3214 2162 3468 2234 Antiqua
3482 2165 3570 2217 est

1928 2252 2049 2307 haec
2078 2251 2332 2319 omissio,
2359 2269 2535 2324 quam
2558 2253 2942 2325 Hieronymus
2962 2254 3022 2308 in
3044 2256 3288 2327 prologo
3314 2256 3389 2311 ad
3414 2256 3570 2327 Epis-

1928 2346 2073 2400 tolas
2102 2345 2436 2414 canonicas,
2474 2346 2533 2401 in
2569 2348 2986 2402 recentioribus
3016 2348 3327 2404 Bibliorum
3360 2349 3566 2404 editio-

1928 2439 2113 2506 nibus,
2139 2439 2331 2494 nescio
2354 2456 2468 2511 qua
2489 2440 2560 2494 de
2582 2457 2773 2508 causa,
2794 2441 3074 2512 detracto,
3093 2464 3121 2492 «
3144 2443 3215 2499 ab
3238 2442 3569 2500 inﬁdelibus

1927 2532 2367 2586 translatoribus
2400 2552 2427 2583 ι»
2470 2533 2683 2589 factam
2717 2540 3161 2603 commemorat,
3200 2537 3288 2592 his
3328 2538 3518 2593 verbis
3550 2556 3563 2594 :

1930 2648 1957 2674 ‹‹
1982 2626 2078 2680 Est
2103 2626 2261 2680 enim
2284 2643 2399 2681 una
2419 2643 2622 2682 earum
2648 2628 2839 2699 prima
2856 2631 3073 2698 Jacobi,
3100 2630 3228 2685 duae
3253 2632 3428 2698 Petri,
3451 2635 3567 2687 tres

1923 2718 2180 2787 Joannis,
2213 2721 2270 2774 et
2299 2719 2461 2775 Judze
2500 2738 2633 2775 una.
2660 2721 2799 2786 Quae
2830 2723 2896 2789 si,
2934 2723 3077 2778 sicut
3105 2724 3177 2778 ab
3207 2723 3287 2778 eis
3327 2725 3566 2797 digestae

1927 2814 2078 2880 sunt,
2094 2812 2174 2867 ita
2192 2829 2421 2885 quoque
2441 2813 2513 2868 ab
2532 2813 2941 2886 interpretibus
2958 2816 3278 2872 ﬁdeliterin
3296 2819 3565 2873 Latinum

1925 2908 2291 2960 verterentur
2301 2906 2626 2977 eloquium;
2648 2925 2754 2962 nec
2775 2908 3218 2980 ambiguitatem
3242 2910 3566 2981 legentibus

1927 3000 2205 3065 facerent,
2220 3016 2327 3054 nec
2339 3016 2674 3055 sermonum
2688 3018 2746 3055 se
2760 3018 2820 3055 se
2833 3001 3109 3057 varietate
3124 3003 3563 3078 impugnarent,

1929 3093 2025 3148 illo
2046 3092 2333 3165 praecipue
2352 3094 2499 3161 loco,
2523 3093 2620 3148 ubi
2642 3093 2714 3149 de
2738 3095 2956 3150 unitate
2976 3095 3267 3151 Trinitatis
3288 3096 3349 3152 in
3376 3099 3566 3170 prima

1924 3186 2204 3242 Johannis
2233 3185 2477 3258 epistola
2496 3187 2748 3258 positum
2770 3189 3039 3260 legimus.
3064 3192 3126 3244 In
3150 3208 3262 3263 qua
3288 3191 3467 3247 etiam
3494 3194 3565 3248 ab

1927 3279 2256 3335 inﬁdelibus
2278 3280 2716 3337 translatoribus
2736 3283 2985 3337 multum
3013 3288 3273 3340 erratum
3300 3303 3423 3341 esse
3446 3304 3481 3341 a
3506 3287 3569 3342 ﬂ-

1930 3372 2025 3428 dei
2053 3372 2292 3428 veritate
2322 3374 2734 3445 comperimus,
2761 3376 2938 3431 trium
2963 3379 3371 3435 tantummodo
3398 3397 3566 3436 voca-

1928 3466 2083 3534 bula,
2106 3466 2216 3521 hoc
2236 3470 2324 3521 est
2343 3485 2531 3539 aquze,
2552 3469 2871 3541 sanguinis,
2896 3474 2955 3525 et
2974 3471 3225 3543 spiritus,
3245 3472 3305 3527 in
3324 3473 3447 3544 ipsa
3467 3492 3569 3529 sua

1930 3563 2184 3618 editione
2209 3564 2591 3635 ponentibus;
2619 3570 2677 3621 et
2701 3568 2905 3636 Patris,
2929 3569 3212 3641 Verbique
3234 3587 3300 3625 ac
3325 3570 3569 3642 Spiritus

1930 3656 2334 3712 testimonium
2363 3658 2790 3728 omittentibus;
2821 3660 2880 3714 in
2909 3677 3023 3732 quo
3053 3662 3308 3718 maxime
3339 3667 3397 3721 et
3425 3664 3569 3720 ﬁdes

1930 3749 2212 3805 catholica
2257 3751 2585 3819 roboratur,
2625 3755 2683 3806 et
2715 3753 2899 3809 Patris
2937 3770 3003 3809 ac
3045 3754 3168 3809 Filii
3213 3772 3279 3811 ac
3325 3757 3570 3829 Spiritus

1930 3841 2111 3897 sancti
2133 3859 2248 3897 una
2272 3842 2594 3899 Divinitatis
2615 3846 2936 3903 substantia
2960 3849 3391 3920 comprobatur.
3413 3872 3440 3901 »
3464 3852 3569 3907 Ne-

1931 3952 2225 4008 quaquam
2252 3953 2391 4008 ergo
2422 3937 2640 3993 mirum
2660 3939 2845 3994 videri
2866 3941 3056 4011 debet,
3080 3943 3237 4014 quod
3267 3945 3420 3999 totus
3438 3961 3565 4000 ver-

1929 4047 2044 4097 sus,
2060 4030 2336 4102 septimus
2356 4030 2417 4087 in
2438 4036 2636 4088 nostro
2658 4033 3019 4090 Lectionario
3039 4035 3205 4105 desit,
3224 4054 3357 4092 cum
3375 4038 3571 4095 Hiero-

1931 4124 2092 4195 nymi
2112 4126 2377 4196 tempore
2395 4124 2507 4181 hoc
2526 4126 2586 4181 in
2610 4128 2735 4183 loco
2759 4127 3076 4185 deﬁcerent
3093 4130 3280 4186 Latini
3300 4132 3567 4189 Codices:

1932 4233 2181 4287 quorum
2219 4218 2614 4287 emissionem,
2653 4222 2725 4276 ab
2765 4221 3093 4279 infidelibus
3118 4226 3571 4283 translatoribus

1931 4310 2164 4379 factam,
2186 4312 2293 4366 etsi
2312 4312 2397 4367 vir
2416 4317 2647 4369 sanctus
2668 4316 2967 4388 supplevit,
2987 4334 3105 4373 non
3123 4320 3320 4375 tamen
3337 4321 3569 4392 penitus

1932 4403 2214 4476 impedire
2234 4406 2421 4477 potuit
2439 4424 2553 4479 quo
2575 4409 2768 4464 minus
2781 4427 2847 4465 ex
2859 4410 3075 4467 vitiosis
3087 4412 3390 4469 Codicibus
3411 4432 3574 4470 error

1932 4497 1991 4551 in
2018 4498 2160 4553 alios
2195 4504 2636 4572 propagaretur.
2668 4503 2887 4557 Bonam
2924 4505 3259 4578 Hieronymi
3289 4508 3466 4563 ﬁdem
3506 4526 3573 4563 ac

204 4598 565 4669 stantemque
601 4594 661 4650 in
698 4594 968 4650 omnibus
1004 4594 1337 4663 lectionem,
1379 4593 1480 4649 sed
1518 4593 1909 4670 aliquandoD
1933 4590 2175 4661 proinde
2202 4592 2518 4662 genuinam
2548 4594 2718 4665 hujus
2748 4595 2857 4650 loci
2887 4596 3197 4654 lectionem
3232 4602 3575 4673 comprobat

204 4689 419 4745 variam
442 4690 503 4744 in
533 4688 770 4744 diversis
797 4688 972 4767 etiam
998 4687 1310 4743 Galliarum
1335 4686 1598 4743 Ecclesiis
1626 4687 1831 4755 fuisse;

206 4781 314 4839 imo
344 4783 660 4855 aliquando
686 4782 745 4837 in
768 4799 885 4837 una
908 4781 1193 4850 Ecclesia;
1222 4781 1509 4854 siquidem
1540 4782 1601 4836 in
1632 4784 1833 4836 nostro

206 4876 557 4933 Lectionario
572 4893 677 4949 pro
694 4875 947 4932 secunda
963 4875 1056 4931 die
1074 4875 1463 4947 Rogationum
1484 4874 1698 4947 legitur
1708 4874 1837 4947 Epi-

205 4972 342 5027 stola
377 4971 571 5043 prima
603 4970 776 5039 Petri,
807 4970 867 5025 in
897 4969 1185 5042 aliquibus
1214 4969 1477 5024 minutiis
1507 4968 1731 5024 diversa
1761 4969 1833 5023 ab

206 5064 311 5120 alia
328 5065 576 5121 lectione
603 5064 867 5137 ejusdem
894 5062 1086 5137 476
1112 5063 1401 5136 Epistolas,
1427 5079 1556 5135 qua;
1582 5061 1836 5134 praescri-

205 5156 352 5215 bitur
382 5159 440 5213 in
471 5158 651 5214 natali
678 5158 1099 5231 episcoporum.
1128 5188 1199 5199 -—-
1226 5158 1363 5228 Cap.
1397 5173 1457 5225 ιι,
1486 5157 1541 5224 4,
1572 5159 1630 5211 in
1657 5159 1832 5212 tarta-

206 5267 317 5308 rum
330 5253 566 5310 tradidit
576 5252 911 5316 cruciandos,
924 5254 981 5307 in
981 5251 1251 5322 judicium
1264 5251 1547 5307 reservari.
1556 5249 1807 5304 Lection.
1818 5290 1832 5316 ,

205 5347 259 5400 in
295 5351 565 5402 tartarum
599 5346 835 5401 tradidit
864 5348 924 5401 in
955 5345 1229 5415 judicium
1252 5346 1522 5399 cruciatus
1546 5343 1833 5399 reservari.

272 5441 292 5493 1
326 5441 488 5497 JOAN.
532 5455 607 5507 IV,
646 5439 701 5507 4,
742 5443 805 5494 ut
839 5438 1143 5510 gaudeatis.
1180 5438 1353 5493 Deest
1392 5436 1452 5491 in
1488 5434 1743 5491 Lection.
1780 5437 1837 5489 et

209 5531 415 5589 Crteco.
451 5532 619 5601 Ibid.,
660 5549 809 5588 vers.
848 5537 902 5601 '7,
937 5532 1291 5596 ambulemus,
1334 5547 1453 5586 non
1498 5530 1838 5585 ambulamus

208 5625 429 5698 legitur.
452 5628 522 5682 Et
549 5643 696 5682 vers.
724 5630 778 5695 9,
794 5630 1017 5698 peccata
1050 5630 1258 5683 nostra.
1292 5626 1465 5680 Deest
1488 5623 1549 5679 in
1579 5621 1834 5678 Lection.

209 5727 405 5787 nostra,
439 5723 596 5795 quod
621 5725 820 5778 tamen
850 5725 936 5777 est
963 5721 1022 5777 in
1055 5722 1271 5777 Graeco.
1292 5750 1361 5762 —-
1385 5720 1524 5791 Cap.
1545 5734 1607 5787 ιι,
1645 5717 1730 5785 14,
1758 5715 1839 5771 ita

211 5815 367 5874 lectio
406 5817 725 5874 instituitur
777 5818 835 5873 in
875 5816 1131 5875 Lection.
1171 5833 1185 5871 :
1220 5816 1403 5874 Scriba
1429 5814 1602 5877 vobis,
1629 5815 1836 5883 patres.

215 5914 457 5979 ‘1qu
480 5914 802 5981 cognovistis
831 5926 950 5969 eum
986 5913 1085 5982 qui
1115 5910 1186 5967 ab
1214 5909 1373 5964 initio
1400 5910 1498 5963 est.
1527 5904 1710 5965 Scriba
1741 5918 1836 5959 vo-

1934 4683 2349 4738 illustrissimus
2376 4685 2556 4752 testis,
2582 4687 2744 4741 omni
2765 4688 3101 4759 exceptione
3124 4694 3333 4765 major,
3359 4712 3570 4767 nempe

1936 4792 2180 4847 magnus
2198 4775 2515 4847 Cyprianus
2544 4778 2605 4832 in
2636 4779 2782 4833 libro
2806 4780 2878 4834 de
2906 4782 3125 4839 unitate
3148 4786 3413 4843 Ecclesiae
3437 4806 3451 4844 :
3476 4790 3573 4844 ubi

1935 4870 2045 4924 hoc
2063 4868 2509 4938 hemistichium,
2532 4874 2603 4926 Et
2621 4872 2681 4926 hi
2700 4877 2803 4928 tres
2825 4887 2995 4930 unum
3014 4883 3160 4941 sunt,
3183 4896 3253 4934 ex
3276 4881 3570 4954 Scriptura

1935 4966 2376 5034 commemorat,
2392 4963 2712 5037 divinisque
2735 4966 2997 5037 personis
3017 4970 3307 5027 attribuit:
3331 4996 3359 5024 «
3380 4977 3447 5029 Et
3470 4976 3573 5030 ite-

1936 5073 2066 5112 rum
2084 5056 2157 5111 de
2176 5058 2363 5125 Patre,
2379 5060 2437 5111 et
2454 5057 2613 5128 Filio,
2632 5062 2689 5114 et
2706 5058 2919 5132 Spiritu
2940 5065 3137 5117 sancto
3161 5065 3434 5135 scriptum
3454 5074 3566 5124 est:

1935 5153 2004 5207 Et
2029 5152 2088 5205 hi
2107 5155 2212 5206 tres
2228 5167 2396 5207 unum
2413 5158 2557 5208 sunt.
2578 5153 2737 5208 Idem
2759 5153 2818 5208 in
2843 5153 3083 5226 epistola
3102 5155 3175 5211 ad
3199 5156 3569 5233 Jubaianum,

1936 5243 2184 5315 probare
2196 5245 2414 5314 volens,
2430 5246 2501 5301 ab
2518 5246 2802 5303 haereticis
2819 5247 3136 5321 baptizatos
3154 5267 3271 5306 non
3288 5268 3411 5307 esse
3429 5257 3572 5309 tem-

1936 5339 2097 5410 plum
2119 5336 2220 5393 Dei
2244 5354 2257 5391 :
2285 5358 2313 5387 «
2345 5337 2574 5407 Quaero,
2596 5340 2803 5413 inquit,
2832 5342 2991 5414 cujus
3017 5344 3222 5401 Dei?...
3247 5344 3306 5401 Si
3326 5345 3573 5418 Spiritus

1937 5430 2139 5499 sancti,
2163 5447 2293 5486 cum
2316 5430 2506 5504 477
2524 5437 2638 5488 tres
2661 5452 2839 5490 unum
2858 5436 2990 5505 sint,
3012 5439 3307 5511 quomodo
3329 5440 3572 5513 Spiritus

1938 5527 2167 5579 sanctus
2195 5524 2453 5595 placatus
2491 5542 2613 5581 esse
2653 5527 2704 5583 ei
2735 5531 2944 5599 potest,
2977 5532 3076 5602 qui
3113 5537 3213 5588 aut
3238 5534 3440 5604 Patris,
3474 5537 3575 5591 aut

1939 5618 2062 5673 Filii
2090 5617 2357 5673 inimicus
2378 5618 2505 5673 est?
2524 5641 2553 5669 »
2578 5621 2772 5691 Itaque
2799 5622 3073 5693 Cypriani
3091 5628 3377 5699 tempore,
3404 5628 3462 5683 id
3488 5631 3574 5683 est

1940 5711 2136 5767 medio
2166 5712 2372 5766 saeculo
2403 5728 2485 5779 ιιι,
2518 5713 2690 5783 longe
2719 5717 2853 5768 ante
2885 5719 3087 5772 natam
3115 5720 3380 5775 haeresim
3408 5722 3569 5777 Aria-

1942 5821 2102 5871 nam,
2130 5804 2211 5858 ita
2247 5804 2399 5858 hunc
2434 5805 2624 5859 locum
2656 5806 2887 5878 legebat
2923 5808 3258 5879 Cyprianus.
3287 5813 3571 5868 Eumdem

1940 5915 2075 5955 vero
2128 5897 2510 5969 Hieronymus
2558 5900 2711 5957 male
2754 5902 3063 5959 multatum
3111 5902 3377 5960 restituit.
3422 5904 3573 5970 Quin
