4006 6228
396 377 495 434 44Ί
1196 374 1530 432 APPENDIX
1566 373 1652 427 AD
1689 372 1911 427 OPERA
1948 367 2181 424 SANCTI
2219 366 2518 422 GERMANI
2555 359 2984 423 PARISIENSIS.
3373 401 3376 404 -
3673 365 3785 421 448

394 487 569 543 etiam
628 486 706 543 ita
759 486 964 559 legisse
1025 485 1252 541 videtur
1309 481 1690 538 Tertullianus
1757 479 2028 535 adversus
2052 477 2337 566 Aeadem
2367 476 2556 548 prima
2593 477 2835 548 epistola
2869 475 3180 546 Johannis,
3207 492 3332 548 cap.
3371 491 3466 544 vn,
3496 491 3644 529 vers.
3689 476 3782 541 l2,

394 583 688 648 Praxeam,
717 582 776 636 in
809 583 930 635 haec
961 581 1154 646 verba,
1178 596 1302 649 cap.
1329 580 1396 631 25
1421 594 1433 630 :
1464 598 1490 624 ‹‹
1513 576 1779 630 Ceterum
1803 572 1876 627 de
1895 589 2028 626 meo
2131 575 2228 642 qui
2254 587 2360 626 non
2385 571 2546 626 habet
2565 573 2760 640 ﬁlium,
2786 572 3065 640 Lection.,
3089 588 3218 626 cum
3242 573 3439 626 Graeco
3465 568 3630 625 addit
3656 569 3786 624 Dei.

397 679 607 741 sumet,
631 675 835 746 inquit,
866 674 1008 729 sicut
1031 674 1150 744 ipse
1181 674 1250 724 de
1277 670 1479 724 Patris.
1509 671 1592 723 Ita
1623 684 1913 722 connexus
1932 668 2032 720 Pa-
2131 665 2275 720 Dein
2302 681 2448 718 vers.
2482 668 2546 718 15
2577 681 2590 719 :
2620 669 2690 720 Et
2714 668 2906 722 scimus
2930 669 3062 736 quia
3089 667 3247 721 audit
3270 680 3364 720 nos
3390 663 3654 735 quicquid
3672 678 3782 733 pe-

397 769 497 823 tris
536 769 594 823 in
627 768 784 835 Filio,
813 772 870 822 et
898 767 1019 822 Filii
1051 767 1108 819 in
1147 766 1464 831 Paracleto,
1497 767 1614 816 tres
1641 762 1818 816 efﬁcit
1847 761 2031 816 cohaa-
2133 761 2374 815 tierimus
2400 759 2562 812 deest
2593 759 2652 811 in
2684 759 2958 828 Lection.,
2992 761 3092 814 sed
3123 776 3239 814 non
3270 759 3328 813 in
3357 760 3573 813 Graeco.
3604 757 3784 821 lbid.,

393 867 607 928 rentes,
645 865 887 918 alterum
927 878 991 914 ex
1018 861 1220 924 altero,
1257 857 1355 929 qui
1384 862 1499 912 tres
1535 873 1713 911 unum
1746 855 1878 931 sint,
1911 871 2028 909 non
2128 853 2495 924 postulamus;
2527 852 2780 906 Lection.
2809 855 3228 923 posta-lavimus,
3264 869 3396 908 cum
3426 853 3622 907 Graeco
3654 849 3786 907 ἠτή-

395 975 560 1012 unus.
587 957 710 1021 Quo
737 956 910 1010 modo
945 953 1159 1007 dictum
1194 955 1321 1006 est:
1355 955 1466 1022 Ego
1493 956 1544 1006 et
1568 953 1730 1005 Pater
1755 965 1919 1004 unum
1945 964 2031 1003 su-
2131 963 2298 1009 ccum-
2340 947 2546 1001 Postea
2583 963 2729 1000 vers.
2776 949 2860 1013 16,
2903 951 2964 1002 ut
2999 951 3149 1017 roget
3181 949 3321 1017 quis.
3364 946 3540 1000 Abest
3578 949 3699 1016 quis
3745 963 3786 999 a

393 1068 532 1114 mus,
559 1074 586 1100 »
618 1053 722 1104 etc.
749 1051 815 1103 Et
840 1047 942 1101 sub
971 1048 1148 1101 finem
1179 1045 1308 1100 libri
1334 1063 1346 1100 :
1376 1066 1404 1094 (ί
1427 1044 1589 1109 Quod
1610 1061 1753 1114 opus
1775 1044 2030 1114 Evange-
2131 1038 2385 1093 Lection.
2415 1041 2475 1093 et
2504 1040 2719 1094 Graeco.
2751 1041 2893 1094 Tum
2917 1057 3063 1094 vers.
3102 1045 3185 1108 l7,
3213 1045 3493 1111 peccatum
3521 1041 3596 1094 ad
3625 1056 3782 1094 mor-

393 1146 472 1212 lii,
497 1161 627 1216 qute
656 1147 740 1198 est
770 1141 1090 1197 substantia
1111 1140 1248 1195 Novi
1267 1137 1640 1205 Testamenti,
1665 1140 1922 1191 statuens
1944 1138 2028 1191 le-
2131 1137 2261 1199 tem;
2292 1131 2351 1186 in
2383 1133 2636 1187 Lection.
2662 1138 2720 1188 et
2749 1135 2964 1201 Graeco,
2992 1138 3269 1204 peccatum
3293 1149 3399 1189 non
3429 1134 3504 1188 ad
3527 1138 3779 1188 mortem.

394 1255 528 1309 gem
550 1241 608 1292 et
627 1238 1152 1309 prophetas,usque
1171 1231 1665 1299 adJohannem,si
1686 1247 1803 1285 non
1822 1230 2027 1285 exinde
2198 1228 2350 1281 ἔσθιε
2404 1243 2479 1294 1v,
2532 1228 2585 1294 4,
2638 1231 2922 1283 Dominum
2963 1232 3205 1283 nostrum
3246 1230 3441 1284 Iesum.
3489 1227 3779 1295 Lection.,

391 1335 562 1387 Pater
590 1335 649 1387 et
681 1331 852 1386 Filius
889 1333 947 1384 et
980 1329 1224 1400 Spiritus
1250 1331 1364 1381 tres
1400 1325 1603 1380 crediti
1630 1341 1812 1380 unum
1845 1325 2027 1378 Deum
2128 1325 2294 1377 Deum
2327 1325 2573 1376 nostrum
2611 1323 2813 1384 Jesum,
2856 1324 2914 1375 et
2957 1321 3016 1375 in
3057 1322 3272 1376 Graeco.
3321 1320 3486 1390 1bid.,
3528 1338 3674 1376 vers.
3714 1325 3777 1388 6,

393 1427 638 1482 sistunt?
681 1447 708 1475 »
745 1425 811 1479 Hi
854 1424 966 1478 duo
1006 1423 1137 1488 loci,
1178 1421 1428 1476 maxime
1470 1421 1647 1491 prior,
1696 1420 1771 1474 ad
1805 1420 2025 1472 textum
2117 1415 2388 1483 judicium
2413 1415 2759 1484 magnidici,
2788 1431 2920 1469 cum
2949 1416 3167 1470 Graeco.
3201 1415 3481 1486 Lection.,
3499 1416 3780 1485 judicium

393 1521 658 1592 Epistolaz
696 1517 974 1574 Johannis
1009 1515 1292 1587 respicere
1333 1515 1576 1568 videtur.
1609 1511 1899 1583 Quidquid
1935 1511 2024 1579 sit,
2128 1508 2240 1563 diei
2274 1511 2462 1578 magni
2497 1511 2613 1563 Dei.
2648 1509 2863 1563 Rursus
2898 1525 3044 1563 vers.
3085 1513 3167 1576 ll,
3209 1512 3267 1564 in
3299 1512 3391 1564 via
3433 1511 3588 1573 Cain,
3625 1514 3677 1565 ct
3712 1513 3781 1565 in

391 1616 560 1686 plana
601 1617 687 1667 est
731 1611 998 1683 Cypriani
1043 1614 1101 1663 et
1140 1608 1474 1678 Hieronymi
1522 1607 1852 1673 auctoritas,
1899 1622 2027 1676 quae
2128 1602 2565 1657 contradictione.
2618 1603 2790 1657 Deest
2832 1606 2891 1658 in
2935 1603 3187 1658 Lection.
3235 1606 3294 1658 et
3339 1605 3554 1658 Grazco.
3601 1603 3774 1669 lbid.,

395 1712 636 1778 utraque
679 1706 939 1760 sufﬁcere
974 1707 1164 1776 potest
1203 1703 1276 1757 ad
1318 1701 1689 1756 asscrendam
1732 1699 1863 1753 huic
1900 1700 2026 1753 loco
2128 1712 2273 1749 vers.
2324 1699 2412 1763 21,
2461 1701 2828 1767 em5pectantes
2875 1698 3299 1752 misericordiam
3340 1701 3558 1753 Domini
3601 1700 3782 1754 nostri

394 1800 815 1856 auctoritatem.
840 1798 936 1853 His
961 1801 1158 1852 tamen
1183 1795 1464 1850 accedunt
1487 1792 1821 1863 Fulgentius
1840 1793 1898 1846 in
1924 1793 2022 1846 lib.
2125 1793 2249 1845 Jesu
2277 1791 2480 1848 Christi
2503 1794 2560 1844 in
2592 1794 2762 1846 vitam
2791 1795 3066 1847 wtemam.
3097 1793 3314 1846 Desunt
3343 1793 3466 1846 haec
3495 1793 3668 1847 verba
3706 1792 3775 1845 in

393 1895 463 1949 de
481 1893 775 1960 Trinitate,
801 1893 990 1963 cap.4;
1010 1888 1474 1954 VictorVitensis,
1495 1887 1728 1940 inlib.n
1749 1887 1818 1941 de
1837 1868 2104 1941 Perse-B
2129 1883 2406 1951 Lection.,
2445 1884 2545 1938 sed
2582 1901 2700 1939 non
2731 1885 2789 1939 in
2835 1886 3050 1941 Graeco.
3090 1886 3369 1957 Denique,
3404 1903 3548 1940 vers.
3582 1887 3671 1952 24,
3714 1889 3776 1939 in

392 1989 621 2043 cutione
649 1985 985 2051 Vandalica;
1011 1983 1297 2054 Eugenius
1324 1979 1814 2052 Carthaginensis,
1838 1980 1897 2034 in
1920 1981 2026 2033 Ex-
2127 1979 2478 2040 exultatione,
2508 1980 2566 2032 in
2589 1980 2829 2034 adventu
2850 1982 3068 2035 Domini
3089 1982 3265 2035 nostri
3286 1983 3410 2035 Iesu
3440 1981 3642 2038 Christi
3664 1981 3777 2034 soli

391 2082 674 2153 positione
703 2079 839 2133 ﬁdei
861 2077 1176 2144 catholicae,
1202 2080 1258 2130 et
1289 2077 1373 2146 (ut
1403 2075 1545 2130 alios
1579 2073 1864 2143 omittam)
1889 2075 2026 2126 Am-
2127 2074 2254 2135 Deo,
2298 2074 2406 2125 etc.
2446 2071 2724 2141 Lection.,
2766 2090 2897 2127 cum
2937 2074 3152 2143 Graeco,
3194 2077 3251 2129 in
3284 2074 3632 2137 exultatione,
3667 2075 3776 2129 soli

390 2175 615 2230 brosius
639 2174 1008 2244 Autperthus,
1051 2171 1110 2225 in
1142 2170 1238 2224 lib.
1274 2187 1290 2224 1
1319 2185 1490 2240 super
1519 2166 1922 2239 Apocalypsin,
1954 2166 2028 2221 ad
2129 2168 2252 2220 Deo.
2284 2165 2413 2219 Haec
2442 2165 2504 2220 in
2536 2166 2828 2237 specimen
2857 2166 3012 2222 satis.

390 2270 542 2324 hunc
576 2279 846 2322 versum:
878 2268 985 2335 Qui
1018 2269 1096 2321 est
1135 2265 1280 2320 testis
1310 2264 1506 2332 ﬁdelis,
1541 2264 1647 2317 etc.
1688 2290 1757 2302 —-
1792 2263 1937 2315 ltem
1968 2260 2027 2314 in

720 2648 2222 2832 SAGBAMEN’I‘ABIUM
2389 2511 3452 2828 GALblGANUM

841 3063 1432 3215 LIBER
1540 2918 3305 3210 SACPLsZMENTORUM

1440 3330 1978 3409 ECGLESUE
2078 3329 2710 3406 GALLICAN/E

1078 3523 1144 3601 A
1200 3517 1900 3600 MURATORIO
1969 3516 2091 3595 IN
2165 3514 2561 3597 LUCEM
2627 3517 3075 3598 EDITUM

1438 3684 1664 3762 (MUSJEI
1705 3698 1926 3744 ITALICI
1969 3697 2122 3743 TOMI
2167 3698 2212 3755 ι,
2260 3699 2316 3741 Ρ.
2362 3684 2480 3742 273
2526 3680 2731 3760 SEQQ.)

1637 3862 2535 3901 ψ-

1373 4023 2077 4174 muratorii
2148 4021 2784 4195 praefatio.

463 4275 502 4326 1.
537 4272 690 4327 Ordo
723 4272 929 4339 missae,
965 4289 1138 4344 quem
1164 4289 1296 4328 mox
1330 4271 1720 4340 subjiciemus,
1750 4270 1904 4324 haud
1937 4269 2106 4324 dubie
2138 4271 2392 4341 pertinet
2422 4271 2494 4325 ad
2535 4270 2854 4342 Liturgiam
2887 4269 3257 4324 Gallicanam.
3294 4270 3548 4325 Primum
3590 4273 3756 4344 hujus

393 4362 474 4417 rei
507 4366 915 4434 argumentum
951 4362 1173 4417 desumi
1199 4364 1390 4432 potest
1415 4377 1480 4413 ex
1506 4359 1952 4415 Collectionibus
1978 4362 2110 4414 Post
2135 4361 2404 4440 Npmina,
2437 4361 2524 4414 Ad
2553 4362 2781 4428 Pacem,
2811 4363 2868 4414 et
2892 4377 2958 4413 ex
2982 4359 3256 4414 vocabulo
3288 4361 3753 4430 Contestationis,

393 4453 591 4524 quales
622 4456 774 4508 nota:
800 4453 860 4506 in
889 4469 1023 4505 vera
1049 4451 1304 4521 Liturgia
1327 4449 1614 4504 Gallicana
1640 4449 2176 4520 deprehenduntur,
2203 4454 2263 4504 ut
2288 4451 2346 4504 in
2371 4467 2546 4521 opere
2573 4450 2644 4505 de
2673 4449 2928 4521 Liturgia
2952 4449 3241 4504 Gallicana
3269 4451 3646 4506 ostendimus.

463 4571 526 4624 ll.
558 4571 817 4624 Alterum
843 4570 1253 4638 argumentum
1280 4566 1497 4638 petitur
1522 4583 1588 4620 ex
1615 4567 2040 4635 convenientia,
2070 4584 2244 4638 quam
2275 4567 2451 4622 habet
2481 4567 2574 4621 hic
2607 4567 2759 4623 Ordo
2787 4583 2916 4621 cum
2942 4566 3147 4622 Missali
3177 4567 3436 4636 Gothico,
3467 4585 3566 4623 seu
3592 4569 3755 4623 Galli-

391 4676 535 4714 cano
573 4662 632 4713 et
668 4676 798 4713 cum
830 4656 1190 4712 Lectionario
1222 4657 1558 4712 Luxoviensi
1599 4675 1633 4712 a
1673 4658 1840 4712 nobis
1875 4658 2064 4726 editis,
2106 4661 2168 4713 ut
2205 4659 2355 4713 facta
2391 4658 2825 4730 comparatione
2855 4657 2971 4712 suis
3008 4657 3144 4713 locis
3175 4657 3620 4714 observabimus.
3647 4660 3756 4714 Cur

390 4765 524 4804 vero
551 4748 611 4802 in
639 4747 907 4802 omnibus
936 4762 1054 4800 non
1085 4747 1408 4815 conveniat,
1439 4747 1677 4803 inferius
1714 4748 1920 4803 dicturi
1953 4763 2173 4804 sumus.

460 4867 550 4920 III.
583 4865 840 4920 Tertium
867 4868 1279 4935 argumentum
1306 4867 1673 4938 suppeditant
1699 4871 2030 4924 sanctorum
2055 4868 2222 4935 festa,
2254 4883 2382 4938 quae
2415 4867 2758 4940 paucissima
2782 4867 2840 4922 in
2872 4869 2982 4923 hoc
3009 4867 3222 4924 Ordine
3248 4869 3598 4925 referuntur.
3633 4872 3757 4926 Haec

389 4958 533 5011 festa
563 4959 696 5009 sunt
726 4957 1057 5010 sanctorum
1089 4956 1368 5028 Stephani
1396 4957 1858 5029 protomartyris,
1890 4957 2088 5013 Jacobi
2117 4961 2175 5012 et
2201 4957 2440 5012 Joannis
2471 4960 2888 5029 apostolorum,
2917 4957 3221 5013 Cathedra:
3249 4959 3428 5013 sancti
3458 4960 3629 5029 Petri,
3660 4962 3760 5016 De—

391 5043 694 5118 positionis
734 5062 834 5100 seu
872 5047 1298 5118 Assumptionis
1339 5047 1714 5102 sanctissimae
1755 5047 2024 5119 Virginis,
2066 5047 2418 5102 Inventionis
2456 5052 2667 5102 sanctae
2703 5048 2913 5115 Crucis,
2954 5047 3272 5103 Nativitatis
3309 5049 3493 5103 sancti
3523 5050 3758 5105 Joannis

391 5135 676 5208 Baptistae,
705 5136 1081 5208 ejusdemque
1109 5138 1427 5209 passionis;
1461 5139 1852 5209 apostolorum
1879 5137 2030 5192 Petri
2065 5141 2120 5192 et
2157 5138 2336 5204 Pauli,
2368 5138 2532 5193 Missa
2567 5137 2923 5208 Sigismundi
2949 5138 3122 5209 regis,
3157 5139 3368 5192 festum
3409 5139 3591 5193 sancti
3615 5141 3754 5194 Mar-

388 5225 492 5280 tini
522 5225 777 5299 episcopi
808 5227 1175 5296 Turonensis,
1213 5232 1270 5282 et
1298 5228 1586 5283 Michaelis
1617 5228 1977 5300 archangeli;
2022 5228 2229 5298 quibus
2263 5227 2412 5281 adde
2442 5227 2699 5281 triduum
2730 5228 3124 5298 Rogationum
3156 5230 3290 5281 ante
3322 5229 3752 5284 Ascensionem.

386 5317 464 5370 Ex
495 5315 582 5370 his
620 5317 934 5388 peculiaria
963 5318 1136 5372 Gallis
1174 5322 1341 5373 erant
1371 5318 1546 5372 missa
1580 5319 1764 5373 sancti
1805 5317 2159 5389 Sigismundi
2199 5315 2542 5387 Burgundias
2573 5317 2746 5388 regis,
2785 5322 2841 5372 et
2874 5319 3086 5372 festum
3114 5317 3296 5372 sancti
3326 5317 3572 5386 Martini,
3605 5319 3757 5390 quod

391 5410 585 5462 tamen
627 5411 786 5462 extra
821 5407 1065 5463 Galliam
1103 5408 1420 5479 antiquitus
1456 5409 1736 5464 celebrari
1772 5409 1978 5480 potuit.
2009 5409 2096 5462 Ad
2132 5408 2255 5461 haec
2299 5406 2651 5478 Rogationes
2695 5408 2976 5462 triduana:
3017 5410 3150 5462 ante
3192 5407 3593 5462 ascensionem
3629 5408 3758 5462 ritui

388 5495 678 5550 Gallicano
707 5497 1095 5564 conveniunt;
1125 5501 1181 5552 et
1209 5497 1498 5568 Depositio
1531 5516 1630 5553 seu
1666 5498 1992 5568 Assumptio
2027 5496 2282 5568 Deipara:
2317 5497 2374 5550 in
2401 5497 2694 5565 Januario,
2728 5498 3043 5569 itidemque
3083 5496 3370 5554 Gathedra
3397 5498 3581 5552 sancti
3609 5497 3761 5553 Petri

391 5584 446 5638 in
480 5585 589 5639 hoc
621 5584 834 5640 Ordine
870 5588 1078 5642 eodem
1116 5604 1339 5654 mense,
1382 5588 1462 5642 uti
1501 5591 1558 5642 et
1597 5589 1656 5642 in
1696 5587 1934 5644 Gothico
1980 5590 2038 5642 et
2077 5587 2134 5642 in
2178 5587 2539 5642 Lectionario
2573 5587 2908 5644 Luxoviensi
2950 5587 3336 5658 assignantur.
3380 5589 3668 5643 Przeterea
3701 5586 3758 5640 in

388 5674 619 5730 Canone
647 5676 712 5730 fit
737 5676 1216 5732 commemoratio
1249 5679 1432 5733 sancti
1463 5678 1681 5733 Hilarii.

461 5841 676 5922 ﬁQuod
693 5859 884 5927 “supra
918 5844 1206 5927 dennsev‘is
1239 5845 1522 5927 librorum
1555 5847 1824 5927 Liturgife
1856 5844 2026 5927 Galli-
2122 5847 2384 5927 relegere
2419 5847 2576 5914 velis,
2617 5847 2795 5900 lector
2831 5845 3074 5927 erudite,
3109 5844 3442 5927 dictumque
3483 5846 3648 5927 putes
3683 5845 3753 5899 de

396 5927 571 5983 canae,
605 5913 664 5968 in
689 5913 805 5969 ﬁne
831 5914 1037 5972 moniti
1070 5915 1278 5975 iisdem
1308 5917 1468 5975 libris
1493 5913 1745 5993 praeﬁxi;
1763 5917 2028 5993 diximus,
2125 5913 2488 5992 sequentium
2512 5920 3029 5978 monumentorum
3055 5913 3500 5992 sphalmatibus.‘
3521 5918 3672 5974 Enn.
