4006 6228
211 320 309 373 449
1136 315 1748 375 SACRAMENTARIUM
1789 316 2234 374 GALLICANUM.
2281 317 2646 374 PRJEFATIO.
3478 330 3582 386 450

274 430 359 483 IV.
387 429 654 503 Denique
686 428 778 487 hic
803 431 956 487 Ordo
979 448 1098 487 non
1122 437 1208 488 est
1234 435 1547 503 Romanus,
1582 438 1643 488 ut
1670 433 1857 506 primo
1891 432 2101 487 intuitu
2129 433 2310 488 evinci
2341 437 2566 506 potest;
2610 448 2799 505 neque
2836 435 3021 492 ferme
3052 438 3230 495 ullam
3260 440 3454 510 habet,
3484 460 3577 498 ex-

206 522 366 591 cepto
389 521 651 589 Canone,
686 539 818 578 cum
845 522 1149 578 Gelasiano
1176 526 1277 579 aut
1299 524 1655 595 Gregoriano
1681 522 1893 579 Ordine
1920 522 2406 578 convenientiam.
2436 526 2498 578 In
2525 524 2705 578 veteri
2732 528 2933 581 nostro
2951 529 3264 600 exemplari
3285 532 3583 602 praemitti-

205 613 294 664 tur
324 610 568 681 quidem
611 612 775 667 Missa
796 613 1101 668 Romensis
1130 613 1466 681 cottidiana,
1491 632 1622 669 cum
1652 615 1886 670 Canone
1913 612 2051 667 item
2085 614 2365 669 Romano.
2400 616 2609 668 Verum
2638 614 2696 668 in
2721 616 2835 670 fine
2863 616 3097 673 Missalis
3123 620 3345 675 Gothici
3374 623 3583 678 eadem

205 699 376 754 missa
388 700 645 773 ascripta
674 705 818 769 erat,
843 703 945 758 sed
963 703 1168 759 mutila
1191 703 1253 758 in
1279 703 1488 759 Codice
1511 704 1812 760 Christinae
1838 702 2077 773 reginas,
2107 720 2221 773 quo
2245 721 2378 758 usus
2406 706 2491 758 est
2511 704 2770 759 eruditus
2794 707 3130 763 Thomasius
3146 709 3205 763 in
3224 710 3452 767 edendo
3473 712 3586 783 pri-

204 805 358 844 mum
387 789 490 844 illo
516 790 742 846 Missali.
773 794 861 846 An
886 793 1086 848 Canon
1113 793 1290 848 etiam
1317 794 1611 848 Romanus
1640 794 1701 847 in
1722 810 1791 848 eo
1819 792 2027 848 Codice
2060 793 2274 847 relatus
2294 793 2487 860 fuerit,
2517 794 2809 849 affirmare
2831 813 2949 851 non
2978 798 3109 852 licet
3132 804 3371 871 propter
3392 802 3581 857 mutili

206 878 423 934 Codicis
444 879 761 936 defectum.
791 883 1064 937 Attamen
1086 899 1215 938 cum
1245 882 1318 937 ad
1342 882 1599 953 singulas
1625 882 1828 937 missas
1855 881 1914 935 in
1941 881 2037 936 illo
2064 881 2302 937 Gothico
2324 882 2649 937 habeantur
2672 883 2884 956 singuli
2906 887 3190 957 Canones,
3221 906 3383 945 secus
3406 907 3581 962 quam

128 994 135 1005 ι
207 967 261 1022 in
292 968 507 1023 Ordine
540 987 713 1041 quem
741 971 833 1025 hic
855 972 1178 1043 vulgamus,
1209 972 1415 1043 conjici
1434 975 1627 1045 potest
1655 972 1714 1027 in
1740 972 1838 1026 illo
1861 971 2100 1026 Gothico
2121 972 2383 1026 nondum
2406 972 2579 1027 fuisse
2609 977 2906 1045 receptum
2932 976 3224 1033 Canonem
3253 980 3581 1037 Romanum

206 1057 298 1128 qui
324 1058 382 1112 in
409 1061 614 1114 nostro
635 1059 850 1115 Ordine
872 1060 999 1130 jam
1026 1061 1310 1116 admissus
1336 1065 1479 1130 erat,
1508 1062 1590 1115 uti
1618 1061 1793 1116 etiam
1822 1060 1880 1114 in
1910 1059 2116 1115 Missali
2142 1061 2494 1115 Francorum
2522 1062 2926 1133 Thomasiano,
2968 1067 3125 1137 quod
3154 1084 3189 1123 a
3213 1069 3379 1123 nobis
3413 1087 3577 1125 recu-

207 1163 329 1201 sum
361 1151 470 1203 est.
498 1150 689 1220 Atque
720 1150 889 1216 adeo,
912 1153 976 1204 ut
1000 1150 1060 1205 in
1088 1151 1235 1207 libro
1257 1151 1444 1222 primo
1472 1151 1544 1205 de
1572 1149 1828 1221 Liturgia
1849 1150 2143 1205 Gallicana
2162 1149 2552 1219 observatum,
2574 1152 2825 1222 majores
2850 1156 3029 1209 nostri
3057 1157 3216 1228 prius
3249 1160 3577 1214 Romanum

203 1237 502 1292 Canonem
535 1255 713 1310 quam
750 1239 1051 1311 integrum,
1087 1240 1277 1296 missas
1306 1241 1482 1296 ritum
1523 1242 1851 1297 Romanum
1880 1243 2275 1312 susceperunt.
2314 1242 2392 1296 Ex
2438 1240 2526 1294 his
2571 1242 2946 1300 manifestum
2982 1250 3067 1301 est
3109 1248 3263 1303 hunc
3301 1249 3578 1304 Ordinem

202 1329 463 1381 nostrum
493 1344 614 1383 non
646 1345 770 1383 esse
802 1331 1154 1386 Romanum.

266 1453 329 1507 ν.
364 1451 481 1507 Sed
511 1469 703 1525 neque
731 1454 1116 1510 Mozarabicus
1142 1460 1247 1524 est,
1276 1460 1339 1511 ut
1363 1455 1685 1512 conferenti
1716 1458 1894 1527 patet.
1927 1455 2123 1525 Neque
2148 1453 2564 1509 Ambrosianus
2587 1472 2600 1509 :
2621 1455 2928 1527 siquidem,
2954 1462 3166 1529 praeter
3198 1463 3407 1518 multas
3437 1464 3577 1520 alias

197 1539 467 1607 rationes,
498 1541 853 1613 Rogationes
882 1544 941 1599 in
962 1545 1177 1601 Ordine
1197 1546 1580 1601 Ambrosiano
1599 1545 1965 1601 celebrantur
1988 1546 2118 1615 post
2131 1544 2563 1613 Ascensionem,
2591 1545 2683 1600 hic
2702 1549 2837 1601 ante
2865 1547 3023 1602 illam
3043 1565 3111 1603 ex
3130 1549 3243 1605 ritu
3262 1552 3575 1612 Gallicano.

197 1632 410 1685 Praeter
438 1648 511 1685 ea
536 1633 759 1687 nullum
778 1637 866 1688 est
894 1634 952 1689 in
975 1639 1172 1691 nostro
1203 1636 1418 1691 Ordine
1438 1637 1650 1691 festum
1668 1638 1999 1690 sanctorum
2019 1633 2570 1701 Mediolanensium;
2597 1651 2663 1689 ac
2688 1635 2926 1691 demum
2946 1654 3065 1692 non
3091 1640 3332 1694 omnino
3354 1642 3576 1698 easdem

199 1722 329 1774 sunt
356 1722 551 1777 missae
583 1728 777 1794 partes
800 1724 860 1779 in
884 1726 1287 1795 Ambrosiano,
1318 1727 1408 1782 cui
1436 1728 1647 1783 desunt
1678 1725 2053 1781 Praefationes
2081 1724 2247 1780 initio
2277 1724 2486 1793 missae,
2518 1726 2579 1781 in
2606 1726 2716 1781 hoc
2742 1726 2957 1783 Ordine
2984 1728 3393 1799 usitatissimaa;
3437 1732 3577 1788 item

200 1812 584 1870 Collectiones
602 1817 737 1871 Post
762 1817 1008 1873 Nomina
1039 1822 1097 1873 et
1114 1818 1204 1874 Ad
1234 1820 1444 1874 Pacem
1468 1822 1601 1875 ante
1623 1817 2141 1874 Contestationem.

265 1947 350 2003 VI.
374 1950 449 2003 At
488 1949 640 2006 forte
667 1952 760 2007 hic
783 1952 936 2010 Ordo
964 1954 1139 2010 fuerit
1161 1955 1425 2011 Ecclesiae
1449 1954 1754 2010 Africanae.
1780 1953 1893 2010 Sed
1920 1969 2110 2025 neque
2135 1952 2245 2007 hoc
2277 1951 2387 2007 dici
2408 1954 2617 2023 potest.
2649 1951 2871 2025 Quippe
2901 1955 3170 2027 Liturgiaa
3192 1955 3474 2014 Africanae
3494 1957 3577 2013 in-

200 2036 342 2092 dicia
373 2038 491 2094 duo
529 2056 597 2095 ex
634 2042 955 2114 Augustino
996 2043 1286 2113 discimus,
1329 2061 1456 2117 qum
1485 2044 1638 2111 huic,
1670 2060 1785 2114 qua
1815 2042 1887 2097 de
1932 2041 2177 2113 agimus,
2210 2041 2368 2095 nullo
2399 2040 2574 2095 modo
2604 2041 2970 2098 conveniunt.
3009 2045 3265 2099 Primum
3300 2046 3575 2103 indicium

199 2131 298 2195 est,
332 2129 492 2200 quod
522 2147 653 2186 cum
686 2133 745 2187 in
772 2134 1021 2190 Ecclesia
1051 2136 1343 2191 Gallicana
1374 2139 1489 2191 tres
1522 2134 1820 2190 Lectiones
1848 2150 1915 2188 ex
1942 2132 2123 2187 Libris
2154 2131 2327 2186 sacris
2374 2131 2448 2185 ad
2490 2132 2727 2186 missam
2762 2134 3312 2191 catechumenorum
3346 2138 3578 2193 recitari

200 2233 320 2271 mos
344 2223 517 2288 esset,
541 2220 602 2275 in
622 2222 894 2279 Africana
923 2224 1052 2279 duae
1073 2229 1301 2281 tantum
1328 2226 1627 2281 Lectiones
1651 2241 1784 2279 cum
1806 2222 2157 2278 intermedio
2180 2222 2402 2293 psalmo
2422 2221 2832 2277 recitabantur.
2857 2223 2918 2277 Id
2942 2227 3101 2295 patet
3121 2242 3188 2280 ex
3200 2226 3575 2283 Sermonibus

197 2307 502 2377 Augustini
536 2310 609 2365 ad
637 2313 935 2384 populum,
967 2314 1134 2370 editis
1164 2315 1224 2370 in
1257 2318 1418 2372 temo
1438 2317 1483 2371 V
1510 2316 1631 2387 ejus
1652 2316 1906 2387 Operum
1929 2329 2092 2368 novae
2119 2310 2408 2380 editionis,
2438 2328 2552 2383 qua
2571 2312 2631 2366 in
2658 2316 2954 2383 posterum
2979 2330 3209 2386 semper
3232 2319 3479 2371 utemur.
3513 2320 3576 2373 In

200 2412 464 2452 sermone
498 2402 599 2455 112
632 2417 645 2456 :
680 2423 707 2450 «
736 2401 1036 2459 Lectiones
1064 2410 1278 2461 sanctae
1303 2404 1612 2478 proposita:
1644 2407 1795 2473 sunt,
1832 2406 1889 2458 et
1916 2420 2058 2475 quas
2086 2400 2411 2469 audiamus,
2441 2405 2499 2455 et
2523 2401 2595 2455 de
2627 2402 2834 2473 quibus
2850 2403 3063 2475 aliquid
3084 2406 3386 2475 sermonis,
3410 2406 3574 2478 adju-

197 2489 363 2541 vante
386 2488 662 2558 Domino,
694 2492 1079 2562 proferamus.
1110 2497 1171 2549 In
1200 2495 1471 2551 Lectione
1496 2495 1823 2566 Apostolica
1855 2492 2055 2564 gratiae
2093 2495 2346 2562 aguntur
2382 2492 2630 2546 Domino
2657 2491 2730 2546 de
2775 2492 2888 2547 fide
2931 2494 3212 2563 gentium.
3254 2498 3318 2551 ln
3348 2498 3571 2568 psalmo

202 2574 461 2645 diximus,
492 2581 636 2634 Deus
661 2582 925 2637 virtutum
955 2589 1200 2639 converte
1225 2600 1339 2648 nos,
1365 2589 1472 2639 etc.
1493 2586 1556 2639 In
1578 2582 1889 2654 Evangelio
1917 2582 1990 2637 ad
2021 2598 2245 2637 coenam
2274 2580 2461 2636 vocati
2487 2597 2707 2639 sumus.
2738 2603 2765 2631 »
2791 2582 3022 2637 Brevius
3034 2583 3101 2637 in
3128 2600 3395 2639 sermone
3430 2589 3528 2640 165
3557 2601 3572 2641 :

203 2686 228 2713 ι(
254 2667 597 2737 Apostolum
620 2670 961 2741 audivimus,
979 2675 1267 2745 psalmum
1289 2674 1631 2741 audivimus,
1656 2672 2031 2745 Evangelium
2055 2670 2396 2726 audivimus.
2428 2693 2455 2721 »
2481 2670 2641 2726 Idem
2663 2671 2951 2743 colligitur
2976 2689 3043 2727 ex
3066 2674 3429 2729 sermonibus
3476 2674 3575 2729 170

201 2755 255 2806 ct
276 2758 394 2810 176.
419 2757 654 2829 Loquor
680 2759 751 2813 de
780 2761 1143 2818 Lectionibus
1170 2764 1363 2819 sacris.
1397 2766 1542 2819 Nam
1568 2765 1741 2836 paulo
1774 2767 1908 2818 ante
1939 2762 2178 2817 missam
2204 2761 2263 2816 in
2295 2761 2455 2816 festis
2478 2762 2791 2833 Martyrum
2820 2765 2963 2817 Acta
2982 2780 3186 2818 eorum
3210 2765 3573 2835 legebantur,

202 2846 259 2897 ut
284 2849 444 2914 patet
465 2864 538 2902 ex
563 2851 926 2906 sermonibus
956 2855 1024 2908 37
1054 2858 1112 2908 et
1136 2856 1259 2909 276.
1298 2876 1324 2903 ‹‹
1350 2856 1485 2909 Post
1510 2868 1844 2909 sermonem
1872 2851 1937 2906 ﬁt
1961 2852 2137 2907 missa
2158 2854 2280 2923 (seu
2311 2850 2589 2922 dimissio)
2611 2852 3040 2907 catechumenis
3060 2853 3381 2924 (Augustini
3402 2854 3577 2908 verba

197 2937 325 2987 sunt
348 2934 407 2989 in
436 2953 713 2994 sermone
740 2941 809 2995 49
837 2958 977 2997 num
1007 2944 1088 3012 8);
1122 2944 1444 2999 manebunt
1468 2944 1701 3011 ﬁdeles;
1734 2941 1998 2998 venietur
2027 2942 2102 2997 ad
2136 2943 2327 2996 locum
2358 2940 2637 2996 orationis
2662 2941 2898 3012 (scilicet
2925 2942 3262 2997 Dominicaa.
3308 2943 3572 2997 Alterum

199 3021 471 3080 indicium
497 3031 604 3095 est,
624 3029 780 3100 quod
799 3029 859 3084 in
878 3031 1149 3088 Africana
1169 3033 1440 3101 Ecclesia,
1467 3033 1549 3087 uti
1571 3033 1629 3087 in
1658 3033 1921 3088 Romana
1942 3035 2001 3085 et
2028 3031 2088 3085 in
2115 3029 2550 3101 Mediolanensi)
2576 3047 2589 3097 ;
2622 3033 2753 3101 post
2774 3031 3290 3086 sanctiﬁcationem
3311 3033 3575 3088 sacriﬁcii

200 3114 254 3165 et
300 3114 628 3171 orationem
663 3119 1045 3189 Dominicam,
1091 3122 1298 3177 dicitur
1320 3125 1442 3178 Paa:
1482 3122 1773 3189 uobiscum,
1813 3124 1872 3175 et
1899 3120 2231 3175 osculantur
2260 3136 2318 3173 se
2363 3118 2673 3175 Christiani
2708 3118 2767 3173 in
2802 3120 2994 3174 osculo
3041 3123 3260 3189 sancto,
3291 3142 3318 3170 »
3349 3137 3417 3175 ex
3462 3138 3578 3177 ser-

199 3217 368 3257 mone
398 3208 526 3260 237.
560 3207 773 3264 Contra
797 3209 858 3264 in
886 3211 1178 3268 Gallicana
1208 3216 1266 3267 et
1289 3213 1348 3267 in
1375 3213 1729 3269 Mozarabica
1754 3210 2013 3282 Liturgia
2030 3212 2145 3265 Pax
2172 3209 2418 3264 dabatur
2444 3212 2580 3264 ante
2620 3209 2929 3278 actionem,
2958 3209 3076 3265 imo
3104 3214 3238 3266 ante
3277 3211 3575 3267 Praefatio-

199 3307 332 3347 nem
355 3295 645 3368 sacrificii,
672 3315 800 3371 quae
820 3302 1174 3358 Coutestatio
1205 3304 1547 3375 appellatur.
1579 3305 1777 3375 Itaque
1799 3317 2046 3374 sequens
2074 3299 2227 3356 Ordo
2256 3317 2374 3355 non
2400 3299 2831 3369 estAfricanus,
2859 3318 2925 3356 ac
2950 3300 3195 3373 proinde
3225 3305 3488 3374 superest
3516 3306 3579 3357 ut

204 3377 272 3435 sit
298 3383 645 3442 Gallicanus.

269 3506 377 3562 VII.
405 3509 524 3565 Cur
553 3526 714 3583 ergo,
746 3512 959 3586 inquis,
991 3513 1051 3569 in
1078 3515 1352 3571 omnibus
1378 3532 1497 3571 non
1529 3514 1798 3570 convenit
1843 3531 1975 3570 cum
2018 3514 2227 3570 Missali
2257 3513 2495 3570 Gothico
2531 3513 2865 3570 Gallicano?
2902 3515 2966 3570 Id
3002 3532 3071 3571 ex
3113 3533 3182 3572 eo
3209 3517 3426 3574 factum
3452 3535 3575 3574 esse

207 3594 616 3669 existimamus,
644 3603 821 3673 quod,
845 3605 950 3659 etsi
976 3604 1035 3660 in
1062 3605 1306 3661 ecclesia
1335 3606 1627 3661 Gallicana
1652 3604 1855 3677 primis
1893 3604 2132 3673 saeculis,
2164 3594 2226 3659 id
2255 3606 2341 3659 est
2365 3606 2500 3659 ante
2525 3603 2714 3659 Caroli
2745 3605 2934 3675 Magni
2964 3605 3373 3677 principatum,
3403 3609 3580 3664 fuerit

207 3685 511 3743 uniformis
538 3692 901 3749 celebranda:
921 3695 1111 3751 missae
1142 3696 1304 3763 ritus,
1339 3696 1675 3768 easdemque
1707 3697 1920 3767 partes,
1944 3710 2063 3750 non
2090 3697 2287 3749 tamen
2317 3692 2539 3748 easdem
2561 3695 2729 3747 erant
2754 3693 2966 3765 ubique
3009 3695 3406 3766 Collectiones,
3447 3699 3580 3753 Lec-

210 3774 404 3847 tiones,
432 3783 496 3833 et
524 3781 980 3840 Contestationes
1003 3803 1015 3841 :
1050 3786 1151 3842 sed
1182 3788 1378 3842 forsan
1404 3787 1465 3841 in
1494 3802 1845 3858 unaquaque
1873 3783 2180 3856 metropoli
2207 3783 2466 3838 diversae.
2493 3783 2557 3836 Id
2577 3782 2849 3854 colligere
2876 3783 3010 3838 licet
3034 3801 3101 3838 ex
3128 3786 3370 3841 concilio
3394 3788 3575 3842 Vene-

208 3862 313 3920 tico
340 3868 481 3922 anni
507 3870 632 3937 465,
662 3872 824 3943 cujus
850 3875 974 3931 haec
996 3877 1172 3931 verba
1209 3880 1343 3931 sunt
1384 3876 1444 3930 in
1475 3892 1697 3930 canone
1738 3878 1801 3929 15
1832 3891 1845 3929 :
1876 3877 2097 3930 Rectum
2122 3888 2333 3943 quoque
2373 3873 2653 3935 duximus,
2688 3877 2751 3927 ut
2786 3874 2873 3927 uel
2907 3875 3062 3930 intra
3091 3876 3436 3943 provinciam
3474 3893 3574 3932 no-

207 3958 389 4025 stram,
416 3974 697 4015 sacrorum
722 3964 853 4018 ordo
884 3970 932 4020 et
954 3967 1238 4036 psallendi
1270 3982 1384 4021 una
1409 3968 1482 4020 sit
1503 3965 1850 4020 consuetudo.
1894 3962 2066 4027 Quasi
2094 3959 2356 4016 dicerent
2384 3962 2582 4016 Patres
2610 3978 2624 4017 ς
2655 3960 2713 4016 Si
2751 3978 2868 4016 non
2894 3962 2953 4016 in
2981 3965 3103 4017 tota
3138 3963 3337 4034 Gallia,
3370 3966 3577 4021 saltem

207 4039 353 4099 intra
376 4048 734 4118 provinciam
758 4057 1036 4123 nostram,
1062 4054 1124 4110 id
1150 4058 1236 4110 est
1264 4056 1680 4123 Turonensem,
1710 4051 2017 4108 uniformis
2042 4051 2116 4106 sit
2138 4067 2436 4106 sacrorum
2456 4050 2618 4105 ritus.
2650 4052 3010 4123 Epaonense,
3030 4070 3185 4129 anno
3209 4057 3310 4109 517
3329 4056 3578 4110 celebra-

208 4134 343 4203 tum,
366 4136 501 4192 huic
522 4138 985 4213 interpretationi
1008 4144 1356 4217 suffragatur
1386 4160 1609 4200 canone
1639 4147 1705 4198 27
1742 4161 1755 4198 :
1784 4144 1875 4200 Ad
1901 4142 2228 4198 celebranda
2256 4141 2450 4197 divina
2480 4142 2681 4212 ofﬁcia,
2713 4140 2970 4197 Ordinem
2993 4159 3151 4213 quem
3176 4146 3581 4215 metropolitani

212 4225 402 4289 tenent,
422 4232 795 4297 provinciales
820 4233 1105 4290 observare
1135 4236 1420 4290 debebunt.
1450 4235 1593 4289 Hinc
1619 4236 1706 4289 est
1726 4232 1884 4305 quod
1902 4230 2155 4287 Ecclesia
2176 4231 2535 4286 Ludunensis
2561 4230 2914 4303 peculiarem
2944 4232 3003 4287 in
3021 4232 3196 4288 sacris
3223 4234 3399 4290 ritum
3425 4253 3577 4291 sem-

211 4327 310 4382 per
326 4316 583 4373 retinuit.
624 4322 748 4376 Non
790 4322 984 4396 itaque
1018 4325 1232 4379 mirum
1276 4324 1321 4379 si
1361 4324 1655 4397 provincia
1681 4322 2089 4391 Narbonensis,
2121 4338 2250 4394 quea
2280 4322 2600 4377 Gothorum
2631 4322 2876 4395 imperio
2904 4325 3040 4378 tunc
3065 4325 3327 4396 parebat,
3366 4343 3483 4381 non
3517 4327 3580 4381 in

215 4404 479 4462 omnibus
506 4412 861 4467 consenserit
886 4430 1016 4469 cum
1039 4414 1164 4469 aliis
1190 4414 1495 4471 Gallicanis
1520 4413 1855 4487 provinciis;
1877 4413 1997 4468 imo
2025 4428 2142 4468 non
2164 4412 2399 4481 mirum,
2432 4412 2480 4466 si
2510 4412 2749 4484 singulm
2772 4414 3101 4486 provincia,
3137 4432 3264 4487 qua:
3287 4416 3581 4472 rarissime

212 4489 269 4545 in
296 4510 477 4552 unum
507 4500 800 4557 nationale
827 4503 1134 4559 concilium
1169 4503 1477 4560 convenire
1514 4507 1803 4576 poterant,
1842 4502 2059 4575 aliquid
2100 4502 2413 4557 habuerint
2451 4502 2658 4557 diversi
2696 4503 2756 4559 in
2786 4503 3000 4561 Ordine
3030 4522 3228 4561 rerum
3264 4523 3578 4576 sacrarum,

218 4582 444 4642 tametsi
463 4586 522 4642 in
546 4590 836 4664 plerisque
862 4596 1035 4667 atque
1058 4594 1117 4649 in
1148 4594 1273 4667 ipsa
1300 4595 1382 4650 rei
1411 4594 1495 4667 (ut
1518 4594 1600 4651 ita
1621 4592 1831 4667 dicam)
1862 4593 2181 4649 substantia
2207 4592 2646 4649 conveniebant.

284 4718 415 4777 VIII.
438 4723 707 4781 Codicem
734 4728 1060 4802 antiquum,
1093 4748 1161 4787 ex
1187 4748 1301 4805 quo
1328 4732 1780 4805 subsequentem
1809 4730 2086 4787 Ordinem
2111 4728 2470 4784 Gallicanum
2486 4728 2909 4800 descripsimus,
2943 4730 3271 4791 invenimus
3292 4736 3352 4791 in
3372 4736 3577 4793 biblio-

219 4806 380 4905 theca
403 4816 752 4883 percelebris
782 4822 842 4875 et
863 4822 1193 4895 perantiqui
1219 4822 1558 4880 monasterii
1577 4821 1893 4879 Bobiensis.
1922 4819 2175 4891 Scriptus
2195 4821 2283 4873 est
2298 4816 2490 4874 Codex
2516 4820 2650 4872 ante
2680 4834 2866 4874 annos
2893 4820 3070 4890 mille,
3099 4829 3158 4879 et
3177 4828 3416 4899 quidem
3435 4827 3583 4885 litte-

220 4901 293 4951 ris
320 4901 671 4973 majusculis.

288 5022 569 5085 Bertulfus
590 5030 820 5088 alicuibi
845 5036 1057 5107 legitur
1085 5036 1147 5091 in
1173 5054 1275 5093 ora
1304 5037 1426 5094 folii
1454 5038 1776 5110 cujusdam,
1809 5052 1986 5109 quem
2016 5036 2285 5107 putamus
2312 5049 2435 5088 esse
2464 5033 2654 5104 ipsum
2683 5033 3001 5090 Bertulfum
3026 5036 3136 5091 loci
3153 5039 3425 5100 abbatem
3456 5064 3578 5101 mes

226 5109 313 5167 dio
336 5119 541 5205 sceculo
571 5136 668 5176 vn.
702 5124 764 5177 In
798 5124 911 5181 alio
956 5126 1094 5181 folio
1124 5128 1463 5196 Elderatus;
1496 5109 1637 5183 item
1676 5127 1734 5182 in
1778 5126 1890 5181 alio
1918 5125 2309 5181 Munubertus.
2358 5123 2501 5178 lllud
2534 5123 2593 5177 in
2624 5141 2693 5180 eo
2732 5124 2937 5180 Codice
2979 5126 3178 5198 magni
3226 5129 3579 5205 faciendum,

226 5204 373 5272 quod
404 5206 476 5263 sit
498 5208 746 5283 integer,
776 5215 1170 5287 nonmutilus,
1203 5217 1344 5272 utin
1376 5218 1486 5272 illis
1510 5217 1745 5273 vetustis
1775 5216 1934 5272 libris
1972 5214 2201 5270 evenire
2236 5215 2400 5270 solet.
2434 5216 2610 5269 Porro
2638 5214 2897 5271 continet
2920 5217 3316 5288 Collectiones,
3360 5204 3580 5280 Lectio-

226 5306 321 5347 nes
356 5300 741 5370 propheticas,
788 5306 1131 5376 apostolicas
1169 5311 1227 5363 et
1270 5309 1651 5380 evangelicas,
1693 5311 1867 5381 atque
1894 5304 2355 5363 Contestationes
2379 5305 2454 5359 ad
2482 5304 2721 5361 missam
2749 5323 2854 5379 per
2891 5311 3078 5363 totum
3104 5326 3345 5365 annum.
3380 5314 3441 5366 In
3465 5315 3580 5368 [ine

227 5382 393 5441 etiam
420 5388 599 5460 (quod
626 5392 983 5451 rarissimum
1011 5400 1117 5466 est,
1146 5401 1205 5452 et
1234 5400 1384 5471 pene
1411 5399 1723 5471 singulare)
1746 5398 1993 5452 habetur
2017 5396 2162 5451 liber
2185 5395 2620 5466 Poenitentialis,
2648 5396 2707 5451 in
2740 5413 2855 5470 quo
2887 5399 3069 5454 multa
3101 5400 3241 5455 scitu
3281 5400 3459 5475 digna
3486 5420 3579 5458 oc-

228 5482 454 5533 currunt
482 5481 557 5535 ad
576 5483 786 5540 veteris
806 5485 1120 5559 disciplina:
1144 5488 1539 5544 ecclesiasticae
1568 5487 1985 5561 cognitionom.

292 5612 371 5670 IX.
400 5618 570 5690 Cujus
603 5637 777 5693 porro
812 5624 1119 5695 provinciae
1158 5626 1334 5682 fuerit
1366 5626 1476 5682 hoc
1508 5626 1748 5693 Missale,
1784 5643 1902 5682 non
1944 5625 2179 5681 obvium
2211 5627 2298 5680 est
2336 5622 2597 5682 deﬁnire.
2627 5626 2793 5681 Forte
2822 5626 2895 5680 ad
2928 5643 3095 5682 usum
3128 5633 3253 5685 erat
3277 5612 3583 5703 provincias

231 5704 485 5762 maximas
511 5709 933 5781 Sequanorum,
962 5713 1023 5769 id
1048 5717 1135 5771 est
1161 5714 1648 5783 Vesontionensis,
1677 5714 1716 5769 ii
1746 5714 2062 5787 qua-situm
2087 5718 2174 5770 est
2201 5714 2549 5770 Luxoviense
2574 5715 3009 5787 monasterium,
3033 5718 3186 5773 unde
3203 5720 3585 5776 Columbanus

232 5788 462 5851 Bobium
491 5796 782 5871 migravit.
806 5801 978 5859 Favet
1002 5804 1135 5860 huic
1154 5805 1502 5877 conjecturae
1525 5803 1776 5859 missade
1802 5806 1999 5859 sancto
2022 5803 2393 5875 Sigismundo
2418 5820 2558 5876 rege
2580 5804 3073 5877 Burgundionum.
3094 5810 3257 5864 Certe
3277 5809 3370 5864 hic
3393 5809 3583 5866 Codex

236 5896 345 5941 non
372 5886 477 5943 fuit
501 5889 576 5946 ad
600 5907 769 5950 usum
796 5896 1221 5953 monachorum
1241 5894 1631 5951 Bobiensium.
1659 5893 1807 5950 Nihil
1835 5893 1994 5949 enim
2013 5894 2073 5948 in
2105 5910 2174 5949 eo
2202 5894 2273 5949 de
2305 5893 2514 5950 sanctis
2558 5894 2949 5965 Bobiensibus,
2978 5897 3356 5966 Columbano,
3389 5898 3583 5970 ejusve
