4006 6228
385 310 480 369 451
1267 304 1600 364 APPENDIX
1639 305 1727 359 AD
1764 302 1986 359 OPERA
2028 303 2081 357 S.
2121 299 2422 358 GERMANI
2460 298 2888 357 PARISIENSIS.
3662 296 3783 355 452

387 422 696 494 discipulis.
726 416 874 476 Nihil
904 418 1043 474 item
1066 417 1138 473 de
1165 417 1336 472 rebus
1363 412 1695 489 monasticis
1729 429 1743 468 :
1771 429 1888 467 non
1918 410 2246 466 benedictio
2274 409 2519 477 abbatis,
2552 413 2653 464 aut
2678 410 3138 476 monachorum;
3180 426 3297 466 non
3325 409 3782 466 benedictiones

389 531 495 587 pro
524 509 861 567 monasterii
891 508 1153 576 ofﬁcinis,
1181 506 1239 561 in
1269 503 1553 577 ejusmodi
1570 502 1731 558 libris
1755 501 2088 558 monasticis
2111 500 2354 555 usitata.
2384 499 2468 553 Fit
2494 499 2729 570 quidem
2760 499 2940 554 sancti
2969 499 3258 579 Benedicti
3281 500 3781 555 commemoratio

384 603 447 658 in
468 603 702 657 Canone
730 599 970 665 misssa;
1000 597 1101 652 sed
1128 598 1248 650 hac
1273 594 1477 648 itidem
1506 593 1567 647 in
1594 592 1883 664 plerisque
1904 590 2027 646 aliis
2053 588 2470 644 cathedralium
2498 588 2867 644 ecclesiarum
2893 589 3291 645 vetustissimis
3316 590 3474 645 libris
3495 590 3776 657 occurrit,

389 692 529 746 utin
558 692 795 746 Ganone
824 687 1085 743 Ecclesia
1111 682 1554 740 Mediolanensis
1582 686 1718 737 ante
1750 698 1935 737 annos
1960 682 2259 735 sexcentos
2286 679 2516 750 scripto,
2547 677 2665 733 imo
2697 679 2756 732 in
2786 679 2941 734 edito
2970 678 3174 735 Missali
3200 696 3306 751 per
3343 683 3612 735 sanctum
3661 681 3779 736 Ca-

385 783 575 836 rolum
622 781 955 835 reformato.
997 776 1134 838 Qua
1164 777 1360 828 tamen
1391 770 1871 826 commemoratio
1902 770 1960 824 in
1999 768 2481 839 subsequentibus
2523 768 3040 824 Ambrosianorum
3066 768 3378 824 Missalium
3414 769 3779 825 editionibus

386 874 491 925 est.
524 871 672 925 Nihil
699 884 837 938 ergo
868 864 1136 937 prohibet
1166 862 1305 935 quin
1338 863 1447 917 hoc
1487 861 1706 917 Missale
1736 860 1909 915 fuerit
1944 860 2017 915 ad
2051 876 2220 914 usum
2246 857 2511 913 Ecclesia
2552 860 2610 912 et
2638 858 2945 929 provincia
2967 858 3457 926 Vesontionensis,
3488 858 3647 930 quod
3676 862 3777 914 ta-

385 977 523 1016 men
552 961 676 1015 aliis
706 954 1149 1029 expendendum
1176 953 1586 1025 permittimus.
1616 952 1829 1007 Confer
1855 968 1923 1006 ea
1951 967 2079 1022 qua
2105 950 2165 1004 in
2194 949 2369 1005 missa
2399 966 2503 1021 pro
2520 949 2781 1021 principe
2812 949 3098 1004 dicuntur.
3127 952 3189 1004 In
3213 950 3447 1005 Canone
3474 954 3606 1021 post
3625 966 3775 1005 con-

382 1050 769 1106 secrationem
795 1046 1291 1101 commemoratur
1314 1060 1446 1097 cum
1473 1042 1599 1098 aliis
1627 1042 1839 1097 sanctis
1865 1040 2146 1113 Eugenia,
2182 1039 2504 1111 eademque
2542 1039 2813 1095 laudatur
2846 1040 2907 1094 in
2953 1040 3381 1096 Contestatione
3425 1040 3617 1094 missa
3661 1056 3775 1111 pro

385 1139 590 1210 Vigilia
610 1136 823 1191 Natalis
863 1134 1111 1190 Domini.
1145 1136 1276 1188 Hac
1303 1136 1391 1187 est
1410 1132 1670 1205 Eugenia
1698 1132 1861 1204 virgo
1892 1147 2021 1203 qua
2046 1131 2246 1186 Roma
2282 1133 2546 1201 tempore
2574 1129 2817 1185 Gallieni
2843 1130 3189 1201 martyrium
3220 1146 3389 1201 passa
3415 1133 3520 1184 est.
3550 1132 3611 1184 In
3642 1131 3776 1201 ejus

387 1227 628 1283 ecclesia
654 1229 816 1280 extra
835 1228 1066 1297 portam
1091 1224 1358 1279 Latinam
1388 1226 1651 1277 sanctum
1674 1222 1913 1293 virginis
1938 1238 2145 1293 corpus
2170 1220 2531 1293 requiescere
2560 1220 2767 1275 dicitur
2792 1219 2855 1274 in
2870 1220 2998 1275 Vita
3024 1218 3229 1275 Leonis
3253 1222 3343 1287 HI,
3372 1220 3471 1291 qui
3493 1220 3771 1291 quadam

384 1318 728 1372 ornamenta
755 1314 949 1370 eidem
977 1314 1233 1369 ecclesia
1254 1312 1585 1384 assignavit.
1619 1312 1905 1366 Adrianus
1933 1314 2068 1366 ante
2094 1311 2349 1365 Leonem
2374 1309 2593 1364 ibidem
2624 1310 3048 1365 monasterium
3074 1310 3398 1381 puellarum
3430 1313 3771 1365 construxe-

383 1411 494 1464 rat.
526 1410 600 1461 At
625 1423 738 1477 quo
769 1406 923 1477 apud
950 1404 1160 1460 Gallias
1185 1404 1243 1458 in
1276 1404 1402 1459 loco
1430 1402 1691 1475 Eugenia
1717 1403 1936 1456 cultum
1962 1400 2251 1469 habuerit,
2275 1399 2440 1454 nobis
2469 1399 2919 1471 incompertum.

380 1566 393 1577 .
453 1528 513 1581 Χ.
544 1525 819 1596 Superest
842 1525 905 1576 ut
928 1520 1193 1593 sequenti
1219 1521 1491 1593 Liturgia
1517 1519 1823 1576 Gallicana
1843 1519 2073 1574 titulum
2101 1533 2485 1589 apponamus,
2519 1516 2994 1588 quandoquidem
3024 1518 3214 1572 nullus
3252 1519 3436 1572 exstat
3463 1516 3525 1572 in
3556 1516 3769 1572 Codice

383 1614 670 1672 Bobiensi.
698 1615 779 1667 Ne
804 1611 1047 1683 simplici
1076 1611 1352 1666 vocabulo
1380 1612 1742 1683 appellemus
1770 1608 2089 1680 Liturgiam
2132 1608 2489 1663 Gallicanam
2514 1610 2713 1662 vetant
2740 1607 2867 1662 alia
2911 1607 3183 1677 Liturgia
3223 1624 3352 1679 qua
3391 1608 3503 1663 hoc
3544 1624 3768 1662 nomen

381 1706 752 1776 occuparunt.
784 1702 906 1757 Dici
935 1704 1125 1773 potest
1150 1701 1406 1773 Liturgia
1432 1700 1754 1767 Bobiensis;
1789 1705 1849 1755 at
1888 1699 2286 1771 praferendus
2327 1698 2555 1754 videtur
2584 1697 2800 1765 titulus,
2846 1699 3006 1752 Liber
3036 1698 3504 1753 Sacramentorum
3532 1698 3771 1753 ecclesiae

381 1796 699 1858 Gallicana,
726 1795 1036 1864 propterea
1061 1790 1217 1862 quod
1234 1790 1293 1845 in
1311 1791 1425 1845 ﬁne
1445 1790 1686 1857 Codicis,
1712 1789 1807 1843 ubi
1829 1789 1961 1844 libri
1980 1788 2127 1843 sacri
2147 1791 2540 1857 recensentur,
2563 1790 2822 1843 extremo
2846 1789 2971 1842 loco
2997 1787 3231 1858 ponitur
3249 1787 3767 1843 Sacramentorum

384 1900 553 1951 unus,
583 1899 697 1954 quo
726 1882 962 1937 nomine
983 1881 1195 1935 librum
1225 1880 1297 1934 de
1326 1897 1389 1934 re
1417 1896 1578 1935 sacra
1605 1880 1859 1950 majores
1891 1878 2071 1933 nostri
2122 1879 2386 1933 solebant
2428 1877 2755 1949 designare.
2790 1877 2881 1931 Sic
2912 1877 3170 1948 Liturgia
3190 1879 3474 1946 Romana,
3512 1876 3699 1949 qualis
3730 1892 3769 1930 a

383 1973 660 2045 Gregorio
685 1972 890 2042 Magno
924 1970 1192 2025 ordinata
1218 1973 1323 2038 est,
1357 1970 1681 2041 appellatur
1702 1970 1873 2024 Liber
1900 1972 2399 2024 sacramentorum
2439 1968 2510 2021 de
2551 1968 2761 2022 circulo
2794 1967 2950 2022 anni.
2984 1970 3057 2021 At
3092 1967 3588 2039 quemadmodum
3622 1966 3767 2020 Gre-

383 2063 657 2135 gorianus
684 2060 777 2114 ille
802 2062 948 2115 liber
966 2060 1379 2132 compendioso
1399 2060 1575 2115 modo
1608 2077 1727 2115 non
1754 2063 1982 2115 tantum
2013 2077 2047 2115 a
2067 2059 2506 2127 recentioribus,
2531 2058 2631 2112 sed
2663 2057 2839 2112 etiam
2873 2075 2906 2112 a
2932 2057 3239 2127 Micrologo
3267 2057 3506 2128 aliisque
3539 2056 3771 2111 laudari

382 2154 527 2213 solet
543 2152 645 2205 sub
664 2150 828 2205 titulo
851 2149 1299 2205 Sacramentarii
1316 2149 1677 2221 Gregoriani,
1696 2150 1778 2204 ita
1794 2150 1972 2205 etiam
1993 2152 2190 2205 noster
2204 2149 2296 2203 hic
2317 2149 2463 2203 liber
2482 2148 2596 2202 dici
2614 2148 2827 2219 poterit
2843 2146 3373 2203 Sacramentarium
3387 2145 3764 2202 Gallicanum.

452 2245 535 2298 XI.
559 2243 841 2298 Caterum
865 2241 927 2295 in
957 2241 1263 2313 Scriptura
1293 2258 1467 2297 sacra
1496 2240 1858 2310 lectionibus,
1894 2258 2021 2313 qua
2049 2241 2157 2296 hoc
2200 2240 2257 2294 in
2295 2239 2510 2293 Ordine
2547 2239 2711 2306 ﬁunt,
2753 2238 3062 2293 adhibetur
3084 2237 3267 2293 versio
3297 2237 3561 2307 Vulgata,
3592 2240 3655 2289 ut
3706 2235 3766 2289 in

379 2333 742 2390 Lectionario
766 2330 1123 2400 Luxoviensi,
1154 2332 1261 2386 nisi
1290 2331 1446 2402 quod
1473 2330 1774 2386 Lectiones
1804 2332 2096 2386 nonnulla
2127 2329 2318 2401 potius
2339 2329 2413 2384 ad
2438 2345 2672 2383 sensum
2693 2345 2868 2400 quam
2896 2327 2970 2382 ad
3005 2327 3247 2382 verbum
3278 2326 3606 2381 referuntur
3644 2341 3767 2378 non

379 2426 821 2496 consequenter,
847 2420 947 2475 sed
970 2420 1133 2493 quasi
1158 2424 1436 2476 centones
1465 2437 1533 2475 ex
1556 2420 1727 2475 variis
1756 2421 2066 2493 Scriptura
2091 2420 2249 2475 locis.
2281 2421 2411 2475 Hac
2437 2419 2497 2473 in
2521 2422 2882 2474 antecessum
2902 2416 3249 2490 pramisisse
3266 2415 3528 2471 sufﬁciat.

1047 2806 1423 2904 MISSA
1521 2805 2155 2905 ROMENSIS
2256 2797 3093 2903 COTTIDIANAa.

375 3025 551 3082 Lectio
578 3024 707 3081 libri
729 3026 964 3082 Danihel
989 3029 1269 3103 prophetae
1296 3030 1356 3084 in
1381 3010 1687 3086 cottidiana
1704 3029 1733 3072 δ
1763 3031 2010 3102 legenda.
2034 3042 2096 3117 Α

446 3120 508 3173 In
550 3123 816 3192 tempore
843 3122 1042 3175 autem
1084 3121 1182 3177 illo
1214 3122 1511 3195 consurgit
1539 3123 1817 3179 Michahel
1851 3124 2009 3196 prin-

2330 3026 2507 3078 Lectio
2532 3026 2698 3078 sancti
2724 3024 2977 3091 Evangeli
3005 3022 3298 3076 secundum
3322 3024 3532 3074 Lucam.

2180 3124 2243 3177 In
2273 3125 2540 3194 tempore
2578 3122 2675 3177 illo
2722 3121 2863 3176 dixit
2898 3119 3180 3175 Dominus
3208 3117 3408 3175 Jesusd
3458 3114 3753 3187 discipulis

373 3229 507 3285 ceps
533 3230 803 3285 magnus,
828 3215 929 3286 qui
954 3217 1067 3270 stat
1091 3233 1196 3287 pro
1222 3217 1349 3271 ﬁliis
1376 3218 1572 3289 populi
1604 3218 1705 3288 tui,
1737 3223 1794 3273 et
1818 3220 2013 3274 veniet
2113 3216 2245 3271 suis.
2274 3216 2585 3271 Adtendite
2610 3232 2730 3285 vos,
2755 3232 2827 3270 ne
2849 3215 2999 3270 forte
3027 3215 3343 3286 graventur
3369 3210 3544 3267 corda
3558 3212 3751 3265 vestra

372 3311 624 3379 tempus,
655 3309 822 3379 quale
848 3325 965 3363 non
991 3309 1100 3363 fuit
1120 3310 1191 3364 ab
1215 3327 1283 3365 eo
1307 3328 1421 3382 quo
1443 3315 1647 3383 gentes
1668 3329 1792 3367 esse
1820 3330 2007 3385 cape-

370 3404 527 3467 runt,
551 3417 731 3472 usque
762 3401 835 3455 ad
861 3405 1089 3474 tempus
1113 3403 1273 3459 illud.
1302 3406 1371 3458 Et
1388 3405 1448 3459 in
1479 3409 1740 3478 tempore
1768 3406 1864 3461 illo
1896 3409 2008 3461 sal-

370 3494 599 3548 vabitur
634 3496 879 3565 populus
922 3499 1054 3550 tuus
1090 3497 1301 3567 omnis,
1334 3498 1433 3570 qui
1458 3499 1725 3555 inventus
1749 3500 1923 3555 fuerit
1947 3502 2007 3555 in

367 3588 517 3643 libro
544 3588 815 3659 scriptus;
840 3592 898 3643 et
919 3591 1083 3645 multi
1105 3591 1179 3646 de
1206 3591 1294 3646 his
1317 3593 1416 3665 qui
1436 3593 1736 3649 dormiunt
1760 3594 1819 3648 in
1837 3597 2006 3650 terra

366 3682 622 3754 pulvere,
654 3682 1026 3753 evigilabunt,
1057 3684 1155 3739 alii
1178 3684 1240 3739 in
1278 3685 1454 3741 vitam
1490 3690 1789 3757 aternam,
1823 3692 1879 3742 et
1909 3688 2007 3743 alii

365 3777 426 3831 in
459 3776 853 3848 obprobrium,
882 3782 945 3832 ut
968 3778 1204 3834 videant
1232 3797 1476 3853 semper.
1502 3781 1609 3846 Qui
1635 3787 1830 3838 autem
1849 3783 2004 3838 docti

364 3871 601 3939 fuerint,
646 3871 952 3944 fulgebunt
992 3873 1155 3945 quasi
1194 3875 1469 3946 splendor
1511 3877 1900 3945 ﬁrmamenti;
1947 3880 2006 3932 et

365 3964 463 4036 qui
485 3965 560 4020 ad
571 3965 856 4035 justitiam
879 3966 1151 4022 erudiunt
1178 3970 1484 4040 plurimos,
1509 3970 1670 4042 quasi
1694 3971 1906 4025 stellae
1943 3972 2002 4025 in

361 4061 672 4131 perpetuas
692 4060 1062 4130 aternitates,
1090 4062 1170 4116 ait
1195 4064 1476 4119 Dominus
1496 4065 1665 4119 Deus.

644 4161 875 4227 Epistola
897 4163 1042 4215 Pauli
1068 4165 1291 4229 apostoli
1320 4165 1386 4215 ad
1411 4165 1722 4216 Corinthios.

435 4247 682 4318 Fratres,
713 4249 810 4320 qui
838 4249 1136 4321 gloriatur,
1166 4249 1224 4304 in
1251 4251 1498 4306 Domino
1535 4251 1833 4322 glorietur.
1875 4254 2000 4307 Non

2111 3310 2171 3364 in
2203 3311 2455 3382 crapola,
2483 3313 2541 3364 et
2570 3309 2873 3377 ebrietate,
2903 3311 2961 3363 et
2991 3308 3141 3363 curis
3174 3307 3347 3378 hujus
3380 3305 3537 3372 vita;
3571 3306 3631 3358 et
3660 3319 3753 3357 su-

2109 3408 2409 3480 perveniat
2431 3408 2489 3462 in
2528 3425 2625 3463 vos
2657 3406 2965 3479 repentina
3002 3406 3124 3461 dies
3161 3405 3591 3475 illa,tamquam
3638 3403 3747 3457 fur.

2108 3507 2371 3579 Laqueus
2408 3506 2565 3561 enim
2590 3506 2956 3577 superveniet
2982 3505 3042 3560 in
3068 3520 3273 3560 omnes
3304 3503 3401 3575 qui
3425 3501 3632 3557 sedent
3656 3518 3748 3555 su-

2108 3616 2214 3671 per
2236 3599 2445 3654 faciem
2473 3599 2628 3654 orbis
2654 3603 2844 3654 terra.
2876 3598 3121 3669 Vigilate
3149 3597 3347 3668 itaque
3398 3595 3567 3651 omni
3610 3597 3750 3649 tem-

2106 3710 2248 3765 pore
2281 3696 2531 3762 orantes,
2555 3695 2619 3748 ut
2643 3693 2803 3765 digni
2830 3692 3164 3748 habeamini
3194 3690 3385 3763 fugire
3412 3690 3521 3745 ista
3549 3688 3746 3744 omnia

2108 3804 2237 3859 qua
2262 3788 2457 3842 futura
2483 3790 2633 3857 sunt,
2663 3790 2721 3842 et
2741 3791 2892 3842 stare
2915 3790 3051 3842 ante
3094 3785 3275 3840 ﬁlium
3310 3783 3581 3840 hominis.
3613 3784 3744 3837 Erat

2107 3884 2303 3936 autem
2359 3882 2561 3937 diebus
2613 3882 2827 3937 docens
2872 3882 2933 3935 in
2987 3881 3242 3951 templo,
3295 3879 3556 3933 noctibus
3611 3892 3745 3931 vero

2106 3975 2300 4030 exiens
2328 3976 2666 4031 morabatur
2692 3976 2751 4030 in
2783 3978 3004 4042 monte,
3035 3974 3133 4046 qui
3163 3977 3399 4028 vocatur
3434 3971 3658 4039 Oliveti,
3691 3975 3746 4024 et

2105 4070 2297 4125 omnis
2324 4072 2570 4143 populus
2595 4069 3009 4142 magniﬁcabat
3034 4070 3239 4123 Deum.

2681 4178 2907 4222 INCIPIT
2943 4176 3151 4221 MISSA.

2172 4260 2320 4314 Deus
2350 4258 2449 4331 qui
2472 4258 2643 4314 beato
2672 4260 2841 4313 Petro
2872 4257 3134 4329 apostolo
3162 4258 3264 4311 tuo
3294 4254 3540 4310 conlatis
3570 4253 3736 4309 clavi-

365 4342 521 4397 enim
549 4342 646 4415 qui
666 4343 918 4416 SBipsum
934 4345 1329 4415 commendat,
1352 4345 1448 4399 ille
1473 4345 1749 4417 prObatuS
1771 4349 1875 4416 est,
1899 4347 1999 4402 sed
2020 4418 2066 4425 _
2100 4352 2207 4408 bus
2234 4354 2403 4425 regni
2438 4352 2696 4421 calestis,
2748 4351 2972 4407 animas
3012 4349 3234 4422 ligandi
3271 4352 3445 4421 atque
3483 4348 3737 4405 solvendi

363 4452 539 4510 quem
565 4437 845 4493 Dominus
872 4438 1392 4494 commendaverit.
1426 4438 1660 4494 Utinam
1695 4440 2001 4497 sustinere-
2020 4418 2077 4493 B
2100 4446 2460 4520 pontiﬁcium
2479 4446 2785 4515 tradidisti,
2815 4445 3036 4517 suscipe
3066 4443 3357 4517 propicius
3393 4459 3596 4516 preces
3636 4459 3733 4498 [ιο-

361 4530 434 4584 tis
471 4531 768 4587 modicum
829 4532 969 4604 quid
1027 4531 1378 4603 insipientia
1417 4533 1554 4589 mei.
1596 4536 1859 4591 Aimulor
1899 4553 1999 4592 vos

360 4624 463 4679 Dei
486 4626 856 4681 aemulatione
886 4627 947 4679 in
968 4625 1191 4681 Christo
1214 4627 1366 4682 Jesu.

430 4785 541 4864 fin
564 4788 683 4864 fine
706 4786 943 4864 Missalis
977 4787 1492 4864 Gothicogallicani
1521 4793 1650 4864 pari
1687 4795 1866 4850 modo
1892 4796 1995 4852 ha-

360 4857 532 4912 betur
557 4860 731 4938 {fissa
755 4859 1033 4938 cotidiana
1060 4857 1353 4938 Pomeizsis,
1385 4863 1488 4938 sed
1516 4857 1720 4938 mutila
1740 4866 1997 4938 ;incipit-

363 4946 475 5007 que
507 4947 541 4984 a
569 4931 820 5007 collecta
850 4947 977 5007 qua
1014 4931 1107 5007 hic
1144 4932 1504 5007 in_secundo
1541 4937 1667 4991 loco
1702 4931 1995 4995 refertur:

358 5003 651 5079 Deus,_qui
677 5003 864 5079 culpa:
888 5003 961 5079 E_t_
984 5002 1032 5056 si
1059 5020 1195 5079 vero
1216 5004 1340 5061 hac
1368 5007 1544 5063 missa
1563 5008 1882 5079 plurimum
1905 5010 2001 5065 de-

358 5076 592 5144 sumpta
619 5076 704 5128 est
735 5091 803 5127 ex
829 5074 1041 5129 Ordine
1065 5076 1348 5144 Romano,
1367 5074 1882 5136 tamen-Gallicana
1912 5098 2000 5136 ac-

361 5144 731 5218 commodata
756 5147 861 5214 est,
898 5148 963 5201 ut
988 5150 1148 5218 patet
1172 5164 1237 5202 ex
1261 5149 1705 5207 Collectionibus
1732 5154 1865 5207 Post
1886 5154 2001 5209 No-

360 5216 544 5285 mina,
574 5217 648 5272 ad
672 5219 901 5286 Pacem,
926 5216 1033 5273 etc.

431 5289 460 5330 Β
485 5290 716 5373 Nempe.
730 5290 805 5344 ad
828 5290 1088 5373 missam,
1112 5289 1171 5373 in
1200 5308 1315 5373 qua
1336 5296 1453 5373 tres
1474 5292 1771 5373 quondam
1783 5294 2000 5373 Lectio-

358 5377 463 5439 nes
489 5361 722 5439 recitari
748 5378 874 5439 mos
903 5366 1047 5429 erat,
1077 5364 1151 5439 ut.
1164 5361 1307 5439 alias
1334 5361 1600 5439 diximus.
1628 5366 1828 5439 Erant;
1856 5383 1996 5439 ergo

359 5433 538 5504 etiam
564 5436 703 5488 tunc
732 5434 922 5488 missa
953 5432 1327 5504 quotidiana,
1357 5437 1557 5504 quales
1577 5436 1788 5491 iterum
1815 5432 1997 5493 habEs

360 5452 538 5487 etiam
564 5452 703 5488 tunc
732 5452 922 5488 missa
995 5452 1327 5504 uouuiana,
1438 5452 1557 5491 ales
1577 5452 1788 5491 iterum
1815 5452 1994 5493 habes

360 5502 602 5583 inferius
630 5505 732 5558 sub
758 5506 936 5559 ﬁnem
953 5452 1134 5583 (hujus
1160 5452 1633 5583 libri._l\l{11ssarum
1660 5508 1994 5583 hujusmodi

357 5574 828 5655 quotidianarum
840 5592 1007 5633 usum
1021 5574 1286 5649 tempore
1295 5578 1602 5655 Augustini
1617 5578 1680 5655 in_
1692 5574 1885 5635 Africa
1900 5581 1996 5635 ob-

355 5646 593 5726 tinuisse
607 5646 933 5726 colligimus
953 5664 1021 5701 ex
1038 5646 1307 5726 sermone
1326 5646 1484 5726 _58'ad
1509 5651 1818 5726 populum,
1832 5668 1995 5707 nova

356 5715 948 5795 editionis,_nur_n_l2_:
985 5739 1014 5769 «
1039 5720 1378 5795 l_n_Ecclesia_
1408 5722 1485 5777 ad
1509 5715 1691 5795 altare
1720 5715 1823 5777 Dei
1850 5740 1993 5795 quo-

355 5784 496 5861 tidie
534 5784 745 5861 dicitur
768 5788 878 5843 ista
902 5789 1203 5861 Dominica
1231 5791 1439 5861 oratio,
1468 5797 1528 5848 et
1549 5793 1792 5848 audiunt
1832 5784 1993 5851 illam

354 5854 574 5914 ﬁdeles.
602 5859 730 5914 Non
745 5873 885 5930 ergo
910 5859 1205 5933 timemus,
1227 5879 1302 5919 ne
1319 5854 1514 5921 minus
1534 5863 1846 5937 diligenter
1859 5882 1992 5924 eam

2099 4549 2267 4616 stras,
2281 4549 2340 4602 et
2355 4545 2766 4601 intercessione
2789 4546 2840 4616 ej
2849 4562 2914 4600 us
2932 4560 3282 4617 quasumus,
3297 4542 3564 4609 Domine,
3588 4541 3734 4596 auxi-

2098 4641 2260 4710 lium,
2274 4644 2387 4695 uta
2404 4643 2775 4711 peccatorum
2795 4642 3127 4695 nostrorum
3143 4637 3381 4693 nexibus
3401 4637 3729 4691 liberemur.

2099 4798 2377 4864 teneatis;
2407 4797 2543 4869 quia
2562 4797 2669 4852 etsi
2694 4797 2822 4869 quis
2849 4800 3104 4869 vestrum
3135 4813 3254 4869 non
3281 4795 3495 4868 poterit
3531 4797 3729 4869 tenere

2098 4869 2372 4940 perfecte,
2403 4866 2694 4924 audiendo
2710 4866 2978 4940 quotidie
3006 4868 3247 4923 tenebit.
3268 4866 3299 4919 ἦ
3327 4870 3465 4940 Post
3484 4866 3730 4940 prophe-

2099 4936 2243 4995 tiam
2268 4940 2560 5011 Collectio,
2604 4936 2760 5011 post—
2776 4940 3093 5011 Epistolam
3137 4936 3540 5011 responsorius
3584 4936 3730 5011 psal-

2100 5028 2259 5079 mus;
2283 5011 2443 5082 cujus
2461 5009 2717 5082 singulos
2728 5009 2945 5079 versus,
2964 5009 3315 5082 pracinerite
3342 5012 3576 5076 lectore,
3607 5009 3732 5063 cho-

2098 5100 2197 5137 rus
2216 5081 2536 5154 repetebat,
2565 5081 2627 5136 ut
2654 5086 2808 5137 recte
2834 5081 3042 5153 probat
3062 5083 3282 5138 amicus
3307 5084 3505 5154 noster
3520 5081 3649 5154 pius
3660 5096 3730 5154 ac

2101 5151 2606 5225 doctuslosephus
2631 5155 2700 5209 Μ.
2724 5151 2900 5209 Carus
2927 5172 3029 5210 seu
3052 5153 3390 5209 Thomasius
3420 5153 3491 5225 in,
3510 5151 3730 5225 erudita

2099 5224 2440 5297 praefatione
2460 5222 2580 5297 sua
2611 5226 2685 5279 ad
2719 5226 3183 5297 Responsorialia
3212 5228 3270 5279 et
3303 5222 3727 5295 Antiphonalia,

2100 5296 2227 5368 qua
2252 5296 2529 5369 Romanis
2552 5296 2702 5368 typis
2732 5296 2888 5353 anno
2914 5297 3210 5369 superiore
3230 5297 3593 5369 prodierunt.

2168 5394 2191 5440 ο
2226 5370 2290 5423 In
2318 5367 2547 5440 Codice,
2581 5367 2762 5433 sullae,
2809 5373 2869 5424 et
2897 5367 3165 5425 constans
3192 5367 3408 5440 ubique
3453 5367 3729 5440 scriptura

2099 5439 2197 5493 ubi
2224 5439 2472 5495 occurrit
2485 5441 2655 5509 stilla,
2683 5457 2802 5496 non
2829 5442 3007 5497 stella.
3037 5439 3259 5496 Passim
3289 5437 3470 5495 obvia
3496 5441 3629 5493 sunt
3654 5437 3729 5491 in-

2095 5510 2303 5567 Codice
2323 5515 2521 5566 nostro
2549 5512 2832 5583 ejusmodi
2859 5512 3343 5569 commutationes
3388 5511 3725 5583 litterarum.

2167 5584 2194 5623 δ
2221 5583 2313 5640 Sic
2333 5583 2547 5656 passim
2572 5579 2822 5657 legendo
2850 5584 3162 5657 Evangelio
3191 5583 3486 5655 quondam
3511 5579 3730 5657 diceba-

2096 5657 2190 5729 tur
2206 5649 2473 5729 Dominus
2496 5649 2670 5729 Iesus,
2711 5673 2832 5713 non
2878 5649 3434 5729 simpliciter—Jews,
3460 5651 3617 5727 quod
3663 5649 3729 5729 d_e

2093 5727 2476 5784 Ambrosiano
2518 5727 2635 5784 ritu
2681 5723 3109 5786 observavimus
3163 5727 3223 5785 in
3265 5723 3438 5785 Musei
3475 5723 3651 5781 ‘tomo
3689 5723 3726 5788 Ι,

2094 5815 2228 5874 pag.
2257 5800 2378 5858 105.
