4006 6228
145 310 243 365 453

844 418 1115 469 Collectio.

210 512 378 581 Deus,
442 511 550 584 qui
594 510 762 584 culpa
805 512 1128 584 offenderis,
1158 514 1489 586 panitentia
1535 515 1791 588 placaris,

145 603 487 661 aﬁlictorum
518 606 767 677 gemitus
794 607 1030 679 respice,
1068 611 1126 663 et
1168 609 1322 664 mala
1365 626 1495 682 qua
1520 610 1673 681 justo
1714 609 1797 665 in-

147 716 324 772 rogas,
355 699 811 757 misericorditer
835 706 1042 757 averte.

790 805 912 854 Post
932 804 1165 856 nomina.

214 886 430 957 Oblata,
459 887 725 959 Domine,
756 906 996 945 munera
1022 890 1328 961 sanctiﬁca,
1359 906 1576 963 nosque
1600 906 1633 944 a
1657 906 1791 962 pec-

152 988 393 1038 catorum
423 987 759 1039 nostrorum
786 984 1019 1039 macolis
1048 985 1316 1041 emunda.

809 1085 892 1136 Ad
922 1099 1128 1151 pacem.

213 1170 375 1225 Grata
420 1168 497 1223 sit
543 1169 668 1235 tibi,
705 1170 969 1240 Domine,
1007 1172 1131 1227 hac
1175 1171 1384 1227 oblatio
1425 1171 1609 1245 plebis
1658 1173 1792 1240 tua,

147 1280 310 1336 quam
346 1262 452 1316 tibi
504 1262 795 1319 offerimus
852 1263 909 1319 in
963 1265 1179 1322 honore
1234 1265 1482 1322 nominis
1525 1265 1631 1335 tui,
1689 1263 1788 1337 [ut]

146 1358 356 1412 cunctis
376 1356 646 1429 proﬁciat
670 1357 742 1413 ad
768 1359 1035 1414 salutem.

806 1459 1141 1510 Contestatio.

211 1544 350 1600 Vere
377 1544 629 1616 dignum
667 1549 723 1601 et
765 1544 991 1616 justum
1026 1549 1131 1616 est,
1185 1561 1418 1617 aquum
1468 1549 1524 1601 et
1549 1546 1795 1600 salutare

144 1653 242 1692 nos
273 1637 379 1692 tibi
431 1655 663 1711 semper
704 1644 762 1694 et
796 1639 1011 1712 ubique
1065 1639 1281 1711 gratias
1321 1655 1511 1711 agere,
1558 1640 1794 1695 Domine

146 1736 348 1800 sancte,
366 1733 542 1788 Pater
560 1732 939 1805 omnipotens,
962 1736 1171 1789 aterne
1190 1734 1358 1802 Deus,
1381 1750 1486 1806 per
1507 1733 1794 1788 Christum

719 310 1331 368 SACRAMENTARIL'M
1368 310 1814 369 GALLICANUM.
1856 338 1925 351 —-
1962 310 2154 368 MlSSA
2194 311 2527 369 ROMENSIS
2562 313 2988 381 QUOTIDIANA.

3433 316 3537 376 454

1823 421 2063 534 Anium
2087 426 2412 478 sanctorum
2440 427 2691 494 tuorum,
2723 424 2823 495 qui
2858 441 2963 496 per
2996 424 3325 483 universum
3361 444 3532 484 mun-

1902 515 2039 571 dum
2063 516 2214 586 passi
2235 521 2368 571 sunt
2392 521 2629 589 propter
2650 533 2862 574 nomen
2906 524 3092 590 tuum,
3132 521 3390 582 Domine.
3432 539 3533 580 seu

1895 608 2311 665 confessoribus
2336 611 2467 680 tuis,
2497 627 2744 683 quorum
2768 613 2985 669 meritis
3008 613 3385 687 precibusque
3404 634 3534 674 con-

1895 702 2078 772 cedas,
2127 706 2194 758 ut
2230 704 2291 758 in
2329 704 2593 760 omnibus
2626 706 2993 777 protectionis
3039 711 3156 763 tua
3204 710 3533 768 muniamur

1894 795 2125 863 auxilio,
2152 812 2256 867 per
2274 798 2560 854 Christum
2581 799 2887 855 Dominum
2911 806 3192 857 nostrum.

1968 891 2119 944 Hanc
2148 890 2326 961 igitur
2352 892 2698 949 oblationem
2739 895 3022 950 servitutis
3060 901 3289 965 nostra,
3333 898 3431 954 sed
3478 905 3535 955 et

1896 987 2113 1038 cuncta
2134 984 2365 1040 familia
2389 990 2505 1041 tua
2534 986 2582 1056 δ,
2606 1004 2780 1059 quam
2797 988 2899 1043 tibi
2926 988 3218 1046 offerimus
3254 991 3316 1045 in
3348 992 3530 1049 hono-

1895 1092 2020 1132 rem
2043 1078 2293 1133 nominis
2317 1078 2423 1146 tui,
2438 1081 2605 1149 Deus,
2619 1098 2965 1153 quasumus,
2981 1084 3238 1152 Domine,
3259 1089 3324 1141 ut
3342 1087 3529 1157 placa-

1894 1174 1987 1226 tus
2013 1172 2274 1243 accipias,
2307 1172 2539 1245 diesque
2566 1180 2790 1231 nostros
2826 1177 2887 1230 in
2925 1183 3021 1232 tua
3060 1194 3199 1249 pace
3247 1178 3531 1253 disponas,

1895 1264 2080 1337 adque
2103 1265 2174 1320 ab
2200 1270 2411 1322 aterna
2441 1268 2801 1324 damnatione
2831 1285 2933 1325 nos
2958 1270 3126 1342 eripi,
3161 1277 3218 1327 et
3244 1271 3302 1327 in
3330 1274 3535 1330 electo-

1894 1374 2025 1413 rum
2048 1363 2282 1414 tuorum
2300 1360 2506 1431 jubeas
2535 1377 2709 1434 grege
2750 1364 3061 1435 numerari,
3104 1381 3209 1436 per
3245 1366 3534 1425 Christum

1894 1452 2196 1508 Dominum
2228 1458 2510 1519 nostrum.

1964 1545 2003 1606 -ι-
2026 1548 2205 1611 Quam
2234 1548 2579 1604 oblationem
2605 1554 2687 1619 tu,
2715 1551 2881 1618 Deus,
2908 1550 2970 1605 in
3016 1552 3280 1608 omnibus
3307 1570 3533 1626 quasu-

1892 1655 2021 1693 mus
2046 1639 2401 1697 benedictam
2427 1641 2483 1710 ᾧ,
2512 1643 2851 1714 adscriptam
2875 1645 2933 1713 ᾧ,
2976 1648 3178 1715 ratam,
3224 1648 3529 1705 rationabi-

1890 1733 2006 1788 lem
2035 1735 2551 1808 acceptabilemque
2579 1737 2763 1791 facere
2792 1737 3065 1809 digneris,
3099 1756 3229 1812 qua
3267 1755 3289 1783 ο
3315 1742 3477 1798 nobis
3499 1745 3537 1808 ἦ·

146 1826 447 1881 Dominum
482 1830 764 1882 nostrum.
796 1828 904 1883 Per
927 1843 1101 1898 quem
1124 1827 1468 1898 Majestatem
1491 1830 1650 1883 tuam
1675 1827 1791 1883 lau—
1808 1836 1866 1909 B
1889 1843 2094 1899 corpus
2118 1826 2157 1889 -θ
2182 1831 2240 1883 et
2265 1830 2499 1901 sanguis
2526 1830 2627 1885 ﬁat
2651 1830 2998 1887 dilectissrmi
3024 1832 3147 1887 Filii
3189 1834 3275 1889 tui
3313 1836 3536 1893 Domini

147 1919 275 1973 dant
298 1920 514 1991 angeli,
542 1920 783 1976 adorant
806 1920 1241 1989 dominationes,
1267 1925 1524 1977 tremunt
1548 1924 1791 1993 potesta-

151 2016 244 2067 tes.
295 2013 432 2068 Cali
481 2013 870 2086 calorumque
919 2014 1156 2070 virtutes
1211 2032 1274 2069 ac
1313 2014 1478 2071 beata
1526 2016 1794 2087 seraphin

149 2107 287 2161 socia
311 2108 673 2163 exultatione
709 2108 1124 2165 concelebrant.
1177 2109 1321 2164 Cum
1360 2108 1567 2181 quibus
1598 2113 1655 2164 et
1688 2125 1790 2164 no-

152 2206 282 2255 stras
307 2218 479 2257 voces
508 2206 573 2258 ut
609 2202 833 2257 admitti
854 2203 1058 2274 jubeas
1098 2202 1491 2276 deprecamur,
1540 2202 1792 2275 supplice

150 2294 494 2351 confessione
527 2295 814 2353 dicentes:
839 2295 1096 2352 Sanctus.

213 2389 285 2444 Te
314 2389 557 2461 igitur',
587 2389 1028 2446 clementissime
1046 2391 1232 2460 Pater,
1261 2406 1365 2463 per
1390 2391 1584 2446 Iesum
1625 2388 1789 2446 Chri-

152 2484 293 2537 stum
347 2483 564 2539 Filium
604 2487 790 2554 tuum,
839 2484 1147 2540 Dominum
1186 2489 1467 2554 nostrum,
1508 2483 1792 2556 supplices

152 2592 408 2647 rogamus
444 2582 503 2633 et
545 2577 814 2650 petimus,
843 2578 928 2633 uti
956 2582 1252 2650 acceptum
1276 2577 1506 2648 habeas,
1529 2581 1587 2632 et
1611 2577 1787 2633 bene-

152 2670 292 2724 dicas
308 2670 345 2733 +
369 2671 498 2726 hac
518 2671 685 2740 dona,
717 2671 839 2727 hac
865 2688 1128 2743 munera,
1159 2673 1282 2728 hac
1302 2675 1495 2728 sancta
1519 2670 1789 2727 sacriﬁcia

153 2763 392 2819 inlibata.

220 2858 280 2913 In
302 2858 509 2930 primis
534 2875 664 2932 qua
693 2859 795 2915 tibi
814 2858 1105 2915 offerimus
1131 2877 1235 2933 pro
1263 2859 1508 2916 Ecclesia
1535 2863 1631 2915 tua
1658 2876 1784 2915 san-

154 2954 234 3006 cta
256 2952 551 3024 catholica,
588 2970 761 3026 quam
797 2953 1113 3027 paciﬁcare,
1160 2954 1471 3026 custodire,
1515 2953 1785 3025 adunare,

154 3049 205 3099 et
221 3061 415 3118 regere
447 3047 704 3120 digneris
728 3051 913 3103 totum
939 3048 1136 3103 orbem
1169 3052 1475 3119 terrarum,
1504 3064 1621 3103 una
1656 3063 1788 3103 cum

154 3138 502 3196 devotissimo
532 3141 741 3201 famolo
784 3145 883 3197 tuo
910 3141 994 3198 ill.
1036 3158 1185 3215 papa
1228 3147 1443 3213 nostro,
1488 3141 1634 3198 sedis
1658 3158 1789 3213 apo-

1894 1921 1994 1975 Dei
2018 1921 2197 1976 nostri
2223 1924 2351 1977 Iesu
2376 1923 2602 1978 Christi.
2648 1923 2753 1988 Qui
2788 1925 2970 1996 pridie
3013 1942 3187 1997 quam
3223 1931 3536 2000 pateretur,

1893 2016 2127 2070 Accsmr
2174 2031 2347 2069 PANEM
2400 2033 2455 2071 IN
2501 2032 2738 2072 sanans
2770 2018 2798 2058 ά
2847 2035 2911 2072 ac
2951 2021 3297 2077 venerabiles
3334 2040 3537 2080 manus

1893 2123 2040 2177 suas,
2080 2108 2170 2181 [et]
2203 2109 2430 2165 elevatis
2452 2110 2629 2164 oculis
2649 2110 2766 2165 suis
2789 2111 2850 2165 in
2900 2112 3127 2183 calum,
3159 2115 3231 2169 ad
3258 2119 3315 2171 te
3358 2118 3535 2172 Deum

1891 2203 2117 2257 Patrem
2142 2219 2311 2257 suum
2337 2202 2808 2276 omnipotentem,
2853 2205 3060 2276 gratias
3084 2223 3280 2279 agens,
3307 2208 3538 2266 benedi-

1892 2295 1976 2350 xit
2001 2299 2058 2365 ᾧ,
2094 2313 2304 2368 FREGIT,
2347 2315 2505 2353 DEDIT
2539 2314 2836 2354 DISCIPULIS
2876 2298 2991 2354 suis
3027 2299 3237 2372 dicens,
3287 2303 3534 2375 Accipite

1892 2392 1949 2444 et
1997 2391 2333 2447 manducata
2378 2407 2447 2446 ex
2481 2392 2589 2446 hoc
2633 2409 2850 2448 omnes.
2895 2394 3008 2447 Hoc
3045 2398 3129 2449 est
3155 2395 3308 2451 enim
3334 2414 3537 2469 corpus

1889 2498 2104 2539 meum.
2134 2484 2327 2540 Simile
2352 2485 2522 2541 modo
2544 2489 2914 2558 posteaquam
2936 2492 3197 2543 cenatum
3239 2494 3344 2561 est,
3383 2507 3538 2549 acce-

1888 2576 1976 2648 pit
2000 2577 2234 2634 ethunc
2260 2579 2604 2650 praclarum
2628 2579 2862 2635 calicem
2884 2580 2944 2635 in
2971 2584 3191 2637 sanctas
3210 2599 3276 2637 ac
3307 2600 3536 2641 venera-

1887 2669 2030 2727 biles
2055 2687 2258 2728 manus
2287 2689 2446 2743 suas;
2479 2673 2617 2729 item
2646 2673 2752 2729 tibi
2783 2674 2993 2746 gratias
3020 2691 3217 2747 agens,
3245 2676 3536 2735 benedixit

1887 2771 2124 2835 +,nanlr
2143 2782 2447 2823 nrscrrous
2470 2785 2608 2838 suns,
2640 2768 2851 2837 dicens,
2880 2768 3152 2841 Accipite,
3186 2775 3241 2825 et
3260 2770 3436 2827 bibite
3464 2789 3534 2829 ex

1889 2874 1956 2914 eo
1981 2875 2198 2915 omnes.
2233 2860 2331 2915 Hic
2355 2864 2440 2916 est
2465 2862 2621 2917 enim
2647 2861 2792 2917 calix
2832 2863 3128 2934 sanguinis
3170 2875 3193 2905 ο
3230 2865 3364 2935 mei,
3402 2868 3538 2923 novi

1889 2956 1945 3007 et
1970 2953 2171 3008 aterni
2198 2954 2542 3024 testamenti,
2572 2954 2911 3027 mysterium
2941 2956 3092 3027 ﬁdei,
3126 2957 3224 3029 qui
3250 2974 3355 3030 pro
3380 2960 3537 3016 vobis

1888 3050 1945 3101 et
1971 3063 2076 3118 pro
2101 3047 2295 3103 multis
2317 3047 2629 3104 effunditur
2671 3048 2733 3104 in
2773 3049 3107 3105 remissione
3149 3057 3530 3123 peccatorum.

1888 3139 2017 3195 Hac
2061 3141 2567 3214 quotienscumque
2618 3141 2883 3212 feceritis,
2928 3142 2985 3197 in
3031 3144 3143 3199 mei
3194 3146 3533 3203 memoriam

155 3234 355 3289 stolica
375 3241 432 3291 et
473 3236 737 3291 antestite
778 3240 990 3306 nostro,
1039 3241 1096 3292 et
1144 3236 1407 3292 omnibus
1444 3236 1790 3304 orthodoxis,
1813 3219 1868 3295 C
1893 3233 2129 3289 facietis.

154 3335 313 3400 atque
335 3330 625 3385 catholica
650 3329 783 3386 ﬁdei
809 3329 1138 3386 cultoribus.

220 3422 516 3493 Memento,
541 3424 798 3496 Domine,
815 3425 1167 3480 famulorum
1190 3424 1651 3497 famularumque
1671 3427 1791 3479 tua-

157 3530 299 3585 rum,
342 3523 397 3573 et
437 3518 704 3574 omnium
740 3518 955 3574 circum
1011 3519 1379 3587 adstantium,
1419 3534 1665 3591 quorum
1686 3518 1792 3573 tibi

160 3609 289 3665 ﬁdes
310 3612 535 3684 cognita
561 3616 665 3684 est,
696 3616 753 3669 et
806 3618 941 3668 nota
975 3612 1219 3681 devotio,
1260 3612 1359 3685 qui
1396 3613 1501 3668 tibi
1545 3612 1792 3669 offerunt

160 3701 262 3759 hoc
286 3706 622 3761 sacriﬁcium
647 3706 849 3778 laudis,
878 3703 982 3779 pro
1007 3723 1066 3763 se
1101 3707 1329 3780 suisque
1368 3706 1650 3777 omnibus,
1685 3722 1790 3779 pro

162 3796 538 3871 redemptione
566 3801 891 3857 animarum
918 3817 1174 3865 suarum,
1219 3817 1324 3873 pro
1369 3817 1468 3873 spe
1501 3799 1697 3856 salutis
1737 3803 1793 3855 et

160 3889 545 3950 incolomitatis
571 3912 711 3964 sua,
738 3895 845 3951 tibi
875 3895 1124 3953 reddunt
1151 3900 1279 3951 vota
1305 3911 1409 3951 sua
1438 3899 1651 3951 aterno
1676 3895 1790 3949 Deo

163 3984 276 4040 vivo
299 3992 354 4042 et
377 4005 530 4044 vero.

226 4080 733 4152 Communicantes,
755 4087 813 4139 et
837 4082 989 4138 diem
1025 4082 1470 4139 sacratissimum
1498 4081 1788 4139 celebran-

165 4174 256 4243 tes,
299 4174 522 4245 (dicitur
542 4180 600 4231 in
625 4179 927 4234 Nativitate
958 4179 1175 4233 Domini
1196 4179 1250 4249 :)
1277 4177 1336 4234 in
1380 4194 1491 4250 quo
1534 4176 1786 4231 inconta-

165 4266 362 4323 minata
403 4270 702 4342 virginitas
725 4271 859 4325 huic
890 4272 1107 4327 mundo
1135 4271 1311 4327 edidit
1336 4271 1679 4327 Salvatorem
1697 4272 1789 4325 Je-

168 4374 282 4415 sum
304 4364 589 4420 Christum
618 4365 927 4421 Dominum
954 4371 1235 4422 nostrum.
1269 4365 1497 4436 (Dicitur
1521 4367 1581 4419 in
1605 4369 1791 4420 sancto

166 4453 354 4511 Pascha
371 4458 409 4531 :)
438 4463 495 4513 et
519 4458 672 4514 diem
700 4459 1143 4515 sacratissimum
1168 4459 1514 4515 celebrantes
1540 4474 1789 4513 resurre-

170 4547 350 4606 ctionis
387 4552 616 4607 Domini
645 4553 822 4608 nostri
851 4554 979 4609 Jesu
1019 4554 1226 4610 Christi
1271 4553 1394 4608 Filii
1444 4553 1545 4608 tui.
1593 4552 1699 4607 Sed
1736 4557 1792 4608 et

1960 3329 2113 3383 UNDE
2152 3345 2215 3382 ετ
2258 3344 2505 3385 usuonss
2548 3345 2745 3400 smus,
2797 3331 3054 3398 Domine,
3091 3347 3193 3386 nos
3234 3334 3379 3389 servi
3428 3335 3533 3408 tui,

1890 3422 1988 3477 sed
2017 3427 2073 3478 et
2095 3422 2254 3494 plebs
2280 3426 2376 3478 tua
2400 3428 2587 3479 sancta
2604 3424 2810 3480 Christi
2830 3424 2954 3480 Filii
2976 3425 3062 3481 tui
3087 3426 3312 3482 Domini
3333 3431 3533 3501 nostri,

1888 3520 2007 3570 tam
2033 3514 2214 3571 beata
2241 3516 2533 3587 passionis,
2564 3534 2791 3574 necnon
2838 3523 2893 3573 et
2938 3519 3008 3574 ab
3049 3519 3243 3575 inferis
3282 3538 3533 3580 resurre-

1890 3609 2113 3679 ctionis,
2141 3609 2237 3664 sed
2259 3614 2315 3664 et
2346 3609 2406 3664 in
2436 3610 2601 3665 calos
2630 3611 2890 3683 gloriosa
2934 3613 3293 3684 ascensionis,
3344 3616 3533 3673 offeri-

1889 3719 2037 3773 mus,
2065 3702 2350 3775 praeclara
2374 3703 2649 3774 Majestati
2670 3709 2784 3760 tua
2824 3705 2894 3760 de
2932 3704 3047 3761 tuis
3086 3706 3247 3761 donis
3285 3725 3348 3763 ac
3391 3709 3534 3766 datis

1889 3795 1928 3859 ·ι-
1951 3796 2193 3852 Hostiam
2222 3813 2448 3869 puram,
2486 3798 2728 3865 Hostiam
2754 3802 3005 3854 sanctam
3047 3798 3105 3871 ϊ,
3146 3800 3386 3857 Hostiam
3421 3803 3528 3859 im-

1890 3891 2227 3945 maculatam
2253 3891 2311 3961 +,
2350 3906 2558 3962 panem
2583 3896 2842 3948 sanctum
2871 3892 3002 3948 vita
3028 3896 3280 3963 aterna,
3313 3899 3369 3950 et
3393 3896 3529 3952 cali-

1891 3999 2014 4040 cem
2029 3983 2226 4039 salutis
2251 3990 2563 4058 perpetua.
2598 3986 2780 4059 Supra
2808 4002 2937 4059 qua
2970 3986 3224 4060 propicio
3249 4004 3313 4043 ac
3337 4006 3535 4046 sereno

1888 4078 2052 4134 vultu
2081 4078 2331 4151 aspicere
2360 4080 2598 4151 dignare
2641 4079 2677 4151 f,
2710 4085 2765 4136 et
2790 4086 3086 4153 acceptum
3113 4081 3343 4154 habere,
3372 4084 3535 4142 sicuti

1890 4176 2185 4244 acceptum
2214 4173 2426 4230 habere
2455 4173 2720 4246 dignatus
2749 4192 2808 4231 es
2833 4190 3072 4231 munera
3097 4177 3263 4247 pueri
3289 4177 3372 4233 tui
3394 4178 3538 4250 justi

1889 4266 2048 4336 Abel,
2079 4271 2135 4322 et
2177 4266 2535 4339 sacrificium,
2579 4269 2919 4341 patriarcha
2950 4270 3126 4325 nostri
3170 4270 3433 4344 Abrahae,
3482 4277 3538 4329 et

1892 4361 2044 4433 quod
2068 4360 2173 4415 tibi
2202 4362 2407 4433 optulit
2426 4379 2685 4419 summus
2699 4364 2955 4420 sacerdos
2973 4368 3105 4419 tuus
3131 4364 3537 4425 Melchisedech

1892 4457 2150 4510 sanctum
2176 4455 2538 4528 sacriﬁcium,
2568 4458 2995 4514 immaculatam
3019 4456 3282 4513 hostiam.

1962 4549 2252 4621 Supplices
2298 4555 2353 4605 te
2407 4566 2695 4623 rogamus,
2748 4552 3109 4624 omnipotens
3170 4553 3338 4625 Deus,
3395 4553 3536 4626 jube

204 4598 350 4606 ——--—-
387 4598 616 4607 νην-κη.-
645 4598 822 4608 -νυσυ
851 4598 979 4609 -ννυ-
1023 4598 1226 4610 νειμ-ινα
1273 4598 1394 4608 -----
1448 4598 1545 4608 ----
1593 4598 1699 4607 υνν-
1738 4598 1792 4608 ν-
1963 4598 2250 4621 ~-rr-"-
2304 4598 2352 4605 νν
2407 4598 2695 4623 ·Ὀ“·-“·“Ἷ
2751 4598 3108 4624 ν--ιοτνννυν
3170 4598 3338 4625 ἰν-’ν’
3395 4598 3536 4626 δ”-κν

168 4646 485 4701 memoriam
535 4651 863 4703 venerantes
904 4648 966 4702 in
1019 4647 1219 4720 primis
1263 4647 1522 4720 gloriosa
1567 4598 1869 4718 semperD
1892 4643 2016 4697 hac
2043 4642 2287 4715 perferri
2309 4658 2415 4714 per
2438 4660 2642 4698 manus
2678 4644 2854 4699 sancti
2894 4645 3083 4716 angeli
3108 4647 3194 4702 tui
3218 4647 3278 4702 in
3307 4647 3538 4705 sublimi

169 4734 385 4807 virginis
405 4740 611 4811 Maria,
642 4741 943 4813 genetricis
973 4741 1073 4796 Dei
1099 4745 1155 4796 et
1185 4741 1408 4796 Domini
1445 4740 1622 4795 nostri
1658 4741 1789 4795 Jesu
1886 4734 2085 4791 altario
2113 4739 2211 4790 tuo
2242 4734 2302 4789 in
2345 4739 2650 4808 conspectu
2702 4736 2908 4791 divina
2950 4738 3247 4808 Majestatis
3281 4745 3430 4814 tua;
3471 4749 3538 4800 ut

169 4825 387 4904 Christi;
415 4834 511 4889 sed
537 4838 594 4889 et
618 4834 1076 4890 beatissimorum
1107 4835 1493 4906 apostolorum
1533 4851 1598 4888 ac
1631 4851 1785 4889 mar-

169 4924 341 4991 tyrum
366 4932 598 4983 tuorum
622 4928 792 4999 Petri,
830 4928 1009 4999 Pauli,
1039 4929 1302 4999 Andrea,
1331 4928 1539 4996 Jacobi,
1578 4928 1786 4984 Johan-

170 5015 265 5087 nis,
288 5020 537 5093 Thoma,
565 5022 1055 5095 Jacobi,Philippi,
1086 5023 1508 5093 Bartholomai,
1526 5022 1788 5091 Matthai,

172 5107 412 5187 Simonis,
462 5120 519 5171 et
552 5115 806 5188 Thadai,
853 5116 997 5184 Lini,
1047 5116 1195 5187 Cliti,
1244 5116 1572 5186 Clementis,
1628 5115 1789 5185 Sixti,

171 5202 377 5277 Comiti,
408 5210 697 5281 Cypriani,
730 5210 1014 5279 Laurenti,
1045 5210 1418 5283 Chrysogoni,
1446 5210 1720 5267 Johannis
1738 5212 1795 5265 et

174 5296 328 5371 Pauli,
366 5305 579 5360 Cosma
600 5307 657 5360 et
686 5305 968 5377 Damiani,
1011 5305 1233 5376 Hilarii,
1282 5305 1522 5376 Martini,
1563 5304 1794 5359 Ambro-

175 5389 247 5459 sii,
274 5398 547 5470 Agustini,
576 5398 851 5472 Gregorii,
884 5399 1234 5472 Hieronymi,
1268 5398 1572 5467 Benedicti,
1602 5401 1660 5453 et
1678 5414 1796 5455 om-

235 5501 414 5583 _'Cum
440 5511 536 5566 hic
560 5512 752 5567 Canon
797 5511 882 5581 (ut
923 5511 1203 5583 vocamus)
1237 5528 1355 5566 non
1395 5514 1699 5583 repetatur
1735 5509 1795 5564 in

177 5574 621 5655 iuhsgeqmntibus
645 5574 851 5653 missis,
880 5582 938 5638 id
957 5574 1300 5655 argumento
1327 5586 1412 5638 est
1437 5574 1539 5655 eos
1557 5581 1658 5655 qui
1688 5582 1794 5655 hoc

176 5643 375 5727 Codicéi
395 5654 723 5727 utebantur,
774 5643 889 5710 non
934 5643 1113 5710 alium
1175 5655 1466 5711 Canonem
1527 5643 1795 5709 habuisse

179 5728 329 5785 quam
356 5726 715 5781 Romanum.

238 5788 263 5830 δ
284 5794 404 5869 Hac
421 5798 613 5869 verba,
641 5798 738 5854 sed
762 5803 814 5854 et
847 5804 1053 5856 cuncta
1093 5800 1325 5868 familia
1360 5804 1467 5853 tua
1500 5812 1542 5869 ιι

181 5866 388 5937 nonanis
405 5872 490 5925 tui
529 5866 694 5936 Deus,
725 5872 1032 5928 cancellata
1065 5866 1200 5927 sunt
1244 5870 1305 5925 in
1348 5868 1527 5925 veteri

182 5934 299 5992 item
321 5938 464 5997 infra
486 5958 591 6014 pro
617 5934 874 6014 accipias,
900 5948 1217 6000 correctum
1242 5942 1529 6013 suscipias.

1653 5796 1799 5852 ead

1611 5868 1791 5935 odice,

1888 4832 2167 4902 quotquot
2191 4843 2260 4883 ex
2286 4828 2391 4883 hac
2417 4828 2608 4884 altaris
2649 4828 3082 4900 participatione
3117 4842 3535 4895 sacrosanctum

1890 4923 2016 4979 Filii
2041 4922 2126 4978 tui
2151 4938 2355 4994 corpus
2375 4926 2432 4978 et
2447 4921 2788 4993 sanguinem
2812 4924 3243 4998 sumpserimus,
3266 4931 3422 4987 omni
3441 4931 3537 4990 be.

1890 5017 2211 5072 nedictione
2233 5016 2440 5071 calesti
2468 5020 2525 5071 et
2547 5014 2726 5087 gratia
2752 5015 3097 5088 repleamur,
3126 5036 3231 5091 per
3246 5022 3534 5084 Christum

1893 5110 2200 5166 Dominum
2232 5115 2510 5166 nostrum.

1966 5206 2226 5261 Maurum
2272 5220 2449 5271 arum,
2489 5204 2731 5275 Donum,
2776 5210 2834 5261 et
2879 5219 3075 5260 eorum
3118 5202 3384 5277 nomina,
3436 5211 3535 5285 qui

1894 5314 1996 5353 nos
2036 5301 2453 5370 pracesserunt
2494 5314 2625 5353 cum
2669 5299 2833 5372 signo
2867 5297 2999 5354 fidei
3038 5302 3095 5355 et
3151 5299 3442 5359 dormiunt
3478 5308 3537 5363 in

1895 5409 2096 5448 somno
2143 5393 2314 5463 pacis.
2365 5394 2803 5451 Commemoratio
2856 5395 3250 5463 defunctorum.
3308 5396 3443 5469 Ipsis
3483 5404 3538 5458 et

1966 5516 1989 5546 ο
2023 5506 2104 5559 Ita
2129 5504 2401 5576 primaria
2425 5521 2632 5574 manu;
2661 5505 3011 5575 secundaria,
3038 5513 3118 5562 ut.

1965 5577 1992 5618 ἀ
2021 5577 2158 5641 Qua
2183 5576 2512 5648 majusculis
2533 5577 2625 5631 hic
2653 5576 2853 5631 litteris
2882 5576 3030 5648 edita
3054 5583 3204 5648 sunt,
3234 5580 3411 5638 minio
3438 5584 3533 5641 de-

1894 5648 2045 5721 picta
2068 5653 2291 5721 exstant
2314 5648 2375 5703 in
2394 5653 2581 5704 vetere
2600 5647 2929 5721 exemplari.

1967 5732 1991 5762 υ
2018 5720 2291 5776 Additum
2308 5725 2431 5776 erat
2456 5721 2654 5782 sancti,
2681 5720 2780 5775 sed
2807 5722 3001 5791 postea
3023 5720 3206 5777 tribus
3230 5724 3407 5780 obelis
3430 5741 3531 5782 ex-

1938 5795 2192 5851 unctum.

1895 5809 2016 5911 potu
2018 5809 2279 5940 33:13am
2299 5876 2589 5918 nonnemo
2613 5862 2846 5936 antiqua
2868 5877 3064 5935 manu,
3097 5867 3160 5921 ut
3184 5866 3312 5935 alia,
3357 5871 3530 5940 respi—

1899 5954 2015 5996 cere
2032 5936 2292 6003 digneris.
