4006 6228
1253 295 1582 350 ΑΡΡΕΝΒΙΧ
1624 294 1710 347 AD
1749 291 1970 348 OPERA
2008 291 2241 348 SANCTI
2278 291 2578 348 GERMANI
2617 289 3045 348 PARISIENSIS.

3755 291 3858 342 4513

469 403 737 458 omnibus
777 403 835 459 in
879 403 1099 459 Christo
1145 403 1528 475 quiscentibus
1574 402 1761 455 locum
1800 400 2101 472 refrigerii,
2125 399 2448 486 Apidibus,
2478 404 2533 454 et
2559 400 2680 470 ejus
2708 400 2940 471 agmina
2967 403 3290 453 sanctorum
3335 395 3616 468 sanguine
3659 395 3856 468 pingi;

465 497 628 569 lucis,
668 503 724 552 et
761 498 914 569 pacis
949 503 1014 554 ut
1044 497 1340 568 indulgeas
1383 497 1773 567 deprecamur,
1817 511 1920 566 per
1953 495 2110 550 Chri-

467 597 620 647 stum
640 593 942 646 Dominum
971 597 1246 647 nostrum.

538 687 710 741 NOBIS
737 703 962 758 quoque
989 684 1373 757 peccatoribus
1400 682 1625 737 famulis
1651 683 1782 752 tuis,
1811 683 1881 737 de
1909 683 2100 738 multi-

466 780 662 835 tudine
699 780 1128 835 miserationum
1178 782 1406 832 tuarum
1458 776 1833 847 sperantibus,
1886 782 2108 848 partem

465 873 716 945 aliquam
742 872 1018 927 societatis
1063 872 1270 926 donare
1308 870 1559 942 digneris
1593 887 1724 925 cum
1757 870 1869 925 tuis
1905 871 2108 926 sanctis

464 968 730 1039 apostolis
757 971 812 1022 et
837 965 1198 1037 martyribus,
1229 982 1361 1020 cum
1384 965 1658 1034 Johanne,
1690 965 1939 1034 Stefano,
1966 966 2102 1020 Mat-

465 1060 665 1130 thiam,
718 1059 1030 1129 Barnaban,
1087 1059 1328 1129 Ignacio,
1383 1057 1724 1125 Alexandro,
1765 1058 2102 1127 Marcellino,

464 1155 647 1220 Petro,
676 1155 975 1224 Perpetua,
1005 1155 1184 1223 Agne,
1213 1152 1422 1223 Cicilia,
1453 1151 1754 1220 Felicitate,
1793 1152 2102 1218 Anastasia,

461 1247 698 1317 Agathe,
726 1246 914 1317 Lucia,
951 1246 1205 1318 Eugenia
1238 1245 1287 1312 ⁸,
1331 1251 1386 1300 et
1425 1263 1557 1300 cum
1586 1245 1854 1299 omnibus
1896 1246 2105 1300 sanctis

461 1341 593 1411 tuis,
622 1341 772 1395 intra
799 1357 1047 1412 quorum
1072 1357 1175 1394 nos
1200 1340 1546 1394 consortium
1571 1355 1687 1394 non
1705 1339 1965 1393 stimator
1992 1356 2106 1394 me-

461 1435 576 1506 riti,
627 1435 725 1490 sed
774 1435 954 1489 venia:
1009 1449 1339 1506 quaisumus
1392 1433 1628 1504 largitor
1685 1432 1939 1502 admitte,
2005 1450 2107 1504 per

461 1528 750 1584 Christum
775 1528 1080 1582 Dominum
1106 1531 1386 1582 nostrum.

533 1624 643 1676 PER
670 1637 818 1683 QUEM
845 1637 963 1676 “(EC
990 1637 1180 1690 OMNIA,
1213 1620 1468 1690 Domine,
1499 1636 1726 1692 semper
1761 1619 1908 1674 bona
1929 1634 2102 1685 creas,

462 1717 500 1780 ’ζ’
540 1715 870 1785 sanctiﬁcas,
925 1716 964 1778 -ιο
1019 1714 1282 1782 viviﬁcas,
1330 1713 1367 1774 -Ξ-
1413 1713 1718 1780 benedicis,
1777 1718 1833 1768 et
1874 1716 2106 1784 prmstas

2208 494 2384 549 libera
2414 511 2516 548 nos
2540 498 2638 548 tuo
2667 495 2846 548 valido
2872 493 3126 562 brachio,
3149 497 3205 546 et
3232 492 3388 546 salva
3409 509 3513 546 nos
3542 507 3651 563 per
3689 491 3857 545 auxi-

2207 587 2484 642 liatricem
2503 588 2794 642 dexteram
2809 592 2990 656 tuam,
3009 591 3064 641 et
3083 586 3318 640 defende
3333 585 3393 640 in
3419 584 3583 640 nobis
3595 584 3859 656 precium

2207 681 2444 752 preciosi
2470 681 2762 750 sanguinis
2789 680 2892 749 tui,
2921 697 3060 751 quos
3085 679 3396 734 redemisti.
3429 680 3555 733 Per.

2583 773 2764 823 Gloria
2792 773 2856 822 ad
2883 772 3092 822 missam
3117 772 3458 822 decantanda.

2279 847 2461 901 Gloria
2499 846 2559 900 in
2601 845 2831 901 excelsis
2873 846 3005 915 Deo,
3042 849 3097 899 et
3131 845 3193 898 in
3238 849 3386 899 terra
3437 860 3549 914 pax
3600 841 3854 896 homini—

2208 940 2313 995 bus
2336 941 2502 994 bonae
2523 939 2849 994 voluntatis.
2879 939 3198 993 Laudamus
3226 943 3300 1005 te,
3343 937 3732 992 benedicimus
3779 941 3855 1000 te,

2207 1034 2504 1088 adoramus
2563 1039 2636 1103 te,
2687 1032 3066 1104 gloriﬁcamus
3105 1036 3180 1087 te.
3232 1031 3448 1085 Gratias
3488 1031 3713 1100 agimus
3753 1029 3857 1083 tibi

2206 1132 2440 1199 propter
2466 1144 2737 1197 magnam
2763 1126 3004 1198 gloriam
3034 1131 3210 1194 tuam,
3256 1123 3491 1178 Domine
3531 1126 3696 1190 Deus,
3752 1139 3856 1177 rex

2207 1221 2464 1288 caelestis,
2496 1222 2640 1276 Deus
2665 1222 2829 1276 Pater
2853 1220 3232 1291 omnipotens.
3265 1218 3518 1287 Domine,
3562 1216 3666 1270 Fili
3729 1217 3858 1270 uni-

2209 1315 2398 1385 genite
2423 1317 2552 1369 Jesu
2596 1313 2835 1381 Christe,
2866 1313 3101 1368 Domine
3132 1314 3299 1380 Deus,
3331 1328 3514 1381 agnus
3542 1310 3856 1377 Dei,Filius

2206 1408 2403 1462 Patris.
2447 1408 2553 1472 Qui
2593 1407 2739 1463 tollis
2765 1411 2992 1478 peccata
3018 1406 3218 1461 mundi
3245 1406 3514 1460 miserere
3541 1404 3723 1473 nobis,
3753 1403 3853 1474 qui

2206 1501 2352 1556 tollis
2369 1505 2592 1572 peccata
2620 1501 2820 1556 mundi
2845 1502 3065 1572 suscipe
3091 1499 3547 1571 deprecationem
3571 1500 3850 1553 nostram.

2205 1594 2312 1658 Qui
2351 1595 2509 1649 sedes
2537 1596 2608 1649 ad
2654 1595 2948 1650 dexteram
2975 1594 3174 1663 Patris,
3205 1593 3473 1648 miserere
3498 1591 3678 1646 nobis.
3709 1592 3853 1654 Quo—

2205 1688 2364 1742 niam
2389 1692 2452 1742 tu
2469 1689 2616 1743 solus
2653 1693 2901 1758 sanctus,
2935 1690 2998 1743 tu
3049 1687 3201 1742 solus
3256 1687 3545 1756 Dominus,
3597 1691 3661 1740 tu
3702 1685 3851 1740 solus

461 1778 646 1862 nobis.
689 1810 793 1862 Per
828 1778 1039 1879 ipsum,
1091 1813 1147 1863 et
1189 1778 1319 1862 cum
1355 1808 1497 1879 ipso,
1535 1807 1683 1862 etin
1707 1778 1849 1877 ipso
1874 1778 1970 1860 ~est
2004 1789 2182 1860 tibiB
2207 1781 2666 1879 θξίίδδίξηιξξδθδῖλ
2693 1783 2931 1853 θῙιΓίδίθν
2971 1798 3100 1836 cum
3143 1786 3333 1836 saneto
3371 1778 3675 1853 8ΡίΓἱιιιιίῐι
3722 1779 3849 1850 310’

460 1902 575 1956 Deo
602 1901 751 1956 Patri
774 1901 1146 1973 omnipotenti
1161 1901 1220 1954 in
1245 1901 1465 1955 unitate
1491 1899 1730 1970 Spiritus
1749 1899 1924 1954 sancti
1941 1915 2102 1954 onms

461 1995 648 2049 honor
675 1999 730 2048 et
755 1995 951 2065 gloria,
981 2010 1084 2064 per
1097 1994 1286 2048 omnia
1312 1993 1515 2047 saecula
1539 1993 1898 2047 saeculorum.

533 2089 729 2142 Divino
755 2087 1082 2157 magisterio
1106 2087 1287 2142 edocti
1315 2091 1372 2142 et
1397 2086 1588 2142 divina
1609 2086 1968 2142 institutione
1997 2103 2100 2142 au-

460 2183 660 2237 demus
685 2182 871 2238 dicere
893 2181 920 2221 ι)
954 2198 966 2235 :
1013 2183 1190 2235 Pater.

1019 2295 1141 2344 Post
1164 2294 1325 2344 Pater
1350 2296 1547 2344 noster.

529 2381 725 2436 Libera
776 2397 900 2447 nos,
946 2379 1200 2450 Domine,
1251 2379 1321 2433 ab
1362 2380 1519 2433 omni
1570 2379 1739 2450 malo,
1784 2379 2098 2450 praeterito,

457 2475 744 2546 praesenti,
774 2478 830 2529 et
852 2475 1066 2542 futuro,
1094 2478 1150 2527 et
1170 2473 1552 2528 intercedente
1599 2489 1702 2544 pro
1745 2472 1906 2528 nobis
1941 2473 2101 2528 beata

457 2571 516 2623 et
541 2567 786 2638 gloriosa
798 2583 1135 2638 semperque
1159 2565 1379 2637 virgine
1400 2565 1571 2622 Maria
1609 2578 1649 2632 ο,
1679 2569 1736 2620 et
1762 2566 1936 2621 beatis
1961 2583 2097 2637 apo-

457 2660 613 2715 stolis
649 2662 814 2714 Petro
849 2665 906 2715 et
937 2661 1130 2729 Paulo,
1171 2659 1242 2714 da
1277 2658 1562 2730 propicius
1603 2676 1804 2730 pacem
1836 2664 1995 2714 tuam
2041 2660 2099 2714 in

455 2753 650 2808 diebus
675 2751 912 2822 nostris;
962 2759 1028 2807 ut
1057 2769 1162 2824 ope
1190 2752 1592 2807 misericordia:
1621 2757 1732 2807 tum
1762 2753 1960 2824 adjuti,
1992 2757 2047 2808 et
2067 2769 2100 2806 a

456 2851 684 2919 peccato
713 2847 890 2902 simus
925 2863 1149 2918 semper
1184 2845 1367 2916 liberi,
1408 2851 1464 2902 et
1499 2847 1570 2901 ab
1605 2847 1763 2902 omni
1801 2847 2094 2921 perturba-

454 2940 607 2996 tione
626 2940 828 2996 securi.

976 3021 1096 3070 Post
1126 3020 1574 3071 communionem.

525 3109 672 3171 Quos
697 3106 927 3178 caelesti,
962 3107 1219 3176 Domine,
1254 3107 1407 3162 dono
1437 3106 1676 3177 saciasti,
1703 3110 1912 3178 praesta
1937 3122 2093 3178 quae-

453 3217 670 3271 sumus,
692 3205 754 3256 ut
777 3201 1025 3256 anostris
1042 3201 1390 3256 mundemur
1401 3200 1652 3270 occultis,
1669 3206 1724 3257 et
1748 3201 1817 3256 ab
1843 3200 2097 3256 hostium

451 3294 760 3350 liberemur
784 3294 1024 3350 insidiis.

967 3396 1356 3446 Consummatio
1382 3396 1572 3446 missas.

523 3481 735 3536 Gratias
759 3480 860 3536 tibi
886 3481 1130 3552 agimus,
1173 3482 1407 3538 Domine
1457 3486 1671 3552 sancte,
1709 3484 1876 3537 Pater
1909 3482 2093 3536 omni-

450 3577 674 3648 potens,
711 3579 922 3630 aeterne
947 3576 1114 3646 Deus,
1147 3575 1245 3646 qui
1283 3593 1385 3631 nos
1421 3576 1672 3649 corporis
1711 3581 1768 3632 et
1806 3576 2097 3648 sanguinis

450 3668 656 3724 Christi
683 3669 806 3724 Filii
833 3669 918 3725 tui
945 3670 1348 3726 communione
1373 3671 1897 3742 saciasti,tuamque
1924 3670 2094 3726 mise-

449 3763 751 3819 ricordiam
774 3764 1069 3820 humiliter
1087 3765 1435 3836 postolamus
1447 3783 1464 3835 ;
1483 3769 1548 3820 ut
1564 3765 1672 3820 hoc
1693 3769 1881 3835 tuum,
1913 3765 2096 3819 Domi-

448 3873 542 3925 ne,
568 3857 996 3914 Sacramentum
1024 3875 1142 3913 non
1189 3859 1258 3913 sit
1295 3858 1456 3914 n'obis
1494 3863 1684 3915 reatus
1731 3859 1803 3914 ad
1842 3875 2092 3930 poenam,

453 3952 552 4006 sed
588 3952 660 4005 sit
682 3951 1009 4007 intercessio
1050 3953 1309 4008 salutaris
1356 3954 1427 4009 ad
1461 3953 1716 4022 veniam;
1761 3953 1832 4007 sit
1881 3953 2098 4007 ablutio

2204 1874 2349 1930 riam
2378 1875 2476 1930 Dei
2495 1877 2688 1930 Patris.
2724 1880 2904 1932 Amen
2938 1889 2979 1928 ο.

2277 1971 2447 2038 Deus,
2475 1969 2565 2024 cui
2594 1970 2798 2026 merito
2826 1977 2882 2026 et
2907 1974 2966 2027 in
2991 1969 3246 2037 excelsis,
3279 1973 3335 2022 et
3359 1967 3418 2022 in
3440 1972 3610 2037 terra,
3635 1966 3846 2021 utrius-

2203 2078 2314 2135 que
2334 2063 2444 2117 loci
2469 2063 2669 2117 incolis
2697 2063 2876 2134 gloria
2905 2065 3236 2120 decantatur
3257 2080 3274 2131 ;
3303 2061 3402 2133 qui
3429 2077 3628 2133 pacem
3665 2065 3844 2128 tuam,

2201 2173 2318 2212 non
2343 2157 2403 2211 in
2429 2157 2728 2228 malibolis,
2760 2159 2856 2214 sed
2885 2163 2940 2213 et
2967 2159 3027 2212 in
3065 2156 3403 2212 homenibus
3439 2155 3604 2209 bona:
3644 2153 3844 2208 volun-

2203 2252 2332 2306 tatis
2371 2249 2392 2290 ΐ
2436 2269 2555 2307 esse
2595 2251 2816 2306 testaris
2855 2271 2873 2321 ;
2905 2256 2960 2306 te
3015 2255 3240 2306 orantes
3276 2250 3592 2316 laudamus,
3633 2248 3846 2319 tibique

2203 2351 2434 2417 agentes
2461 2345 2668 2418 gratias
2697 2346 3112 2416 supplicamus;
3142 2349 3208 2400 ut
3233 2344 3333 2416 qui
3360 2344 3418 2397 in
3443 2349 3499 2398 te
3537 2342 3847 2414 suscipiens

2201 2442 2401 2497 mundi
2441 2445 2688 2512 peccata,
2732 2445 2975 2512 purgata
3016 2439 3230 2508 delesti,
3275 2438 3542 2508 suscipias
3591 2453 3662 2490 ex
3701 2436 3846 2490 dono

2200 2540 2299 2590 tuo
2328 2535 2429 2590 tibi
2460 2535 2684 2606 placita,
2719 2538 2775 2589 et
2807 2539 3061 2605 ampotes
3099 2549 3270 2604 prava
3297 2531 3577 2586 desideria
3603 2533 3796 2584 nostra
3828 2548 3840 2584 :

2201 2629 2484 2700 simulque
2504 2631 2711 2699 praesta
2731 2632 2792 2682 ut
2821 2631 3160 2699 praesentem
3210 2625 3360 2681 diem
3402 2629 3457 2680 te
3511 2628 3842 2696 protegente

2201 2723 2318 2779 sine
2346 2727 2572 2794 peccato
2598 2721 2914 2791 transigere
2937 2737 3280 2776 mereamur.

2873 2816 3002 2864 Item
3045 2814 3161 2863 alia.

2272 2887 2436 2956 Deus,
2475 2887 2567 2941 cui
2601 2886 2826 2956 merito,
2873 2892 2929 2942 et
2967 2888 3157 2958 angeli
3182 2885 3240 2940 in
3283 2885 3451 2956 caelis,
3491 2889 3546 2939 et
3583 2884 3840 2938 homines

2197 2980 2258 3034 in
2286 2977 2651 3035 terra'debito
2679 2979 2941 3034 famolato
2979 2980 3353 3047 conlaudant;
3385 2979 3543 3049 cujus
3580 2983 3840 3032 sanctum

2196 3090 2404 3129 nomen
2432 3090 2603 3146 super
2636 3090 2804 3129 omne
2831 3089 3042 3128 nomen
3079 3074 3387 3128 exaltatum
3431 3072 3595 3127 ﬁdele
3631 3073 3842 3126 exulta-

2117 3165 2171 3240 C
2197 3168 2347 3224 tione
2375 3168 2797 3237 concelebrant;
2819 3173 3026 3238 praesta
3042 3168 3209 3222 nobis
3235 3167 3455 3221 famolis
3483 3167 3616 3236 tuis,
3640 3166 3840 3220 effectu

2195 3262 2298 3318 tibi
2323 3263 2606 3317 bonorum
2635 3277 2874 3334 operum
2900 3261 3306 3333 propinquare,
3335 3265 3506 3332 teque
3534 3260 3649 3315 vita
3671 3260 3832 3314 simul

2198 3362 2254 3412 et
2286 3374 2420 3413 voce
2462 3358 2714 3425 laudare,
2757 3362 3030 3429 tuamque
3079 3357 3523 3412 misericordiam
3551 3356 3719 3412 rectis
3756 3372 3836 3410 ac-

2196 3451 2348 3506 tibus
2367 3451 2708 3523 impetrare;
2734 3457 2797 3506 ut
2821 3452 3119 3506 universus
3147 3451 3238 3506 hic
3275 3437 3549 3522 populus,
3597 3451 3698 3521 qui
3735 3467 3831 3504 an-

2199 3547 2352 3618 gelos
2375 3551 2502 3601 tuos
2527 3545 2875 3618 aequiperare
2896 3545 3232 3616 conﬁtendo,
3257 3545 3454 3603 sectari
3472 3560 3703 3617 quoque
3728 3549 3833 3599 stu-

2197 3640 2326 3696 deat
2351 3640 2644 3696 imitando.

2696 3711 2867 3761 Oratio
2901 3713 3022 3775 post
3051 3722 3268 3774 precem
3286 3729 3328 3768 ε.

2269 3783 2549 3853 Miserere,
2581 3783 2815 3838 Domine
2842 3785 2987 3840 Deus
3013 3783 3395 3854 omnipotens,
3428 3781 3532 3854 qui
3551 3782 3830 3855 discipolis

2197 3877 2308 3932 tuis
2332 3877 2605 3948 Spiritum
2632 3882 2889 3933 sanctum
2923 3878 3149 3947 dedisti,
3190 3879 3276 3933 vel
3311 3893 3416 3949 per
3451 3876 3830 3948 Evangelista-

2197 3988 2328 4026 rum
2354 3976 2585 4027 tuorum
2606 3988 2802 4028 omnes
2846 3971 3103 4042 docuisti,
3148 3971 3318 4026 etiam
3368 3971 3634 4026 omnibus
3675 3971 3833 4025 nobis

447 4045 748 4115 scelerum,
789 4045 859 4098 sit
893 4046 1166 4101 fortitudo
1209 4047 1521 4118 fragilium,
1564 4048 1638 4102 sit
1670 4052 1864 4102 contra
1897 4045 2100 4101 mundi
2197 4081 2301 4136 per
2335 4066 2680 4137 baptismum
2701 4067 3117 4137 indulgentiam
3138 4065 3406 4136 tribuisti,
3429 4070 3486 4121 et
3508 4081 3708 4120 omnes
3723 4080 3834 4119 ere-

444 4138 694 4211 pericola
730 4138 1174 4195 ﬁrmamentum.
1204 4142 1333 4195 Haec
1374 4157 1499 4208 nos,
1543 4140 1802 4209 Domine,
1846 4157 2098 4196 commu-

445 4233 543 4289 nio
571 4237 780 4304 purget
797 4250 830 4288 a
855 4233 1114 4305 crimine,
1145 4239 1202 4290 et
1225 4234 1462 4290 caelestis
1493 4233 1685 4307 gaudii
1721 4234 1941 4289 tribuat
1978 4251 2096 4291 esse

444 4326 773 4399 participes.
798 4329 922 4383 Per.

1017 4406 1219 4456 Dicitur
1243 4408 1360 4469 post
1381 4406 1526 4456 Atos.

515 4495 616 4564 Tu,
645 4509 865 4549 summe
886 4493 1051 4560 Deus,
1085 4491 1222 4562 aios,
1255 4491 1374 4562 ipse
1401 4496 1628 4547 sanctus
1657 4493 1704 4565 ἀ,
1734 4494 2090 4566 omnipotens

443 4587 708 4658 Sabaoth,
739 4588 839 4660 qui
867 4585 1071 4642 venisti
1097 4585 1167 4639 ab
1194 4585 1428 4641 excelsis
1451 4586 1571 4659 pati
1601 4604 1704 4660 pro
1751 4588 1936 4661 nobis,
1977 4590 2088 4644 mi-

443 4698 627 4737 serere
646 4681 831 4751 nobis,
875 4684 938 4735 tu
990 4679 1156 4735 trina:
1206 4680 1477 4752 potentiae
1519 4682 1684 4737 Pater
1711 4682 1941 4755 inclyte,
1988 4684 2088 4756 qui

440 4774 650 4832 moenia
693 4773 1160 4832 excellentissima
1194 4774 1542 4839 Hierusalem
1572 4774 1774 4832 divinis
1811 4793 1976 4832 ornas
2012 4777 2089 4832 la-

520 4920 547 4950 ⁶
565 4919 756 4974 Altera
785 4935 978 4991 manu,
1007 4921 1183 4984 Pet-ro,
1208 4921 1506 4985 Felicitate,
1535 4921 1826 4991 Perpetua,
1849 4924 2082 4990 Agathe,

441 4992 983 5146 Agfzg’nfetagdatum:
1020 5062 1265 5146 Granius.
1302 5065 1590 5146 Prwcepﬁs
1610 5064 1946 5146 salutaribus
1969 5083 2082 5121 mo-

439 5136 564 5198 niti,
602 5140 653 5189 et
691 5135 882 5188 divina
920 5136 1261 5189 institutione
1301 5138 1529 5203 formati
1565 5137 1825 5193 audemus
1885 5139 2078 5194 dicere.

433 5207 559 5266 Alia
590 5207 836 5261 formula
860 5210 944 5260 est
968 5206 1192 5261 Ordinis
1213 5207 1498 5261 Gallicani.

507 5291 529 5318 ο
570 5278 842 5334 Additum
869 5278 1112 5333 secunda
1138 5295 1336 5348 manu,
1365 5281 1463 5332 Dei
1486 5280 1762 5346 genitrice.

506 5353 533 5393 τι
563 5351 835 5424 Fortasse,
878 5349 940 5403 id
986 5354 1064 5404 est
1111 5349 1367 5419 Sanctus,
1420 5348 1572 5421 quod
1613 5356 1758 5406 esset
1803 5353 2080 5424 glossema

432 5422 687 5480 vocabuli
706 5429 856 5491 ἅγιος.

504 5509 528 5537 ο
564 5494 726 5549 Nulla
750 5494 843 5547 hic
867 5495 1083 5549 mentio
1111 5492 1180 5548 de
1209 5492 1475 5564 Symbolo
1500 5493 1600 5547 CP.
1649 5494 1802 5565 quod
1839 5495 2076 5550 fortasse

432 5572 559 5622 tum
583 5566 645 5620 in
676 5565 846 5619 missa
879 5566 1155 5620 Gallicana
1192 5565 1347 5620 haud
1395 5564 1746 5620 recitaretur.
1791 5567 1852 5620 In
1893 5567 2077 5622 Africa

428 5645 690 5710 tempore
713 5637 1015 5710 Augustini
1034 5637 1371 5710 Symbolum
1417 5636 1488 5691 ad
1522 5637 1751 5692 missam
1785 5655 1900 5692 non
1941 5638 2078 5692 reci-

431 5707 679 5780 tabatur,
707 5713 772 5762 ut
795 5707 972 5763 Oratio
1007 5707 1316 5779 Dominica,
1353 5725 1422 5764 ex
1457 5724 1720 5763 sermone
1759 5711 1826 5763 58
1864 5709 1934 5764 ad
1971 5726 2076 5781 po~

431 5783 656 5854 pulum.
689 5783 946 5854 num-12
967 5784 1024 5834 et
1052 5783 1136 5834 43-

505 5851 524 5890 f
557 5848 673 5919 Hic,
701 5848 788 5904 uti
812 5853 869 5904 et
893 5849 953 5903 in
986 5850 1264 5921 superiori
1306 5851 1552 5920 Cantico,
1595 5851 1926 5907 volumtatis.
1965 5851 2072 5917 Qui

2199 4159 2458 4214 dentium
2484 4176 2697 4217 nomen
2723 4165 2980 4217 sanctum
3011 4165 3175 4216 tuum
3196 4161 3267 4216 de
3291 4160 3512 4216 inferna
3526 4159 3829 4216 redemisti.

2196 4254 2320 4308 Per.

2751 4327 2878 4375 Item
2897 4329 3016 4390 post
3038 4339 3270 4390 precem.

2272 4395 2526 4467 Domine,
2548 4413 2743 4468 preces
2767 4398 2961 4469 populi
2985 4397 3068 4453 tui
3097 4399 3349 4469 placatus
3364 4396 3588 4466 exaudi,
3612 4397 3831 4452 univer-

2198 4489 2271 4544 sis
2294 4507 2422 4562 quaa
2448 4491 2733 4562 postulant
2754 4491 2961 4561 tribue,
2989 4496 3045 4546 et
3070 4492 3307 4563 singulis
3337 4506 3464 4564 quae
3485 4496 3619 4546 sunt
3662 4506 3827 4563 opor-

2190 4587 2328 4640 tuna
2353 4585 2614 4640 concede.
2647 4586 2870 4642 Crescat
2898 4585 2956 4640 in
2983 4600 3184 4640 eorum
3208 4585 3466 4641 sensibus
3491 4585 3712 4640 devotio
3731 4585 3829 4639 tibi

2191 4682 2249 4736 in
2275 4683 2536 4738 omnibus
2557 4684 2781 4755 placita,
2811 4684 3056 4756 qualiter
3078 4701 3112 4738 a
3136 4690 3191 4741 te
3232 4684 3508 4741 beneﬁcia
3540 4683 3828 4740 obtineant

2188 4782 2482 4848 oportuna.
2515 4779 2640 4834 Per.

2187 4921 2467 5002 scribendi
2492 4922 2693 5002 modus
2716 4923 2928 5002 ubique
2958 4926 3237 4981 retinetur
3269 4926 3330 4980 in
3364 4931 3559 5002 nostro
3605 4925 3822 5002 Codice.

2185 4994 2454 5069 Apposite
2509 4994 2885 5069 Hildegmarus
2913 4995 2972 5050 in
3016 5003 3187 5068 caput
3237 4998 3546 5068 septimum
3611 4999 3823 5069 regulae

2185 5065 2360 5140 sancti
2395 5065 2698 5140 Benedicti,
2729 5066 2840 5140 ubi
2856 5067 2924 5121 de
2950 5065 3194 5123 secundo
3230 5065 3408 5140 gradu
3446 5065 3821 5124 humilitatis:

2187 5156 2214 5185 ‹‹
2248 5135 2575 5212 Suntmulti
2593 5138 2692 5208 qui
2717 5138 3079 5212 distinguunt
3106 5135 3438 5196 voluntatem
3463 5157 3567 5212 per
3609 5158 3646 5196 η
3681 5142 3822 5195 adti-

2182 5223 2318 5283 nere
2344 5207 2416 5260 ad
2441 5207 2626 5262 Deum
2656 5225 2669 5262 :
2699 5215 2754 5264 et
2781 5207 3130 5266 volu'mtatem
3155 5228 3261 5283 per
3297 5228 3351 5266 m
3377 5212 3449 5266 ad
3463 5207 3782 5268 “hominem
3806 5230 3820 5280 ;

2180 5280 2510 5353 voluptatem
2537 5296 2668 5353 vero
2718 5296 2822 5353 per
2850 5299 2892 5350 p
2928 5283 3000 5337 ad
3048 5280 3356 5337 diabolum.
3406 5302 3435 5336 »
3473 5285 3687 5340 Tamen
3731 5284 3822 5339 ubi

2182 5350 2351 5427 etiam
2379 5350 2568 5427 agitur
2593 5351 2662 5427 de
2689 5350 2822 5419 Deo,
2844 5354 3112 5409 volumtas
3132 5371 3312 5427 perm
3341 5354 3612 5410 scribitur
3631 5356 3693 5410 in
3721 5372 3820 5410 no-

2181 5425 2297 5476 stro
2325 5423 2656 5493 exemplari.

2224 5506 2278 5574 hs
2308 5493 2596 5574 In.Mislsali
2614 5495 2868 5574 Gothico,
2891 5512 3065 5574 pagg.
3089 5501 3124 5574 _i
3137 5500 3204 5552 90
3232 5500 3410 5574 et_2_5_l
3446 5498 3728 5574 librorum
3756 5498 3820 5552 de

2177 5565 2428 5636 Liturgia
2664 5565 3204 5642 habentur—itidem
3264 5570 3633 5627 Collectiones
3698 5574 3821 5642 post

2177 5637 2612 5713 precem._ld_de_
2631 5639 2846 5693 cantico
2887 5639 3064 5713 trium
3107 5656 3418 5712 puerorum
3466 5637 3818 5713 interpretati

2179 5723 2392 5790 sumus.
2422 5711 2490 5763 At
2510 5709 2579 5790 de
2598 5711 2813 5790 hymno
2852 5709 3189 5790 angelorum
3229 5713 3416 5790 Gloria
3468 5719 3530 5771 in
3577 5709 3817 5776 cancelsts,

2179 5780 2278 5860 qui
2300 5780 2393 5834 hic
2421 5780 2677 5860 proxime
2704 5780 3002 5860 antecedit.
3029 5785 3523 5858 interpretandum
3562 5805 3682 5846 esse
3715 5804 3816 5860 pa-

2178 5855 2259 5907 tet
2283 5868 2353 5906 ex
2377 5853 2636 5923 sequenti
2655 5855 2957 5911 notatione.
