4006 6228
112 292 202 347 457

766 401 896 450 Item
928 400 1045 451 alia.

172 492 405 548 Domine
445 494 616 561 Deus,
647 494 747 565 qui
775 495 1001 566 populis
1036 495 1146 550 tuis
1172 501 1232 551 et
1258 497 1411 568 juste
1444 498 1721 567 irasceris,

112 590 161 642 et
180 586 490 642 clementer
514 588 781 658 ignoscis,
805 588 1019 644 inclina
1040 608 1239 645 aurem
1264 594 1426 646 tuam
1448 595 1724 666 supplica-

109 681 336 736 tionibus
365 682 578 736 nostris
601 698 614 736 :
639 686 703 737 ut
722 683 819 753 qui
842 688 894 738 te
922 684 1057 739 totis
1079 685 1339 739 sensibus
1356 688 1720 755 confitemur,

111 792 210 831 non
219 774 497 846 judicium
512 779 696 843 tuum,
713 778 814 832 sed
831 778 1253 850 indulgentiam
1277 798 1721 853 consequamur.

618 880 868 930 Collectio
895 886 1015 946 post
1035 883 1176 932 Aios.

168 963 368 1018 iudicia
404 966 525 1032 tua,
556 965 727 1033 Deus,
761 968 1255 1038 comprehendere
1292 986 1409 1024 non
1442 972 1718 1038 valemus,

108 1057 509 1129 reprehendere
536 1076 655 1114 non
686 1061 966 1116 audemus
992 1079 1004 1117 :
1031 1063 1202 1118 nimis
1228 1064 1528 1134 profundae
1554 1065 1719 1119 factas

105 1155 218 1207 sunt
245 1152 624 1224 cogitationes
648 1157 782 1223 tua,
811 1157 939 1227 quis
964 1157 1393 1228 investigaverit
1419 1158 1556 1214 eas?
1576 1160 1719 1214 Con-

578 290 1190 350 SACRAMENTARIUM
1226 293 1672 352 GALLICANUM.
1714 324 1784 337 -—
1820 296 2190 355 LECTIONES
2227 300 2315 356 AD
2351 300 2665 358 ADVENTU
2704 302 2958 360 DOMINI.

3357 307 3462 364 458

1746 407 1967 492 Αοεᾱθ
1995 407 2181 475 nobis,
2213 408 2466 479 piissime
2506 412 2694 479 Pater,
2738 415 2801 466 ut
2836 412 2936 483 [te]
2973 410 3284 468 timeamus
3325 414 3460 486 quia

1824 500 2011 556 bonus
2043 520 2123 570 es,
2163 507 2460 574 sperantes
2498 504 2556 557 in
2606 504 3004 561 misericordia
3038 510 3156 561 tua.
3188 507 3269 561 Tu
3303 507 3459 563 enim

1825 594 2034 661 dixisti,
2070 598 2209 653 Nolo
2246 601 2496 652 mortem
2532 602 2926 669 peccatorum.
2955 601 3203 655 Tantum
3230 600 3463 672 adjutor

1824 692 1945 743 esto
1973 691 2412 758 revertentibus,
2446 696 2509 746 ut
2533 692 2813 748 vivamus.

2208 852 2381 902 Oratio
2421 857 2539 917 post
2575 853 2601 884 “
2640 854 3084 907 Benedictionem.

1892 973 2059 1040 Deus,
2092 974 2191 1045 qui
2216 975 2396 1028 tribus
2422 976 2615 1046 pueris
2644 976 2702 1030 in
2731 979 2960 1034 camino
2997 977 3147 1050 ignis
3174 980 3455 1051 mitigasti

1820 1065 2090 1121 ﬂammas
2126 1067 2398 1135 incendii,
2441 1071 2714 1137 concede,
2747 1088 3096 1142 qumsumus,
3136 1076 3200 1128 ut
3234 1090 3340 1130 nos
3369 1075 3455 1128 fa-

1818 1161 2007 1215 mulos
2036 1164 2164 1216 tuos
2193 1179 2310 1217 non
2347 1165 2473 1217 urat
2501 1163 2741 1218 ﬂamma
2765 1166 3059 1222 vitiorum.
3091 1168 3219 1223 Per.

164 1316 185 1344 ⁸
210 1316 265 1371 Id
293 1320 377 1409 est
401 1322 532 1388 post
560 1319 845 1374 canticum
876 1320 1053 1375 trium
1080 1338 1415 1393 puerorum,
1447 1322 1601 1393 quod
1629 1338 1699 1377 ex
1728 1324 1988 1395 sequenti
2016 1323 2355 1379 Collectione
2384 1324 2740 1396 intelligitur.

103 1486 3407 1515 Ἦ

450 1656 1642 1805 INCIPIUNT
1799 1554 3072 1810 LECTIONES

969 1901 1144 2011 DE
1245 1902 1881 2015 ADVENTU
1980 1902 2467 2015 DOMINI
2496 1905 2561 2011 ³.

428 2235 468 2288 l.
518 2249 680 2290 HISSA
718 2251 772 2290 IN
810 2251 1097 2291 anvssmu
1136 2250 1349 2292 nonum.

495 2335 673 2385 Lectio
704 2336 971 2387 Malachixe
1004 2337 1289 2401 prephetas.

158 2419 273 2473 Haec
315 2418 453 2475 dicit
492 2421 774 2476 Dominus
804 2440 817 2476 :
846 2423 986 2477 Ecce
1023 2439 1132 2494 ego
1172 2424 1401 2477 mittam
1435 2423 1709 2493 angelum

101 2528 289 2579 meum,
316 2517 373 2567 et
402 2516 760 2587 praeparabit
788 2516 939 2570 viam
976 2520 1110 2570 ante
1147 2516 1355 2571 faciem
1384 2532 1581 2570 meam
1613 2534 1625 2571 :
1655 2521 1713 2571 et

101 2606 267 2660 statim
286 2608 478 2663 veniet
503 2609 579 2663 ad
600 2614 827 2681 tempus
849 2628 1016 2665 suum
1037 2611 1397 2679 Dominator,
1416 2627 1591 2682 quem
1611 2627 1711 2666 vos

101 2700 345 2770 quaritis,
375 2706 434 2756 et
477 2704 722 2774 angelus
758 2706 1114 2772 testamenti,
1164 2722 1338 2776 quem
1387 2722 1486 2759 vos
1521 2704 1707 2759 vultis.

98 2793 216 2848 Ecce
235 2795 405 2864 venit,
441 2796 584 2851 dicit
609 2798 889 2853 Dominus
915 2799 1301 2868 exercituum;
1326 2802 1383 2853 et
1404 2799 1531 2871 quis
1554 2802 1711 2870 pote-

96 2886 156 2940 rit
184 2889 430 2960 cogitare
479 2890 636 2945 diem
678 2893 957 2948 adventus
989 2893 1150 2964 ejus?
1181 2897 1240 2947 et
1277 2895 1403 2965 quis
1435 2898 1608 2951 stabit
1637 2897 1710 2953 ad

96 2980 382 3038 videndum
413 3001 551 3039 eum
575 2986 602 3040 ?
630 2987 697 3040 Et
727 2990 897 3041 erunt
924 2987 1170 3043 Domino
1198 2988 1505 3044 otl‘erentes
1537 2991 1707 3046 sacri-

95 3074 201 3129 ﬁcia
225 3076 280 3130 in
299 3078 565 3147 justitia;
597 3083 654 3133 et
680 3081 930 3151 placebit
958 3083 1074 3137 Deo
1104 3082 1445 3138 sacrificium
1477 3086 1623 3141 Juda
1653 3089 1711 3141 et

96 3168 443 3240 Hierusalem,
475 3173 622 3228 sicut
652 3174 775 3230 dies
804 3177 1016 3245 saeculi,
1044 3179 1103 3230 et
1132 3176 1278 3231 sicut
1302 3178 1441 3232 anni
1463 3180 1705 3252 antiqui.

94 3262 151 3315 Et
184 3263 444 3321 accedam
493 3268 567 3322 ad
608 3277 721 3323 νος
744 3269 802 3323 in
841 3270 1082 3340 judicio,
1126 3274 1183 3325 et
1223 3289 1321 3326 ero
1362 3273 1521 3327 testis
1554 3276 1711 3328 velut

94 3357 359 3429 maleficis,
384 3365 443 3415 et
461 3362 758 3431 adulteris,
778 3367 835 3419 et
854 3364 977 3436 perj
988 3365 1121 3433 uris,
1146 3369 1205 3419 et
1228 3366 1327 3437 qui
1355 3368 1710 3423 calumnian-

94 3453 172 3505 tur
197 3455 525 3511 mercedem
560 3458 954 3527 mercenariis,
987 3458 1219 3513 viduam
1265 3464 1323 3514 et
1350 3462 1616 3533 pupillos,
1652 3466 1710 3517 et

94 3551 418 3617 oppremunt
454 3551 870 3623 peregrinum;
909 3570 1015 3607 nec
1054 3553 1375 3609 timuerunt
1413 3573 1527 3624 me,
1570 3556 1709 3611 dicit

1736 2251 1791 2322 Β
1816 2236 1957 2291 cerit
1982 2239 2347 2308 peccatorem
2375 2237 2446 2291 ab
2474 2253 2669 2291 errore
2696 2236 2801 2290 viae
2829 2251 2965 2304 suae,
2989 2236 3170 2291 salvat
3194 2234 3454 2291 animam

1815 2331 1938 2402 ejus
1975 2348 2007 2386 a
2034 2335 2243 2399 morte,
2284 2335 2341 2385 et
2376 2331 2562 2402 operit
2594 2329 3028 2385 multitudinem
3060 2333 3450 2397 peccatorum.

1932 2433 2107 2483 Lectio
2140 2433 2308 2483 sancti
2341 2433 2609 2497 Evangelii
2641 2431 2930 2484 secundum
2960 2432 3257 2481 Matthmum
3287 2445 3330 2481 ο.

1884 2519 1945 2572 In
1978 2519 2178 2572 diebus
2204 2518 2334 2585 illis,
2364 2519 2657 2574 Johannes
2683 2535 2815 2573 cum
2843 2516 3095 2572 audisset
3123 2517 3184 2571 in
3214 2516 3454 2572 vincolis

1812 2629 1987 2684 opera
2029 2612 2258 2681 Christi,
2296 2613 2533 2667 mittens
2578 2613 2721 2668 duos
2766 2612 2837 2667 de
2878 2611 3170 2683 discipulis
3202 2611 3338 2679 suis,
3375 2611 3457 2665 ait

1811 2707 1894 2760 illi
1924 2724 1936 2762 :
1964 2708 2044 2761 Tu
2075 2724 2135 2761 es
2166 2707 2264 2778 qui
2292 2710 2565 2761 venturus
2600 2724 2680 2774 es,
2715 2724 2789 2761 an
2830 2706 3006 2760 alium
3043 2704 3453 2777 expectamus?

1810 2801 1879 2854 Et
1906 2801 2266 2872 respondens
2292 2801 2374 2855 ait
2411 2801 2520 2855 illis
2545 2819 2558 2856 :
2595 2802 2809 2855 Euntes
2832 2799 3171 2854 renunciate
3201 2798 3453 2854 Iohanni

1813 2912 1940 2966 quae
1972 2895 2209 2949 audistis
2240 2899 2299 2949 et
2331 2895 2556 2950 videtis.
2595 2896 2745 2951 Caeci
2772 2894 2989 2961 vident,
3024 2892 3214 2947 claudi
3244 2893 3450 2948 ambu-

1811 2989 1952 3056 lant,
1981 2989 2193 3061 leprosi
2222 2989 2599 3056 mandantur,
2634 2988 2792 3044 surdi
2828 2988 3090 3055 audiunt,
3120 2987 3334 3042 mortui
3359 3004 3450 3042 re-

1812 3087 2073 3154 surgunt,
2101 3100 2384 3156 pauperes
2410 3084 2902 3155 evangelizantur,
2926 3086 2985 3136 et
3008 3082 3214 3136 beatus
3239 3084 3325 3136 est
3349 3083 3449 3153 qui

1813 3195 1929 3235 non
1955 3178 2131 3232 fuerit
2154 3178 2573 3232 scandalizatus
2597 3178 2655 3232 in
2682 3195 2796 3232 me.
2828 3176 2939 3231 Illis
2968 3179 3166 3231 autem
3194 3174 3453 3230 abeunti-

1809 3272 1935 3339 bus,
1964 3272 2134 3343 coepit
2156 3274 2317 3327 Iesus
2345 3272 2534 3327 dicere
2562 3272 2636 3326 ad
2662 3271 2860 3326 turbas
2885 3270 2956 3325 de
2982 3270 3246 3326 Iohanne
3268 3287 3281 3324 :
3301 3268 3452 3334 Quid

1811 3365 2000 3420 existis
2014 3366 2073 3420 in
2092 3366 2320 3421 deserto
2334 3366 2527 3421 videre
2540 3366 2568 3420 ?
2585 3365 2933 3420 arundinem
2949 3367 3121 3419 vento
3140 3363 3452 3436 agitatam?

1810 3460 1921 3514 Sed
1940 3461 2079 3531 quid
2098 3461 2288 3515 existis
2306 3460 2501 3515 videre
2513 3460 2540 3514 ?
2554 3460 2854 3515 hominem
2868 3458 3138 3515 mollibus
3149 3457 3451 3513 vestitum?

1809 3555 1948 3609 Ecce
1991 3556 2088 3626 qui
2136 3555 2406 3611 mollibus
2452 3555 2791 3622 vestiuntur,
2834 3554 2892 3608 in
2937 3553 3202 3608 domibus
3244 3568 3451 3624 regum

91 3638 343 3698 Dominus
368 3646 725 3701 exercituum
758 3665 770 3701 :
796 3664 905 3719 ego
932 3648 1208 3703 Dominus
1233 3649 1385 3705 Deus
1410 3655 1616 3721 vester,
1651 3630 1781 3705 etC
1808 3652 1957 3703 sunt.
1976 3648 2088 3703 Sed
2106 3649 2245 3721 quid
2264 3648 2456 3703 existis
2472 3646 3107 3719 videre?prophetam?
3119 3646 3305 3701 Etiam
3323 3646 3449 3701 dico

91 3749 196 3789 non
221 3739 423 3808 mutor,
453 3738 538 3794 ait
566 3738 847 3795 Dominus
873 3743 1042 3797 Deus.

230 3840 396 3891 Lectio
430 3842 670 3907 epistola
702 3844 886 3894 Jacobi
929 3845 1151 3909 apostoli
1189 3844 1255 3895 ad
1291 3851 1474 3911 gentes
1501 3848 1546 3896 b.

151 3922 379 3995 Fratres,
406 3928 697 3999 patientes
727 3933 910 3985 estote
940 3948 1118 4003 usque
1152 3932 1225 3986 ad
1253 3932 1565 3987 adventum
1603 3934 1706 3988 Do-

95 4016 237 4073 mini.
256 4022 393 4077 Ecce
415 4023 673 4095 agricola
694 4030 958 4098 expectat
975 4025 1301 4098 prcciosum
1325 4028 1575 4083 fructum
1596 4033 1706 4082 ter-

93 4126 173 4180 rae,
202 4116 487 4186 patienter
506 4120 718 4188 ferens,
750 4120 932 4175 donec
963 4123 1206 4196 accipiat
1231 4123 1618 4195 temporivum
1648 4126 1707 4177 et

94 4210 402 4267 serotinum.
416 4214 708 4269 Patientes
726 4219 928 4284 estote,
954 4220 1012 4271 et
1031 4219 1371 4273 conﬁrmate
1393 4218 1566 4273 corda
1587 4235 1705 4273 ves-

92 4300 183 4370 tra,
206 4308 479 4376 quoniam
503 4309 781 4364 adventus
800 4312 1032 4366 Domini
1054 4312 1555 4385 adpropinquavit.
1577 4314 1703 4368 Fra-

90 4397 205 4465 tres,
229 4401 399 4456 nolite
424 4403 809 4474 ingemiscere
836 4406 894 4460 in
921 4408 1284 4475 alterutrum,
1317 4411 1379 4461 ut
1406 4424 1523 4462 non
1544 4407 1699 4479 judi-

91 4492 297 4549 cemini.
320 4497 467 4551 Ecce
485 4498 664 4568 judex
689 4503 822 4554 ante
839 4500 1083 4571 januam
1104 4501 1345 4558 adsistit.
1363 4503 1703 4574 Exemplum

92 4586 322 4658 accipite,
351 4591 579 4661 fratres,
608 4594 822 4649 laboris
843 4598 901 4649 et
923 4597 1218 4667 patientiae
1245 4598 1577 4669 prophetas,
1603 4598 1702 4669 qui

91 4676 240 4735 locuti
261 4689 390 4738 sunt
409 4686 470 4740 in
492 4688 728 4744 nomine
750 4689 1005 4746 Domini.
1024 4692 1166 4745 Ecce
1182 4691 1582 4746 beatificamus
1603 4692 1701 4763 qui

92 4774 460 4834 sustinuerunt
498 4782 894 4838 suﬂ'erentiam
919 4802 930 4841 :
961 4785 1284 4841 misericors
1310 4790 1395 4841 est
1420 4787 1701 4841 Dominus

92 4869 140 4918 et
164 4870 473 4929 miserator.
493 4877 642 4931 Ante
674 4879 890 4947 omnia,
912 4881 1122 4935 fratres
1140 4879 1278 4949 mei,
1302 4881 1480 4935 nolite
1502 4881 1699 4953 jurare

92 4975 257 5033 neque
284 4984 387 5037 per
420 4971 644 5040 caelum,
682 4989 871 5043 neque
905 4991 1011 5046 per
1038 4978 1277 5043 terram,
1318 4992 1508 5047 neque
1545 4975 1701 5030 aliud

94 5057 469 5134 quodcumque
493 5064 916 5135 jurarnentum.
949 5069 1035 5125 Sit
1071 5072 1268 5124 autem
1299 5073 1550 5125 vestrum
1583 5071 1697 5138 Est,

93 5152 188 5216 est;
216 5153 354 5225 Non,
388 5174 527 5227 non,
562 5164 623 5214 ut
657 5178 775 5215 non
810 5162 870 5216 in
893 5163 1113 5234 judicio
1146 5164 1442 5219 decidatis.
1475 5165 1701 5219 Fratres

92 5243 207 5312 mei,
233 5248 276 5302 si
304 5250 429 5322 quis
456 5269 522 5307 ex
544 5255 705 5309 vobis
733 5258 1009 5312 erraverit
1035 5275 1070 5313 a
1099 5258 1359 5328 veritate,
1391 5262 1450 5313 et
1469 5276 1701 5314 conver-

94 5333 149 5389 tit
172 5342 288 5411 quis
317 5361 470 5415 eum,
498 5348 642 5404 scire
676 5350 867 5420 debet,
897 5352 1175 5424 quoniam
1202 5354 1301 5426 qui
1326 5353 1585 5409 converti
1613 5354 1696 5409 fe-

118 5561 130 5571 .
153 5496 173 5525 ⁸
195 5495 274 5550 ΑΙ)
301 5497 410 5554 hoc
430 5501 680 5577 maxime
703 5504 829 5577 loco
856 5504 1057 5577 incipit
1072 5506 1293 5561 Missale
1320 5506 1696 5562 Gallicanum.

94 5560 216 5643 Nam
247 5584 371 5639 quae
408 5574 762 5643 praecedunt,
791 5576 914 5631 fere
948 5560 1017 5631 εἰ
1046 5560 1257 5633 Ordine
1296 5560 1558 5634 Romano
1599 5577 1697 5631 de-

276 5640 428 5721 gunt:
451 5645 603 5716 Lege
631 5640 760 5718 quia
786 5647 858 5703 de
881 5649 1147 5704 Adventu
1169 5649 1414 5704 diximus
1438 5650 1501 5704 in
1522 5649 1701 5704 Litur-

95 5709 176 5799 8ἰῇ
200 5709 478 5799 ξςιΙΙὶοειηει
504 5709 699 5799 a'pag.
732 5722 818 5799 98:

152 5777 177 5858 ξ’
203 5779 287 5864 ,SiF
317 5801 529 5864 Pa§51m
561 5777 621 5846 in
644 5777 769 5864 hoc
790 5792 1162 5864 {Lectionario
1204 5792 1473 5849 laudatur
1505 5791 1702 5851 Jacobi

94 5853 412 5918 eElateia—ad
435 5866 634 5933 gentes.
661 5863 769 5931 Qui
790 5853 996 5921 titulus
1025 5866 1181 5923 Petri
1205 5864 1474 5937 Epistolas
1499 5865 1699 5938 prima!

292 5970 296 5977 ‘
395 5957 668 6032 ΡΑτιιοι..
714 5962 953 6031 LXXII.

1720 5016 1779 5088 D

1807 3743 1965 3797 vobis
1994 3747 2052 3797 et
2075 3743 2382 3814 plusquam
2409 3742 2779 3815 prophetam.
2804 3741 2903 3796 Hic
2929 3740 3087 3795 enim
3120 3742 3207 3795 est
3232 3740 3304 3794 de
3332 3756 3446 3812 quo

1808 3837 2083 3909 scriptum
2098 3840 2210 3892 est:
2228 3839 2368 3892 Ecce
2388 3837 2556 3892 mitto
2577 3837 2853 3907 angelum
2869 3851 3067 3889 meum
3086 3837 3220 3889 ante
3238 3832 3446 3889 faciem

1806 3934 1987 4001 tuam,
2011 3931 2111 4003 qui
2130 3931 2473 4003 praeparavit
2488 3930 2640 3985 viam
2667 3933 2829 3984 tuam
2851 3932 2986 3984 ante
3009 3932 3086 3984 te.
3108 3930 3294 3983 Amen
3316 3926 3443 3983 dico

1804 4026 1984 4095 vobis,
2011 4043 2128 4080 non
2156 4025 2399 4080 surrexit
2422 4025 2575 4080 inter
2600 4028 2767 4080 natos
2794 4022 3106 4078 mulierum
3136 4021 3326 4093 major
3348 4023 3441 4078 Jo-

1805 4121 1999 4175 hanne
2037 4121 2309 4192 Baptista.
2348 4121 2537 4191 Usque
2575 4136 2728 4174 nunc
2754 4134 3003 4190 regnum
3029 4118 3302 4173 caelorum
3331 4116 3446 4172 vim

1804 4215 2039 4287 patitur,
2070 4218 2127 4269 et
2149 4214 2383 4269 violenti
2406 4213 2640 4286 rapiunt
2668 4212 2826 4268 illud.
2852 4212 3067 4268 Omnes
3093 4211 3250 4267 enim
3274 4210 3364 4266 lex
3390 4213 3449 4266 et

1804 4310 2105 4381 Prophetas
2128 4326 2306 4381 usque
2329 4308 2404 4364 ad
2422 4309 2751 4364 Iohannem
2772 4307 3298 4380 prophetaverunt;
3322 4310 3378 4361 et
3400 4304 3447 4361 si

1802 4404 1971 4458 vultis
1996 4403 2272 4476 recipere,
2302 4403 2424 4476 ipse
2450 4407 2537 4458 est
2562 4402 2751 4458 Helias
2776 4402 2875 4474 qui
2904 4406 3179 4459 venturus
3205 4404 3308 4456 est.
3338 4399 3445 4465 Qui

1805 4498 1981 4553 habet
2008 4514 2175 4554 aures
2207 4497 2481 4552 audiendi
2512 4496 2731 4552 audiat.

2375 4612 2576 4652 INCIPIT
2630 4609 2790 4649 mssa
2819 4593 2864 4645 ἀ.

1874 4692 2085 4761 Excita,
2108 4690 2375 4757 Domine,
2406 4688 2729 4760 potentiam
2754 4690 2915 4740 tuam
2936 4690 2995 4741 et
3018 4686 3181 4757 veni;
3210 4691 3267 4743 et
3286 4688 3442 4763 quod

1802 4787 2065 4842 Ecclesia:
2095 4789 2207 4839 tua:
2238 4800 2420 4854 usque
2448 4782 2508 4837 in
2534 4783 2713 4836 ﬁnem
2747 4780 2939 4835 saeculi
2972 4781 3309 4853 promisisti,
3333 4785 3443 4840 cle-

1802 4884 2031 4936 menter
2062 4893 2321 4950 operare.

1873 4974 2086 5042 Excita,
2114 4969 2380 5037 Domine,
2403 4966 2725 5041 potentiam
2747 4969 2928 5035 tuam,
2953 4969 3011 5021 et
3036 4983 3253 5039 magna
3272 4970 3440 5026 nobis

1801 5069 2009 5126 virtute
2039 5082 2332 5132 succurre;
2366 5068 2429 5119 ut
2458 5079 2561 5135 per
2591 5060 2865 5116 auxilium
2898 5061 3095 5134 gloriae
3121 5064 3255 5133 tuas,
3282 5063 3440 5135 quod

1801 5168 1999 5220 nostra
2024 5163 2261 5234 peccata
2294 5157 2678 5232 praepediant,
2706 5155 3070 5231 indulgentia
3098 5159 3210 5213 tua:
3240 5158 3434 5230 propi-

1799 5256 2064 5315 ciationis
2090 5256 2389 5311 acceleret.

1801 5512 2070 5567 tribuitur
2095 5510 2155 5565 in
2182 5505 2543 5564 Lectionario
2574 5506 2887 5562 Gallicana.

1905 5596 1928 5624 ο
1956 5584 2084 5637 Haec
2120 5580 2415 5651 Evangelii
2446 5578 2616 5634 lectio
2656 5577 2715 5631 in
2751 5578 3013 5633 Romano
3051 5579 3299 5635 habetur
3332 5579 3438 5634 Do-

1799 5654 2015 5710 minica
2048 5651 2300 5708 secunda
2322 5651 2634 5706 Adventus.

1894 5726 1921 5767 d
1951 5724 2173 5797 Quippe
2202 5723 2378 5797 missa
2407 5718 2867 5797 prop_rie__incipit
2891 5723 3028 5797 post
3050 5721 3328 5779 lectiones
3353 5738 3436 5775 sa-

1801 5813 1945 5854 cras.
1979 5791 2209 5867 Legésis
2232 5791 2835 5865 LiturgiieGallicanee
2864 5791 3039 5862 caput
3074 5797 3126 5851 5.

3049 5971 3125 6031 15
