4006 6228
537 320 640 382 459

1226 435 1490 487 Collectio.

1411 326 1745 385 APPENDIX
1783 327 1871 384 AD
1906 326 2129 384 ΟΡΕΒΑ
2167 328 2221 385 S.
2261 326 2561 385 GERMANI
2599 325 3027 384 PARISIENSIS.
3096 350 3103 357 ο

3819 326 3937 383 460

2195 453 2255 526 Α
2277 438 2428 493 circa
2455 438 2683 494 lumbos
2714 456 2884 493 suos:
2915 454 3046 493 esca
3076 438 3272 492 autem
3299 436 3423 509 ejus
3448 437 3573 493 erat
3599 438 3849 493 locustae
3881 442 3945 491 et

608 520 820 589 Εποίῖεῑν
851 521 1116 589 nomine:
1140 537 1484 593 (103350111115,
1516 523 1690 577 corda
1720 527 1915 578 nostra
1935 523 2009 578 ad
2033 540 2175 595 pra!-
2195 520 2255 526 "
2279 533 2393 587 mel
2433 532 2708 587 silvestre.
2744 533 2898 587 Tunc
2930 530 3198 586 exiebant
3226 531 3301 587 ad
3331 548 3464 587 eum
3499 532 3942 604 Hierusolyma,

538 615 828 685 parandas
854 615 1144 686 Unigeniti
1184 614 1266 669 tui
1300 615 1452 683 vias;
1482 619 1544 669 ut
1573 633 1678 688 per
1709 617 1832 688 ejus
1865 617 2174 673 adventum

538 707 843 778 puriﬁcati,
873 708 973 762 tibi
1004 708 1213 762 servire
1240 724 1596 765 mereamur.

608 802 927 857 Praeveniat
956 819 1078 869 nos,
1112 818 1458 872 quaesumus,
1484 804 1856 877 omnipotens
1881 808 2049 873 Deus,
2080 809 2177 861 tua

539 896 723 966 gratia
755 913 986 967 semper
1004 899 1063 949 et
1090 896 1500 969 subsequatur;
1532 902 1594 953 ut
1619 917 1749 954 cum
1778 900 2029 955 adventu
2049 901 2177 957 Uni-

536 989 720 1058 geniti
742 990 844 1056 tui,
874 1005 1047 1059 quem
1078 1006 1308 1045 summo
1340 992 1528 1046 cordis
1556 994 1843 1049 desiderio
1885 1006 1909 1034 α
1939 994 2175 1049 sustine-

538 1097 687 1149 mus,
734 1086 793 1135 et
830 1082 1130 1153 prmsentis
1174 1083 1301 1140 vitze
1345 1085 1615 1153 subsidia,
1659 1091 1717 1141 et
1756 1089 1961 1143 futurae
2000 1089 2173 1144 etiam

537 1191 980 1247 consequamur.

1161 1251 1287 1299 Post
1306 1251 1538 1301 nomina.

606 1332 993 1388 Conscientias
1013 1338 1260 1403 nostras,
1283 1351 1630 1407 quassumus,
1651 1337 2039 1409 omnipotens,
2061 1342 2177 1393 cot-

537 1426 675 1507 tidie
716 1427 999 1482 visitando
1039 1429 1299 1500 puriﬁca,
1348 1434 1411 1484 ut
1447 1431 1715 1486 veniente
1748 1432 1991 1487 Domino
2036 1432 2174 1487 Filio

536 1525 655 1588 tuo,
690 1524 953 1591 paratam
982 1521 1089 1575 sibi
1116 1521 1175 1576 in
1208 1523 1375 1577 nobis
1404 1524 1660 1579 inveniat
1688 1525 2072 1580 mansionem.

608 1615 861 1685 Corpora
884 1619 1220 1688 mentesque
1245 1621 1491 1687 nostras,
1513 1618 1884 1691 omnipotens
1904 1622 2072 1688 Deus,
2098 1619 2177 1675 di-

539 1711 789 1778 gnanter
832 1710 1113 1779 emunda;
1155 1716 1218 1765 ut
1256 1714 1353 1765 tua
1387 1712 1792 1768 benedictione
1832 1714 2064 1780 firmati,
2103 1714 2175 1769 ab

2280 630 2337 681 et
2363 625 2550 682 omnis
2579 626 2743 697 regio
2776 626 2927 680 circa
2948 625 3285 694 Iordanem,
3316 629 3375 680 et
3402 625 3865 698 baptizabantur
3884 625 3944 679 in

2276 721 2526 778 Iordane
2550 720 2620 775 ab
2639 736 2729 788 eo,
2746 721 3090 775 conﬁtentes
3108 723 3343 792 peccata
3366 737 3486 775 sua.
3502 720 3943 775 Vidensautem

2278 816 2489 870 multos
2524 814 2949 869 Pharisaeorum
2986 816 3043 869 et
3077 814 3488 869 Saducaeorum
3516 815 3829 869 venientes
3865 813 3941 867 ad

2275 910 2628 982 baptismum
2668 926 2855 977 suum,
2887 907 3028 972 dixit
3062 908 3143 963 eis
3176 926 3189 963 :
3223 909 3539 981 Progenies
3570 909 3941 980 viperarum,

2278 1004 2403 1075 quis
2430 1002 2847 1058 demonstravit
2873 1002 3033 1057 vobis
3059 1003 3261 1075 fugere
3293 1020 3327 1058 a
3354 1003 3548 1058 futura
3578 1002 3665 1057 ira
3683 1003 3712 1057 ?
3732 1003 3943 1058 Facite

2278 1115 2416 1170 ergo
2444 1099 2691 1153 fructum
2721 1097 2963 1169 dignum
2995 1096 3365 1169 paenitentiae.
3394 1098 3466 1152 Et
3492 1115 3565 1152 ne
3592 1097 3825 1152 velletis
3850 1095 3939 1151 di-

2277 1209 2405 1247 cere
2446 1192 2599 1247 intra
2644 1208 2745 1246 vos
2779 1209 2791 1246 :
2823 1193 3055 1246 Patrem
3094 1191 3376 1246 habemus
3417 1191 3734 1246 Abraham.
3788 1190 3939 1246 Dico

2276 1286 2432 1341 enim
2460 1287 2638 1355 vobis,
2673 1284 2949 1358 quoniam
2982 1289 3189 1357 potens
3230 1290 3316 1340 est
3349 1287 3497 1340 Deus
3530 1303 3596 1340 ex
3632 1285 3942 1358 lapidibus

2275 1380 2397 1434 istis
2432 1380 2705 1434 suscitare
2747 1379 2895 1434 filios
2936 1379 3203 1433 Abrahae.
3245 1381 3373 1435 Iam
3405 1378 3561 1434 enim
3596 1378 3819 1434 securis
3863 1378 3940 1432 ad

2276 1474 2503 1527 radices
2533 1474 2809 1527 arborum
2835 1473 3023 1544 posita
3050 1476 3154 1526 est.
3183 1473 3384 1527 Omnis
3405 1490 3546 1544 ergo
3577 1473 3771 1541 arbor,
3802 1489 3941 1543 qua

2278 1585 2395 1622 non
2436 1567 2575 1622 facit
2618 1568 2870 1621 fructum
2908 1566 3150 1636 bonum,
3193 1566 3506 1635 excidetur,
3545 1571 3604 1621 et
3632 1566 3690 1621 in
3720 1567 3935 1638 ignem

2278 1661 2558 1716 mittetur.
2591 1662 2711 1732 Ego
2740 1660 2976 1732 quidem
3006 1660 3233 1732 baptizo
3264 1660 3323 1715 in
3363 1676 3515 1732 aqua
3547 1660 3604 1714 in
3636 1660 3938 1731 paeniten-

2277 1755 2419 1810 tiam
2455 1773 2467 1810 :
2506 1754 2603 1827 qui
2640 1758 2838 1810 autem
2868 1757 3000 1826 post
3028 1771 3124 1809 me
3154 1757 3430 1810 venturus
3456 1757 3560 1822 est,
3594 1754 3810 1809 fortior
3840 1770 3937 1808 me

537 1801 845 1873 Unigenito
888 1806 986 1858 tuo
1022 1804 1269 1859 Domino
1307 1808 1525 1875 nostro,
1574 1823 1749 1879 quem
1785 1811 2172 1879 expectamus,
2195 1831 2253 1902 Β
2279 1801 3773 1918 θξζεἱ]ᾱῖξήοἷευωτῶεηυζεὲῖέίῶἔῖἱᾷἕοᾶωέ.
3804 1846 3936 1915 Ipse

537 1896 798 1918 .....2...ιΔ
858 1914 1079 1918 Α-..Α---.
1109 1899 1325 1918 ΕμιΑκαᾼξν
1369 1917 1378 1918 κ
1415 1917 1439 1918 ,,
1515 1917 1520 1918 ,
1566 1903 1605 1918 _A
1635 1917 1640 1918 ,
1692 1917 1697 1918 ,
1745 1904 1758 1918 ι
1811 1915 1822 1918 _

536 1896 824 1963 veniente,
855 1914 1082 1969 semper
1107 1899 1527 1955 inluminemur
1556 1903 1615 1954 et
1632 1904 2029 1973 protegamur.

1199 2009 1276 2060 Ad
1302 2024 1508 2060 pacem.

1199 2025 1276 2060 Λα
1301 2025 1508 2074 pacem.

609 2093 715 2148 Fac
736 2110 861 2163 nos,
891 2111 1241 2166 quzesumus,
1267 2097 1415 2150 Deus
1436 2100 1652 2166 noster,
1675 2098 1981 2170 pervigiles
2003 2101 2176 2170 atque

532 2187 800 2243 sollicitos
832 2189 1148 2244 adventum
1191 2190 1399 2247 Christi
1437 2191 1562 2245 Filii
1602 2192 1683 2246 tui
1722 2192 1955 2247 Domini
1994 2192 2175 2248 nostri

531 2286 860 2354 expectare;
894 2286 956 2338 ut
980 2283 1118 2339 dum
1144 2285 1369 2339 venerit
1394 2286 1648 2357 pulsans,
1673 2304 1791 2341 non
1820 2287 2176 2343 dormientes

529 2377 798 2449 peccatis,
836 2377 937 2431 sed
967 2377 1271 2449 vigilantes
1300 2382 1358 2433 et
1386 2379 1445 2433 in
1474 2380 1591 2434 suis
1625 2380 1883 2436 inveniat
1908 2381 2175 2437 laudibus

533 2472 872 2527 exultantes.

1180 2543 1521 2595 Contestatio.

602 2629 747 2682 Vere
790 2627 1033 2698 dignum
1075 2633 1134 2682 et
1164 2628 1388 2698 justum
1419 2634 1524 2698 est,
1565 2631 1594 2672 ι)
1623 2631 1996 2703 omnipotens
2025 2635 2175 2689 Deus

530 2737 637 2793 per
665 2722 952 2777 Christum
983 2722 1299 2777 Dominum
1322 2728 1605 2780 nostrum.
1628 2726 1729 2781 Cui
1758 2727 2058 2798 proprium
2089 2732 2176 2783 est

532 2831 597 2870 ac
618 2815 912 2887 singulare
944 2817 1100 2888 quod
1123 2818 1310 2872 bonus
1341 2821 1445 2885 est,
1477 2822 1535 2873 et
1558 2820 1717 2874 nulla
1747 2838 2028 2895 umquam
2056 2839 2091 2876 a
2116 2826 2173 2877 te

532 2913 619 2963 est
641 2911 1103 2965 commutatione
1131 2910 1359 2965 divisus.
1392 2913 1709 2984 PrOpitiare
1742 2916 2170 2986 supplicationi-

530 3004 639 3058 bus
680 3005 910 3073 nostris,
948 3008 1007 3059 et
1044 3006 1310 3061 Ecclesia;
1344 3010 1457 3061 tuae
1492 3007 1953 3065 misericordiam
1986 3013 2169 3079 tuam,

530 3114 707 3169 quam
742 3100 1112 3167 conﬁtentur,
1142 3099 1404 3170 ostende,
1444 3102 1824 3157 manifestans
1862 3104 2018 3175 plebi
2056 3107 2171 3159 tua;

527 3193 821 3301 “Figf‘ﬁiti
850 3193 932 3247 tui
964 3193 1277 3301 adveétum
1313 3196 1767 3301 eminatiost}?
1790 3199 1929 3301 .108“
1949 3199 2171 3301 Fhristi
2193 3208 2248 3282 Ο
2342 3233 2667 3288 Adventum
2700 3233 2932 3288 Domini
2958 3193 3297 3289 nostri—Iesu
3330 3232 3557 3301 Christi,

530 3287 795 3341 mirabile
822 3290 1272 3356 sacramentum;
1296 3292 1359 3343 ut
1382 3290 1443 3344 in
1470 3290 1843 3346 universitate
1866 3292 2171 3347 nationum

529 3380 880 3452 perficiatur,
910 3381 1109 3452 [quod]
1141 3398 1246 3453 per
1264 3383 1435 3438 Verbi
1459 3384 1543 3439 tui
1571 3386 1940 3457 evangelium
1961 3386 2175 3458 promi-

530 3474 651 3529 sisti
667 3491 680 3541 ;
696 3477 759 3528 ut
770 3474 985 3529 habeat
996 3475 1295 3546 plenitudo
1309 3478 1639 3550 adaptionis
1651 3480 1806 3551 quod
1820 3480 2055 3551 protulit
2068 3483 2176 3535 tes-

530 3568 766 3624 tiﬁcatio
791 3568 1068 3637 veritatis,
1097 3586 1202 3641 per
1222 3572 1511 3627 Christum
1541 3574 1860 3629 Dominum
1888 3578 2169 3630 nostrum.

757 3697 822 3752 Il.
874 3712 1002 3752 ITEM
1058 3712 1215 3753 mssa
1270 3714 1326 3753 IN
1381 3715 1669 3755 ADVENTUM
1727 3716 1941 3756 DOMINI.

822 3789 1053 3855 Epistola
1079 3790 1221 3841 Pauli
1246 3792 1468 3856 apostoli
1495 3793 1561 3843 ad
1596 3795 1873 3845 Romanos.

518 3944 527 3950 _
599 3878 846 3944 Fratres,
868 3877 1015 3931 Deus
1034 3876 1241 3932 Filium
1259 3895 1427 3933 suum
1454 3879 1693 3933 mittens
1714 3880 1773 3933 in
1796 3879 2173 3934 similitudine

531 3972 719 4027 carnis
742 3972 985 4043 peccati,
1010 3976 1066 4026 et
1089 3972 1159 4027 de
1183 3974 1418 4044 peccato
1447 3972 1748 4027 damnavit
1772 3973 1832 4028 in
1853 3990 2027 4029 carne
2050 3991 2177 4045 pec-

533 4070 747 4133 catum,
774 4068 837 4119 ut
858 4065 1192 4137 justiﬁcatio
1219 4066 1364 4137 legis
1398 4066 1741 4139 impleretur
1767 4069 1825 4122 in
1856 4067 2042 4135 nobis,
2077 4067 2173 4139 qui

535 4178 649 4216 non
677 4159 997 4215 secundum
1029 4177 1264 4216 carnem
1297 4160 1687 4229 ambolamus,
1720 4161 1821 4216 sed
1856 4161 2175 4216 secundum

534 4257 818 4331 spiritum.
858 4259 964 4325 Qui
1006 4259 1164 4315 enim
1207 4259 1523 4313 secundum
1568 4276 1804 4314 carnem
1848 4264 2001 4328 sunt,
2046 4277 2173 4332 qua:

534 4353 722 4410 carnis
755 4357 889 4408 sunt
925 4354 1188 4427 sapiunt;
1222 4354 1317 4424 qui
1356 4370 1490 4408 vero
1529 4354 1848 4408 secundum
1886 4353 2172 4426 spiritum,

536 4465 664 4521 qua:
703 4452 837 4503 sunt
872 4448 1105 4520 spiritus
1145 4446 1417 4501 sentiunt.
1457 4448 1601 4502 Nam
1644 4448 1954 4519 prudentia
1988 4449 2176 4505 carnis

2274 1956 2374 1995 vos
2403 1940 2713 2011 baptizavit
2731 1952 2754 1981 ο
2794 1939 2853 1994 in
2879 1939 3095 2011 Spiritu
3123 1943 3319 1995 sancto
3354 1944 3412 1994 et
3438 1939 3580 2011 igni,
3608 1939 3774 2010 cujus
3796 1955 3937 1992 ven-

2275 2034 2545 2088 tilabrum
2586 2033 2647 2088 in
2687 2050 2867 2088 manu
2909 2051 3031 2102 sua,
3064 2037 3123 2088 et
3160 2033 3537 2105 congregavit
3565 2032 3829 2087 triticum
3872 2032 3930 2086 in

2275 2128 2551 2183 horreum
2586 2144 2753 2182 suum
2788 2146 2801 2182 :
2834 2128 3029 2199 paleas
3060 2131 3257 2182 autem
3285 2128 3577 2184 comburit
3610 2126 3732 2199 igni
3760 2126 3930 2181 inex-

2276 2221 2585 2293 tinguibili.
2616 2222 2789 2277 Multa
2819 2221 3055 2293 quidem
3086 2225 3145 2276 et
3170 2222 3282 2276 alia
3304 2222 3612 2278 exhortans
3634 2221 3934 2292 evangeli-

2276 2316 2443 2372 zabat
2468 2317 2702 2388 populo.

2878 2403 3079 2445 INCIPIT
3117 2403 3298 2444 MISSA.

2694 2479 2867 2531 Oratio
2908 2485 3027 2545 post
3064 2480 3392 2545 prophetiam
3439 2481 3486 2531 ἀ.

2348 2574 2547 2648 Opifex
2578 2575 2719 2630 lucis
2749 2576 2939 2643 almte,
2977 2575 3160 2648 plebis
3187 2574 3444 2630 visitator
3471 2574 3780 2644 inmeritae,
3830 2574 3925 2646 qui

2274 2668 2372 2724 illa
2392 2669 2820 2742 prophetalium
2840 2669 3241 2724 vaticiniorum
3264 2670 3517 2737 oracula,
3541 2686 3672 2741 quae
3696 2669 3926 2723 saeculis

2274 2762 2509 2817 fuerunt
2539 2763 2830 2829 nunciata,
2863 2763 3018 2817 beati
3047 2762 3326 2818 Johannis
3357 2780 3455 2818 ore
3488 2764 3702 2834 exples,
3736 2778 3926 2834 opere

2273 2857 2519 2928 perficis,
2543 2857 2903 2928 professione
2929 2856 3179 2929 peragis,
3202 2857 3456 2913 concede
3483 2856 3637 2928 plebi
3669 2855 3918 2928 supplici

2273 2951 2375 3005 tibi
2406 2950 2529 3005 sine
2556 2950 2866 3007 formidine
2894 2951 3159 3006 famulari
3191 2969 3203 3006 :
3232 2955 3293 3006 ut
3322 2969 3426 3024 per
3454 2951 3672 3005 viscera
3698 2950 3925 3005 miseri-

2272 3045 2483 3101 cordia:
2506 3045 2711 3117 repleti
2738 3044 2997 3113 scientia,
3023 3044 3263 3100 veritate
3291 3045 3462 3116 dirigi
3489 3061 3846 3100 mereamur.

2958 3147 3230 3198 Collectio.

3581 3233 3797 3288 fratres
3823 3250 3917 3287 ca-

2274 3327 2504 3396 rissimi,
2532 3328 2677 3383 votis
2708 3327 2977 3382 omnibus
3003 3329 3422 3399 praestolantes,
3452 3327 3553 3382 Dei
3583 3328 3770 3382 Patris
3804 3345 3920 3382 om-

2274 3422 2658 3495 nipotentiam
2684 3420 3081 3493 imploremus,
3109 3425 3173 3476 ut
3196 3421 3373 3477 corda
3402 3425 3599 3476 nostra
3625 3421 3911 3492 purificet,

2276 3522 2334 3574 et
2357 3534 2599 3589 corpora
2625 3517 2997 3571 immacolata
3025 3519 3341 3571 conservet.
3365 3516 3747 3587 Expectemus
3776 3532 3910 3570 con-

2276 3610 2515 3666 scientia
2540 3627 2742 3665 secura
2764 3614 3091 3677 venturum,
3113 3626 3288 3682 quem
3309 3627 3482 3682 super
3503 3626 3738 3665 omnem
3764 3609 3914 3681 prin-

2276 3705 2528 3777 cipatum
2568 3708 2626 3759 et
2662 3707 2979 3776 potestates
3020 3702 3308 3759 credimus
3347 3704 3682 3759 exaltatum.
3725 3703 3914 3759 Simus

2277 3816 2415 3870 ergo
2437 3816 2542 3871 per
2561 3798 2789 3870 singula
2804 3800 3107 3853 momenta
3124 3796 3372 3866 solliciti,
3389 3801 3453 3852 ut
3466 3814 3805 3853 mereamur
3823 3797 3915 3851 ha-

2274 3893 2412 3948 bere
2441 3891 2785 3965 propicium,
2814 3909 2989 3963 quem
3011 3891 3303 3946 credimus
3326 3893 3385 3945 et
3406 3891 3661 3945 fatemur
3677 3890 3747 3945 ad
3768 3889 3914 3961 judi-

2275 3987 2491 4042 candos
2511 3986 2665 4041 vivos
2696 3989 2754 4040 et
2781 3989 3043 4041 mortuos
3066 3984 3124 4039 in
3151 3983 3336 4057 gloria
3370 4002 3492 4039 esse
3512 3987 3843 4039 venturum.

2961 4077 3231 4130 Collectio.

2345 4164 2605 4233 Purifica,
2626 4164 2869 4220 Domine
2898 4165 3068 4231 Deus,
3098 4166 3268 4220 Pater
3293 4163 3685 4236 omnipotens,
3713 4166 3909 4235 pecto-

2275 4277 2404 4315 rum
2442 4277 2655 4315 arcana
2692 4262 3045 4326 nostrorum,
3084 4261 3433 4330 cunctasque
3464 4258 3754 4330 propicius
3790 4273 3909 4312 ma-

2275 4355 2430 4409 colas
2479 4354 2647 4408 ablue
2692 4356 3061 4425 peccatorum
3103 4369 3116 4407 :
3152 4368 3217 4408 ac
3261 4354 3491 4424 praesta,
3541 4351 3816 4419 Domine,
3858 4354 3912 4403 ut

2274 4448 2679 4503 benedictione
2704 4447 2934 4520 pietatis
2960 4450 3072 4502 tua;
3094 4463 3128 4501 a
3148 4446 3359 4502 nostris
3385 4446 3723 4501 criminibus
3742 4461 3910 4500 mun-

535 4561 695 4600 mors
735 4547 839 4611 est,
878 4541 1189 4614 prudentia
1225 4543 1421 4594 autem
1463 4541 1692 4612 spiritus
1725 4541 1840 4597 vita
1878 4547 1936 4598 et
1971 4561 2079 4617 pax
2116 4544 2251 4617 in“
2279 4542 2417 4612 dati,
2450 4541 2833 4597 metuendum
2861 4541 3299 4613 terribilemque
3337 4540 3650 4596 adventum
3689 4537 3909 4595 Domini

534 4638 757 4694 Christo
785 4639 918 4693 Iesu
948 4636 1195 4689 Domino
1228 4638 1444 4690 nostro.

684 4738 861 4791 Lectio
894 4736 1060 4787 sancti
1082 4736 1352 4801 Evangelii
1384 4738 1675 4789 secundum
1710 4741 2027 4791 Matthmum.

540 4824 543 4825 ⁷
606 4828 671 4881 In
702 4823 902 4878 diebus
934 4822 1041 4877 illis
1070 4822 1225 4877 venit
1248 4823 1542 4880 Iohannes
1572 4825 1825 4898 Baptista
1859 4824 2177 4898 praedicans

539 4922 597 4977 in
627 4920 856 4974 deserto
883 4916 1063 4985 Indae,
1092 4920 1151 4972 et
1181 4917 1378 4973 dicens
1406 4936 1417 4974 :
1447 4920 1851 4975 Paenitentiam
1882 4919 2059 4991 agite,
2083 4920 2178 4975 ad-

540 5012 954 5088 propinquavit
976 5012 1133 5066 enim
1164 5029 1414 5084 regnum
1444 5016 1735 5069 czelorum.
1766 5015 1864 5068 Hic
1901 5018 1989 5068 est
2022 5014 2177 5069 enim

541 5110 639 5183 qui
670 5108 854 5164 dictus
881 5111 967 5161 est
986 5124 1090 5178 per
1115 5108 1323 5161 Isaiam
1342 5109 1691 5180 prophetam
1715 5108 2005 5164 dicentem
2029 5127 2041 5165 :
2062 5111 2176 5165 Vox

540 5203 847 5261 clamantis
889 5203 948 5257 in
990 5201 1239 5269 deserto,
1281 5203 1486 5256 Parate
1521 5202 1674 5256 viam
1707 5203 1959 5272 Domini,
1994 5208 2178 5259 rectas

541 5300 709 5355 facite
748 5298 981 5353 semitas
1017 5296 1158 5367 ejus.
1208 5298 1331 5367 Ipse
1367 5299 1563 5351 autem
1601 5298 1895 5353 Iohannes
1930 5298 2179 5353 habebat

538 5395 947 5451 vestimentum
963 5392 1032 5446 de
1054 5390 1183 5462 pilis
1200 5392 1576 5459 camelorum,
1592 5394 1651 5446 et
1664 5409 1867 5447 zonam
1886 5392 2174 5463 pelliciam

612 5542 638 5610 ξι
656 5542 717 5594 In
735 5536 1047 5610 exemplari
1066 5535 1276 5610 legitur
1286 5536 1602 5610 desiderati,
1616 5535 1925 5610 manifesto
1940 5537 2173 5593 mendo.

611 5609 641 5648 δ
672 5609 1069 5682 Supplendum
1102 5609 1192 5663 hic
1238 5611 1295 5682 et
1328 5609 1388 5662 in
1430 5609 1914 5682 consequentibus
1947 5610 2177 5682 vulgata

546 5680 814 5749 formula,
855 5697 1068 5752 aquam
1109 5686 1159 5752 et
1193 5681 1455 5752 salytare,
1498 5683 1604 5734 etc.
1652 5681 1778 5733 Haec
1822 5680 2176 5736 Contestatio

546 5757 729 5812 exstat
757 5753 820 5807 in
858 5750 1239 5806 Arnbrosiano
1273 5751 1575 5806 Dominica
1613 5751 1802 5822 prima
1842 5752 2173 5819 Adventus;

546 5825 646 5883 sed
676 5823 800 5878 alia:
827 5823 1066 5877 omnino
1090 5822 1388 5877 Lectiones
1407 5823 1488 5877 ibi
1515 5822 1589 5877 ad
1618 5821 1876 5878 missam.

616 5907 641 5938 α
667 5896 751 5948 Ita
797 5892 1008 5963 passim
1059 5893 1355 5962 baptizavit
1390 5910 1495 5965 pro
1536 5894 1837 5965 baptizabit
1871 5914 1889 5952 :
1929 5897 1986 5949 et
2022 5894 2177 5953 infra

2194 4594 2254 4668 D
2278 4594 2458 4693 nostri
2487 4638 2620 4692 Iesu
2645 4635 2853 4693 Christi
2882 4594 3247 4708 expectemiis
3278 4634 3545 4690 interriti.

2897 4740 3022 4789 Post
3051 4737 3284 4790 nomina.

2349 4825 2585 4895 Exaudi,
2612 4823 2880 4892 Domine,
2909 4841 3109 4896 preces
3132 4823 3331 4896 populi
3352 4822 3455 4891 tui,
3486 4826 3548 4878 ut
3566 4822 3777 4895 jubeas
3802 4839 3906 4878 sus-

2278 4921 2468 4993 cipere
2500 4920 2598 4993 qui
2616 4920 2788 4992 jussit
2812 4918 3003 4975 offerri
3034 4931 3059 4960 θ
3096 4936 3110 4973 :
3146 4918 3371 4990 sintque
3398 4918 3523 4973 haec
3542 4934 3791 4973 munera
3821 4933 3900 4972 ac-

2278 5015 2583 5087 ceptabilia
2604 5015 2663 5069 in
2691 5015 2813 5085 ejus
2829 5016 3140 5086 conspectu
3162 5029 3266 5084 pro
3293 5012 3557 5068 omnium
3585 5012 3899 5067 animarum

2279 5109 2708 5176 emendatione,
2737 5112 2795 5163 et
2822 5124 3129 5179 corporum
3162 5106 3438 5175 sanitate;
3469 5124 3576 5179 pro
3598 5110 3901 5180 martyrum

2278 5205 2470 5271 laude,
2502 5206 2559 5257 et
2584 5220 2687 5275 pro
2721 5203 3126 5258 defunctorum
3158 5201 3379 5273 requie.

2799 5305 3051 5356 Collectio
3085 5304 3151 5355 ad
3184 5317 3391 5369 pacem.

2331 5393 2537 5449 Pacem
2550 5396 2711 5448 tuam
2729 5392 2939 5448 nostris
2950 5390 3299 5464 pectoribus,
3316 5390 3469 5447 bone
3480 5391 3507 5446 I
3514 5390 3898 5459 esu,inlaberc,

2278 5539 2641 5606 congregavit,
2666 5540 2797 5603 ctc.,
2832 5536 3051 5609 vulgari
3081 5552 3147 5591 ac
3178 5534 3329 5591 facili
3359 5536 3791 5608 permutatione
3825 5535 3897 5589 lit-

2278 5613 2617 5736 tegagolrrilfer
2638 5681 2857 5737 Missale
2877 5679 3469 5750 Gothicogallicanum
3497 5679 3554 5733 in
3585 5679 3771 5735 Natali
3804 5679 3897 5733 Do-

2277 5752 2613 5837 miniupag.
2656 5756 2755 5837 l90
2800 5752 3028 5837 [lihnde
3071 5752 3289 5823 Liturg.
3318 5751 3485 5823 Gall.]
3518 5751 3616 5807 ubi
3655 5751 3900 5807 similiter

2278 5824 2527 5884 Collectio
2549 5824 2679 5896 post
2699 5824 3065 5896 prophetiam.

2357 5906 2382 5938 ο
2408 5896 2576 5952 Forte
2586 5896 2922 5968 legendum,
2936 5896 3197 5965 utjubeat
3205 5898 3413 5969 suscipi
3421 5897 3701 5968 quijussit
3709 5892 3895 5968 atra-ri.
