4006 6228
130 307 216 360 461
610 309 1221 367 SACRAMENTARIUM
1258 310 1707 371 GALLICANUM.
1750 344 1819 356 --
1854 315 2227 375 LECTIONES
2265 317 2353 374 DE
2391 318 2707 376 ADVENTU
2748 320 3002 377 DOMINI.

3399 324 3510 380 462

131 415 185 469 in
208 429 317 486 qua
340 418 428 469 est
456 416 754 487 plenitudo
782 420 1119 477 dilectionis.
1150 423 1379 491 Praesta,
1410 424 1665 496 Domine,
1696 430 1763 481 ut
1782 438 1843 513 Α
1861 427 2046 485 ibunt.
2076 430 2151 485 De
2182 429 2273 484 die
2295 431 2490 485 autem
2518 429 2616 485 illa
2641 434 2698 485 et
2733 429 2878 485 hora
2919 444 3090 486 nemo
3135 429 3259 501 scit,
3315 445 3509 502 neque

129 524 333 581 pacem,
361 525 539 581 quam
558 528 711 568 nunc
737 530 833 569 ore
859 515 1219 588 proferimus,
1258 534 1483 591 semper
1520 519 1761 591 spiritali

131 617 284 658 5811511
301 618 634 662 conservare
658 623 1002 665 mereamur.

780 691 1115 742 Contestatio.

192 758 322 813 Vere
349 757 593 830 dignum
618 763 676 815 et
702 761 924 831 justum
958 768 1044 818 est
1079 764 1437 836 omnipotens
1475 767 1619 822 Deus
1656 783 1761 839 per

130 850 400 906 Christum
428 852 735 909 Dominum
750 860 1029 911 nostrum.
1059 859 1239 922 Quem
1263 860 1759 930 Iohannes,fidelis

127 944 344 1011 amicus,
382 948 677 1017 praecessit
712 952 1014 1022 nascendo,
1063 952 1351 1023 prmcessit
1395 953 1456 1008 in
1524 953 1758 1010 desertis

128 1040 290 1093 eremi
312 1040 698 1112 praedicando,
726 1045 1014 1115 praecessit
1040 1046 1396 1118 baptizando,
1431 1046 1583 1103 viam
1611 1064 1753 1120 quo-

128 1128 225 1203 que
242 1136 764 1208 praeparansjudici
785 1155 848 1193 ac
888 1140 1216 1196 redemtori.
1252 1142 1587 1197 Convocavit
1620 1159 1755 1213 pec-

127 1231 322 1282 catores
349 1228 423 1283 ad
448 1230 877 1303 paenitentiam;
922 1238 979 1289 et
1014 1236 1296 1306 populum
1343 1236 1613 1292 Salvatori
1652 1237 1753 1291 ad-

126 1320 369 1391 quirens,
443 1322 744 1394 baptizavit
807 1326 867 1380 in
931 1328 1171 1383 Iordane
1235 1333 1463 1400 peccata
1523 1331 1758 1403 propria

125 1413 475 1471 conﬁtentes:
523 1434 639 1473 non
673 1419 925 1475 hominis
962 1422 1268 1477 innovandi
1304 1424 1530 1493 plenam
1559 1425 1752 1481 confe-

122 1524 238 1562 rens
282 1509 546 1580 gratiam,
604 1513 702 1567 sed
767 1514 1007 1585 piissimi
1075 1516 1376 1572 Salvatoris
1440 1518 1756 1574 admonens

123 1607 403 1674 expectare
428 1606 834 1677 praesentiam;
883 1625 998 1663 non
1037 1610 1328 1665 remittens
1369 1612 1488 1683 ipse
1530 1617 1757 1684 peccata

122 1695 186 1750 ad
209 1711 265 1750 se
291 1696 673 1768 venientibus,
710 1701 811 1756 red
848 1703 1242 1760 remissionem
1276 1709 1641 1776 peccatorum
1685 1708 1756 1763 ad

122 1787 365 1887 tutorum
390 1791 668 1863 pollicens
693 1810 811 1849 esse
837 1796 1238 1868 credentibus;
1269 1801 1332 1852 ut
1360 1799 1749 1858 descendenti-
1773 1816 1829 1887 B

122 1882 216 1937 bus
244 1883 301 1938 in
339 1901 554 1956 aquam
588 1888 958 1960 paenitentia,
1001 1891 1071 1945 ab
1102 1892 1200 1947 illo
1239 1900 1531 1964 sperarent
1572 1912 1752 1951 reme-

121 1975 266 2032 dium
287 1977 686 2052 indulgentiaz,
717 1999 889 2054 quem
929 1988 1236 2041 venturum
1278 1987 1582 2044 audiebant
1629 1991 1749 2061 ple-

122 2087 249 2125 num
296 2072 446 2128 dono
490 2075 744 2132 veritatis
788 2082 844 2132 et
878 2079 1096 2150 gratiae,
1137 2081 1445 2137 Dominum
1492 2088 1751 2139 nostrum

122 2164 313 2222 Iesum.
342 2168 529 2232 Quem
557 2169 795 2227 laudant
818 2174 1032 2246 angeli.

354 2259 424 2313 lll
446 2259 493 2313 ⁸.
525 2276 651 2317 nam
682 2278 841 2319 MISSA
874 2279 928 2320 IN
954 2279 1241 2321 snvsmvn
1270 2282 1482 2324 nonum.

397 2341 635 2405 Epistola
665 2345 808 2394 Pauli
839 2347 1060 2409 apostoli
1092 2347 1159 2396 ad
1190 2349 1467 2399 Romanos.

186 2416 439 2488 Fratres,
471 2418 601 2474 dico
643 2421 800 2476 enim
845 2422 1135 2478 Christum
1185 2426 1375 2480 Iesum
1419 2425 1749 2481 ministrum

124 2509 276 2566 fuisse
300 2512 752 2569 circ'umcisionis
774 2520 1009 2589 propter
1026 2517 1322 2573 veritatem
1357 2519 1476 2590 Dei,
1508 2521 1579 2575 ad
1623 2537 1752 2576 con-

126 2603 407 2661 ﬁrmandos
436 2609 840 2679 promissiones
866 2613 1116 2668 Patrum.
1139 2613 1343 2669 Gentes
1366 2618 1556 2670 autem
1581 2632 1753 2688 super

122 2698 490 2756 misericordia
533 2704 813 2760 honorare
858 2707 1055 2777 Deum,
1109 2708 1256 2763 sicut
1295 2708 1570 2781 scriptum
1620 2716 1746 2766 est:

124 2793 337 2866 Propter
355 2796 465 2851 hoc
481 2798 795 2854 conﬁtebor
815 2800 919 2855 tibi
935 2801 997 2856 in
1022 2802 1306 2873 gentibus,
1329 2809 1385 2858 et
1406 2804 1627 2859 nomini
1651 2809 1750 2860 tuo

122 2889 355 2945 cantabo.
401 2894 472 2946 Et
517 2893 727 2948 iterum
769 2895 937 2949 dicit:
985 2897 1299 2965 Laetamini,
1342 2903 1560 2969 gentes,
1614 2916 1747 2957 cum

120 2981 267 3051 plebe
287 2985 334 3056 ej
343 3001 426 3041 us.
458 2987 530 3041 Et
546 2987 757 3043 iterum
780 3005 794 3043 :
826 2990 1091 3059 Laudate,
1110 3008 1309 3047 omnes
1329 2997 1546 3064 gentes,
1568 2994 1748 3049 Deum

120 3077 168 3128 et
190 3079 543 3150 magniﬁcate
573 3096 728 3151 eum,
759 3100 960 3140 omnes
983 3086 1199 3157 populi.
1240 3087 1310 3141 Et
1344 3103 1542 3143 rursus
1584 3088 1748 3142 Isaias

120 3169 187 3273 ait
211 3187 227 3225 :
258 3173 372 3228 Erit
397 3174 561 3231 radix
586 3177 756 3247 Iesse,
785 3182 844 3233 et
867 3179 967 3251 qui
994 3180 1250 3252 exsurgit
1280 3197 1480 3253 regere
1530 3187 1747 3254 gentes,
1771 3204 1825 3279 Ο

119 3263 171 3319 in
194 3281 322 3322 eum
346 3274 547 3339 gentes
586 3273 916 3343 sperabunt.
958 3274 1105 3329 Deus
1148 3278 1341 3331 autem
1383 3276 1503 3348 spei
1537 3277 1752 3348 repleat

119 3374 206 3415 vos
227 3363 381 3418 omni
413 3366 626 3436 gaudio
658 3371 715 3422 et
737 3383 874 3438 pace
918 3368 980 3423 in
1016 3369 1317 3437 credendo,
1356 3374 1422 3425 ut
1452 3370 1751 3427 abundetis

120 3470 207 3525 spe
232 3456 290 3512 in
313 3458 523 3515 virtute
547 3459 788 3532 Spiritus
819 3463 1015 3517 sancti.

262 3542 436 3593 Lectio
461 3544 632 3595 sancti
657 3545 927 3610 Evangelii
949 3547 1239 3598 secundum
1265 3548 1581 3600 Matthmum.

186 3613 241 3668 In
265 3615 462 3671 diebus
490 3616 597 3671 illis
612 3618 996 3691 interrogatus
1022 3637 1057 3675 a
1089 3620 1378 3693 discipulis
1411 3622 1527 3677 suis
1562 3622 1749 3678 Domi-

120 3720 218 3760 nus
244 3708 415 3779 Iesus,
472 3713 701 3782 quando
741 3714 962 3769 venerit
1000 3731 1249 3787 regnum
1284 3716 1408 3788 Dei,
1450 3716 1593 3772 dixit
1619 3717 1742 3773 eis:

122 3797 270 3854 Sicut
290 3802 483 3876 fulgur
507 3806 625 3861 exit
646 3806 717 3861 ab
745 3806 994 3880 Oriente,
1026 3814 1084 3865 et
1106 3813 1271 3881 paret
1293 3826 1474 3882 usque
1502 3810 1563 3865 in
1584 3811 1742 3866 Occi-

122 3892 292 3967 dente,
318 3897 394 3953 ita
433 3899 547 3955 erit
582 3901 860 3958 adventus
898 3904 1025 3958 Filii
1070 3905 1342 3962 hominis.
1396 3905 1745 3978 Ubicumque

121 3986 274 4047 fuerit
298 4008 524 4065 corpus,
553 3994 686 4051 illuc
727 3999 1235 4071 congregabantur
1276 4000 1503 4072 aquila}.
1544 4001 1743 4056 Statim

122 4087 292 4140 autem
314 4094 443 4159 post
468 4089 894 4148 tribulationem
928 4093 1151 4150 dierum
1172 4094 1406 4150 illorum
1433 4095 1515 4151 sol
1541 4095 1743 4151 obscu—

122 4178 336 4252 rabitur,
366 4188 423 4239 et
461 4183 597 4240 luna
633 4201 751 4242 non
787 4187 942 4244 dabit
979 4188 1177 4245 lumen
1210 4204 1382 4246 suum
1411 4207 1427 4245 :
1467 4195 1525 4245 et
1567 4190 1744 4246 stellae

120 4272 301 4330 cadent
322 4277 391 4333 de
419 4280 575 4351 celo,
591 4285 649 4336 et
664 4281 898 4339 virtutes
916 4285 1191 4340 caelorum
1214 4284 1740 4341 commovebuntur.

121 4364 177 4419 Et
198 4370 326 4425 tunc
348 4374 574 4445 parebit
598 4375 831 4448 signum
850 4377 974 4433 Filii
989 4378 1239 4434 hominis
1263 4379 1325 4435 in
1340 4380 1509 4450 caelo;
1532 4384 1589 4435 et
1608 4382 1744 4435 tunc

1860 523 2051 596 angeli
2072 523 2362 592 caelorum,
2385 524 2492 579 nisi
2519 525 2682 579 Pater
2703 525 2873 580 solus.
2901 523 3056 580 Sicut
3080 529 3271 581 autem
3296 524 3358 580 in
3390 524 3508 580 die-

1860 618 1965 673 bus
1996 620 2130 689 Noe,
2152 619 2227 674 ita
2254 619 2362 674 erit
2376 623 2433 674 et
2450 618 2723 674 adventus
2745 618 2870 674 Filii
2880 618 3149 675 hominis.
3169 618 3324 675 Sicut
3348 618 3504 674 enim

1861 716 2025 767 erant
2050 712 2108 765 in
2135 712 2333 768 diebus
2353 716 2483 769 ante
2515 712 2812 783 diluvium,
2842 713 3200 769 comedentes
3219 716 3277 768 et
3299 712 3502 768 biben-

1858 810 1962 876 tes,
1991 822 2171 877 usque
2190 806 2261 861 ad
2286 822 2418 861 eum
2443 806 2615 878 diem,
2642 824 2755 880 quo
2780 807 3013 862 intravit
3030 806 3090 862 in
3117 823 3250 863 arca
3279 807 3414 878 Noe,
3447 811 3506 861 et

1858 916 1972 955 non
1993 905 2381 971 cognoverunt
2407 901 2584 957 donec
2610 902 2766 957 venit
2791 901 3092 970 diluvium;
3124 906 3181 957 et
3217 900 3349 956 tulit
3386 916 3506 955 om-

1857 1009 1979 1061 nes,
2025 995 2103 1048 ita
2140 994 2248 1049 erit
2282 999 2339 1049 et
2371 996 2645 1051 adventus
2684 995 2811 1051 Filii
2863 995 3135 1051 hominis.
3178 995 3334 1049 Tunc
3389 994 3502 1052 duo

1858 1092 2027 1143 erunt
2052 1089 2114 1143 in
2139 1105 2298 1160 agro,
2325 1104 2476 1144 unus
2501 1090 2839 1161 adsumitur,
2869 1094 2926 1145 et
2963 1106 3113 1145 Imus
3135 1088 3499 1161 relinquitur.

1858 1184 1993 1237 Dum
2031 1182 2305 1238 molentes
2347 1183 2417 1237 ad
2443 1183 2675 1253 molam,
2710 1200 2827 1238 una
2857 1183 3194 1253 adsumitur,
3234 1186 3292 1237 et
3326 1182 3503 1238 altera

1856 1277 2227 1349 relinquetur.
2274 1277 2509 1347 Vigilate
2547 1293 2705 1348 ergo,
2752 1277 2888 1348 quia
2924 1278 3151 1333 nescitis
3196 1293 3309 1349 qua
3360 1277 3500 1331 hora

1857 1372 2130 1427 Dominus
2154 1376 2425 1427 venturus
2451 1372 2543 1426 sit.
2578 1370 2720 1425 Illud
2752 1374 2944 1426 autem
2987 1371 3203 1441 scitote,
3230 1370 3498 1442 quoniam

1856 1465 1903 1519 si
1926 1466 2093 1521 sciret
2119 1465 2521 1538 paterfamilias
2557 1481 2671 1537 qua
2710 1465 2851 1520 hora
2884 1464 2981 1519 fur
3019 1455 3292 1520 venturus
3330 1468 3495 1533 esset,

1856 1560 2115 1632 vigilaret
2140 1560 2355 1632 utique,
2384 1564 2441 1614 et
2464 1576 2580 1614 non
2600 1560 2810 1615 sineret
2828 1558 3048 1631 perfodi
3077 1559 3313 1613 domum
3339 1573 3499 1613 suam

1856 1654 1984 1709 Ideo
2023 1659 2080 1709 et
2114 1671 2209 1709 vos
2242 1657 2415 1709 estote
2449 1652 2651 1725 parati,
2700 1652 2837 1726 quia
2863 1652 3092 1708 nescitis
3119 1668 3231 1725 qua
3257 1652 3398 1707 hora
3416 1651 3501 1705 Fi-

1854 1746 1961 1804 lius
1987 1750 2237 1804 hominis
2260 1752 2533 1805 venturus
2559 1751 2659 1803 est.

2460 1876 2659 1917 INCIPIT
2698 1877 2875 1916 MISSA.

2291 1944 2537 1995 Collectio
2560 1948 2681 2008 post
2702 1944 3052 2009 prophetiam.

1925 2020 2199 2089 Concede,
2232 2036 2581 2092 quaesumus,
2610 2019 2866 2083 Domine,
2894 2021 3042 2074 hanc
3064 2019 3305 2091 gratiam
3345 2020 3500 2091 plebi

1853 2120 1987 2185 tuae,
2017 2115 2325 2170 adventum
2355 2114 2642 2186 Unigeniti
2669 2113 2751 2168 tui
2781 2129 2914 2169 cum
2950 2129 3175 2169 summa
3209 2113 3494 2184 vigilantia

1852 2212 2147 2281 expectare
2174 2224 2189 2263 :
2222 2212 2285 2262 ut
2311 2207 2457 2262 sicut
2479 2207 2599 2279 ipse
2631 2206 2749 2280 [est]
2787 2209 2985 2261 auctor
3026 2210 3237 2262 nostrae
3273 2207 3504 2278 salutis,

1851 2303 2005 2358 velut
2032 2302 2313 2374 fulgentes
2338 2302 2625 2373 lampadas
2648 2302 2708 2356 in
2736 2301 2858 2372 ejus
2872 2317 3105 2356 occurso
3128 2304 3346 2357 nostras
3381 2300 3500 2355 ani-

1851 2414 1973 2452 mas
1987 2412 2392 2469 praeparemus.
2405 2396 2716 2467 Praecinge,
2739 2411 3086 2467 quassumus,
3102 2395 3339 2450 Domine
3350 2393 3499 2451 Deus

1850 2496 2061 2561 noster,
2088 2491 2314 2546 lumbos
2337 2490 2546 2545 mentis
2572 2495 2781 2545 nostrae
2807 2489 2996 2544 divina
3018 2494 3117 2545 tua
3144 2490 3353 2545 virtute
3393 2503 3497 2561 po-

1853 2588 2056 2656 tenter,
2084 2590 2150 2641 ut
2174 2584 2434 2640 veniente
2461 2584 2699 2639 Domino
2723 2588 2917 2640 nostro
2936 2585 3067 2639 Iesu
3101 2583 3325 2639 Christo
3357 2582 3498 2637 Filio

1851 2685 1972 2752 tuo,
2020 2680 2179 2752 digni
2204 2679 2563 2735 inveniamur
2582 2683 2810 2734 aeternae
2834 2678 2963 2733 vitae
2990 2677 3265 2748 convivio,
3288 2681 3345 2732 et
3369 2682 3499 2733 vota

1850 2774 2159 2830 caelestium
2184 2773 2483 2846 dignatum
2508 2773 2578 2827 ab
2606 2773 2729 2845 ipso
2752 2772 3043 2845 percipere
3072 2787 3389 2829 meremur.

2401 2876 2651 2927 Collectio
2675 2875 2923 2940 sequitur.

1920 2952 2172 3021 Festina,
2211 2968 2584 3025 quaesumus,
2630 2950 2888 3021 Domine,
2936 2966 3007 3006 ne
3040 2949 3389 3020 tardaveris,
3443 2948 3500 3006 et

1848 3047 2181 3121 praesidium
2205 3046 2367 3102 nobis
2391 3050 2507 3101 tua:
2527 3044 2750 3118 pietatis
2779 3044 3077 3117 impende;
3109 3049 3175 3099 ut
3201 3043 3498 3116 oportunis

1850 3142 2333 3198 consolationibus
2358 3140 2742 3209 subleventur,
2772 3138 2870 3212 qui
2898 3139 2957 3194 in
2996 3142 3093 3194 tua
3130 3137 3496 3194 miseratione

1851 3237 2165 3293 confidunt.

1924 3331 2294 3403 Omnipotens
2339 3328 2683 3400 sempiterna
2709 3329 2879 3399 Deus,
2908 3326 3007 3401 qui
3033 3342 3137 3383 nos
3163 3327 3323 3383 omni
3346 3331 3494 3384 tem-

1849 3443 1990 3501 pore
2016 3426 2130 3481 tuis
2156 3423 2372 3480 deditos
2397 3423 2480 3478 vis
2508 3440 2626 3479 esse
2675 3422 2980 3492 mandatis,
3028 3421 3269 3478 concede
3306 3422 3498 3495 propi-

1849 3522 1988 3593 cius,
2016 3524 2083 3577 ut
2109 3521 2179 3575 ad
2207 3519 2515 3574 adventum
2556 3517 2777 3573 Domini
2816 3516 3099 3589 possimus
3127 3532 3247 3572 esse
3287 3516 3494 3588 devoti,

1848 3617 2056 3691 quibus
2083 3614 2223 3670 illud
2254 3617 2338 3669 est
2364 3612 2697 3685 mysterium
2729 3610 3151 3679 celebrandum,
3191 3608 3281 3664 cui
3322 3609 3494 3666 servit

1847 3711 2032 3769 omnis
2052 3708 2339 3767 excusatio
2367 3706 2792 3763 mandatorum.

2470 3800 2592 3849 Post
2623 3798 2854 3849 nomine:

1917 3879 2175 3938 Concede
2214 3875 2397 3943 nobis,
2446 3874 2706 3940 Domine,
2751 3887 3104 3946 quaesumus,
3151 3874 3217 3927 ut
3264 3885 3491 3943 magna:

1845 3973 2158 4032 festivitatis
2193 3974 2434 4028 ventura
2478 3967 2808 4024 solemnitas
2860 3981 3133 4039 prospero
3177 3964 3495 4021 celebretur

1846 4071 2068 4137 effectu,
2107 4066 2435 4140 pariterque
2472 4063 2779 4120 reddamur
2815 4065 2873 4117 et
2913 4060 3121 4116 intenti
3177 4057 3493 4115 caelestibus

1846 4163 2178 4237 disciplinis,
2216 4164 2273 4217 et
2309 4162 2674 4233 peccatorum
2714 4155 3134 4228 indulgentiam
3178 4168 3489 4228 consequa-

1844 4277 1994 4317 mur.

2509 4324 2586 4376 Ad
2614 4337 2821 4390 pacem.

1916 4404 2233 4464 Devotionis
2258 4406 2469 4459 nostra
2496 4399 2622 4470 tibi,
2644 4399 2907 4467 Domine,
2934 4410 3287 4470 quaesumus,
3307 4392 3493 4450 hostia

384 4484 585 4577 031111.88
603 4470 786 4574 tribus
1018 4474 1087 4528 Et
1100 4472 1383 4577 videbunt
1400 4474 1607 4577 Filium
1632 4474 1741 4577 11f"
1836 4458 2448 4577 jugiterﬂimmoletur,
2501 4458 2627 4567 quae
2671 4498 2729 4549 et
2768 4458 2911 4549 sacri
2950 4458 3200 4565 peragat
3234 4458 3492 4545 instituta

308 4566 633 4671 ﬁgentia}
744 4566 992 4671 9mm“?
1019 4566 1141 4622 cui
1169 4583 1300 4623 cum
1325 4568 1536 4671 “in?”
1561 4568 1745 4671 {muta
1763 4566 2121 4671 Dinyv'sterii,
2150 4598 2207 4649 et
2233 4593 2478 4649 salutare
2513 4566 2679 4644 tuum
2719 4586 2882 4643 nobis
2916 4585 3256 4642 mirabiliter
3287 4598 3488 4656 opere-

121 4652 170 4703 et
189 4652 492 4723 majestate.
519 4660 589 4714 Et
599 4659 789 4716 mittet
811 4662 1044 4732 angelos
1069 4679 1201 4718 suos
1221 4679 1353 4720 cum
1377 4663 1514 4719 tuba
1538 4667 1595 4720 et
1610 4679 1744 4722 voce
1763 4652 1818 4667 u
1960 4652 1963 4653 ν

121 4756 311 4816 magna
338 4765 352 4803 :
380 4754 440 4806 et
453 4754 884 4825 congregabunt
896 4756 1103 4813 electos
1122 4758 1171 4829 ej
1179 4774 1246 4813 us
1261 4774 1297 4813 a
1320 4762 1589 4831 quattuor
1615 4775 1746 4815 ven-

119 4834 181 4891 tis
201 4854 232 4893 a
256 4845 491 4901 summis
513 4847 785 4903 caelorum
807 4865 989 4922 usque
1016 4851 1088 4906 ad
1110 4852 1385 4907 terminos
1412 4869 1632 4909 eorum.
1658 4854 1741 4910 Ab

118 4931 298 4991 arbore
312 4943 504 4995 autem
526 4940 618 4996 ﬁci
643 4943 840 5001 discite
859 4946 1206 5016 parabolam.
1238 4947 1380 5003 Cum
1398 4948 1523 5019 jam
1548 4965 1742 5004 ramus

119 5024 224 5095 eius
252 5033 407 5087 tener
430 5035 623 5105 fuerit,
651 5041 709 5093 et
728 5038 864 5093 folia
891 5046 1043 5112 nata,
1075 5042 1226 5098 scitis
1273 5043 1406 5115 quia
1442 5060 1621 5116 prope
1659 5049 1744 5100 est

122 5127 262 5178 instas
303 5125 346 5182 ι).
376 5129 457 5183 lta
481 5136 538 5186 et
566 5148 663 5187 vos
688 5149 821 5190 cum
845 5135 1097 5192 videritis
1125 5137 1249 5193 haec
1290 5138 1502 5211 omnia,
1546 5140 1741 5196 scitote

122 5216 235 5284 (Ιιιίδ
256 5236 432 5296 prope
460 5230 544 5281 est
568 5226 630 5282 in
648 5228 861 5299 januis.
889 5234 1069 5286 Amen
1089 5232 1212 5287 dico
1237 5234 1394 5289 vobis
1448 5234 1582 5306 quia
1623 5251 1742 5290 non

122 5317 408 5377 praeteribit
432 5320 551 5376 haec
573 5325 884 5396 generatio,
918 5326 1096 5382 donec
1121 5328 1311 5383 omnia
1337 5330 1496 5384 ﬁant.
1526 5330 1740 5385 Caelum

123 5407 169 5457 et
188 5410 328 5465 terra
356 5416 717 5473 transibunt:
754 5419 925 5475 verba
950 5406 1142 5477 autem
1178 5439 1307 5478 mea
1343 5440 1460 5478 non
1501 5428 1737 5497 praster-

125 5521 313 5625 “n'mlli
351 5533 547 5625 Codice
595 5539 1072 5625 notavnumerica
1119 5541 1275 5596 deest
1320 5558 1384 5596 ac
1437 5543 1736 5625 deinceps;

122 5597 349 5688 irimque
374 5605 570 5688 titulus
593 5609 806 5665 ansulis
833 5610 1104 5686 inclusus,
1128 5629 1302 5687 quem
1352 5630 1422 5671 ex
1460 5597 1739 5688 superiori

125 5678 273 5757 πυξεῇ
297 5678 699 5757 supplevimus.
1090 5678 1099 5686 ⁷
1144 5678 1167 5687 ’
1528 5678 1546 5688 ⁸
1640 5706 1667 5721 ο

184 5741 421 5829 Ἦθδοῖδ
442 5766 515 5829 an
542 5767 729 5829 ορβτεε
760 5757 1012 5829 pretium
1037 5758 1111 5813 sit
1142 5759 1418 5818 adnotare
1444 5761 1506 5817 in
1542 5776 1737 5817 exem-

184 5768 208 5780 ⁶’
232 5768 417 5823 ἐπεδειο
442 5768 515 5805 an
542 5768 575 5805 ο
617 5768 729 5810 erae
835 5768 1012 5815 etium
1037 5768 1111 5813 sit
1142 5768 1418 5818 adnotare
1444 5768 1506 5817 in
1542 5776 1737 5817 exem-

122 5809 399 5910 952363915
416 5827 548 5879 δεησ-
575 5768 664 5910 git:
688 5773 861 5910 ing;
890 5834 1024 5887 state
1047 5847 1165 5904 ,pro
1185 5838 1365 5890 estote.
1411 5834 1501 5890 Sic
1548 5848 1738 5904 supra,

127 5885 354 5947 “imam:
372 5885 473 5964 pro
492 5898 804 5957 aestimator.

1916 4781 2264 4843 Sacriﬁcium
2306 4779 2429 4846 tibi,
2477 4774 2739 4843 Domine,
2782 4771 3189 4828 celebrandum
3231 4771 3490 4844 placatus

1843 4880 2095 4950 intende,
2143 4875 2295 4950 quod
2345 4879 2402 4928 et
2446 4887 2551 4926 nos
2600 4885 2632 4922 a
2675 4865 2825 4922 vitiis
2881 4869 3091 4921 nostrae
3154 4866 3489 4923 conditionis

1844 4974 2134 5044 emundet,
2165 4976 2223 5027 et
2244 4974 2344 5025 tuo
2369 4963 2590 5023 nomini
2619 4960 2822 5017 reddat
2841 4962 3120 5030 acceptos.

2625 5052 2829 5105 estatio.

2566 5058 2829 5106 ntestatio.

1914 5148 2054 5201 Vere
2082 5142 2323 5215 dignum
2351 5142 2408 5194 et
2424 5058 2647 5208 jugfum
2671 5135 2774 5201 est,
2798 5127 3154 5201 omnipotens
3188 5125 3353 5197 Deus,
3392 5127 3484 5181 cui

1841 5241 2138 5316 proprium
2156 5240 2242 5293 est
2267 5233 2489 5290 veniam
2501 5227 2718 5286 delictis
2737 5223 3071 5298 inpendere,
3101 5236 3273 5295 quam
3295 5235 3486 5316 poena.

1840 5314 1970 5392 liter
1988 5333 2271 5390 inminere
2298 5329 2346 5384 ἀ.
2369 5325 2475 5392 Qui
2503 5322 2777 5380 fabricam
2786 5320 2873 5376 tui
2890 5318 3077 5392 operis
3102 5332 3207 5389 per
3219 5314 3484 5371 eumdem

1841 5446 2039 5488 rursus
2054 5426 2327 5499 Lapidem
2339 5439 2399 5479 es
2416 5418 2728 5493 dignitatus
2742 5415 2961 5488 erigere
2998 5429 3012 5467 :
3035 5427 3109 5468 ne
3124 5411 3334 5482 imago,
3355 5424 3485 5482 quae

1913 5561 1936 5589 ο
1967 5544 2232 5603 Collectio
2264 5543 2389 5599 haec
2413 5537 2626 5611 legitur
2650 5551 2769 5611 non
2799 5531 2994 5611 solum
3014 5529 3363 5611 in_l30mano
3386 5523 3484 5582 sed

1842 5600 2503 5676 etiaminAmbrosiauo
2522 5606 2813 5681 Dominica
2837 5606 3047 5681 quarta
3061 5600 3374 5681 Adventus.

1911 5669 2349 5745 ῖξὶὁῖἠᾶἱηενε
2374 5700 2482 5757 pro
2508 5677 2836 5757 instare.‘Et
2852 5669 2984 5757 haec
3009 5669 3478 5757 Contes‘tatio‘ha-

1839 5741 2095 5819 betur—in
2109 5741 2325 5815 Ordine
2343 5741 2716 5812 Kmbrosiano
2743 5745 3033 5803 Dominica
3050 5748 3250 5816 quarta
3268 5741 3481 5797 Advem

1841 5839 1933 5892 tus
1959 5849 2141 5905 usque
2166 5830 2236 5886 ad
2266 5831 2390 5886 haec
2414 5824 2604 5893 verba,
2637 5824 2763 5878 Haec
2789 5822 3101 5890 postquam,
3131 5820 3235 5871 etc.
