  <div class='ocr_page' id='page_1' title='image "/cluster/home/n/w/nwhite01/storage/ocr_20150623/72/uva.x000827084/333.png"; bbox 0 0 4006 6228; ppageno 0'>
   <div class='ocr_carea' id='block_1_1' title="bbox 503 285 3883 348">
    <p class='ocr_par' dir='ltr' id='par_1_1' title="bbox 503 285 3883 348">
     <span class='ocr_line' id='line_1_1' title="bbox 503 285 3883 348; baseline 0.001 -7"><span class='ocrx_word' id='word_1_1' title='bbox 503 285 604 342; x_wconf 74' lang='grc'>463</span> <span class='ocrx_word' id='word_1_2' title='bbox 1377 289 1710 348; x_wconf 81' lang='lat' dir='ltr'>APPENDIX</span> <span class='ocrx_word' id='word_1_3' title='bbox 1750 291 1836 346; x_wconf 78' lang='lat' dir='ltr'>AD</span> <span class='ocrx_word' id='word_1_4' title='bbox 1873 288 2096 346; x_wconf 82' lang='lat' dir='ltr'>OPERA</span> <span class='ocrx_word' id='word_1_5' title='bbox 2132 288 2186 345; x_wconf 88' lang='lat' dir='ltr'>S.</span> <span class='ocrx_word' id='word_1_6' title='bbox 2228 287 2528 345; x_wconf 80' lang='lat' dir='ltr'>GERMANI</span> <span class='ocrx_word' id='word_1_7' title='bbox 2563 287 2991 345; x_wconf 68' lang='lat' dir='ltr'>PARISIENSIS.</span> <span class='ocrx_word' id='word_1_8' title='bbox 3780 287 3883 343; x_wconf 77' lang='grc'>464</span> 
     </span>
    </p>
   </div>
   <div class='ocr_carea' id='block_1_2' title="bbox 499 385 3885 482">
    <p class='ocr_par' dir='ltr' id='par_1_2' title="bbox 499 385 3885 482">
     <span class='ocr_line' id='line_1_2' title="bbox 499 385 3885 482; baseline 0.001 -35"><span class='ocrx_word' id='word_1_9' title='bbox 499 395 570 448; x_wconf 89' lang='lat' dir='ltr'>ad</span> <span class='ocrx_word' id='word_1_10' title='bbox 619 393 1048 451; x_wconf 82' lang='lat' dir='ltr'>similitudinem</span> <span class='ocrx_word' id='word_1_11' title='bbox 1077 397 1164 452; x_wconf 91' lang='lat' dir='ltr'>tui</span> <span class='ocrx_word' id='word_1_12' title='bbox 1189 398 1334 452; x_wconf 82' lang='lat' dir='ltr'>facta</span> <span class='ocrx_word' id='word_1_13' title='bbox 1375 397 1558 452; x_wconf 81' lang='lat' dir='ltr'>fuerat</span> <span class='ocrx_word' id='word_1_14' title='bbox 1588 399 1803 466; x_wconf 80' lang='lat' dir='ltr'>vivens,</span> <span class='ocrx_word' id='word_1_15' title='bbox 1846 397 2134 452; x_wconf 87' lang='lat' dir='ltr'>dissimilis</span> <span class='ocrx_word' id='word_1_16' title='bbox 2155 411 2214 482; x_wconf 75' lang='grc' dir='ltr'><strong>Α</strong></span> <span class='ocrx_word' id='word_1_17' title='bbox 2235 398 2333 469; x_wconf 89' lang='lat' dir='ltr'>qui</span> <span class='ocrx_word' id='word_1_18' title='bbox 2360 412 2489 452; x_wconf 92' lang='lat' dir='ltr'>cum</span> <span class='ocrx_word' id='word_1_19' title='bbox 2517 415 2587 453; x_wconf 91' lang='lat' dir='ltr'>ex</span> <span class='ocrx_word' id='word_1_20' title='bbox 2611 399 2842 470; x_wconf 77' lang='lat' dir='ltr'>Virgine</span> <span class='ocrx_word' id='word_1_21' title='bbox 2871 404 2926 454; x_wconf 91' lang='lat' dir='ltr'>te</span> <span class='ocrx_word' id='word_1_22' title='bbox 2951 385 3302 452; x_wconf 79' lang='lat' dir='ltr'>nasciturum</span> <span class='ocrx_word' id='word_1_23' title='bbox 3339 395 3706 468; x_wconf 86' lang='lat' dir='ltr'>pronuncias,</span> <span class='ocrx_word' id='word_1_24' title='bbox 3751 397 3885 466; x_wconf 88' lang='lat' dir='ltr'>quia</span> 
     </span>
    </p>
   </div>
   <div class='ocr_carea' id='block_1_3' title="bbox 496 487 3885 563">
    <p class='ocr_par' dir='ltr' id='par_1_3' title="bbox 496 487 3885 563">
     <span class='ocr_line' id='line_1_3' title="bbox 496 487 3885 563; baseline 0 -21"><span class='ocrx_word' id='word_1_25' title='bbox 496 487 804 543; x_wconf 83' lang='lat' dir='ltr'>haberetur</span> <span class='ocrx_word' id='word_1_26' title='bbox 861 506 929 544; x_wconf 90' lang='lat' dir='ltr'>ex</span> <span class='ocrx_word' id='word_1_27' title='bbox 966 496 1166 557; x_wconf 88' lang='lat' dir='ltr'>morte,</span> <span class='ocrx_word' id='word_1_28' title='bbox 1217 509 1424 546; x_wconf 90' lang='lat' dir='ltr'>munus</span> <span class='ocrx_word' id='word_1_29' title='bbox 1481 492 1710 546; x_wconf 86' lang='lat' dir='ltr'>venialis</span> <span class='ocrx_word' id='word_1_30' title='bbox 1761 492 2134 563; x_wconf 72' lang='lat' dir='ltr'>indulgentiae</span> <span class='ocrx_word' id='word_1_31' title='bbox 2234 492 2465 546; x_wconf 85' lang='lat' dir='ltr'>Mariam</span> <span class='ocrx_word' id='word_1_32' title='bbox 2510 494 2745 548; x_wconf 81' lang='lat' dir='ltr'>Matrem</span> <span class='ocrx_word' id='word_1_33' title='bbox 2785 493 3005 562; x_wconf 87' lang='lat' dir='ltr'>creasti,</span> <span class='ocrx_word' id='word_1_34' title='bbox 3047 495 3109 545; x_wconf 87' lang='lat' dir='ltr'>ut</span> <span class='ocrx_word' id='word_1_35' title='bbox 3149 492 3437 560; x_wconf 90' lang='lat' dir='ltr'>Dominus,</span> <span class='ocrx_word' id='word_1_36' title='bbox 3479 492 3547 546; x_wconf 91' lang='lat' dir='ltr'>de</span> <span class='ocrx_word' id='word_1_37' title='bbox 3573 507 3688 562; x_wconf 89' lang='lat' dir='ltr'>qua</span> <span class='ocrx_word' id='word_1_38' title='bbox 3715 494 3885 544; x_wconf 91' lang='lat' dir='ltr'>natus</span> 
     </span>
    </p>
   </div>
   <div class='ocr_carea' id='block_1_4' title="bbox 493 582 2129 656">
    <p class='ocr_par' dir='ltr' id='par_1_4' title="bbox 493 582 2129 656">
     <span class='ocr_line' id='line_1_4' title="bbox 493 582 2129 656; baseline 0.002 -21"><span class='ocrx_word' id='word_1_39' title='bbox 493 582 838 652; x_wconf 65' lang='lat' dir='ltr'>praestitisti;</span> <span class='ocrx_word' id='word_1_40' title='bbox 867 588 932 638; x_wconf 91' lang='lat' dir='ltr'>ut</span> <span class='ocrx_word' id='word_1_41' title='bbox 961 586 1111 639; x_wconf 91' lang='lat' dir='ltr'>unde</span> <span class='ocrx_word' id='word_1_42' title='bbox 1139 591 1379 640; x_wconf 90' lang='lat' dir='ltr'>mortem</span> <span class='ocrx_word' id='word_1_43' title='bbox 1417 590 1714 656; x_wconf 91' lang='lat' dir='ltr'>peccatum</span> <span class='ocrx_word' id='word_1_44' title='bbox 1753 589 2129 654; x_wconf 79' lang='lat' dir='ltr'>contraxerat,</span> 
     </span>
    </p>
   </div>
   <div class='ocr_carea' id='block_1_5' title="bbox 494 675 2128 751">
    <p class='ocr_par' dir='ltr' id='par_1_5' title="bbox 494 675 2128 751">
     <span class='ocr_line' id='line_1_5' title="bbox 494 675 2128 751; baseline 0.003 -23"><span class='ocrx_word' id='word_1_45' title='bbox 494 675 626 730; x_wconf 89' lang='lat' dir='ltr'>inde</span> <span class='ocrx_word' id='word_1_46' title='bbox 654 677 829 730; x_wconf 88' lang='lat' dir='ltr'>vitam</span> <span class='ocrx_word' id='word_1_47' title='bbox 854 677 1031 748; x_wconf 89' lang='lat' dir='ltr'>pietas</span> <span class='ocrx_word' id='word_1_48' title='bbox 1057 679 1653 749; x_wconf 87' lang='lat' dir='ltr'>repararetimmeusa.</span> <span class='ocrx_word' id='word_1_49' title='bbox 1678 682 1803 734; x_wconf 82' lang='lat' dir='ltr'>Haec</span> <span class='ocrx_word' id='word_1_50' title='bbox 1831 685 2128 751; x_wconf 80' lang='lat' dir='ltr'>postquam</span> 
     </span>
    </p>
   </div>
   <div class='ocr_carea' id='block_1_6' title="bbox 491 769 2132 845">
    <p class='ocr_par' dir='ltr' id='par_1_6' title="bbox 491 769 2132 845">
     <span class='ocr_line' id='line_1_6' title="bbox 491 769 2132 845; baseline 0.002 -22"><span class='ocrx_word' id='word_1_51' title='bbox 491 769 822 841; x_wconf 88' lang='lat' dir='ltr'>pr0phetica</span> <span class='ocrx_word' id='word_1_52' title='bbox 845 771 1052 842; x_wconf 82' lang='lat' dir='ltr'>saepius</span> <span class='ocrx_word' id='word_1_53' title='bbox 1079 789 1185 826; x_wconf 84' lang='lat' dir='ltr'>vox</span> <span class='ocrx_word' id='word_1_54' title='bbox 1217 773 1504 843; x_wconf 70' lang='lat' dir='ltr'>przedixit,</span> <span class='ocrx_word' id='word_1_55' title='bbox 1531 778 1585 828; x_wconf 90' lang='lat' dir='ltr'>et</span> <span class='ocrx_word' id='word_1_56' title='bbox 1611 774 1870 828; x_wconf 88' lang='lat' dir='ltr'>Gabrihel</span> <span class='ocrx_word' id='word_1_57' title='bbox 1897 774 2132 845; x_wconf 81' lang='lat' dir='ltr'>angelus</span> 
     </span>
    </p>
   </div>
   <div class='ocr_carea' id='block_1_7' title="bbox 491 864 2129 939">
    <p class='ocr_par' dir='ltr' id='par_1_7' title="bbox 491 864 2129 939">
     <span class='ocr_line' id='line_1_7' title="bbox 491 864 2129 939; baseline 0.004 -23"><span class='ocrx_word' id='word_1_58' title='bbox 491 864 678 917; x_wconf 86' lang='lat' dir='ltr'>Mariae</span> <span class='ocrx_word' id='word_1_59' title='bbox 699 865 819 934; x_wconf 88' lang='lat' dir='ltr'>jam</span> <span class='ocrx_word' id='word_1_60' title='bbox 850 866 1150 934; x_wconf 61' lang='lat' dir='ltr'>praesentia</span> <span class='ocrx_word' id='word_1_61' title='bbox 1173 867 1424 936; x_wconf 91' lang='lat' dir='ltr'>nunciat,</span> <span class='ocrx_word' id='word_1_62' title='bbox 1462 884 1596 922; x_wconf 83' lang='lat' dir='ltr'>mox</span> <span class='ocrx_word' id='word_1_63' title='bbox 1637 869 1826 939; x_wconf 88' lang='lat' dir='ltr'>puella</span> <span class='ocrx_word' id='word_1_64' title='bbox 1864 869 2129 922; x_wconf 87' lang='lat' dir='ltr'>eredente</span> 
     </span>
    </p>
   </div>
   <div class='ocr_carea' id='block_1_8' title="bbox 489 956 2130 1033">
    <p class='ocr_par' dir='ltr' id='par_1_8' title="bbox 489 956 2130 1033">
     <span class='ocr_line' id='line_1_8' title="bbox 489 956 2130 1033; baseline 0.003 -24"><span class='ocrx_word' id='word_1_65' title='bbox 489 956 550 1009; x_wconf 90' lang='lat' dir='ltr'>in</span> <span class='ocrx_word' id='word_1_66' title='bbox 577 963 738 1012; x_wconf 84' lang='lat' dir='ltr'>utero</span> <span class='ocrx_word' id='word_1_67' title='bbox 763 957 941 1010; x_wconf 84' lang='lat' dir='ltr'>ﬁdelis</span> <span class='ocrx_word' id='word_1_68' title='bbox 971 960 1136 1015; x_wconf 87' lang='lat' dir='ltr'>Verbi</span> <span class='ocrx_word' id='word_1_69' title='bbox 1166 960 1374 1014; x_wconf 88' lang='lat' dir='ltr'>mansit</span> <span class='ocrx_word' id='word_1_70' title='bbox 1412 961 1653 1032; x_wconf 89' lang='lat' dir='ltr'>aspirata</span> <span class='ocrx_word' id='word_1_71' title='bbox 1693 963 1986 1033; x_wconf 87' lang='lat' dir='ltr'>conceptio</span> <span class='ocrx_word' id='word_1_72' title='bbox 2030 979 2130 1032; x_wconf 89' lang='lat' dir='ltr'>per</span> 
     </span>
    </p>
   </div>
   <div class='ocr_carea' id='block_1_9' title="bbox 491 1049 2129 1126">
    <p class='ocr_par' dir='ltr' id='par_1_9' title="bbox 491 1049 2129 1126">
     <span class='ocr_line' id='line_1_9' title="bbox 491 1049 2129 1126; baseline 0.004 -22"><span class='ocrx_word' id='word_1_73' title='bbox 491 1049 779 1104; x_wconf 85' lang='lat' dir='ltr'>Christum</span> <span class='ocrx_word' id='word_1_74' title='bbox 805 1051 1111 1107; x_wconf 88' lang='lat' dir='ltr'>Dominum</span> <span class='ocrx_word' id='word_1_75' title='bbox 1143 1059 1421 1109; x_wconf 88' lang='lat' dir='ltr'>nostrum.</span> <span class='ocrx_word' id='word_1_76' title='bbox 1451 1057 1555 1109; x_wconf 90' lang='lat' dir='ltr'>Per</span> <span class='ocrx_word' id='word_1_77' title='bbox 1590 1073 1760 1126; x_wconf 89' lang='lat' dir='ltr'>quem</span> <span class='ocrx_word' id='word_1_78' title='bbox 1791 1056 2129 1126; x_wconf 84' lang='lat' dir='ltr'>Majestatem</span> 
     </span>
    </p>
   </div>
   <div class='ocr_carea' id='block_1_10' title="bbox 489 1144 1136 1217">
    <p class='ocr_par' dir='ltr' id='par_1_10' title="bbox 489 1144 1136 1217">
     <span class='ocr_line' id='line_1_10' title="bbox 489 1144 1136 1217; baseline 0.009 -21"><span class='ocrx_word' id='word_1_79' title='bbox 489 1148 645 1197; x_wconf 88' lang='lat' dir='ltr'>tuam</span> <span class='ocrx_word' id='word_1_80' title='bbox 664 1144 898 1198; x_wconf 89' lang='lat' dir='ltr'>laudant</span> <span class='ocrx_word' id='word_1_81' title='bbox 926 1148 1136 1217; x_wconf 82' lang='lat' dir='ltr'>angeli.</span> 
     </span>
    </p>
   </div>
   <div class='ocr_carea' id='block_1_11' title="bbox 857 1242 1751 1293">
    <p class='ocr_par' dir='ltr' id='par_1_11' title="bbox 857 1242 1751 1293">
     <span class='ocr_line' id='line_1_11' title="bbox 857 1242 1751 1293; baseline 0.004 -5"><span class='ocrx_word' id='word_1_82' title='bbox 857 1243 986 1289; x_wconf 85' lang='lat' dir='ltr'>Item</span> <span class='ocrx_word' id='word_1_83' title='bbox 1017 1242 1335 1290; x_wconf 87' lang='lat' dir='ltr'>Contestatio</span> <span class='ocrx_word' id='word_1_84' title='bbox 1351 1245 1377 1273; x_wconf 82' lang='lat'>&quot;</span> <span class='ocrx_word' id='word_1_85' title='bbox 1399 1243 1464 1292; x_wconf 90' lang='lat' dir='ltr'>de</span> <span class='ocrx_word' id='word_1_86' title='bbox 1494 1243 1751 1293; x_wconf 82' lang='lat' dir='ltr'>Adventu.</span> 
     </span>
    </p>
   </div>
   <div class='ocr_carea' id='block_1_12' title="bbox 559 1317 2128 1390">
    <p class='ocr_par' dir='ltr' id='par_1_12' title="bbox 559 1317 2128 1390">
     <span class='ocr_line' id='line_1_12' title="bbox 559 1317 2128 1390; baseline -0.001 -17"><span class='ocrx_word' id='word_1_87' title='bbox 559 1321 698 1375; x_wconf 89' lang='lat' dir='ltr'>Vere</span> <span class='ocrx_word' id='word_1_88' title='bbox 745 1320 986 1390; x_wconf 88' lang='lat' dir='ltr'>dignum</span> <span class='ocrx_word' id='word_1_89' title='bbox 1023 1321 1079 1370; x_wconf 91' lang='lat' dir='ltr'>et</span> <span class='ocrx_word' id='word_1_90' title='bbox 1107 1317 1326 1387; x_wconf 89' lang='lat' dir='ltr'>justum</span> <span class='ocrx_word' id='word_1_91' title='bbox 1383 1322 1484 1371; x_wconf 92' lang='lat' dir='ltr'>est.</span> <span class='ocrx_word' id='word_1_92' title='bbox 1540 1319 1642 1385; x_wconf 88' lang='lat' dir='ltr'>Tu,</span> <span class='ocrx_word' id='word_1_93' title='bbox 1695 1317 2128 1371; x_wconf 89' lang='lat' dir='ltr'>clementissime</span> 
     </span>
    </p>
   </div>
   <div class='ocr_carea' id='block_1_13' title="bbox 487 1411 2125 1482">
    <p class='ocr_par' dir='ltr' id='par_1_13' title="bbox 487 1411 2125 1482">
     <span class='ocr_line' id='line_1_13' title="bbox 487 1411 2125 1482; baseline -0.002 -14"><span class='ocrx_word' id='word_1_94' title='bbox 487 1416 654 1482; x_wconf 90' lang='lat' dir='ltr'>Deus,</span> <span class='ocrx_word' id='word_1_95' title='bbox 702 1431 850 1469; x_wconf 81' lang='lat' dir='ltr'>verae</span> <span class='ocrx_word' id='word_1_96' title='bbox 901 1411 1247 1467; x_wconf 85' lang='lat' dir='ltr'>credulitatis</span> <span class='ocrx_word' id='word_1_97' title='bbox 1292 1411 1350 1465; x_wconf 91' lang='lat' dir='ltr'>in</span> <span class='ocrx_word' id='word_1_98' title='bbox 1398 1411 1654 1466; x_wconf 83' lang='lat' dir='ltr'>sensibus</span> <span class='ocrx_word' id='word_1_99' title='bbox 1697 1411 1901 1466; x_wconf 89' lang='lat' dir='ltr'>nostris</span> <span class='ocrx_word' id='word_1_100' title='bbox 1940 1412 2125 1465; x_wconf 90' lang='lat' dir='ltr'>incre-</span> 
     </span>
    </p>
   </div>
   <div class='ocr_carea' id='block_1_14' title="bbox 484 1505 2127 1578">
    <p class='ocr_par' dir='ltr' id='par_1_14' title="bbox 484 1505 2127 1578">
     <span class='ocr_line' id='line_1_14' title="bbox 484 1505 2127 1578; baseline -0.004 -14"><span class='ocrx_word' id='word_1_101' title='bbox 484 1513 680 1564; x_wconf 87' lang='lat' dir='ltr'>menta</span> <span class='ocrx_word' id='word_1_102' title='bbox 706 1508 1040 1578; x_wconf 90' lang='lat' dir='ltr'>multiplica,</span> <span class='ocrx_word' id='word_1_103' title='bbox 1083 1510 1138 1560; x_wconf 92' lang='lat' dir='ltr'>et</span> <span class='ocrx_word' id='word_1_104' title='bbox 1175 1505 1444 1576; x_wconf 82' lang='lat' dir='ltr'>imaginis</span> <span class='ocrx_word' id='word_1_105' title='bbox 1486 1523 1549 1559; x_wconf 89' lang='lat' dir='ltr'>ac</span> <span class='ocrx_word' id='word_1_106' title='bbox 1591 1505 1980 1559; x_wconf 87' lang='lat' dir='ltr'>similitudinis</span> <span class='ocrx_word' id='word_1_107' title='bbox 2013 1509 2127 1559; x_wconf 71' lang='lat' dir='ltr'>tute</span> 
     </span>
    </p>
   </div>
   <div class='ocr_carea' id='block_1_15' title="bbox 482 1599 2124 1672">
    <p class='ocr_par' dir='ltr' id='par_1_15' title="bbox 482 1599 2124 1672">
     <span class='ocr_line' id='line_1_15' title="bbox 482 1599 2124 1672; baseline -0.002 -16"><span class='ocrx_word' id='word_1_108' title='bbox 482 1603 726 1657; x_wconf 88' lang='lat' dir='ltr'>formam</span> <span class='ocrx_word' id='word_1_109' title='bbox 753 1603 811 1672; x_wconf 84' lang='lat' dir='ltr'>in</span> <span class='ocrx_word' id='word_1_110' title='bbox 839 1601 1002 1672; x_wconf 87' lang='lat' dir='ltr'>nobis</span> <span class='ocrx_word' id='word_1_111' title='bbox 1050 1599 1268 1672; x_wconf 78' lang='lat' dir='ltr'>[magis]</span> <span class='ocrx_word' id='word_1_112' title='bbox 1315 1600 1610 1672; x_wconf 84' lang='lat' dir='ltr'>magisque</span> <span class='ocrx_word' id='word_1_113' title='bbox 1652 1604 1923 1667; x_wconf 84' lang='lat' dir='ltr'>restaura,</span> <span class='ocrx_word' id='word_1_114' title='bbox 1952 1605 2018 1654; x_wconf 91' lang='lat' dir='ltr'>ut</span> <span class='ocrx_word' id='word_1_115' title='bbox 2048 1603 2124 1668; x_wconf 90' lang='lat' dir='ltr'>te,</span> 
     </span>
    </p>
   </div>
   <div class='ocr_carea' id='block_1_16' title="bbox 485 1693 2124 1768">
    <p class='ocr_par' dir='ltr' id='par_1_16' title="bbox 485 1693 2124 1768">
     <span class='ocr_line' id='line_1_16' title="bbox 485 1693 2124 1768; baseline -0.003 -17"><span class='ocrx_word' id='word_1_116' title='bbox 485 1713 657 1768; x_wconf 88' lang='lat' dir='ltr'>quem</span> <span class='ocrx_word' id='word_1_117' title='bbox 679 1696 894 1751; x_wconf 90' lang='lat' dir='ltr'>dudum</span> <span class='ocrx_word' id='word_1_118' title='bbox 922 1695 1134 1749; x_wconf 80' lang='lat' dir='ltr'>venisse</span> <span class='ocrx_word' id='word_1_119' title='bbox 1162 1693 1444 1748; x_wconf 86' lang='lat' dir='ltr'>credimus</span> <span class='ocrx_word' id='word_1_120' title='bbox 1470 1711 1573 1765; x_wconf 92' lang='lat' dir='ltr'>pro</span> <span class='ocrx_word' id='word_1_121' title='bbox 1604 1694 1854 1748; x_wconf 91' lang='lat' dir='ltr'>remedio</span> <span class='ocrx_word' id='word_1_122' title='bbox 1880 1693 2124 1764; x_wconf 87' lang='lat' dir='ltr'>captivo-</span> 
     </span>
    </p>
   </div>
   <div class='ocr_carea' id='block_1_17' title="bbox 2235 584 3881 658">
    <p class='ocr_par' dir='ltr' id='par_1_17' title="bbox 2235 584 3881 658">
     <span class='ocr_line' id='line_1_17' title="bbox 2235 584 3881 658; baseline -0.002 -18"><span class='ocrx_word' id='word_1_123' title='bbox 2235 602 2293 640; x_wconf 90' lang='lat' dir='ltr'>es</span> <span class='ocrx_word' id='word_1_124' title='bbox 2336 586 2518 655; x_wconf 80' lang='lat' dir='ltr'>illius;</span> <span class='ocrx_word' id='word_1_125' title='bbox 2565 587 2634 640; x_wconf 87' lang='lat' dir='ltr'>da</span> <span class='ocrx_word' id='word_1_126' title='bbox 2667 587 2829 641; x_wconf 90' lang='lat' dir='ltr'>nobis</span> <span class='ocrx_word' id='word_1_127' title='bbox 2865 592 2928 641; x_wconf 92' lang='lat' dir='ltr'>ut</span> <span class='ocrx_word' id='word_1_128' title='bbox 2973 587 3073 658; x_wconf 90' lang='lat' dir='ltr'>qui</span> <span class='ocrx_word' id='word_1_129' title='bbox 3122 603 3250 640; x_wconf 89' lang='lat' dir='ltr'>cum</span> <span class='ocrx_word' id='word_1_130' title='bbox 3297 586 3394 640; x_wconf 90' lang='lat' dir='ltr'>illa</span> <span class='ocrx_word' id='word_1_131' title='bbox 3421 602 3455 639; x_wconf 90' lang='lat' dir='ltr'>a</span> <span class='ocrx_word' id='word_1_132' title='bbox 3485 591 3539 640; x_wconf 85' lang='lat' dir='ltr'>te.</span> <span class='ocrx_word' id='word_1_133' title='bbox 3566 584 3654 639; x_wconf 93' lang='lat' dir='ltr'>vel</span> <span class='ocrx_word' id='word_1_134' title='bbox 3688 601 3797 655; x_wconf 89' lang='lat' dir='ltr'>per</span> <span class='ocrx_word' id='word_1_135' title='bbox 3824 588 3881 637; x_wconf 90' lang='lat' dir='ltr'>te</span> 
     </span>
    </p>
   </div>
   <div class='ocr_carea' id='block_1_18' title="bbox 2233 678 3882 749">
    <p class='ocr_par' dir='ltr' id='par_1_18' title="bbox 2233 678 3882 749">
     <span class='ocr_line' id='line_1_18' title="bbox 2233 678 3882 749; baseline -0.001 -16"><span class='ocrx_word' id='word_1_136' title='bbox 2233 680 2405 734; x_wconf 87' lang='lat' dir='ltr'>creati</span> <span class='ocrx_word' id='word_1_137' title='bbox 2432 697 2626 734; x_wconf 89' lang='lat' dir='ltr'>sumus</span> <span class='ocrx_word' id='word_1_138' title='bbox 2654 697 2721 735; x_wconf 86' lang='lat' dir='ltr'>ex</span> <span class='ocrx_word' id='word_1_139' title='bbox 2752 680 2948 749; x_wconf 90' lang='lat' dir='ltr'>nihilo,</span> <span class='ocrx_word' id='word_1_140' title='bbox 2991 681 3164 735; x_wconf 90' lang='lat' dir='ltr'>simili</span> <span class='ocrx_word' id='word_1_141' title='bbox 3201 683 3264 733; x_wconf 90' lang='lat' dir='ltr'>ut</span> <span class='ocrx_word' id='word_1_142' title='bbox 3298 697 3363 734; x_wconf 91' lang='lat' dir='ltr'>ea</span> <span class='ocrx_word' id='word_1_143' title='bbox 3400 678 3751 734; x_wconf 87' lang='lat' dir='ltr'>credulitatis</span> <span class='ocrx_word' id='word_1_144' title='bbox 3790 695 3882 732; x_wconf 88' lang='lat' dir='ltr'>re-</span> 
     </span>
    </p>
   </div>
   <div class='ocr_carea' id='block_1_19' title="bbox 2232 774 2990 846">
    <p class='ocr_par' dir='ltr' id='par_1_19' title="bbox 2232 774 2990 846">
     <span class='ocr_line' id='line_1_19' title="bbox 2232 774 2990 846; baseline 0.003 -19"><span class='ocrx_word' id='word_1_145' title='bbox 2232 790 2606 829; x_wconf 90' lang='lat' dir='ltr'>muneremur</span> <span class='ocrx_word' id='word_1_146' title='bbox 2633 791 2702 829; x_wconf 85' lang='lat' dir='ltr'>ex</span> <span class='ocrx_word' id='word_1_147' title='bbox 2729 774 2990 846; x_wconf 60' lang='lat' dir='ltr'>praemio.</span> 
     </span>
    </p>
   </div>
   <div class='ocr_carea' id='block_1_20' title="bbox 2855 867 3237 918">
    <p class='ocr_par' dir='ltr' id='par_1_20' title="bbox 2855 867 3237 918">
     <span class='ocr_line' id='line_1_20' title="bbox 2855 867 3237 918; baseline 0 -2"><span class='ocrx_word' id='word_1_148' title='bbox 2855 870 2975 918; x_wconf 85' lang='lat' dir='ltr'>Post</span> <span class='ocrx_word' id='word_1_149' title='bbox 3007 867 3237 917; x_wconf 89' lang='lat' dir='ltr'>nomina.</span> 
     </span>
    </p>
   </div>
   <div class='ocr_carea' id='block_1_21' title="bbox 2302 947 3878 1020">
    <p class='ocr_par' dir='ltr' id='par_1_21' title="bbox 2302 947 3878 1020">
     <span class='ocr_line' id='line_1_21' title="bbox 2302 947 3878 1020; baseline -0.002 -17"><span class='ocrx_word' id='word_1_150' title='bbox 2302 950 2672 1020; x_wconf 87' lang='lat' dir='ltr'>Omnipotens</span> <span class='ocrx_word' id='word_1_151' title='bbox 2701 949 3042 1020; x_wconf 88' lang='lat' dir='ltr'>sempiterne</span> <span class='ocrx_word' id='word_1_152' title='bbox 3081 950 3248 1016; x_wconf 90' lang='lat' dir='ltr'>Deus,</span> <span class='ocrx_word' id='word_1_153' title='bbox 3289 947 3386 1019; x_wconf 90' lang='lat' dir='ltr'>qui</span> <span class='ocrx_word' id='word_1_154' title='bbox 3420 947 3780 1002; x_wconf 87' lang='lat' dir='ltr'>nasciturum</span> <span class='ocrx_word' id='word_1_155' title='bbox 3811 964 3878 1000; x_wconf 86' lang='lat' dir='ltr'>ex</span> 
     </span>
    </p>
   </div>
   <div class='ocr_carea' id='block_1_22' title="bbox 2233 1042 3884 1115">
    <p class='ocr_par' dir='ltr' id='par_1_22' title="bbox 2233 1042 3884 1115">
     <span class='ocr_line' id='line_1_22' title="bbox 2233 1042 3884 1115; baseline -0.001 -19"><span class='ocrx_word' id='word_1_156' title='bbox 2233 1047 2390 1097; x_wconf 88' lang='lat' dir='ltr'>utero</span> <span class='ocrx_word' id='word_1_157' title='bbox 2414 1043 2678 1115; x_wconf 83' lang='lat' dir='ltr'>virginali</span> <span class='ocrx_word' id='word_1_158' title='bbox 2703 1045 2890 1098; x_wconf 85' lang='lat' dir='ltr'>Jesum</span> <span class='ocrx_word' id='word_1_159' title='bbox 2912 1043 3197 1098; x_wconf 88' lang='lat' dir='ltr'>Christum</span> <span class='ocrx_word' id='word_1_160' title='bbox 3220 1042 3421 1096; x_wconf 86' lang='lat' dir='ltr'>Filium</span> <span class='ocrx_word' id='word_1_161' title='bbox 3449 1047 3614 1096; x_wconf 90' lang='lat' dir='ltr'>tuum</span> <span class='ocrx_word' id='word_1_162' title='bbox 3649 1043 3884 1112; x_wconf 84' lang='lat' dir='ltr'>agnosci</span> 
     </span>
    </p>
   </div>
   <div class='ocr_carea' id='block_1_23' title="bbox 2230 1135 3880 1208">
    <p class='ocr_par' dir='ltr' id='par_1_23' title="bbox 2230 1135 3880 1208">
     <span class='ocr_line' id='line_1_23' title="bbox 2230 1135 3880 1208; baseline -0.001 -18"><span class='ocrx_word' id='word_1_163' title='bbox 2230 1137 2300 1190; x_wconf 91' lang='lat' dir='ltr'>ab</span> <span class='ocrx_word' id='word_1_164' title='bbox 2326 1138 2610 1208; x_wconf 90' lang='lat' dir='ltr'>omnibus,</span> <span class='ocrx_word' id='word_1_165' title='bbox 2639 1142 2830 1191; x_wconf 89' lang='lat' dir='ltr'>sancto</span> <span class='ocrx_word' id='word_1_166' title='bbox 2861 1137 3202 1207; x_wconf 87' lang='lat' dir='ltr'>archangelo</span> <span class='ocrx_word' id='word_1_167' title='bbox 3241 1135 3566 1203; x_wconf 87' lang='lat' dir='ltr'>nunciante,</span> <span class='ocrx_word' id='word_1_168' title='bbox 3609 1135 3880 1200; x_wconf 87' lang='lat' dir='ltr'>voluisti;</span> 
     </span>
    </p>
   </div>
   <div class='ocr_carea' id='block_1_24' title="bbox 2231 1229 3883 1302">
    <p class='ocr_par' dir='ltr' id='par_1_24' title="bbox 2231 1229 3883 1302">
     <span class='ocr_line' id='line_1_24' title="bbox 2231 1229 3883 1302; baseline -0.002 -18"><span class='ocrx_word' id='word_1_169' title='bbox 2231 1231 2300 1284; x_wconf 91' lang='lat' dir='ltr'>da</span> <span class='ocrx_word' id='word_1_170' title='bbox 2340 1234 2400 1284; x_wconf 92' lang='lat' dir='ltr'>ut</span> <span class='ocrx_word' id='word_1_171' title='bbox 2426 1231 2584 1302; x_wconf 88' lang='lat' dir='ltr'>cujus</span> <span class='ocrx_word' id='word_1_172' title='bbox 2623 1232 2976 1286; x_wconf 83' lang='lat' dir='ltr'>nativitatem</span> <span class='ocrx_word' id='word_1_173' title='bbox 3023 1230 3362 1302; x_wconf 90' lang='lat' dir='ltr'>accepimus,</span> <span class='ocrx_word' id='word_1_174' title='bbox 3403 1230 3526 1300; x_wconf 84' lang='lat' dir='ltr'>ejus</span> <span class='ocrx_word' id='word_1_175' title='bbox 3567 1229 3883 1301; x_wconf 64' lang='lat' dir='ltr'>praesentia</span> 
     </span>
    </p>
   </div>
   <div class='ocr_carea' id='block_1_25' title="bbox 2233 1325 2598 1396">
    <p class='ocr_par' dir='ltr' id='par_1_25' title="bbox 2233 1325 2598 1396">
     <span class='ocr_line' id='line_1_25' title="bbox 2233 1325 2598 1396; baseline 0.003 -18"><span class='ocrx_word' id='word_1_176' title='bbox 2233 1325 2598 1396; x_wconf 85' lang='lat' dir='ltr'>gaudeamus.</span> 
     </span>
    </p>
   </div>
   <div class='ocr_carea' id='block_1_26' title="bbox 2900 1395 3209 1459">
    <p class='ocr_par' dir='ltr' id='par_1_26' title="bbox 2900 1395 3209 1459">
     <span class='ocr_line' id='line_1_26' title="bbox 2900 1395 3209 1459; baseline -0.006 -14"><span class='ocrx_word' id='word_1_177' title='bbox 2900 1395 2976 1445; x_wconf 83' lang='lat' dir='ltr'>Ad</span> <span class='ocrx_word' id='word_1_178' title='bbox 3006 1408 3209 1459; x_wconf 88' lang='lat' dir='ltr'>pacem.</span> 
     </span>
    </p>
   </div>
   <div class='ocr_carea' id='block_1_27' title="bbox 2300 1475 3879 1547">
    <p class='ocr_par' dir='ltr' id='par_1_27' title="bbox 2300 1475 3879 1547">
     <span class='ocr_line' id='line_1_27' title="bbox 2300 1475 3879 1547; baseline -0.002 -16"><span class='ocrx_word' id='word_1_179' title='bbox 2300 1477 2468 1546; x_wconf 91' lang='lat' dir='ltr'>Deus,</span> <span class='ocrx_word' id='word_1_180' title='bbox 2501 1477 2659 1547; x_wconf 87' lang='lat' dir='ltr'>cujus</span> <span class='ocrx_word' id='word_1_181' title='bbox 2683 1476 2972 1530; x_wconf 88' lang='lat' dir='ltr'>nativitate</span> <span class='ocrx_word' id='word_1_182' title='bbox 3001 1477 3124 1530; x_wconf 86' lang='lat' dir='ltr'>Filii</span> <span class='ocrx_word' id='word_1_183' title='bbox 3145 1475 3228 1530; x_wconf 90' lang='lat' dir='ltr'>tui</span> <span class='ocrx_word' id='word_1_184' title='bbox 3255 1475 3484 1530; x_wconf 89' lang='lat' dir='ltr'>Domini</span> <span class='ocrx_word' id='word_1_185' title='bbox 3524 1476 3706 1530; x_wconf 88' lang='lat' dir='ltr'>nostri</span> <span class='ocrx_word' id='word_1_186' title='bbox 3753 1475 3879 1546; x_wconf 83' lang='lat' dir='ltr'>glo-</span> 
     </span>
    </p>
   </div>
   <div class='ocr_carea' id='block_1_28' title="bbox 2229 1568 3876 1641">
    <p class='ocr_par' dir='ltr' id='par_1_28' title="bbox 2229 1568 3876 1641">
     <span class='ocr_line' id='line_1_28' title="bbox 2229 1568 3876 1641; baseline -0.001 -18"><span class='ocrx_word' id='word_1_187' title='bbox 2229 1570 2378 1624; x_wconf 88' lang='lat' dir='ltr'>riosa</span> <span class='ocrx_word' id='word_1_188' title='bbox 2403 1571 2670 1625; x_wconf 78' lang='lat' dir='ltr'>festivitas</span> <span class='ocrx_word' id='word_1_189' title='bbox 2696 1575 2751 1625; x_wconf 93' lang='lat' dir='ltr'>et</span> <span class='ocrx_word' id='word_1_190' title='bbox 2778 1571 2965 1624; x_wconf 71' lang='lat' dir='ltr'>Mariae</span> <span class='ocrx_word' id='word_1_191' title='bbox 2989 1575 3216 1641; x_wconf 88' lang='lat' dir='ltr'>partum</span> <span class='ocrx_word' id='word_1_192' title='bbox 3236 1575 3292 1625; x_wconf 90' lang='lat' dir='ltr'>et</span> <span class='ocrx_word' id='word_1_193' title='bbox 3311 1570 3577 1641; x_wconf 77' lang='lat' dir='ltr'>Eogeniae</span> <span class='ocrx_word' id='word_1_194' title='bbox 3618 1568 3639 1608; x_wconf 68' lang='grc' dir='ltr'><em>τ</em></span> <span class='ocrx_word' id='word_1_195' title='bbox 3664 1569 3876 1624; x_wconf 91' lang='lat' dir='ltr'>trium-</span> 
     </span>
    </p>
   </div>
   <div class='ocr_carea' id='block_1_29' title="bbox 2229 1663 3883 1736">
    <p class='ocr_par' dir='ltr' id='par_1_29' title="bbox 2229 1663 3883 1736">
     <span class='ocr_line' id='line_1_29' title="bbox 2229 1663 3883 1736; baseline -0.001 -18"><span class='ocrx_word' id='word_1_196' title='bbox 2229 1665 2430 1734; x_wconf 87' lang='lat' dir='ltr'>phum.</span> <span class='ocrx_word' id='word_1_197' title='bbox 2462 1665 2634 1719; x_wconf 87' lang='lat' dir='ltr'>Ilodie</span> <span class='ocrx_word' id='word_1_198' title='bbox 2661 1665 2872 1736; x_wconf 87' lang='lat' dir='ltr'>quippe</span> <span class='ocrx_word' id='word_1_199' title='bbox 2900 1664 3072 1718; x_wconf 87' lang='lat' dir='ltr'>Maria</span> <span class='ocrx_word' id='word_1_200' title='bbox 3111 1664 3398 1719; x_wconf 89' lang='lat' dir='ltr'>Christum</span> <span class='ocrx_word' id='word_1_201' title='bbox 3433 1664 3635 1735; x_wconf 85' lang='lat' dir='ltr'>genuit</span> <span class='ocrx_word' id='word_1_202' title='bbox 3657 1682 3675 1733; x_wconf 90' lang='lat'>;</span> <span class='ocrx_word' id='word_1_203' title='bbox 3709 1663 3883 1718; x_wconf 89' lang='lat' dir='ltr'>hodie</span> 
     </span>
    </p>
   </div>
   <div class='ocr_carea' id='block_1_30' title="bbox 482 1758 3881 1859">
    <p class='ocr_par' dir='ltr' id='par_1_30' title="bbox 482 1758 3881 1859">
     <span class='ocr_line' id='line_1_30' title="bbox 482 1758 3881 1859; baseline -0.004 -15"><span class='ocrx_word' id='word_1_204' title='bbox 482 1758 633 1859; x_wconf 64' lang='lat' dir='ltr'>rum,</span> <span class='ocrx_word' id='word_1_205' title='bbox 661 1791 724 1844; x_wconf 90' lang='lat' dir='ltr'>i-n</span> <span class='ocrx_word' id='word_1_206' title='bbox 743 1789 1000 1844; x_wconf 70' lang='lat' dir='ltr'>&quot;secundo</span> <span class='ocrx_word' id='word_1_207' title='bbox 1028 1789 1268 1843; x_wconf 88' lang='lat' dir='ltr'>adventu</span> <span class='ocrx_word' id='word_1_208' title='bbox 1293 1792 1389 1842; x_wconf 91' lang='lat' dir='ltr'>tuo</span> <span class='ocrx_word' id='word_1_209' title='bbox 1424 1758 1490 1842; x_wconf 43' lang='lat' dir='ltr'>te.</span> <span class='ocrx_word' id='word_1_210' title='bbox 1507 1805 1639 1842; x_wconf 92' lang='lat' dir='ltr'>cum</span> <span class='ocrx_word' id='word_1_211' title='bbox 1659 1758 1964 1858; x_wconf 46' lang='lat' dir='ltr'>majestate.</span> <span class='ocrx_word' id='word_1_212' title='bbox 1988 1804 2125 1841; x_wconf 91' lang='lat' dir='ltr'>ven-</span> <span class='ocrx_word' id='word_1_213' title='bbox 2148 1786 2204 1857; x_wconf 83' lang='lat' dir='ltr'><strong>B</strong></span> <span class='ocrx_word' id='word_1_214' title='bbox 2229 1759 2482 1859; x_wconf 5' lang='lat' dir='ltr'>Eogeniap</span> <span class='ocrx_word' id='word_1_215' title='bbox 2510 1759 2579 1859; x_wconf 48' lang='lat' dir='ltr'>ac}</span> <span class='ocrx_word' id='word_1_216' title='bbox 2606 1759 2893 1859; x_wconf 50' lang='grc' dir='ltr'>θῙξΓίεέωξΠ</span> <span class='ocrx_word' id='word_1_217' title='bbox 3155 1759 3323 1859; x_wconf 47' lang='grc' dir='ltr'>ξΨάίθ</span> <span class='ocrx_word' id='word_1_218' title='bbox 3349 1759 3462 1859; x_wconf 32' lang='grc'><strong>’111³</strong></span> <span class='ocrx_word' id='word_1_219' title='bbox 3505 1762 3763 1859; x_wconf 62' lang='grc' dir='ltr'>εθῐξεηί,</span> <span class='ocrx_word' id='word_1_220' title='bbox 3812 1758 3881 1859; x_wconf 21' lang='grc' dir='ltr'>ξιαά</span> 
     </span>
    </p>
   </div>
   <div class='ocr_carea' id='block_1_31' title="bbox 481 1881 2124 1939">
    <p class='ocr_par' dir='ltr' id='par_1_31' title="bbox 481 1881 2124 1939">
     <span class='ocr_line' id='line_1_31' title="bbox 481 1881 2124 1939; baseline -0.002 -1"><span class='ocrx_word' id='word_1_221' title='bbox 481 1889 680 1939; x_wconf 88' lang='lat' dir='ltr'>turum</span> <span class='ocrx_word' id='word_1_222' title='bbox 725 1884 1064 1938; x_wconf 88' lang='lat' dir='ltr'>sustinentes</span> <span class='ocrx_word' id='word_1_223' title='bbox 1110 1881 1299 1936; x_wconf 89' lang='lat' dir='ltr'>videre</span> <span class='ocrx_word' id='word_1_224' title='bbox 1364 1899 1688 1936; x_wconf 89' lang='lat' dir='ltr'>mereamur</span> <span class='ocrx_word' id='word_1_225' title='bbox 1740 1898 1870 1936; x_wconf 90' lang='lat' dir='ltr'>cum</span> <span class='ocrx_word' id='word_1_226' title='bbox 1937 1881 2124 1936; x_wconf 91' lang='lat' dir='ltr'>indul-</span> 
     </span>
    </p>
   </div>
   <div class='ocr_carea' id='block_1_32' title="bbox 481 1979 1083 2050">
    <p class='ocr_par' dir='ltr' id='par_1_32' title="bbox 481 1979 1083 2050">
     <span class='ocr_line' id='line_1_32' title="bbox 481 1979 1083 2050; baseline -0.005 -17"><span class='ocrx_word' id='word_1_227' title='bbox 481 1979 673 2049; x_wconf 82' lang='lat' dir='ltr'>gentia</span> <span class='ocrx_word' id='word_1_228' title='bbox 701 1983 1083 2050; x_wconf 87' lang='lat' dir='ltr'>peccatorum.</span> 
     </span>
    </p>
   </div>
   <div class='ocr_carea' id='block_1_33' title="bbox 553 2069 2127 2140">
    <p class='ocr_par' dir='ltr' id='par_1_33' title="bbox 553 2069 2127 2140">
     <span class='ocr_line' id='line_1_33' title="bbox 553 2069 2127 2140; baseline -0.001 -14"><span class='ocrx_word' id='word_1_229' title='bbox 553 2075 785 2140; x_wconf 72' lang='lat' dir='ltr'>Praesta,</span> <span class='ocrx_word' id='word_1_230' title='bbox 825 2071 987 2125; x_wconf 87' lang='lat' dir='ltr'>unita</span> <span class='ocrx_word' id='word_1_231' title='bbox 1017 2070 1044 2109; x_wconf 74' lang='grc' dir='ltr'>ι)</span> <span class='ocrx_word' id='word_1_232' title='bbox 1082 2074 1138 2124; x_wconf 91' lang='lat' dir='ltr'>et</span> <span class='ocrx_word' id='word_1_233' title='bbox 1182 2069 1422 2124; x_wconf 89' lang='lat' dir='ltr'>indivisa</span> <span class='ocrx_word' id='word_1_234' title='bbox 1460 2069 1700 2124; x_wconf 90' lang='lat' dir='ltr'>Trinitas</span> <span class='ocrx_word' id='word_1_235' title='bbox 1738 2071 1904 2138; x_wconf 91' lang='lat' dir='ltr'>Deus,</span> <span class='ocrx_word' id='word_1_236' title='bbox 1955 2085 2127 2140; x_wconf 90' lang='lat' dir='ltr'>quem</span> 
     </span>
    </p>
   </div>
   <div class='ocr_carea' id='block_1_34' title="bbox 481 2164 2128 2236">
    <p class='ocr_par' dir='ltr' id='par_1_34' title="bbox 481 2164 2128 2236">
     <span class='ocr_line' id='line_1_34' title="bbox 481 2164 2128 2236; baseline -0.002 -16"><span class='ocrx_word' id='word_1_237' title='bbox 481 2166 752 2221; x_wconf 74' lang='lat' dir='ltr'>caelorum</span> <span class='ocrx_word' id='word_1_238' title='bbox 773 2165 1071 2236; x_wconf 81' lang='lat' dir='ltr'>multiplex</span> <span class='ocrx_word' id='word_1_239' title='bbox 1097 2168 1153 2219; x_wconf 91' lang='lat' dir='ltr'>et</span> <span class='ocrx_word' id='word_1_240' title='bbox 1182 2164 1480 2218; x_wconf 82' lang='lat' dir='ltr'>ineffabilis</span> <span class='ocrx_word' id='word_1_241' title='bbox 1498 2181 1795 2232; x_wconf 89' lang='lat' dir='ltr'>numerus,</span> <span class='ocrx_word' id='word_1_242' title='bbox 1822 2180 1994 2235; x_wconf 89' lang='lat' dir='ltr'>quem</span> <span class='ocrx_word' id='word_1_243' title='bbox 2010 2180 2128 2218; x_wconf 92' lang='lat' dir='ltr'>om-</span> 
     </span>
    </p>
   </div>
   <div class='ocr_carea' id='block_1_35' title="bbox 477 2258 2121 2331">
    <p class='ocr_par' dir='ltr' id='par_1_35' title="bbox 477 2258 2121 2331">
     <span class='ocr_line' id='line_1_35' title="bbox 477 2258 2121 2331; baseline -0.001 -17"><span class='ocrx_word' id='word_1_244' title='bbox 477 2260 639 2314; x_wconf 91' lang='lat' dir='ltr'>nium</span> <span class='ocrx_word' id='word_1_245' title='bbox 665 2259 1000 2331; x_wconf 81' lang='lat' dir='ltr'>angelorum</span> <span class='ocrx_word' id='word_1_246' title='bbox 1019 2263 1077 2313; x_wconf 90' lang='lat' dir='ltr'>et</span> <span class='ocrx_word' id='word_1_247' title='bbox 1123 2258 1595 2329; x_wconf 89' lang='lat' dir='ltr'>archangelorum</span> <span class='ocrx_word' id='word_1_248' title='bbox 1639 2258 1815 2328; x_wconf 89' lang='lat' dir='ltr'>milia,</span> <span class='ocrx_word' id='word_1_249' title='bbox 1862 2274 1992 2312; x_wconf 91' lang='lat' dir='ltr'>cum</span> <span class='ocrx_word' id='word_1_250' title='bbox 2036 2275 2121 2312; x_wconf 88' lang='lat' dir='ltr'>se—</span> 
     </span>
    </p>
   </div>
   <div class='ocr_carea' id='block_1_36' title="bbox 477 2352 2124 2421">
    <p class='ocr_par' dir='ltr' id='par_1_36' title="bbox 477 2352 2124 2421">
     <span class='ocr_line' id='line_1_36' title="bbox 477 2352 2124 2421; baseline -0.001 -13"><span class='ocrx_word' id='word_1_251' title='bbox 477 2354 734 2408; x_wconf 89' lang='lat' dir='ltr'>nioribus</span> <span class='ocrx_word' id='word_1_252' title='bbox 761 2357 818 2407; x_wconf 87' lang='lat' dir='ltr'>et</span> <span class='ocrx_word' id='word_1_253' title='bbox 836 2353 1162 2421; x_wconf 79' lang='lat' dir='ltr'>virtutibus,</span> <span class='ocrx_word' id='word_1_254' title='bbox 1187 2369 1314 2405; x_wconf 91' lang='lat' dir='ltr'>cum</span> <span class='ocrx_word' id='word_1_255' title='bbox 1333 2352 1554 2406; x_wconf 87' lang='lat' dir='ltr'>thronis</span> <span class='ocrx_word' id='word_1_256' title='bbox 1581 2357 1636 2407; x_wconf 90' lang='lat' dir='ltr'>et</span> <span class='ocrx_word' id='word_1_257' title='bbox 1650 2352 2124 2407; x_wconf 88' lang='lat' dir='ltr'>dominationibus</span> 
     </span>
    </p>
   </div>
   <div class='ocr_carea' id='block_1_37' title="bbox 476 2445 1690 2502">
    <p class='ocr_par' dir='ltr' id='par_1_37' title="bbox 476 2445 1690 2502">
     <span class='ocr_line' id='line_1_37' title="bbox 476 2445 1690 2502; baseline 0 -2"><span class='ocrx_word' id='word_1_258' title='bbox 476 2446 707 2502; x_wconf 88' lang='lat' dir='ltr'>laudare</span> <span class='ocrx_word' id='word_1_259' title='bbox 729 2463 845 2502; x_wconf 91' lang='lat' dir='ltr'>non</span> <span class='ocrx_word' id='word_1_260' title='bbox 871 2451 1089 2501; x_wconf 88' lang='lat' dir='ltr'>cessant</span> <span class='ocrx_word' id='word_1_261' title='bbox 1117 2445 1363 2500; x_wconf 89' lang='lat' dir='ltr'>dicentes</span> <span class='ocrx_word' id='word_1_262' title='bbox 1392 2464 1406 2499; x_wconf 88' lang='lat'><strong>:</strong></span> <span class='ocrx_word' id='word_1_263' title='bbox 1440 2445 1690 2500; x_wconf 89' lang='lat' dir='ltr'>Sanctus.</span> 
     </span>
    </p>
   </div>
   <div class='ocr_carea' id='block_1_38' title="bbox 799 2555 1798 2596">
    <p class='ocr_par' dir='ltr' id='par_1_38' title="bbox 799 2555 1798 2596">
     <span class='ocr_line' id='line_1_38' title="bbox 799 2555 1798 2596; baseline -0.002 0"><span class='ocrx_word' id='word_1_264' title='bbox 799 2556 954 2596; x_wconf 79' lang='lat' dir='ltr'>MISSA</span> <span class='ocrx_word' id='word_1_265' title='bbox 995 2557 1046 2594; x_wconf 80' lang='lat' dir='ltr'><strong>IN</strong></span> <span class='ocrx_word' id='word_1_266' title='bbox 1087 2556 1286 2594; x_wconf 76' lang='lat' dir='ltr'>VIGILIA</span> <span class='ocrx_word' id='word_1_267' title='bbox 1328 2556 1548 2595; x_wconf 73' lang='lat' dir='ltr'>NATALIS</span> <span class='ocrx_word' id='word_1_268' title='bbox 1589 2555 1798 2595; x_wconf 67' lang='lat' dir='ltr'>DOMINI.</span> 
     </span>
    </p>
   </div>
   <div class='ocr_carea' id='block_1_39' title="bbox 710 2622 1889 2686">
    <p class='ocr_par' dir='ltr' id='par_1_39' title="bbox 710 2622 1889 2686">
     <span class='ocr_line' id='line_1_39' title="bbox 710 2622 1889 2686; baseline 0 -14"><span class='ocrx_word' id='word_1_269' title='bbox 710 2623 943 2686; x_wconf 87' lang='lat' dir='ltr'>Epistola</span> <span class='ocrx_word' id='word_1_270' title='bbox 962 2623 1104 2671; x_wconf 83' lang='lat' dir='ltr'>Pauli</span> <span class='ocrx_word' id='word_1_271' title='bbox 1135 2622 1354 2684; x_wconf 87' lang='lat' dir='ltr'>apostoli</span> <span class='ocrx_word' id='word_1_272' title='bbox 1377 2622 1442 2671; x_wconf 89' lang='lat' dir='ltr'>ad</span> <span class='ocrx_word' id='word_1_273' title='bbox 1467 2623 1823 2686; x_wconf 87' lang='lat' dir='ltr'>Philippenses</span> <span class='ocrx_word' id='word_1_274' title='bbox 1851 2646 1889 2673; x_wconf 89' lang='lat' dir='ltr'>c.</span> 
     </span>
    </p>
   </div>
   <div class='ocr_carea' id='block_1_40' title="bbox 549 2696 2121 2768">
    <p class='ocr_par' dir='ltr' id='par_1_40' title="bbox 549 2696 2121 2768">
     <span class='ocr_line' id='line_1_40' title="bbox 549 2696 2121 2768; baseline 0 -16"><span class='ocrx_word' id='word_1_275' title='bbox 549 2699 790 2768; x_wconf 83' lang='lat' dir='ltr'>Fratres,</span> <span class='ocrx_word' id='word_1_276' title='bbox 826 2698 1064 2768; x_wconf 89' lang='lat' dir='ltr'>gaudete</span> <span class='ocrx_word' id='word_1_277' title='bbox 1093 2696 1152 2750; x_wconf 91' lang='lat' dir='ltr'>in</span> <span class='ocrx_word' id='word_1_278' title='bbox 1181 2696 1417 2750; x_wconf 90' lang='lat' dir='ltr'>Domino</span> <span class='ocrx_word' id='word_1_279' title='bbox 1454 2714 1698 2767; x_wconf 89' lang='lat' dir='ltr'>semper,</span> <span class='ocrx_word' id='word_1_280' title='bbox 1741 2698 1947 2752; x_wconf 87' lang='lat' dir='ltr'>iterum</span> <span class='ocrx_word' id='word_1_281' title='bbox 1999 2698 2121 2753; x_wconf 92' lang='lat' dir='ltr'>dico</span> 
     </span>
    </p>
   </div>
   <div class='ocr_carea' id='block_1_41' title="bbox 479 2791 2118 2865">
    <p class='ocr_par' dir='ltr' id='par_1_41' title="bbox 479 2791 2118 2865">
     <span class='ocr_line' id='line_1_41' title="bbox 479 2791 2118 2865; baseline -0.001 -18"><span class='ocrx_word' id='word_1_282' title='bbox 479 2793 716 2865; x_wconf 86' lang='lat' dir='ltr'>gaudete</span> <span class='ocrx_word' id='word_1_283' title='bbox 747 2811 760 2846; x_wconf 87' lang='lat'><strong>:</strong></span> <span class='ocrx_word' id='word_1_284' title='bbox 793 2791 1066 2845; x_wconf 88' lang='lat' dir='ltr'>modestia</span> <span class='ocrx_word' id='word_1_285' title='bbox 1092 2795 1274 2844; x_wconf 77' lang='lat' dir='ltr'>vestra</span> <span class='ocrx_word' id='word_1_286' title='bbox 1297 2797 1430 2846; x_wconf 90' lang='lat' dir='ltr'>nota</span> <span class='ocrx_word' id='word_1_287' title='bbox 1455 2791 1526 2845; x_wconf 89' lang='lat' dir='ltr'>sit</span> <span class='ocrx_word' id='word_1_288' title='bbox 1568 2791 1831 2845; x_wconf 90' lang='lat' dir='ltr'>omnibus</span> <span class='ocrx_word' id='word_1_289' title='bbox 1871 2792 2118 2846; x_wconf 89' lang='lat' dir='ltr'>homini-</span> 
     </span>
    </p>
   </div>
   <div class='ocr_carea' id='block_1_42' title="bbox 475 2885 2117 2956">
    <p class='ocr_par' dir='ltr' id='par_1_42' title="bbox 475 2885 2117 2956">
     <span class='ocr_line' id='line_1_42' title="bbox 475 2885 2117 2956; baseline 0 -16"><span class='ocrx_word' id='word_1_290' title='bbox 475 2886 602 2956; x_wconf 87' lang='lat' dir='ltr'>bus,</span> <span class='ocrx_word' id='word_1_291' title='bbox 651 2886 920 2940; x_wconf 88' lang='lat' dir='ltr'>Dominus</span> <span class='ocrx_word' id='word_1_292' title='bbox 965 2885 1117 2939; x_wconf 91' lang='lat' dir='ltr'>enim</span> <span class='ocrx_word' id='word_1_293' title='bbox 1155 2902 1330 2956; x_wconf 89' lang='lat' dir='ltr'>prope</span> <span class='ocrx_word' id='word_1_294' title='bbox 1378 2889 1479 2939; x_wconf 91' lang='lat' dir='ltr'>est.</span> <span class='ocrx_word' id='word_1_295' title='bbox 1529 2885 1679 2939; x_wconf 87' lang='lat' dir='ltr'>Nihil</span> <span class='ocrx_word' id='word_1_296' title='bbox 1723 2885 1940 2940; x_wconf 81' lang='lat' dir='ltr'>solliciti</span> <span class='ocrx_word' id='word_1_297' title='bbox 1978 2887 2117 2954; x_wconf 89' lang='lat' dir='ltr'>sitis,</span> 
     </span>
    </p>
   </div>
   <div class='ocr_carea' id='block_1_43' title="bbox 474 2977 2119 3051">
    <p class='ocr_par' dir='ltr' id='par_1_43' title="bbox 474 2977 2119 3051">
     <span class='ocr_line' id='line_1_43' title="bbox 474 2977 2119 3051; baseline -0.001 -16"><span class='ocrx_word' id='word_1_298' title='bbox 474 2980 570 3036; x_wconf 92' lang='lat' dir='ltr'>sed</span> <span class='ocrx_word' id='word_1_299' title='bbox 595 2977 652 3033; x_wconf 89' lang='lat' dir='ltr'>in</span> <span class='ocrx_word' id='word_1_300' title='bbox 681 2981 840 3034; x_wconf 90' lang='lat' dir='ltr'>omni</span> <span class='ocrx_word' id='word_1_301' title='bbox 871 2980 1124 3034; x_wconf 90' lang='lat' dir='ltr'>oratione</span> <span class='ocrx_word' id='word_1_302' title='bbox 1151 2996 1281 3033; x_wconf 91' lang='lat' dir='ltr'>cum</span> <span class='ocrx_word' id='word_1_303' title='bbox 1311 2979 1625 3050; x_wconf 86' lang='lat' dir='ltr'>gratiarum</span> <span class='ocrx_word' id='word_1_304' title='bbox 1654 2980 1875 3034; x_wconf 88' lang='lat' dir='ltr'>actione</span> <span class='ocrx_word' id='word_1_305' title='bbox 1901 2981 2119 3051; x_wconf 91' lang='lat' dir='ltr'>petitio-</span> 
     </span>
    </p>
   </div>
   <div class='ocr_carea' id='block_1_44' title="bbox 2228 1851 3880 1924">
    <p class='ocr_par' dir='ltr' id='par_1_44' title="bbox 2228 1851 3880 1924">
     <span class='ocr_line' id='line_1_44' title="bbox 2228 1851 3880 1924; baseline -0.001 -18"><span class='ocrx_word' id='word_1_306' title='bbox 2228 1869 2401 1924; x_wconf 88' lang='lat' dir='ltr'>quem</span> <span class='ocrx_word' id='word_1_307' title='bbox 2421 1853 2526 1907; x_wconf 88' lang='lat' dir='ltr'>ista</span> <span class='ocrx_word' id='word_1_308' title='bbox 2551 1853 2810 1921; x_wconf 81' lang='lat' dir='ltr'>festinat;</span> <span class='ocrx_word' id='word_1_309' title='bbox 2840 1853 3007 1907; x_wconf 89' lang='lat' dir='ltr'>hodie</span> <span class='ocrx_word' id='word_1_310' title='bbox 3047 1853 3302 1908; x_wconf 87' lang='lat' dir='ltr'>Christus</span> <span class='ocrx_word' id='word_1_311' title='bbox 3344 1853 3404 1906; x_wconf 91' lang='lat' dir='ltr'>in</span> <span class='ocrx_word' id='word_1_312' title='bbox 3440 1853 3654 1907; x_wconf 90' lang='lat' dir='ltr'>mundo</span> <span class='ocrx_word' id='word_1_313' title='bbox 3697 1851 3880 1913; x_wconf 84' lang='lat' dir='ltr'>venit,</span> 
     </span>
    </p>
   </div>
   <div class='ocr_carea' id='block_1_45' title="bbox 2227 1945 3882 2018">
    <p class='ocr_par' dir='ltr' id='par_1_45' title="bbox 2227 1945 3882 2018">
     <span class='ocr_line' id='line_1_45' title="bbox 2227 1945 3882 2018; baseline -0.001 -17"><span class='ocrx_word' id='word_1_314' title='bbox 2227 1947 2396 2001; x_wconf 87' lang='lat' dir='ltr'>hodie</span> <span class='ocrx_word' id='word_1_315' title='bbox 2424 1947 2706 2018; x_wconf 87' lang='lat' dir='ltr'>virginem</span> <span class='ocrx_word' id='word_1_316' title='bbox 2733 1947 2790 2000; x_wconf 91' lang='lat' dir='ltr'>in</span> <span class='ocrx_word' id='word_1_317' title='bbox 2822 1948 2958 2001; x_wconf 67' lang='lat' dir='ltr'>caelo</span> <span class='ocrx_word' id='word_1_318' title='bbox 2983 1947 3238 2001; x_wconf 88' lang='lat' dir='ltr'>Christus</span> <span class='ocrx_word' id='word_1_319' title='bbox 3273 1946 3536 2018; x_wconf 85' lang='lat' dir='ltr'>suscipit;</span> <span class='ocrx_word' id='word_1_320' title='bbox 3570 1945 3740 2001; x_wconf 90' lang='lat' dir='ltr'>hodie</span> <span class='ocrx_word' id='word_1_321' title='bbox 3787 1961 3882 2000; x_wconf 89' lang='lat' dir='ltr'>na-</span> 
     </span>
    </p>
   </div>
   <div class='ocr_carea' id='block_1_46' title="bbox 2228 2039 3877 2112">
    <p class='ocr_par' dir='ltr' id='par_1_46' title="bbox 2228 2039 3877 2112">
     <span class='ocr_line' id='line_1_46' title="bbox 2228 2039 3877 2112; baseline -0.001 -19"><span class='ocrx_word' id='word_1_322' title='bbox 2228 2041 2432 2095; x_wconf 90' lang='lat' dir='ltr'>scendo</span> <span class='ocrx_word' id='word_1_323' title='bbox 2459 2041 2740 2112; x_wconf 86' lang='lat' dir='ltr'>virginem</span> <span class='ocrx_word' id='word_1_324' title='bbox 2757 2045 3001 2096; x_wconf 88' lang='lat' dir='ltr'>matrem</span> <span class='ocrx_word' id='word_1_325' title='bbox 3023 2041 3174 2110; x_wconf 86' lang='lat' dir='ltr'>fecit,</span> <span class='ocrx_word' id='word_1_326' title='bbox 3205 2040 3304 2112; x_wconf 91' lang='lat' dir='ltr'>qui</span> <span class='ocrx_word' id='word_1_327' title='bbox 3330 2040 3497 2095; x_wconf 91' lang='lat' dir='ltr'>hodie</span> <span class='ocrx_word' id='word_1_328' title='bbox 3522 2039 3877 2112; x_wconf 85' lang='lat' dir='ltr'>perficiendo</span> 
     </span>
    </p>
   </div>
   <div class='ocr_carea' id='block_1_47' title="bbox 2227 2134 2872 2205">
    <p class='ocr_par' dir='ltr' id='par_1_47' title="bbox 2227 2134 2872 2205">
     <span class='ocr_line' id='line_1_47' title="bbox 2227 2134 2872 2205; baseline 0 -17"><span class='ocrx_word' id='word_1_329' title='bbox 2227 2138 2536 2205; x_wconf 83' lang='lat' dir='ltr'>martyrem</span> <span class='ocrx_word' id='word_1_330' title='bbox 2564 2134 2872 2189; x_wconf 90' lang='lat' dir='ltr'>coronavit.</span> 
     </span>
    </p>
   </div>
   <div class='ocr_carea' id='block_1_48' title="bbox 2879 2226 3220 2277">
    <p class='ocr_par' dir='ltr' id='par_1_48' title="bbox 2879 2226 3220 2277">
     <span class='ocr_line' id='line_1_48' title="bbox 2879 2226 3220 2277; baseline -0.003 0"><span class='ocrx_word' id='word_1_331' title='bbox 2879 2226 3220 2277; x_wconf 86' lang='lat' dir='ltr'>Contestatio.</span> 
     </span>
    </p>
   </div>
   <div class='ocr_carea' id='block_1_49' title="bbox 2296 2307 3878 2380">
    <p class='ocr_par' dir='ltr' id='par_1_49' title="bbox 2296 2307 3878 2380">
     <span class='ocr_line' id='line_1_49' title="bbox 2296 2307 3878 2380; baseline 0.003 -21"><span class='ocrx_word' id='word_1_332' title='bbox 2296 2308 2436 2363; x_wconf 89' lang='lat' dir='ltr'>Vere</span> <span class='ocrx_word' id='word_1_333' title='bbox 2463 2308 2703 2380; x_wconf 88' lang='lat' dir='ltr'>dignum</span> <span class='ocrx_word' id='word_1_334' title='bbox 2730 2313 2786 2362; x_wconf 91' lang='lat' dir='ltr'>et</span> <span class='ocrx_word' id='word_1_335' title='bbox 2803 2309 3024 2379; x_wconf 86' lang='lat' dir='ltr'>justum</span> <span class='ocrx_word' id='word_1_336' title='bbox 3053 2314 3155 2377; x_wconf 90' lang='lat' dir='ltr'>est,</span> <span class='ocrx_word' id='word_1_337' title='bbox 3187 2307 3544 2379; x_wconf 90' lang='lat' dir='ltr'>omnipotens</span> <span class='ocrx_word' id='word_1_338' title='bbox 3572 2308 3742 2378; x_wconf 90' lang='lat' dir='ltr'>Deus,</span> <span class='ocrx_word' id='word_1_339' title='bbox 3773 2324 3878 2380; x_wconf 89' lang='lat' dir='ltr'>per</span> 
     </span>
    </p>
   </div>
   <div class='ocr_carea' id='block_1_50' title="bbox 2226 2402 3874 2466">
    <p class='ocr_par' dir='ltr' id='par_1_50' title="bbox 2226 2402 3874 2466">
     <span class='ocr_line' id='line_1_50' title="bbox 2226 2402 3874 2466; baseline -0.001 -9"><span class='ocrx_word' id='word_1_340' title='bbox 2226 2402 2514 2457; x_wconf 89' lang='lat' dir='ltr'>Christum</span> <span class='ocrx_word' id='word_1_341' title='bbox 2537 2403 2843 2457; x_wconf 90' lang='lat' dir='ltr'>Dominum</span> <span class='ocrx_word' id='word_1_342' title='bbox 2865 2408 3144 2457; x_wconf 89' lang='lat' dir='ltr'>nostrum.</span> <span class='ocrx_word' id='word_1_343' title='bbox 3159 2402 3310 2466; x_wconf 88' lang='lat' dir='ltr'>Quia</span> <span class='ocrx_word' id='word_1_344' title='bbox 3324 2419 3547 2457; x_wconf 90' lang='lat' dir='ltr'>summo</span> <span class='ocrx_word' id='word_1_345' title='bbox 3567 2403 3706 2457; x_wconf 80' lang='lat' dir='ltr'>caelo</span> <span class='ocrx_word' id='word_1_346' title='bbox 3719 2403 3874 2457; x_wconf 86' lang='lat' dir='ltr'>thro-</span> 
     </span>
    </p>
   </div>
   <div class='ocr_carea' id='block_1_51' title="bbox 2224 2496 3873 2568">
    <p class='ocr_par' dir='ltr' id='par_1_51' title="bbox 2224 2496 3873 2568">
     <span class='ocr_line' id='line_1_51' title="bbox 2224 2496 3873 2568; baseline -0.001 -17"><span class='ocrx_word' id='word_1_347' title='bbox 2224 2497 2424 2568; x_wconf 91' lang='lat' dir='ltr'>nisque</span> <span class='ocrx_word' id='word_1_348' title='bbox 2447 2497 2734 2567; x_wconf 86' lang='lat' dir='ltr'>regalibus</span> <span class='ocrx_word' id='word_1_349' title='bbox 2757 2497 2827 2550; x_wconf 93' lang='lat' dir='ltr'>ad</span> <span class='ocrx_word' id='word_1_350' title='bbox 2853 2497 2971 2550; x_wconf 89' lang='lat' dir='ltr'>ima</span> <span class='ocrx_word' id='word_1_351' title='bbox 2997 2497 3361 2566; x_wconf 89' lang='lat' dir='ltr'>descendens,</span> <span class='ocrx_word' id='word_1_352' title='bbox 3404 2496 3581 2551; x_wconf 90' lang='lat' dir='ltr'>Patris</span> <span class='ocrx_word' id='word_1_353' title='bbox 3623 2496 3873 2568; x_wconf 89' lang='lat' dir='ltr'>imperio</span> 
     </span>
    </p>
   </div>
   <div class='ocr_carea' id='block_1_52' title="bbox 2224 2590 3871 2661">
    <p class='ocr_par' dir='ltr' id='par_1_52' title="bbox 2224 2590 3871 2661">
     <span class='ocr_line' id='line_1_52' title="bbox 2224 2590 3871 2661; baseline -0.001 -16"><span class='ocrx_word' id='word_1_354' title='bbox 2224 2608 2396 2645; x_wconf 67' lang='lat' dir='ltr'>sacrae</span> <span class='ocrx_word' id='word_1_355' title='bbox 2422 2591 2605 2645; x_wconf 60' lang='lat' dir='ltr'>Maria)</span> <span class='ocrx_word' id='word_1_356' title='bbox 2629 2595 2792 2646; x_wconf 88' lang='lat' dir='ltr'>utero</span> <span class='ocrx_word' id='word_1_357' title='bbox 2821 2590 3086 2644; x_wconf 86' lang='lat' dir='ltr'>inviolate</span> <span class='ocrx_word' id='word_1_358' title='bbox 3114 2593 3406 2661; x_wconf 89' lang='lat' dir='ltr'>susceptus</span> <span class='ocrx_word' id='word_1_359' title='bbox 3433 2595 3537 2660; x_wconf 92' lang='lat' dir='ltr'>est,</span> <span class='ocrx_word' id='word_1_360' title='bbox 3581 2593 3642 2644; x_wconf 92' lang='lat' dir='ltr'>ut</span> <span class='ocrx_word' id='word_1_361' title='bbox 3670 2590 3871 2644; x_wconf 85' lang='lat' dir='ltr'>misce—</span> 
     </span>
    </p>
   </div>
   <div class='ocr_carea' id='block_1_53' title="bbox 2223 2684 3870 2755">
    <p class='ocr_par' dir='ltr' id='par_1_53' title="bbox 2223 2684 3870 2755">
     <span class='ocr_line' id='line_1_53' title="bbox 2223 2684 3870 2755; baseline 0 -17"><span class='ocrx_word' id='word_1_362' title='bbox 2223 2690 2312 2738; x_wconf 92' lang='lat' dir='ltr'>tor</span> <span class='ocrx_word' id='word_1_363' title='bbox 2340 2698 2366 2738; x_wconf 77' lang='grc'>8</span> <span class='ocrx_word' id='word_1_364' title='bbox 2396 2687 2541 2738; x_wconf 90' lang='lat' dir='ltr'>Deus</span> <span class='ocrx_word' id='word_1_365' title='bbox 2569 2684 2853 2751; x_wconf 90' lang='lat' dir='ltr'>elementi,</span> <span class='ocrx_word' id='word_1_366' title='bbox 2873 2684 3089 2755; x_wconf 88' lang='lat' dir='ltr'>sucepit</span> <span class='ocrx_word' id='word_1_367' title='bbox 3114 2684 3373 2738; x_wconf 89' lang='lat' dir='ltr'>membra</span> <span class='ocrx_word' id='word_1_368' title='bbox 3398 2684 3681 2753; x_wconf 87' lang='lat' dir='ltr'>mortalia,</span> <span class='ocrx_word' id='word_1_369' title='bbox 3711 2701 3870 2738; x_wconf 90' lang='lat' dir='ltr'>sum-</span> 
     </span>
    </p>
   </div>
   <div class='ocr_carea' id='block_1_54' title="bbox 2223 2778 3872 2848">
    <p class='ocr_par' dir='ltr' id='par_1_54' title="bbox 2223 2778 3872 2848">
     <span class='ocr_line' id='line_1_54' title="bbox 2223 2778 3872 2848; baseline 0 -16"><span class='ocrx_word' id='word_1_370' title='bbox 2223 2780 2294 2833; x_wconf 91' lang='lat' dir='ltr'>sit</span> <span class='ocrx_word' id='word_1_371' title='bbox 2319 2779 2502 2834; x_wconf 90' lang='lat' dir='ltr'>carnis</span> <span class='ocrx_word' id='word_1_372' title='bbox 2533 2778 2742 2848; x_wconf 91' lang='lat' dir='ltr'>injuria</span> <span class='ocrx_word' id='word_1_373' title='bbox 2768 2778 3044 2833; x_wconf 86' lang='lat' dir='ltr'>liberandi</span> <span class='ocrx_word' id='word_1_374' title='bbox 3079 2778 3324 2832; x_wconf 87' lang='lat' dir='ltr'>hominis</span> <span class='ocrx_word' id='word_1_375' title='bbox 3350 2783 3499 2833; x_wconf 86' lang='lat' dir='ltr'>vota.</span> <span class='ocrx_word' id='word_1_376' title='bbox 3540 2778 3772 2833; x_wconf 85' lang='lat' dir='ltr'>Jacebat</span> <span class='ocrx_word' id='word_1_377' title='bbox 3816 2779 3872 2832; x_wconf 91' lang='lat' dir='ltr'>in</span> 
     </span>
    </p>
   </div>
   <div class='ocr_carea' id='block_1_55' title="bbox 2222 2872 3863 2946">
    <p class='ocr_par' dir='ltr' id='par_1_55' title="bbox 2222 2872 3863 2946">
     <span class='ocr_line' id='line_1_55' title="bbox 2222 2872 3863 2946; baseline -0.001 -20"><span class='ocrx_word' id='word_1_378' title='bbox 2222 2873 2447 2946; x_wconf 89' lang='lat' dir='ltr'>pannis,</span> <span class='ocrx_word' id='word_1_379' title='bbox 2476 2872 2730 2943; x_wconf 88' lang='lat' dir='ltr'>fulgebat</span> <span class='ocrx_word' id='word_1_380' title='bbox 2757 2873 2816 2926; x_wconf 88' lang='lat' dir='ltr'>in</span> <span class='ocrx_word' id='word_1_381' title='bbox 2841 2873 3032 2927; x_wconf 87' lang='lat' dir='ltr'>stellis.</span> <span class='ocrx_word' id='word_1_382' title='bbox 3062 2873 3201 2928; x_wconf 89' lang='lat' dir='ltr'>Caro</span> <span class='ocrx_word' id='word_1_383' title='bbox 3229 2877 3313 2926; x_wconf 92' lang='lat' dir='ltr'>est</span> <span class='ocrx_word' id='word_1_384' title='bbox 3341 2873 3492 2943; x_wconf 90' lang='lat' dir='ltr'>quod</span> <span class='ocrx_word' id='word_1_385' title='bbox 3519 2872 3863 2927; x_wconf 87' lang='lat' dir='ltr'>involvitur:</span> 
     </span>
    </p>
   </div>
   <div class='ocr_carea' id='block_1_56' title="bbox 2221 2966 3862 3038">
    <p class='ocr_par' dir='ltr' id='par_1_56' title="bbox 2221 2966 3862 3038">
     <span class='ocr_line' id='line_1_56' title="bbox 2221 2966 3862 3038; baseline -0.001 -18"><span class='ocrx_word' id='word_1_386' title='bbox 2221 2967 2503 3036; x_wconf 83' lang='lat' dir='ltr'>divinitas,</span> <span class='ocrx_word' id='word_1_387' title='bbox 2533 2966 2620 3021; x_wconf 90' lang='lat' dir='ltr'>cui</span> <span class='ocrx_word' id='word_1_388' title='bbox 2648 2966 2718 3020; x_wconf 91' lang='lat' dir='ltr'>ab</span> <span class='ocrx_word' id='word_1_389' title='bbox 2742 2967 2960 3038; x_wconf 89' lang='lat' dir='ltr'>angelis</span> <span class='ocrx_word' id='word_1_390' title='bbox 2989 2967 3366 3021; x_wconf 88' lang='lat' dir='ltr'>ministratur.</span> <span class='ocrx_word' id='word_1_391' title='bbox 3403 2968 3535 3020; x_wconf 87' lang='lat' dir='ltr'>Erat</span> <span class='ocrx_word' id='word_1_392' title='bbox 3564 2966 3786 3037; x_wconf 88' lang='lat' dir='ltr'>positus</span> <span class='ocrx_word' id='word_1_393' title='bbox 3804 2967 3862 3019; x_wconf 91' lang='lat' dir='ltr'>in</span> 
     </span>
    </p>
   </div>
   <div class='ocr_carea' id='block_1_57' title="bbox 473 3059 3869 3145">
    <p class='ocr_par' dir='ltr' id='par_1_57' title="bbox 473 3059 3869 3145">
     <span class='ocr_line' id='line_1_57' title="bbox 473 3059 3869 3145; baseline 0.001 -16"><span class='ocrx_word' id='word_1_394' title='bbox 473 3091 574 3129; x_wconf 89' lang='lat' dir='ltr'>nes</span> <span class='ocrx_word' id='word_1_395' title='bbox 593 3079 794 3129; x_wconf 64' lang='lat' dir='ltr'>vestra:</span> <span class='ocrx_word' id='word_1_396' title='bbox 825 3075 1180 3128; x_wconf 90' lang='lat' dir='ltr'>innotescant</span> <span class='ocrx_word' id='word_1_397' title='bbox 1205 3073 1356 3144; x_wconf 90' lang='lat' dir='ltr'>apud</span> <span class='ocrx_word' id='word_1_398' title='bbox 1386 3075 1583 3128; x_wconf 91' lang='lat' dir='ltr'>Deum.</span> <span class='ocrx_word' id='word_1_399' title='bbox 1608 3074 1673 3127; x_wconf 90' lang='lat' dir='ltr'>Et</span> <span class='ocrx_word' id='word_1_400' title='bbox 1700 3091 1810 3144; x_wconf 89' lang='lat' dir='ltr'>pax</span> <span class='ocrx_word' id='word_1_401' title='bbox 1841 3074 1959 3143; x_wconf 88' lang='lat' dir='ltr'>Dei,</span> <span class='ocrx_word' id='word_1_402' title='bbox 1990 3091 2119 3145; x_wconf 74' lang='lat' dir='ltr'>quae</span> <span class='ocrx_word' id='word_1_403' title='bbox 2218 3061 2520 3132; x_wconf 62' lang='lat' dir='ltr'>PF‘BSePiO,</span> <span class='ocrx_word' id='word_1_404' title='bbox 2562 3061 2658 3115; x_wconf 74' lang='lat' dir='ltr'>Sed</span> <span class='ocrx_word' id='word_1_405' title='bbox 2712 3059 2888 3114; x_wconf 63' lang='lat' dir='ltr'>Virtus</span> <span class='ocrx_word' id='word_1_406' title='bbox 2928 3060 3050 3131; x_wconf 66' lang='lat' dir='ltr'>elus</span> <span class='ocrx_word' id='word_1_407' title='bbox 3096 3061 3436 3131; x_wconf 65' lang='lat' dir='ltr'>Operabatur</span> <span class='ocrx_word' id='word_1_408' title='bbox 3474 3061 3534 3114; x_wconf 69' lang='lat' dir='ltr'>in</span> <span class='ocrx_word' id='word_1_409' title='bbox 3578 3060 3748 3114; x_wconf 52' lang='lat' dir='ltr'>Wlis-</span> <span class='ocrx_word' id='word_1_410' title='bbox 3811 3062 3869 3113; x_wconf 80' lang='grc' dir='ltr'>ῙΠ</span> 
     </span>
    </p>
   </div>
   <div class='ocr_carea' id='block_1_58' title="bbox 474 3153 3871 3239">
    <p class='ocr_par' dir='ltr' id='par_1_58' title="bbox 474 3153 3871 3239">
     <span class='ocr_line' id='line_1_58' title="bbox 474 3153 3871 3239; baseline 0.001 -17"><span class='ocrx_word' id='word_1_411' title='bbox 474 3173 705 3239; x_wconf 91' lang='lat' dir='ltr'>superat</span> <span class='ocrx_word' id='word_1_412' title='bbox 747 3184 977 3222; x_wconf 89' lang='lat' dir='ltr'>omnem</span> <span class='ocrx_word' id='word_1_413' title='bbox 1017 3185 1268 3234; x_wconf 90' lang='lat' dir='ltr'>sensum,</span> <span class='ocrx_word' id='word_1_414' title='bbox 1320 3168 1595 3222; x_wconf 88' lang='lat' dir='ltr'>custodiat</span> <span class='ocrx_word' id='word_1_415' title='bbox 1633 3168 1799 3222; x_wconf 89' lang='lat' dir='ltr'>corda</span> <span class='ocrx_word' id='word_1_416' title='bbox 1843 3171 2025 3222; x_wconf 86' lang='lat' dir='ltr'>vestra</span> <span class='ocrx_word' id='word_1_417' title='bbox 2067 3165 2196 3238; x_wconf 84' lang='lat' dir='ltr'>etC</span> <span class='ocrx_word' id='word_1_418' title='bbox 2222 3155 2516 3209; x_wconf 67' lang='lat' dir='ltr'>cunablﬂis</span> <span class='ocrx_word' id='word_1_419' title='bbox 2545 3154 2784 3225; x_wconf 65' lang='lat' dir='ltr'>iacebat:</span> <span class='ocrx_word' id='word_1_420' title='bbox 2807 3159 2864 3209; x_wconf 68' lang='lat' dir='ltr'>et</span> <span class='ocrx_word' id='word_1_421' title='bbox 2883 3171 3128 3225; x_wconf 69' lang='lat' dir='ltr'>regnum</span> <span class='ocrx_word' id='word_1_422' title='bbox 3156 3155 3376 3208; x_wconf 50' lang='lat'>033135“?</span> <span class='ocrx_word' id='word_1_423' title='bbox 3404 3153 3664 3208; x_wconf 66' lang='lat' dir='ltr'>donabat-</span> <span class='ocrx_word' id='word_1_424' title='bbox 3695 3155 3871 3209; x_wconf 66' lang='lat' dir='ltr'>Natus</span> 
     </span>
    </p>
   </div>
   <div class='ocr_carea' id='block_1_59' title="bbox 474 3261 1623 3332">
    <p class='ocr_par' dir='ltr' id='par_1_59' title="bbox 474 3261 1623 3332">
     <span class='ocr_line' id='line_1_59' title="bbox 474 3261 1623 3332; baseline 0 -17"><span class='ocrx_word' id='word_1_425' title='bbox 474 3261 878 3332; x_wconf 86' lang='lat' dir='ltr'>intelligentias</span> <span class='ocrx_word' id='word_1_426' title='bbox 902 3265 1111 3315; x_wconf 89' lang='lat' dir='ltr'>vestras</span> <span class='ocrx_word' id='word_1_427' title='bbox 1137 3262 1197 3314; x_wconf 90' lang='lat' dir='ltr'>in</span> <span class='ocrx_word' id='word_1_428' title='bbox 1225 3261 1446 3315; x_wconf 90' lang='lat' dir='ltr'>Christo</span> <span class='ocrx_word' id='word_1_429' title='bbox 1475 3263 1623 3316; x_wconf 85' lang='lat' dir='ltr'>Jcsu.</span> 
     </span>
    </p>
   </div>
   <div class='ocr_carea' id='block_1_60' title="bbox 631 3353 1962 3417">
    <p class='ocr_par' dir='ltr' id='par_1_60' title="bbox 631 3353 1962 3417">
     <span class='ocr_line' id='line_1_60' title="bbox 631 3353 1962 3417; baseline 0 -13"><span class='ocrx_word' id='word_1_430' title='bbox 631 3355 806 3404; x_wconf 87' lang='lat' dir='ltr'>Lectio</span> <span class='ocrx_word' id='word_1_431' title='bbox 837 3354 1002 3402; x_wconf 85' lang='lat' dir='ltr'>sancti</span> <span class='ocrx_word' id='word_1_432' title='bbox 1026 3354 1298 3417; x_wconf 78' lang='lat' dir='ltr'>Evangelii</span> <span class='ocrx_word' id='word_1_433' title='bbox 1325 3353 1616 3404; x_wconf 87' lang='lat' dir='ltr'>secundum</span> <span class='ocrx_word' id='word_1_434' title='bbox 1646 3353 1962 3404; x_wconf 79' lang='lat' dir='ltr'>Matthaeum.</span> 
     </span>
    </p>
   </div>
   <div class='ocr_carea' id='block_1_61' title="bbox 546 3433 2116 3505">
    <p class='ocr_par' dir='ltr' id='par_1_61' title="bbox 546 3433 2116 3505">
     <span class='ocr_line' id='line_1_61' title="bbox 546 3433 2116 3505; baseline -0.001 -16"><span class='ocrx_word' id='word_1_435' title='bbox 546 3434 668 3490; x_wconf 89' lang='lat' dir='ltr'>Sint</span> <span class='ocrx_word' id='word_1_436' title='bbox 694 3433 873 3488; x_wconf 91' lang='lat' dir='ltr'>lumbi</span> <span class='ocrx_word' id='word_1_437' title='bbox 901 3434 1068 3488; x_wconf 90' lang='lat' dir='ltr'>vestri</span> <span class='ocrx_word' id='word_1_438' title='bbox 1097 3434 1408 3505; x_wconf 80' lang='lat' dir='ltr'>praecincti,</span> <span class='ocrx_word' id='word_1_439' title='bbox 1426 3440 1482 3489; x_wconf 91' lang='lat' dir='ltr'>et</span> <span class='ocrx_word' id='word_1_440' title='bbox 1507 3435 1752 3490; x_wconf 65' lang='lat' dir='ltr'>lucernae</span> <span class='ocrx_word' id='word_1_441' title='bbox 1779 3436 2040 3492; x_wconf 87' lang='lat' dir='ltr'>ardentes</span> <span class='ocrx_word' id='word_1_442' title='bbox 2057 3435 2081 3475; x_wconf 77' lang='grc' dir='ltr'><em>ἀ</em></span> <span class='ocrx_word' id='word_1_443' title='bbox 2104 3453 2116 3488; x_wconf 93' lang='lat'><strong>:</strong></span> 
     </span>
    </p>
   </div>
   <div class='ocr_carea' id='block_1_62' title="bbox 475 3527 2116 3600">
    <p class='ocr_par' dir='ltr' id='par_1_62' title="bbox 475 3527 2116 3600">
     <span class='ocr_line' id='line_1_62' title="bbox 475 3527 2116 3600; baseline -0.002 -14"><span class='ocrx_word' id='word_1_444' title='bbox 475 3539 532 3586; x_wconf 89' lang='lat' dir='ltr'>et</span> <span class='ocrx_word' id='word_1_445' title='bbox 578 3545 675 3583; x_wconf 90' lang='lat' dir='ltr'>vos</span> <span class='ocrx_word' id='word_1_446' title='bbox 730 3527 938 3583; x_wconf 88' lang='lat' dir='ltr'>similes</span> <span class='ocrx_word' id='word_1_447' title='bbox 992 3528 1298 3582; x_wconf 90' lang='lat' dir='ltr'>homnibus</span> <span class='ocrx_word' id='word_1_448' title='bbox 1349 3530 1775 3600; x_wconf 81' lang='lat' dir='ltr'>expectantibus</span> <span class='ocrx_word' id='word_1_449' title='bbox 1819 3529 2116 3584; x_wconf 90' lang='lat' dir='ltr'>dominum</span> 
     </span>
    </p>
   </div>
   <div class='ocr_carea' id='block_1_63' title="bbox 475 3623 2122 3694">
    <p class='ocr_par' dir='ltr' id='par_1_63' title="bbox 475 3623 2122 3694">
     <span class='ocr_line' id='line_1_63' title="bbox 475 3623 2122 3694; baseline 0 -15"><span class='ocrx_word' id='word_1_450' title='bbox 475 3641 664 3693; x_wconf 88' lang='lat' dir='ltr'>suum,</span> <span class='ocrx_word' id='word_1_451' title='bbox 697 3623 925 3694; x_wconf 90' lang='lat' dir='ltr'>quando</span> <span class='ocrx_word' id='word_1_452' title='bbox 954 3625 1275 3677; x_wconf 86' lang='lat' dir='ltr'>revertatur</span> <span class='ocrx_word' id='word_1_453' title='bbox 1300 3641 1331 3676; x_wconf 91' lang='lat' dir='ltr'>a</span> <span class='ocrx_word' id='word_1_454' title='bbox 1361 3623 1592 3694; x_wconf 86' lang='lat' dir='ltr'>nuptiis,</span> <span class='ocrx_word' id='word_1_455' title='bbox 1636 3629 1700 3677; x_wconf 91' lang='lat' dir='ltr'>ut</span> <span class='ocrx_word' id='word_1_456' title='bbox 1735 3641 1865 3678; x_wconf 91' lang='lat' dir='ltr'>cum</span> <span class='ocrx_word' id='word_1_457' title='bbox 1903 3624 2122 3679; x_wconf 89' lang='lat' dir='ltr'>venerit</span> 
     </span>
    </p>
   </div>
   <div class='ocr_carea' id='block_1_64' title="bbox 475 3716 2119 3789">
    <p class='ocr_par' dir='ltr' id='par_1_64' title="bbox 475 3716 2119 3789">
     <span class='ocr_line' id='line_1_64' title="bbox 475 3716 2119 3789; baseline -0.001 -17"><span class='ocrx_word' id='word_1_458' title='bbox 475 3721 532 3772; x_wconf 89' lang='lat' dir='ltr'>et</span> <span class='ocrx_word' id='word_1_459' title='bbox 558 3716 881 3789; x_wconf 87' lang='lat' dir='ltr'>pulsaverit,</span> <span class='ocrx_word' id='word_1_460' title='bbox 915 3716 1213 3770; x_wconf 88' lang='lat' dir='ltr'>confestim</span> <span class='ocrx_word' id='word_1_461' title='bbox 1239 3716 1496 3787; x_wconf 89' lang='lat' dir='ltr'>aperiant</span> <span class='ocrx_word' id='word_1_462' title='bbox 1532 3717 1601 3770; x_wconf 89' lang='lat' dir='ltr'>ei.</span> <span class='ocrx_word' id='word_1_463' title='bbox 1637 3717 1791 3771; x_wconf 87' lang='lat' dir='ltr'>Beati</span> <span class='ocrx_word' id='word_1_464' title='bbox 1814 3723 1946 3773; x_wconf 90' lang='lat' dir='ltr'>sunt</span> <span class='ocrx_word' id='word_1_465' title='bbox 1975 3718 2119 3772; x_wconf 88' lang='lat' dir='ltr'>servi</span> 
     </span>
    </p>
   </div>
   <div class='ocr_carea' id='block_1_65' title="bbox 473 3809 2115 3884">
    <p class='ocr_par' dir='ltr' id='par_1_65' title="bbox 473 3809 2115 3884">
     <span class='ocr_line' id='line_1_65' title="bbox 473 3809 2115 3884; baseline 0.001 -19"><span class='ocrx_word' id='word_1_466' title='bbox 473 3811 575 3880; x_wconf 90' lang='lat' dir='ltr'>illi,</span> <span class='ocrx_word' id='word_1_467' title='bbox 605 3828 765 3882; x_wconf 90' lang='lat' dir='ltr'>quos,</span> <span class='ocrx_word' id='word_1_468' title='bbox 795 3827 926 3866; x_wconf 91' lang='lat' dir='ltr'>cum</span> <span class='ocrx_word' id='word_1_469' title='bbox 946 3809 1163 3864; x_wconf 91' lang='lat' dir='ltr'>venerit</span> <span class='ocrx_word' id='word_1_470' title='bbox 1187 3810 1471 3880; x_wconf 90' lang='lat' dir='ltr'>dominus,</span> <span class='ocrx_word' id='word_1_471' title='bbox 1501 3810 1783 3866; x_wconf 88' lang='lat' dir='ltr'>invenerit</span> <span class='ocrx_word' id='word_1_472' title='bbox 1797 3812 2115 3884; x_wconf 88' lang='lat' dir='ltr'>vigilantes.</span> 
     </span>
    </p>
   </div>
   <div class='ocr_carea' id='block_1_66' title="bbox 473 3904 2118 3976">
    <p class='ocr_par' dir='ltr' id='par_1_66' title="bbox 473 3904 2118 3976">
     <span class='ocr_line' id='line_1_66' title="bbox 473 3904 2118 3976; baseline 0.001 -16"><span class='ocrx_word' id='word_1_473' title='bbox 473 3907 653 3960; x_wconf 86' lang='lat' dir='ltr'>Amen</span> <span class='ocrx_word' id='word_1_474' title='bbox 697 3905 820 3960; x_wconf 92' lang='lat' dir='ltr'>dico</span> <span class='ocrx_word' id='word_1_475' title='bbox 858 3905 1032 3974; x_wconf 88' lang='lat' dir='ltr'>vobis,</span> <span class='ocrx_word' id='word_1_476' title='bbox 1082 3904 1237 3975; x_wconf 91' lang='lat' dir='ltr'>quod</span> <span class='ocrx_word' id='word_1_477' title='bbox 1280 3905 1584 3976; x_wconf 74' lang='lat' dir='ltr'>praecingit</span> <span class='ocrx_word' id='word_1_478' title='bbox 1632 3923 1710 3974; x_wconf 88' lang='lat' dir='ltr'>se,</span> <span class='ocrx_word' id='word_1_479' title='bbox 1759 3910 1814 3961; x_wconf 91' lang='lat' dir='ltr'>et</span> <span class='ocrx_word' id='word_1_480' title='bbox 1847 3907 1979 3961; x_wconf 88' lang='lat' dir='ltr'>facit</span> <span class='ocrx_word' id='word_1_481' title='bbox 1998 3907 2118 3961; x_wconf 92' lang='lat' dir='ltr'>illos</span> 
     </span>
    </p>
   </div>
   <div class='ocr_carea' id='block_1_67' title="bbox 474 3998 1758 4068">
    <p class='ocr_par' dir='ltr' id='par_1_67' title="bbox 474 3998 1758 4068">
     <span class='ocr_line' id='line_1_67' title="bbox 474 3998 1758 4068; baseline 0 -15"><span class='ocrx_word' id='word_1_482' title='bbox 474 3998 847 4068; x_wconf 88' lang='lat' dir='ltr'>discumbere,</span> <span class='ocrx_word' id='word_1_483' title='bbox 881 4004 936 4053; x_wconf 90' lang='lat' dir='ltr'>et</span> <span class='ocrx_word' id='word_1_484' title='bbox 955 3998 1234 4053; x_wconf 89' lang='lat' dir='ltr'>transiens</span> <span class='ocrx_word' id='word_1_485' title='bbox 1262 3998 1608 4053; x_wconf 88' lang='lat' dir='ltr'>ministrabit</span> <span class='ocrx_word' id='word_1_486' title='bbox 1629 4000 1758 4054; x_wconf 90' lang='lat' dir='ltr'>illis.</span> 
     </span>
    </p>
   </div>
   <div class='ocr_carea' id='block_1_68' title="bbox 1066 4105 1530 4147">
    <p class='ocr_par' dir='ltr' id='par_1_68' title="bbox 1066 4105 1530 4147">
     <span class='ocr_line' id='line_1_68' title="bbox 1066 4105 1530 4147; baseline 0.006 -3"><span class='ocrx_word' id='word_1_487' title='bbox 1066 4107 1261 4146; x_wconf 77' lang='lat' dir='ltr'><strong>INCIPIT</strong></span> <span class='ocrx_word' id='word_1_488' title='bbox 1293 4108 1450 4147; x_wconf 72' lang='lat' dir='ltr'>MISSA</span> <span class='ocrx_word' id='word_1_489' title='bbox 1488 4105 1530 4146; x_wconf 81' lang='grc' dir='ltr'>θ.</span> 
     </span>
    </p>
   </div>
   <div class='ocr_carea' id='block_1_69' title="bbox 545 4183 2116 4256">
    <p class='ocr_par' dir='ltr' id='par_1_69' title="bbox 545 4183 2116 4256">
     <span class='ocr_line' id='line_1_69' title="bbox 545 4183 2116 4256; baseline 0.001 -17"><span class='ocrx_word' id='word_1_490' title='bbox 545 4184 854 4239; x_wconf 86' lang='lat' dir='ltr'>Misericors</span> <span class='ocrx_word' id='word_1_491' title='bbox 904 4200 966 4237; x_wconf 90' lang='lat' dir='ltr'>ac</span> <span class='ocrx_word' id='word_1_492' title='bbox 1010 4183 1261 4255; x_wconf 89' lang='lat' dir='ltr'>piissime</span> <span class='ocrx_word' id='word_1_493' title='bbox 1304 4185 1470 4252; x_wconf 90' lang='lat' dir='ltr'>Deus,</span> <span class='ocrx_word' id='word_1_494' title='bbox 1523 4185 1683 4256; x_wconf 89' lang='lat' dir='ltr'>cujus</span> <span class='ocrx_word' id='word_1_495' title='bbox 1728 4185 2011 4240; x_wconf 89' lang='lat' dir='ltr'>voluntate</span> <span class='ocrx_word' id='word_1_496' title='bbox 2053 4204 2116 4240; x_wconf 91' lang='lat' dir='ltr'>ac</span> 
     </span>
    </p>
   </div>
   <div class='ocr_carea' id='block_1_70' title="bbox 474 4277 2114 4337">
    <p class='ocr_par' dir='ltr' id='par_1_70' title="bbox 474 4277 2114 4337">
     <span class='ocr_line' id='line_1_70' title="bbox 474 4277 2114 4337; baseline 0.002 -4"><span class='ocrx_word' id='word_1_497' title='bbox 474 4294 711 4334; x_wconf 88' lang='lat' dir='ltr'>munere</span> <span class='ocrx_word' id='word_1_498' title='bbox 760 4277 1028 4332; x_wconf 90' lang='lat' dir='ltr'>Dominus</span> <span class='ocrx_word' id='word_1_499' title='bbox 1074 4283 1265 4333; x_wconf 89' lang='lat' dir='ltr'>noster</span> <span class='ocrx_word' id='word_1_500' title='bbox 1300 4281 1458 4332; x_wconf 87' lang='lat' dir='ltr'>Jesus</span> <span class='ocrx_word' id='word_1_501' title='bbox 1501 4280 1754 4333; x_wconf 88' lang='lat' dir='ltr'>Christus</span> <span class='ocrx_word' id='word_1_502' title='bbox 1795 4280 1865 4334; x_wconf 90' lang='lat' dir='ltr'>ad</span> <span class='ocrx_word' id='word_1_503' title='bbox 1904 4280 2008 4335; x_wconf 89' lang='lat' dir='ltr'>hoc</span> <span class='ocrx_word' id='word_1_504' title='bbox 2057 4298 2114 4337; x_wconf 89' lang='lat' dir='ltr'>se</span> 
     </span>
    </p>
   </div>
   <div class='ocr_carea' id='block_1_71' title="bbox 474 4372 2120 4444">
    <p class='ocr_par' dir='ltr' id='par_1_71' title="bbox 474 4372 2120 4444">
     <span class='ocr_line' id='line_1_71' title="bbox 474 4372 2120 4444; baseline 0.002 -17"><span class='ocrx_word' id='word_1_505' title='bbox 474 4372 814 4439; x_wconf 89' lang='lat' dir='ltr'>humiliavit,</span> <span class='ocrx_word' id='word_1_506' title='bbox 863 4377 926 4427; x_wconf 90' lang='lat' dir='ltr'>ut</span> <span class='ocrx_word' id='word_1_507' title='bbox 956 4375 1140 4425; x_wconf 91' lang='lat' dir='ltr'>totum</span> <span class='ocrx_word' id='word_1_508' title='bbox 1188 4389 1366 4443; x_wconf 90' lang='lat' dir='ltr'>genus</span> <span class='ocrx_word' id='word_1_509' title='bbox 1393 4373 1669 4427; x_wconf 81' lang='lat' dir='ltr'>exaltaret</span> <span class='ocrx_word' id='word_1_510' title='bbox 1694 4374 2031 4444; x_wconf 90' lang='lat' dir='ltr'>humanum,</span> <span class='ocrx_word' id='word_1_511' title='bbox 2062 4381 2120 4431; x_wconf 87' lang='lat' dir='ltr'>et</span> 
     </span>
    </p>
   </div>
   <div class='ocr_carea' id='block_1_72' title="bbox 473 4465 2114 4539">
    <p class='ocr_par' dir='ltr' id='par_1_72' title="bbox 473 4465 2114 4539">
     <span class='ocr_line' id='line_1_72' title="bbox 473 4465 2114 4539; baseline 0.002 -19"><span class='ocrx_word' id='word_1_512' title='bbox 473 4466 600 4522; x_wconf 90' lang='lat' dir='ltr'>ideo</span> <span class='ocrx_word' id='word_1_513' title='bbox 626 4466 696 4521; x_wconf 90' lang='lat' dir='ltr'>ad</span> <span class='ocrx_word' id='word_1_514' title='bbox 722 4466 834 4520; x_wconf 86' lang='lat' dir='ltr'>ima</span> <span class='ocrx_word' id='word_1_515' title='bbox 863 4465 1230 4531; x_wconf 88' lang='lat' dir='ltr'>descenderit,</span> <span class='ocrx_word' id='word_1_516' title='bbox 1260 4470 1324 4520; x_wconf 89' lang='lat' dir='ltr'>ut</span> <span class='ocrx_word' id='word_1_517' title='bbox 1368 4467 1606 4520; x_wconf 90' lang='lat' dir='ltr'>humilia</span> <span class='ocrx_word' id='word_1_518' title='bbox 1645 4467 1975 4524; x_wconf 90' lang='lat' dir='ltr'>sublimaret</span> <span class='ocrx_word' id='word_1_519' title='bbox 1995 4487 2011 4539; x_wconf 90' lang='lat'>;</span> <span class='ocrx_word' id='word_1_520' title='bbox 2051 4487 2114 4524; x_wconf 89' lang='lat' dir='ltr'>ac</span> 
     </span>
    </p>
   </div>
   <div class='ocr_carea' id='block_1_73' title="bbox 2223 3247 3869 3320">
    <p class='ocr_par' dir='ltr' id='par_1_73' title="bbox 2223 3247 3869 3320">
     <span class='ocr_line' id='line_1_73' title="bbox 2223 3247 3869 3320; baseline -0.001 -17"><span class='ocrx_word' id='word_1_521' title='bbox 2223 3254 2306 3303; x_wconf 91' lang='lat' dir='ltr'>est</span> <span class='ocrx_word' id='word_1_522' title='bbox 2329 3249 2489 3303; x_wconf 93' lang='lat' dir='ltr'>nobis</span> <span class='ocrx_word' id='word_1_523' title='bbox 2511 3249 2785 3317; x_wconf 88' lang='lat' dir='ltr'>Christus,</span> <span class='ocrx_word' id='word_1_524' title='bbox 2815 3248 3188 3302; x_wconf 87' lang='lat' dir='ltr'>inluminatus</span> <span class='ocrx_word' id='word_1_525' title='bbox 3215 3251 3300 3302; x_wconf 88' lang='lat' dir='ltr'>est</span> <span class='ocrx_word' id='word_1_526' title='bbox 3328 3247 3595 3302; x_wconf 90' lang='lat' dir='ltr'>mundus.</span> <span class='ocrx_word' id='word_1_527' title='bbox 3623 3248 3869 3320; x_wconf 86' lang='lat' dir='ltr'>Innupta</span> 
     </span>
    </p>
   </div>
   <div class='ocr_carea' id='block_1_74' title="bbox 2221 3342 3868 3415">
    <p class='ocr_par' dir='ltr' id='par_1_74' title="bbox 2221 3342 3868 3415">
     <span class='ocr_line' id='line_1_74' title="bbox 2221 3342 3868 3415; baseline 0.001 -19"><span class='ocrx_word' id='word_1_528' title='bbox 2221 3345 2460 3415; x_wconf 89' lang='lat' dir='ltr'>peperit,</span> <span class='ocrx_word' id='word_1_529' title='bbox 2491 3342 2588 3396; x_wconf 87' lang='lat' dir='ltr'>sed</span> <span class='ocrx_word' id='word_1_530' title='bbox 2630 3343 2792 3413; x_wconf 89' lang='lat' dir='ltr'>virgo</span> <span class='ocrx_word' id='word_1_531' title='bbox 2830 3343 3114 3413; x_wconf 84' lang='lat' dir='ltr'>concepit;</span> <span class='ocrx_word' id='word_1_532' title='bbox 3165 3342 3234 3396; x_wconf 92' lang='lat' dir='ltr'>de</span> <span class='ocrx_word' id='word_1_533' title='bbox 3273 3343 3394 3395; x_wconf 92' lang='lat' dir='ltr'>viro</span> <span class='ocrx_word' id='word_1_534' title='bbox 3432 3359 3600 3413; x_wconf 88' lang='lat' dir='ltr'>pura,</span> <span class='ocrx_word' id='word_1_535' title='bbox 3640 3342 3709 3397; x_wconf 91' lang='lat' dir='ltr'>de</span> <span class='ocrx_word' id='word_1_536' title='bbox 3749 3343 3868 3397; x_wconf 85' lang='lat' dir='ltr'>tilio</span> 
     </span>
    </p>
   </div>
   <div class='ocr_carea' id='block_1_75' title="bbox 2223 3435 3867 3507">
    <p class='ocr_par' dir='ltr' id='par_1_75' title="bbox 2223 3435 3867 3507">
     <span class='ocr_line' id='line_1_75' title="bbox 2223 3435 3867 3507; baseline 0.001 -17"><span class='ocrx_word' id='word_1_537' title='bbox 2223 3437 2486 3507; x_wconf 88' lang='lat' dir='ltr'>gloriosa.</span> <span class='ocrx_word' id='word_1_538' title='bbox 2517 3436 2743 3506; x_wconf 84' lang='lat' dir='ltr'>Accepit</span> <span class='ocrx_word' id='word_1_539' title='bbox 2769 3452 2976 3491; x_wconf 90' lang='lat' dir='ltr'>nomen</span> <span class='ocrx_word' id='word_1_540' title='bbox 2999 3436 3215 3503; x_wconf 88' lang='lat' dir='ltr'>matris,</span> <span class='ocrx_word' id='word_1_541' title='bbox 3241 3435 3337 3490; x_wconf 90' lang='lat' dir='ltr'>sed</span> <span class='ocrx_word' id='word_1_542' title='bbox 3363 3453 3476 3490; x_wconf 90' lang='lat' dir='ltr'>non</span> <span class='ocrx_word' id='word_1_543' title='bbox 3493 3436 3696 3491; x_wconf 87' lang='lat' dir='ltr'>habuit</span> <span class='ocrx_word' id='word_1_544' title='bbox 3714 3437 3867 3492; x_wconf 88' lang='lat' dir='ltr'>thro-</span> 
     </span>
    </p>
   </div>
   <div class='ocr_carea' id='block_1_76' title="bbox 2219 3529 3862 3602">
    <p class='ocr_par' dir='ltr' id='par_1_76' title="bbox 2219 3529 3862 3602">
     <span class='ocr_line' id='line_1_76' title="bbox 2219 3529 3862 3602; baseline -0.001 -17"><span class='ocrx_word' id='word_1_545' title='bbox 2219 3548 2359 3585; x_wconf 92' lang='lat' dir='ltr'>num</span> <span class='ocrx_word' id='word_1_546' title='bbox 2390 3530 2603 3585; x_wconf 86' lang='lat' dir='ltr'>uxoris.</span> <span class='ocrx_word' id='word_1_547' title='bbox 2632 3532 2738 3585; x_wconf 89' lang='lat' dir='ltr'>Per</span> <span class='ocrx_word' id='word_1_548' title='bbox 2778 3531 2938 3600; x_wconf 90' lang='lat' dir='ltr'>cujus</span> <span class='ocrx_word' id='word_1_549' title='bbox 2972 3529 3325 3585; x_wconf 89' lang='lat' dir='ltr'>nativitatem</span> <span class='ocrx_word' id='word_1_550' title='bbox 3359 3530 3718 3602; x_wconf 85' lang='lat' dir='ltr'>indulgentia</span> <span class='ocrx_word' id='word_1_551' title='bbox 3754 3533 3862 3586; x_wconf 89' lang='lat' dir='ltr'>cri-</span> 
     </span>
    </p>
   </div>
   <div class='ocr_carea' id='block_1_77' title="bbox 2221 3624 3866 3696">
    <p class='ocr_par' dir='ltr' id='par_1_77' title="bbox 2221 3624 3866 3696">
     <span class='ocr_line' id='line_1_77' title="bbox 2221 3624 3866 3696; baseline 0.001 -18"><span class='ocrx_word' id='word_1_552' title='bbox 2221 3624 2443 3679; x_wconf 92' lang='lat' dir='ltr'>minum</span> <span class='ocrx_word' id='word_1_553' title='bbox 2469 3624 2812 3693; x_wconf 89' lang='lat' dir='ltr'>conceditur,</span> <span class='ocrx_word' id='word_1_554' title='bbox 2841 3628 2898 3678; x_wconf 89' lang='lat' dir='ltr'>et</span> <span class='ocrx_word' id='word_1_555' title='bbox 2933 3625 3268 3680; x_wconf 89' lang='lat' dir='ltr'>resurrectio</span> <span class='ocrx_word' id='word_1_556' title='bbox 3297 3641 3413 3679; x_wconf 91' lang='lat' dir='ltr'>non</span> <span class='ocrx_word' id='word_1_557' title='bbox 3456 3630 3724 3696; x_wconf 86' lang='lat' dir='ltr'>negatur.</span> <span class='ocrx_word' id='word_1_558' title='bbox 3761 3626 3866 3680; x_wconf 87' lang='lat' dir='ltr'>Per</span> 
     </span>
    </p>
   </div>
   <div class='ocr_carea' id='block_1_78' title="bbox 2220 3719 3102 3792">
    <p class='ocr_par' dir='ltr' id='par_1_78' title="bbox 2220 3719 3102 3792">
     <span class='ocr_line' id='line_1_78' title="bbox 2220 3719 3102 3792; baseline 0.002 -19"><span class='ocrx_word' id='word_1_559' title='bbox 2220 3719 2410 3791; x_wconf 89' lang='lat' dir='ltr'>ipsum</span> <span class='ocrx_word' id='word_1_560' title='bbox 2436 3735 2609 3791; x_wconf 90' lang='lat' dir='ltr'>quem</span> <span class='ocrx_word' id='word_1_561' title='bbox 2635 3719 2868 3774; x_wconf 87' lang='lat' dir='ltr'>laudant</span> <span class='ocrx_word' id='word_1_562' title='bbox 2893 3721 3102 3792; x_wconf 90' lang='lat' dir='ltr'>angeli.</span> 
     </span>
    </p>
   </div>
   <div class='ocr_carea' id='block_1_79' title="bbox 2670 3839 3410 3880">
    <p class='ocr_par' dir='ltr' id='par_1_79' title="bbox 2670 3839 3410 3880">
     <span class='ocr_line' id='line_1_79' title="bbox 2670 3839 3410 3880; baseline -0.001 -2"><span class='ocrx_word' id='word_1_563' title='bbox 2670 3839 2824 3880; x_wconf 77' lang='lat' dir='ltr'>MISSA</span> <span class='ocrx_word' id='word_1_564' title='bbox 2867 3842 2920 3880; x_wconf 72' lang='grc' dir='ltr'>ΙΝ</span> <span class='ocrx_word' id='word_1_565' title='bbox 2962 3840 3161 3879; x_wconf 70' lang='lat' dir='ltr'>NATALE</span> <span class='ocrx_word' id='word_1_566' title='bbox 3199 3839 3410 3878; x_wconf 75' lang='lat' dir='ltr'>DOMINI.</span> 
     </span>
    </p>
   </div>
   <div class='ocr_carea' id='block_1_80' title="bbox 2326 3911 3768 3976">
    <p class='ocr_par' dir='ltr' id='par_1_80' title="bbox 2326 3911 3768 3976">
     <span class='ocr_line' id='line_1_80' title="bbox 2326 3911 3768 3976; baseline 0 -16"><span class='ocrx_word' id='word_1_567' title='bbox 2326 3911 2501 3960; x_wconf 88' lang='lat' dir='ltr'>Lectio</span> <span class='ocrx_word' id='word_1_568' title='bbox 2523 3911 2665 3960; x_wconf 67' lang='lat' dir='ltr'>Isaiae</span> <span class='ocrx_word' id='word_1_569' title='bbox 2690 3913 2976 3976; x_wconf 73' lang='lat' dir='ltr'>prOphetze,</span> <span class='ocrx_word' id='word_1_570' title='bbox 3003 3911 3224 3975; x_wconf 86' lang='lat' dir='ltr'>legenda</span> <span class='ocrx_word' id='word_1_571' title='bbox 3250 3913 3302 3962; x_wconf 89' lang='lat' dir='ltr'>in</span> <span class='ocrx_word' id='word_1_572' title='bbox 3337 3911 3514 3962; x_wconf 84' lang='lat' dir='ltr'>Natale</span> <span class='ocrx_word' id='word_1_573' title='bbox 3541 3911 3768 3961; x_wconf 90' lang='lat' dir='ltr'>Domini.</span> 
     </span>
    </p>
   </div>
   <div class='ocr_carea' id='block_1_81' title="bbox 2291 3993 3862 4064">
    <p class='ocr_par' dir='ltr' id='par_1_81' title="bbox 2291 3993 3862 4064">
     <span class='ocr_line' id='line_1_81' title="bbox 2291 3993 3862 4064; baseline -0.001 -18"><span class='ocrx_word' id='word_1_574' title='bbox 2291 3994 2560 4048; x_wconf 87' lang='lat' dir='ltr'>Parvulus</span> <span class='ocrx_word' id='word_1_575' title='bbox 2609 3993 2762 4048; x_wconf 90' lang='lat' dir='ltr'>enim</span> <span class='ocrx_word' id='word_1_576' title='bbox 2801 3997 2965 4048; x_wconf 88' lang='lat' dir='ltr'>natus</span> <span class='ocrx_word' id='word_1_577' title='bbox 3005 3997 3089 4048; x_wconf 89' lang='lat' dir='ltr'>est</span> <span class='ocrx_word' id='word_1_578' title='bbox 3130 3994 3310 4064; x_wconf 89' lang='lat' dir='ltr'>nobis,</span> <span class='ocrx_word' id='word_1_579' title='bbox 3359 3994 3508 4048; x_wconf 81' lang='lat' dir='ltr'>filius</span> <span class='ocrx_word' id='word_1_580' title='bbox 3555 3999 3726 4047; x_wconf 88' lang='lat' dir='ltr'>natus</span> <span class='ocrx_word' id='word_1_581' title='bbox 3779 3997 3862 4047; x_wconf 89' lang='lat' dir='ltr'>est</span> 
     </span>
    </p>
   </div>
   <div class='ocr_carea' id='block_1_82' title="bbox 2218 4086 3861 4159">
    <p class='ocr_par' dir='ltr' id='par_1_82' title="bbox 2218 4086 3861 4159">
     <span class='ocr_line' id='line_1_82' title="bbox 2218 4086 3861 4159; baseline 0.001 -19"><span class='ocrx_word' id='word_1_582' title='bbox 2218 4087 2411 4141; x_wconf 86' lang='lat' dir='ltr'>nobis:</span> <span class='ocrx_word' id='word_1_583' title='bbox 2456 4093 2511 4141; x_wconf 91' lang='lat' dir='ltr'>et</span> <span class='ocrx_word' id='word_1_584' title='bbox 2528 4088 2706 4143; x_wconf 85' lang='lat' dir='ltr'>factus</span> <span class='ocrx_word' id='word_1_585' title='bbox 2734 4093 2817 4143; x_wconf 91' lang='lat' dir='ltr'>est</span> <span class='ocrx_word' id='word_1_586' title='bbox 2836 4086 3185 4159; x_wconf 87' lang='lat' dir='ltr'>principatus</span> <span class='ocrx_word' id='word_1_587' title='bbox 3211 4088 3332 4158; x_wconf 91' lang='lat' dir='ltr'>ejus</span> <span class='ocrx_word' id='word_1_588' title='bbox 3357 4103 3527 4158; x_wconf 87' lang='lat' dir='ltr'>super</span> <span class='ocrx_word' id='word_1_589' title='bbox 3553 4087 3861 4142; x_wconf 90' lang='lat' dir='ltr'>humerum</span> 
     </span>
    </p>
   </div>
   <div class='ocr_carea' id='block_1_83' title="bbox 2219 4181 3858 4252">
    <p class='ocr_par' dir='ltr' id='par_1_83' title="bbox 2219 4181 3858 4252">
     <span class='ocr_line' id='line_1_83' title="bbox 2219 4181 3858 4252; baseline -0.001 -16"><span class='ocrx_word' id='word_1_590' title='bbox 2219 4181 2359 4252; x_wconf 89' lang='lat' dir='ltr'>ejus,</span> <span class='ocrx_word' id='word_1_591' title='bbox 2388 4184 2444 4236; x_wconf 91' lang='lat' dir='ltr'>et</span> <span class='ocrx_word' id='word_1_592' title='bbox 2482 4183 2771 4237; x_wconf 88' lang='lat' dir='ltr'>vocabitur</span> <span class='ocrx_word' id='word_1_593' title='bbox 2794 4197 3003 4236; x_wconf 89' lang='lat' dir='ltr'>nomen</span> <span class='ocrx_word' id='word_1_594' title='bbox 3034 4181 3156 4251; x_wconf 88' lang='lat' dir='ltr'>ejus</span> <span class='ocrx_word' id='word_1_595' title='bbox 3182 4181 3560 4250; x_wconf 71' lang='lat' dir='ltr'>Admirabilts,</span> <span class='ocrx_word' id='word_1_596' title='bbox 3584 4181 3858 4236; x_wconf 88' lang='lat' dir='ltr'>Consilia-</span> 
     </span>
    </p>
   </div>
   <div class='ocr_carea' id='block_1_84' title="bbox 2217 4274 3858 4346">
    <p class='ocr_par' dir='ltr' id='par_1_84' title="bbox 2217 4274 3858 4346">
     <span class='ocr_line' id='line_1_84' title="bbox 2217 4274 3858 4346; baseline 0.001 -18"><span class='ocrx_word' id='word_1_597' title='bbox 2217 4275 2353 4346; x_wconf 87' lang='lat' dir='ltr'>rius,</span> <span class='ocrx_word' id='word_1_598' title='bbox 2411 4277 2574 4346; x_wconf 91' lang='lat' dir='ltr'>Deus,</span> <span class='ocrx_word' id='word_1_599' title='bbox 2635 4275 2833 4342; x_wconf 83' lang='lat' dir='ltr'>Fortis,</span> <span class='ocrx_word' id='word_1_600' title='bbox 2886 4277 3049 4330; x_wconf 90' lang='lat' dir='ltr'>Pater</span> <span class='ocrx_word' id='word_1_601' title='bbox 3100 4274 3277 4328; x_wconf 88' lang='lat' dir='ltr'>futuri</span> <span class='ocrx_word' id='word_1_602' title='bbox 3327 4275 3538 4342; x_wconf 72' lang='lat' dir='ltr'>saeculi,</span> <span class='ocrx_word' id='word_1_603' title='bbox 3588 4275 3858 4346; x_wconf 88' lang='lat' dir='ltr'>Princeps</span> 
     </span>
    </p>
   </div>
   <div class='ocr_carea' id='block_1_85' title="bbox 2215 4368 3861 4441">
    <p class='ocr_par' dir='ltr' id='par_1_85' title="bbox 2215 4368 3861 4441">
     <span class='ocr_line' id='line_1_85' title="bbox 2215 4368 3861 4441; baseline -0.001 -17"><span class='ocrx_word' id='word_1_604' title='bbox 2215 4372 2386 4441; x_wconf 90' lang='lat' dir='ltr'>pacis.</span> <span class='ocrx_word' id='word_1_605' title='bbox 2421 4369 2882 4441; x_wconf 87' lang='lat' dir='ltr'>Multiplicabitur</span> <span class='ocrx_word' id='word_1_606' title='bbox 2910 4370 3032 4440; x_wconf 89' lang='lat' dir='ltr'>ejus</span> <span class='ocrx_word' id='word_1_607' title='bbox 3065 4369 3394 4441; x_wconf 88' lang='lat' dir='ltr'>imperium,</span> <span class='ocrx_word' id='word_1_608' title='bbox 3435 4371 3492 4423; x_wconf 91' lang='lat' dir='ltr'>et</span> <span class='ocrx_word' id='word_1_609' title='bbox 3530 4368 3697 4439; x_wconf 87' lang='lat' dir='ltr'>regni</span> <span class='ocrx_word' id='word_1_610' title='bbox 3738 4369 3861 4439; x_wconf 78' lang='lat' dir='ltr'>ejus</span> 
     </span>
    </p>
   </div>
   <div class='ocr_carea' id='block_1_86' title="bbox 2215 4464 3857 4535">
    <p class='ocr_par' dir='ltr' id='par_1_86' title="bbox 2215 4464 3857 4535">
     <span class='ocr_line' id='line_1_86' title="bbox 2215 4464 3857 4535; baseline -0.001 -17"><span class='ocrx_word' id='word_1_611' title='bbox 2215 4481 2330 4518; x_wconf 91' lang='lat' dir='ltr'>non</span> <span class='ocrx_word' id='word_1_612' title='bbox 2358 4465 2464 4518; x_wconf 88' lang='lat' dir='ltr'>erit</span> <span class='ocrx_word' id='word_1_613' title='bbox 2488 4464 2636 4518; x_wconf 82' lang='lat' dir='ltr'>ﬁnis.</span> <span class='ocrx_word' id='word_1_614' title='bbox 2668 4464 2852 4535; x_wconf 90' lang='lat' dir='ltr'>Super</span> <span class='ocrx_word' id='word_1_615' title='bbox 2874 4464 3080 4518; x_wconf 91' lang='lat' dir='ltr'>solium</span> <span class='ocrx_word' id='word_1_616' title='bbox 3109 4464 3278 4518; x_wconf 87' lang='lat' dir='ltr'>David</span> <span class='ocrx_word' id='word_1_617' title='bbox 3319 4467 3372 4518; x_wconf 91' lang='lat' dir='ltr'>et</span> <span class='ocrx_word' id='word_1_618' title='bbox 3403 4478 3576 4534; x_wconf 89' lang='lat' dir='ltr'>super</span> <span class='ocrx_word' id='word_1_619' title='bbox 3610 4478 3857 4535; x_wconf 81' lang='lat' dir='ltr'>regnum</span> 
     </span>
    </p>
   </div>
   <div class='ocr_carea' id='block_1_87' title="bbox 470 4546 3857 4633">
    <p class='ocr_par' dir='ltr' id='par_1_87' title="bbox 470 4546 3857 4633">
     <span class='ocr_line' id='line_1_87' title="bbox 470 4546 3857 4633; baseline -0.001 -19"><span class='ocrx_word' id='word_1_620' title='bbox 470 4566 777 4631; x_wconf 88' lang='lat' dir='ltr'>propterea</span> <span class='ocrx_word' id='word_1_621' title='bbox 808 4560 954 4612; x_wconf 89' lang='lat' dir='ltr'>Deus</span> <span class='ocrx_word' id='word_1_622' title='bbox 983 4559 1154 4612; x_wconf 90' lang='lat' dir='ltr'>homo</span> <span class='ocrx_word' id='word_1_623' title='bbox 1184 4559 1435 4614; x_wconf 88' lang='lat' dir='ltr'>nascitur</span> <span class='ocrx_word' id='word_1_624' title='bbox 1462 4577 1564 4631; x_wconf 91' lang='lat' dir='ltr'>per</span> <span class='ocrx_word' id='word_1_625' title='bbox 1601 4562 1911 4633; x_wconf 85' lang='lat' dir='ltr'>Virginem,</span> <span class='ocrx_word' id='word_1_626' title='bbox 1951 4569 2016 4618; x_wconf 86' lang='lat' dir='ltr'>ut</span> <span class='ocrx_word' id='word_1_627' title='bbox 2056 4546 2193 4618; x_wconf 85' lang='lat' dir='ltr'>inD</span> <span class='ocrx_word' id='word_1_628' title='bbox 2217 4557 2338 4627; x_wconf 76' lang='lat' dir='ltr'>ejus</span> <span class='ocrx_word' id='word_1_629' title='bbox 2385 4557 2665 4632; x_wconf 84' lang='lat' dir='ltr'>[sedebit],</span> <span class='ocrx_word' id='word_1_630' title='bbox 2715 4564 2778 4613; x_wconf 92' lang='lat' dir='ltr'>ut</span> <span class='ocrx_word' id='word_1_631' title='bbox 2829 4559 3128 4613; x_wconf 84' lang='lat' dir='ltr'>conﬁrmet</span> <span class='ocrx_word' id='word_1_632' title='bbox 3165 4557 3301 4612; x_wconf 87' lang='lat' dir='ltr'>illud</span> <span class='ocrx_word' id='word_1_633' title='bbox 3344 4562 3401 4612; x_wconf 92' lang='lat' dir='ltr'>et</span> <span class='ocrx_word' id='word_1_634' title='bbox 3430 4556 3770 4612; x_wconf 89' lang='lat' dir='ltr'>conrobaret</span> <span class='ocrx_word' id='word_1_635' title='bbox 3797 4557 3857 4610; x_wconf 89' lang='lat' dir='ltr'>in</span> 
     </span>
    </p>
   </div>
   <div class='ocr_carea' id='block_1_88' title="bbox 473 4650 3859 4729">
    <p class='ocr_par' dir='ltr' id='par_1_88' title="bbox 473 4650 3859 4729">
     <span class='ocr_line' id='line_1_88' title="bbox 473 4650 3859 4729; baseline -0 -23"><span class='ocrx_word' id='word_1_636' title='bbox 473 4653 706 4706; x_wconf 89' lang='lat' dir='ltr'>homine</span> <span class='ocrx_word' id='word_1_637' title='bbox 759 4652 1039 4723; x_wconf 84' lang='lat' dir='ltr'>perditam</span> <span class='ocrx_word' id='word_1_638' title='bbox 1073 4654 1350 4708; x_wconf 65' lang='lat' dir='ltr'>caelestem</span> <span class='ocrx_word' id='word_1_639' title='bbox 1386 4655 1719 4710; x_wconf 85' lang='lat' dir='ltr'>reformaret</span> <span class='ocrx_word' id='word_1_640' title='bbox 1757 4657 2067 4729; x_wconf 84' lang='lat' dir='ltr'>imaginem</span> <span class='ocrx_word' id='word_1_641' title='bbox 2097 4677 2113 4728; x_wconf 80' lang='grc'><strong>;</strong></span> <span class='ocrx_word' id='word_1_642' title='bbox 2211 4651 2427 4722; x_wconf 90' lang='lat' dir='ltr'>judicio</span> <span class='ocrx_word' id='word_1_643' title='bbox 2457 4653 2766 4723; x_wconf 89' lang='lat' dir='ltr'>etjustitia.</span> <span class='ocrx_word' id='word_1_644' title='bbox 2800 4653 3016 4707; x_wconf 91' lang='lat' dir='ltr'>Amodo</span> <span class='ocrx_word' id='word_1_645' title='bbox 3043 4657 3098 4708; x_wconf 89' lang='lat' dir='ltr'>et</span> <span class='ocrx_word' id='word_1_646' title='bbox 3126 4668 3301 4724; x_wconf 88' lang='lat' dir='ltr'>usque</span> <span class='ocrx_word' id='word_1_647' title='bbox 3341 4652 3402 4705; x_wconf 91' lang='lat' dir='ltr'>in</span> <span class='ocrx_word' id='word_1_648' title='bbox 3442 4650 3859 4722; x_wconf 86' lang='lat' dir='ltr'>sempiternum</span> 
     </span>
    </p>
   </div>
   <div class='ocr_carea' id='block_1_89' title="bbox 475 4746 2117 4820">
    <p class='ocr_par' dir='ltr' id='par_1_89' title="bbox 475 4746 2117 4820">
     <span class='ocr_line' id='line_1_89' title="bbox 475 4746 2117 4820; baseline 0.004 -20"><span class='ocrx_word' id='word_1_649' title='bbox 475 4746 548 4800; x_wconf 87' lang='lat' dir='ltr'>da</span> <span class='ocrx_word' id='word_1_650' title='bbox 573 4751 639 4800; x_wconf 89' lang='lat' dir='ltr'>ut</span> <span class='ocrx_word' id='word_1_651' title='bbox 662 4746 824 4816; x_wconf 90' lang='lat' dir='ltr'>plebs</span> <span class='ocrx_word' id='word_1_652' title='bbox 842 4746 963 4798; x_wconf 73' lang='lat' dir='ltr'>hzec</span> <span class='ocrx_word' id='word_1_653' title='bbox 989 4746 1092 4800; x_wconf 89' lang='lat' dir='ltr'>tibi</span> <span class='ocrx_word' id='word_1_654' title='bbox 1118 4748 1423 4818; x_wconf 60' lang='lat' dir='ltr'>adhaereat,</span> <span class='ocrx_word' id='word_1_655' title='bbox 1444 4755 1506 4804; x_wconf 91' lang='lat' dir='ltr'>ut</span> <span class='ocrx_word' id='word_1_656' title='bbox 1521 4767 1692 4820; x_wconf 90' lang='lat' dir='ltr'>quam</span> <span class='ocrx_word' id='word_1_657' title='bbox 1711 4752 1998 4806; x_wconf 88' lang='lat' dir='ltr'>redemisti</span> <span class='ocrx_word' id='word_1_658' title='bbox 2021 4758 2117 4807; x_wconf 90' lang='lat' dir='ltr'>tuo</span> 
     </span>
    </p>
   </div>
   <div class='ocr_carea' id='block_1_90' title="bbox 473 4839 1898 4914">
    <p class='ocr_par' dir='ltr' id='par_1_90' title="bbox 473 4839 1898 4914">
     <span class='ocr_line' id='line_1_90' title="bbox 473 4839 1898 4914; baseline 0.006 -21"><span class='ocrx_word' id='word_1_659' title='bbox 473 4855 734 4908; x_wconf 88' lang='lat' dir='ltr'>munere,</span> <span class='ocrx_word' id='word_1_660' title='bbox 769 4839 868 4893; x_wconf 84' lang='lat' dir='ltr'>tibi</span> <span class='ocrx_word' id='word_1_661' title='bbox 895 4857 1119 4912; x_wconf 87' lang='lat' dir='ltr'>semper</span> <span class='ocrx_word' id='word_1_662' title='bbox 1144 4843 1341 4897; x_wconf 89' lang='lat' dir='ltr'>devota</span> <span class='ocrx_word' id='word_1_663' title='bbox 1365 4844 1583 4914; x_wconf 89' lang='lat' dir='ltr'>placeat</span> <span class='ocrx_word' id='word_1_664' title='bbox 1611 4846 1898 4901; x_wconf 86' lang='lat' dir='ltr'>servitute.</span> 
     </span>
    </p>
   </div>
   <div class='ocr_carea' id='block_1_91' title="bbox 1276 4951 1430 4987">
    <p class='ocr_par' dir='ltr' id='par_1_91' title="bbox 1276 4951 1430 4987">
     <span class='ocr_line' id='line_1_91' title="bbox 1276 4951 1430 4987; baseline -0.013 0"><span class='ocrx_word' id='word_1_665' title='bbox 1276 4951 1430 4987; x_wconf 71' lang='lat' dir='ltr'>BCUO.</span> 
     </span>
    </p>
   </div>
   <div class='ocr_carea' id='block_1_92' title="bbox 545 4937 2111 5086">
    <p class='ocr_par' dir='ltr' id='par_1_92' title="bbox 545 4937 2111 5086">
     <span class='ocr_line' id='line_1_92' title="bbox 1276 4951 1430 4987; baseline -0.013 0"><span class='ocrx_word' id='word_1_666' title='bbox 1276 4951 1302 4987; x_wconf 88' lang='lat' dir='ltr'>e</span> <span class='ocrx_word' id='word_1_667' title='bbox 1419 4973 1430 4985; x_wconf 96' lang='lat'>.</span> 
     </span>
     <span class='ocr_line' id='line_1_93' title="bbox 545 4937 2111 5086; baseline 0.006 -25"><span class='ocrx_word' id='word_1_668' title='bbox 545 5008 938 5079; x_wconf 88' lang='lat' dir='ltr'>Emmanuhel,</span> <span class='ocrx_word' id='word_1_669' title='bbox 984 4937 1287 5065; x_wconf 55' lang='lat' dir='ltr'>Nobisggiii</span> <span class='ocrx_word' id='word_1_670' title='bbox 1309 4941 1497 5079; x_wconf 61' lang='lat' dir='ltr'>cllgus,</span> <span class='ocrx_word' id='word_1_671' title='bbox 1537 5014 1754 5069; x_wconf 88' lang='lat' dir='ltr'>Christe</span> <span class='ocrx_word' id='word_1_672' title='bbox 1791 5015 1962 5070; x_wconf 89' lang='lat' dir='ltr'>Filius</span> <span class='ocrx_word' id='word_1_673' title='bbox 1995 5017 2111 5086; x_wconf 75' lang='lat' dir='ltr'>Dei,</span> 
     </span>
    </p>
   </div>
   <div class='ocr_carea' id='block_1_93' title="bbox 546 5134 2112 5211">
    <p class='ocr_par' dir='ltr' id='par_1_93' title="bbox 546 5134 2112 5211">
     <span class='ocr_line' id='line_1_94' title="bbox 546 5134 2112 5211; baseline 0.006 -24"><span class='ocrx_word' id='word_1_674' title='bbox 546 5136 566 5160; x_wconf 91' lang='lat'>&quot;</span> <span class='ocrx_word' id='word_1_675' title='bbox 606 5134 947 5211; x_wconf 81' lang='lat' dir='ltr'>Contestatio</span> <span class='ocrx_word' id='word_1_676' title='bbox 976 5137 1097 5211; x_wconf 63' lang='lat' dir='ltr'>haec</span> <span class='ocrx_word' id='word_1_677' title='bbox 1127 5155 1230 5211; x_wconf 90' lang='lat' dir='ltr'>pro</span> <span class='ocrx_word' id='word_1_678' title='bbox 1256 5137 1364 5190; x_wconf 89' lang='lat' dir='ltr'>alia</span> <span class='ocrx_word' id='word_1_679' title='bbox 1403 5139 1574 5192; x_wconf 90' lang='lat' dir='ltr'>missa</span> <span class='ocrx_word' id='word_1_680' title='bbox 1611 5140 1679 5194; x_wconf 91' lang='lat' dir='ltr'>de</span> <span class='ocrx_word' id='word_1_681' title='bbox 1714 5141 2004 5211; x_wconf 83' lang='lat' dir='ltr'>Adventu;</span> <span class='ocrx_word' id='word_1_682' title='bbox 2046 5144 2112 5198; x_wconf 89' lang='lat' dir='ltr'>de</span> 
     </span>
    </p>
   </div>
   <div class='ocr_carea' id='block_1_94' title="bbox 473 5207 2110 5280">
    <p class='ocr_par' dir='ltr' id='par_1_94' title="bbox 473 5207 2110 5280">
     <span class='ocr_line' id='line_1_95' title="bbox 473 5207 2110 5280; baseline 0.005 -21"><span class='ocrx_word' id='word_1_683' title='bbox 473 5223 585 5279; x_wconf 85' lang='lat' dir='ltr'>quo</span> <span class='ocrx_word' id='word_1_684' title='bbox 613 5207 838 5280; x_wconf 83' lang='lat' dir='ltr'>nonnisi</span> <span class='ocrx_word' id='word_1_685' title='bbox 863 5213 975 5262; x_wconf 90' lang='lat' dir='ltr'>tres</span> <span class='ocrx_word' id='word_1_686' title='bbox 1002 5207 1188 5262; x_wconf 50' lang='lat' dir='ltr'>missas</span> <span class='ocrx_word' id='word_1_687' title='bbox 1215 5210 1454 5280; x_wconf 59' lang='lat' dir='ltr'>integrae</span> <span class='ocrx_word' id='word_1_688' title='bbox 1482 5211 1587 5265; x_wconf 89' lang='lat' dir='ltr'>hoc</span> <span class='ocrx_word' id='word_1_689' title='bbox 1627 5211 1687 5264; x_wconf 89' lang='lat' dir='ltr'>in</span> <span class='ocrx_word' id='word_1_690' title='bbox 1720 5212 1928 5267; x_wconf 89' lang='lat' dir='ltr'>Ordine</span> <span class='ocrx_word' id='word_1_691' title='bbox 1973 5207 2110 5268; x_wconf 81' lang='lat' dir='ltr'>assi-</span> 
     </span>
    </p>
   </div>
   <div class='ocr_carea' id='block_1_95' title="bbox 474 5278 2104 5350">
    <p class='ocr_par' dir='ltr' id='par_1_95' title="bbox 474 5278 2104 5350">
     <span class='ocr_line' id='line_1_96' title="bbox 474 5278 2104 5350; baseline 0.004 -17"><span class='ocrx_word' id='word_1_692' title='bbox 474 5278 723 5350; x_wconf 89' lang='lat' dir='ltr'>gnantur</span> <span class='ocrx_word' id='word_1_693' title='bbox 752 5295 764 5332; x_wconf 95' lang='lat'>:</span> <span class='ocrx_word' id='word_1_694' title='bbox 797 5278 940 5333; x_wconf 87' lang='lat' dir='ltr'>forte</span> <span class='ocrx_word' id='word_1_695' title='bbox 967 5280 1138 5350; x_wconf 91' lang='lat' dir='ltr'>quod,</span> <span class='ocrx_word' id='word_1_696' title='bbox 1157 5281 1203 5333; x_wconf 89' lang='lat' dir='ltr'>si</span> <span class='ocrx_word' id='word_1_697' title='bbox 1229 5278 1540 5337; x_wconf 83' lang='lat' dir='ltr'>Dominicae</span> <span class='ocrx_word' id='word_1_698' title='bbox 1567 5299 1662 5337; x_wconf 90' lang='lat' dir='ltr'>sex</span> <span class='ocrx_word' id='word_1_699' title='bbox 1693 5289 1816 5338; x_wconf 89' lang='lat' dir='ltr'>tum</span> <span class='ocrx_word' id='word_1_700' title='bbox 1841 5302 2104 5340; x_wconf 89' lang='lat' dir='ltr'>numera-</span> 
     </span>
    </p>
   </div>
   <div class='ocr_carea' id='block_1_96' title="bbox 471 5350 1524 5433">
    <p class='ocr_par' dir='ltr' id='par_1_96' title="bbox 471 5350 1524 5433">
     <span class='ocr_line' id='line_1_97' title="bbox 471 5350 1524 5433; baseline 0.002 -28"><span class='ocrx_word' id='word_1_701' title='bbox 471 5350 699 5433; x_wconf 68' lang='lat' dir='ltr'>bantur,</span> <span class='ocrx_word' id='word_1_702' title='bbox 730 5350 820 5433; x_wconf 61' lang='lat' dir='ltr'>hae</span> <span class='ocrx_word' id='word_1_703' title='bbox 850 5350 1036 5431; x_wconf 82' lang='lat' dir='ltr'>missae</span> <span class='ocrx_word' id='word_1_704' title='bbox 1068 5353 1248 5433; x_wconf 76' lang='lat' dir='ltr'>repeti</span> <span class='ocrx_word' id='word_1_705' title='bbox 1271 5359 1524 5433; x_wconf 87' lang='lat' dir='ltr'>possent.</span> 
     </span>
    </p>
   </div>
   <div class='ocr_carea' id='block_1_97' title="bbox 543 5422 2111 5494">
    <p class='ocr_par' dir='ltr' id='par_1_97' title="bbox 543 5422 2111 5494">
     <span class='ocr_line' id='line_1_98' title="bbox 543 5422 2111 5494; baseline 0.005 -19"><span class='ocrx_word' id='word_1_706' title='bbox 543 5422 570 5461; x_wconf 71' lang='grc' dir='ltr'>ι)</span> <span class='ocrx_word' id='word_1_707' title='bbox 600 5422 688 5476; x_wconf 92' lang='lat' dir='ltr'>Sic</span> <span class='ocrx_word' id='word_1_708' title='bbox 713 5423 949 5494; x_wconf 80' lang='lat' dir='ltr'>unitain</span> <span class='ocrx_word' id='word_1_709' title='bbox 967 5422 1304 5494; x_wconf 79' lang='lat' dir='ltr'>exemplari,</span> <span class='ocrx_word' id='word_1_710' title='bbox 1328 5441 1432 5494; x_wconf 88' lang='lat' dir='ltr'>pro</span> <span class='ocrx_word' id='word_1_711' title='bbox 1452 5442 1587 5480; x_wconf 85' lang='lat' dir='ltr'>una.</span> <span class='ocrx_word' id='word_1_712' title='bbox 1610 5427 1837 5481; x_wconf 90' lang='lat' dir='ltr'>Veteres</span> <span class='ocrx_word' id='word_1_713' title='bbox 1857 5430 2111 5483; x_wconf 78' lang='lat' dir='ltr'>unionem</span> 
     </span>
    </p>
   </div>
   <div class='ocr_carea' id='block_1_98' title="bbox 471 5493 2106 5617">
    <p class='ocr_par' dir='ltr' id='par_1_98' title="bbox 471 5493 2106 5617">
     <span class='ocr_line' id='line_1_99' title="bbox 471 5493 2106 5617; baseline 0.005 -72"><span class='ocrx_word' id='word_1_714' title='bbox 471 5508 575 5562; x_wconf 90' lang='lat' dir='ltr'>pro</span> <span class='ocrx_word' id='word_1_715' title='bbox 600 5496 812 5617; x_wconf 50' lang='lat' dir='ltr'>“ritate</span> <span class='ocrx_word' id='word_1_716' title='bbox 840 5493 1121 5548; x_wconf 89' lang='lat' dir='ltr'>dicebant.</span> <span class='ocrx_word' id='word_1_717' title='bbox 1140 5493 1257 5549; x_wconf 18' lang='grc' dir='ltr'>ψΑῶ</span> <span class='ocrx_word' id='word_1_718' title='bbox 1276 5493 1553 5551; x_wconf 73' lang='lat' dir='ltr'>Vzilesium</span> <span class='ocrx_word' id='word_1_719' title='bbox 1583 5497 1643 5552; x_wconf 91' lang='lat' dir='ltr'>in</span> <span class='ocrx_word' id='word_1_720' title='bbox 1671 5499 1895 5569; x_wconf 86' lang='lat' dir='ltr'>Evagrii</span> <span class='ocrx_word' id='word_1_721' title='bbox 1924 5501 2025 5555; x_wconf 86' lang='lat' dir='ltr'>lib.</span> <span class='ocrx_word' id='word_1_722' title='bbox 2054 5517 2106 5569; x_wconf 89' lang='lat' dir='ltr'>v,</span> 
     </span>
     <span class='ocr_line' id='line_1_100' title="bbox 472 5579 679 5617; baseline 0.005 -2"><span class='ocrx_word' id='word_1_723' title='bbox 472 5579 594 5617; x_wconf 84' lang='lat' dir='ltr'>can.</span> <span class='ocrx_word' id='word_1_724' title='bbox 667 5605 679 5616; x_wconf 97' lang='lat'>.</span> 
     </span>
    </p>
   </div>
   <div class='ocr_carea' id='block_1_99' title="bbox 472 5579 2110 5723">
    <p class='ocr_par' dir='ltr' id='par_1_99' title="bbox 472 5579 2110 5723">
     <span class='ocr_line' id='line_1_101' title="bbox 472 5579 2110 5723; baseline 0.007 -37"><span class='ocrx_word' id='word_1_725' title='bbox 472 5579 783 5723; x_wconf 38' lang='lat' dir='ltr'>C‘TE&#39;Liectio</span> <span class='ocrx_word' id='word_1_726' title='bbox 805 5634 939 5723; x_wconf 49' lang='lat' dir='ltr'>haec</span> <span class='ocrx_word' id='word_1_727' title='bbox 966 5634 1024 5688; x_wconf 90' lang='lat' dir='ltr'>in</span> <span class='ocrx_word' id='word_1_728' title='bbox 1049 5635 1260 5723; x_wconf 70' lang='lat' dir='ltr'>Crdine</span> <span class='ocrx_word' id='word_1_729' title='bbox 1287 5638 1631 5723; x_wconf 76' lang='lat' dir='ltr'>Gregoriano</span> <span class='ocrx_word' id='word_1_730' title='bbox 1654 5642 2110 5723; x_wconf 52' lang='lat' dir='ltr'>liabetunDOmi-</span> 
     </span>
    </p>
   </div>
   <div class='ocr_carea' id='block_1_100' title="bbox 469 5705 2109 5830">
    <p class='ocr_par' dir='ltr' id='par_1_100' title="bbox 469 5705 2109 5830">
     <span class='ocr_line' id='line_1_102' title="bbox 469 5705 2109 5830; baseline 0.007 -72"><span class='ocrx_word' id='word_1_731' title='bbox 469 5705 804 5830; x_wconf 39' lang='lat' dir='ltr'>ggghtlertia</span> <span class='ocrx_word' id='word_1_732' title='bbox 848 5705 1154 5777; x_wconf 87' lang='lat' dir='ltr'>Adventus,</span> <span class='ocrx_word' id='word_1_733' title='bbox 1202 5725 1331 5781; x_wconf 70' lang='lat' dir='ltr'>quae</span> <span class='ocrx_word' id='word_1_734' title='bbox 1369 5705 1461 5767; x_wconf 73' lang='lat' dir='ltr'>hic</span> <span class='ocrx_word' id='word_1_735' title='bbox 1510 5729 1613 5785; x_wconf 91' lang='lat' dir='ltr'>pro</span> <span class='ocrx_word' id='word_1_736' title='bbox 1656 5712 1861 5784; x_wconf 87' lang='lat' dir='ltr'>Vigilia</span> <span class='ocrx_word' id='word_1_737' title='bbox 1903 5715 2109 5770; x_wconf 84' lang='lat' dir='ltr'>Natalis</span> 
     </span>
    </p>
   </div>
   <div class='ocr_carea' id='block_1_101' title="bbox 535 5844 2102 5930">
    <p class='ocr_par' dir='ltr' id='par_1_101' title="bbox 535 5844 2102 5930">
     <span class='ocr_line' id='line_1_103' title="bbox 535 5844 2102 5930; baseline 0.01 -30"><span class='ocrx_word' id='word_1_738' title='bbox 535 5845 560 5888; x_wconf 74' lang='grc' dir='ltr'>α</span> <span class='ocrx_word' id='word_1_739' title='bbox 590 5846 759 5901; x_wconf 80' lang='lat' dir='ltr'>Addit</span> <span class='ocrx_word' id='word_1_740' title='bbox 779 5844 1039 5916; x_wconf 81' lang='lat' dir='ltr'>Vulgata,</span> <span class='ocrx_word' id='word_1_741' title='bbox 1057 5852 1114 5903; x_wconf 75' lang='lat' dir='ltr'>in</span> <span class='ocrx_word' id='word_1_742' title='bbox 1132 5853 1386 5907; x_wconf 80' lang='lat' dir='ltr'>manibus</span> <span class='ocrx_word' id='word_1_743' title='bbox 1410 5854 1631 5911; x_wconf 70' lang='lat' dir='ltr'>vestris:</span> <span class='ocrx_word' id='word_1_744' title='bbox 1663 5873 1793 5930; x_wconf 65' lang='lat' dir='ltr'>quae</span> <span class='ocrx_word' id='word_1_745' title='bbox 1820 5858 1987 5915; x_wconf 87' lang='lat' dir='ltr'>verba</span> <span class='ocrx_word' id='word_1_746' title='bbox 2004 5858 2102 5916; x_wconf 87' lang='lat' dir='ltr'>de-</span> 
     </span>
    </p>
   </div>
   <div class='ocr_carea' id='block_1_102' title="bbox 2219 4746 3333 4802">
    <p class='ocr_par' dir='ltr' id='par_1_102' title="bbox 2219 4746 3333 4802">
     <span class='ocr_line' id='line_1_104' title="bbox 2219 4746 3333 4802; baseline 0.001 -2"><span class='ocrx_word' id='word_1_747' title='bbox 2219 4747 2370 4802; x_wconf 89' lang='lat' dir='ltr'>zelus</span> <span class='ocrx_word' id='word_1_748' title='bbox 2394 4746 2614 4801; x_wconf 88' lang='lat' dir='ltr'>Domini</span> <span class='ocrx_word' id='word_1_749' title='bbox 2643 4747 2996 4802; x_wconf 87' lang='lat' dir='ltr'>exercituum</span> <span class='ocrx_word' id='word_1_750' title='bbox 3018 4747 3185 4802; x_wconf 90' lang='lat' dir='ltr'>faciet</span> <span class='ocrx_word' id='word_1_751' title='bbox 3206 4747 3333 4802; x_wconf 91' lang='lat' dir='ltr'>hoc.</span> 
     </span>
    </p>
   </div>
   <div class='ocr_carea' id='block_1_103' title="bbox 2497 4840 3590 4904">
    <p class='ocr_par' dir='ltr' id='par_1_103' title="bbox 2497 4840 3590 4904">
     <span class='ocr_line' id='line_1_105' title="bbox 2497 4840 3590 4904; baseline 0 -14"><span class='ocrx_word' id='word_1_752' title='bbox 2497 4841 2725 4904; x_wconf 87' lang='lat' dir='ltr'>Epistola</span> <span class='ocrx_word' id='word_1_753' title='bbox 2771 4841 2918 4891; x_wconf 86' lang='lat' dir='ltr'>Pauli</span> <span class='ocrx_word' id='word_1_754' title='bbox 2963 4841 3183 4904; x_wconf 83' lang='lat' dir='ltr'>apostoli</span> <span class='ocrx_word' id='word_1_755' title='bbox 3215 4841 3281 4890; x_wconf 90' lang='lat' dir='ltr'>ad</span> <span class='ocrx_word' id='word_1_756' title='bbox 3324 4840 3590 4890; x_wconf 69' lang='lat' dir='ltr'>Hebraeos.</span> 
     </span>
    </p>
   </div>
   <div class='ocr_carea' id='block_1_104' title="bbox 2289 4923 3864 4994">
    <p class='ocr_par' dir='ltr' id='par_1_104' title="bbox 2289 4923 3864 4994">
     <span class='ocr_line' id='line_1_106' title="bbox 2289 4923 3864 4994; baseline 0 -16"><span class='ocrx_word' id='word_1_757' title='bbox 2289 4925 2527 4991; x_wconf 89' lang='lat' dir='ltr'>Fratres,</span> <span class='ocrx_word' id='word_1_758' title='bbox 2581 4923 2887 4977; x_wconf 88' lang='lat' dir='ltr'>multifarie</span> <span class='ocrx_word' id='word_1_759' title='bbox 2937 4923 3246 4994; x_wconf 90' lang='lat' dir='ltr'>multisque</span> <span class='ocrx_word' id='word_1_760' title='bbox 3299 4923 3484 4977; x_wconf 90' lang='lat' dir='ltr'>modis</span> <span class='ocrx_word' id='word_1_761' title='bbox 3523 4923 3664 4976; x_wconf 88' lang='lat' dir='ltr'>olim</span> <span class='ocrx_word' id='word_1_762' title='bbox 3712 4924 3864 4978; x_wconf 88' lang='lat' dir='ltr'>Deus</span> 
     </span>
    </p>
   </div>
   <div class='ocr_carea' id='block_1_105' title="bbox 2215 5016 3860 5088">
    <p class='ocr_par' dir='ltr' id='par_1_105' title="bbox 2215 5016 3860 5088">
     <span class='ocr_line' id='line_1_107' title="bbox 2215 5016 3860 5088; baseline 0.001 -17"><span class='ocrx_word' id='word_1_763' title='bbox 2215 5017 2451 5088; x_wconf 90' lang='lat' dir='ltr'>loquens</span> <span class='ocrx_word' id='word_1_764' title='bbox 2477 5017 2732 5071; x_wconf 89' lang='lat' dir='ltr'>Patribus</span> <span class='ocrx_word' id='word_1_765' title='bbox 2758 5017 2817 5070; x_wconf 90' lang='lat' dir='ltr'>in</span> <span class='ocrx_word' id='word_1_766' title='bbox 2837 5017 3164 5088; x_wconf 88' lang='lat' dir='ltr'>prophetis;</span> <span class='ocrx_word' id='word_1_767' title='bbox 3195 5016 3495 5072; x_wconf 88' lang='lat' dir='ltr'>novissime</span> <span class='ocrx_word' id='word_1_768' title='bbox 3513 5021 3706 5072; x_wconf 88' lang='lat' dir='ltr'>autem</span> <span class='ocrx_word' id='word_1_769' title='bbox 3739 5017 3860 5072; x_wconf 89' lang='lat' dir='ltr'>die-</span> 
     </span>
    </p>
   </div>
   <div class='ocr_carea' id='block_1_106' title="bbox 2215 5144 3856 5214">
    <p class='ocr_par' dir='ltr' id='par_1_106' title="bbox 2215 5144 3856 5214">
     <span class='ocr_line' id='line_1_108' title="bbox 2215 5144 3856 5214; baseline 0 -16"><span class='ocrx_word' id='word_1_770' title='bbox 2215 5149 2346 5198; x_wconf 89' lang='lat' dir='ltr'>sunt</span> <span class='ocrx_word' id='word_1_771' title='bbox 2375 5145 2434 5198; x_wconf 87' lang='lat' dir='ltr'>in</span> <span class='ocrx_word' id='word_1_772' title='bbox 2461 5144 2662 5200; x_wconf 88' lang='lat' dir='ltr'>Codice</span> <span class='ocrx_word' id='word_1_773' title='bbox 2694 5149 2909 5211; x_wconf 88' lang='lat' dir='ltr'>nostro,</span> <span class='ocrx_word' id='word_1_774' title='bbox 2937 5148 3209 5214; x_wconf 84' lang='lat' dir='ltr'>textuque</span> <span class='ocrx_word' id='word_1_775' title='bbox 3236 5145 3448 5214; x_wconf 67' lang='lat' dir='ltr'>Graeco,</span> <span class='ocrx_word' id='word_1_776' title='bbox 3477 5149 3534 5199; x_wconf 90' lang='lat' dir='ltr'>et</span> <span class='ocrx_word' id='word_1_777' title='bbox 3563 5144 3715 5214; x_wconf 84' lang='lat' dir='ltr'>apud</span> <span class='ocrx_word' id='word_1_778' title='bbox 3739 5147 3856 5198; x_wconf 79' lang='lat' dir='ltr'>Au-</span> 
     </span>
    </p>
   </div>
   <div class='ocr_carea' id='block_1_107' title="bbox 2216 5215 3747 5287">
    <p class='ocr_par' dir='ltr' id='par_1_107' title="bbox 2216 5215 3747 5287">
     <span class='ocr_line' id='line_1_109' title="bbox 2216 5215 3747 5287; baseline 0.001 -18"><span class='ocrx_word' id='word_1_779' title='bbox 2216 5215 2528 5286; x_wconf 88' lang='lat' dir='ltr'>gustinum,</span> <span class='ocrx_word' id='word_1_780' title='bbox 2557 5233 2671 5271; x_wconf 89' lang='lat' dir='ltr'>non</span> <span class='ocrx_word' id='word_1_781' title='bbox 2697 5223 2888 5270; x_wconf 81' lang='lat' dir='ltr'>tamen</span> <span class='ocrx_word' id='word_1_782' title='bbox 2917 5217 3069 5287; x_wconf 87' lang='lat' dir='ltr'>apud</span> <span class='ocrx_word' id='word_1_783' title='bbox 3096 5216 3430 5287; x_wconf 81' lang='lat' dir='ltr'>Gregorium</span> <span class='ocrx_word' id='word_1_784' title='bbox 3457 5216 3747 5286; x_wconf 87' lang='lat' dir='ltr'>Magnum.</span> 
     </span>
    </p>
   </div>
   <div class='ocr_carea' id='block_1_108' title="bbox 2283 5286 3857 5358">
    <p class='ocr_par' dir='ltr' id='par_1_108' title="bbox 2283 5286 3857 5358">
     <span class='ocr_line' id='line_1_110' title="bbox 2283 5286 3857 5358; baseline -0.001 -18"><span class='ocrx_word' id='word_1_785' title='bbox 2283 5300 2305 5327; x_wconf 80' lang='grc' dir='ltr'>θ</span> <span class='ocrx_word' id='word_1_786' title='bbox 2340 5288 2500 5358; x_wconf 82' lang='lat' dir='ltr'>Missa</span> <span class='ocrx_word' id='word_1_787' title='bbox 2527 5288 2644 5342; x_wconf 68' lang='lat' dir='ltr'>haec</span> <span class='ocrx_word' id='word_1_788' title='bbox 2675 5289 2864 5343; x_wconf 75' lang='lat' dir='ltr'>differt</span> <span class='ocrx_word' id='word_1_789' title='bbox 2896 5286 2965 5341; x_wconf 85' lang='lat' dir='ltr'>ab</span> <span class='ocrx_word' id='word_1_790' title='bbox 2995 5305 3058 5342; x_wconf 86' lang='lat' dir='ltr'>ea</span> <span class='ocrx_word' id='word_1_791' title='bbox 3078 5305 3203 5358; x_wconf 49' lang='lat' dir='ltr'>quae</span> <span class='ocrx_word' id='word_1_792' title='bbox 3219 5286 3546 5358; x_wconf 81' lang='lat' dir='ltr'>assignatur</span> <span class='ocrx_word' id='word_1_793' title='bbox 3573 5286 3857 5358; x_wconf 12' lang='lat' dir='ltr'>iniMissali</span> 
     </span>
    </p>
   </div>
   <div class='ocr_carea' id='block_1_109' title="bbox 2211 5357 3855 5430">
    <p class='ocr_par' dir='ltr' id='par_1_109' title="bbox 2211 5357 3855 5430">
     <span class='ocr_line' id='line_1_111' title="bbox 2211 5357 3855 5430; baseline 0.001 -19"><span class='ocrx_word' id='word_1_794' title='bbox 2211 5357 2739 5430; x_wconf 80' lang='lat' dir='ltr'>Cothicogallicano.</span> <span class='ocrx_word' id='word_1_795' title='bbox 2755 5359 2808 5415; x_wconf 93' lang='lat' dir='ltr'>Si</span> <span class='ocrx_word' id='word_1_796' title='bbox 2826 5360 3054 5430; x_wconf 86' lang='lat' dir='ltr'>quando</span> <span class='ocrx_word' id='word_1_797' title='bbox 3067 5357 3855 5427; x_wconf 79' lang='lat' dir='ltr'>convenient,adnotabimus.</span> 
     </span>
    </p>
   </div>
   <div class='ocr_carea' id='block_1_110' title="bbox 2283 5427 3856 5500">
    <p class='ocr_par' dir='ltr' id='par_1_110' title="bbox 2283 5427 3856 5500">
     <span class='ocr_line' id='line_1_112' title="bbox 2283 5427 3856 5500; baseline -0.001 -16"><span class='ocrx_word' id='word_1_798' title='bbox 2283 5427 2304 5467; x_wconf 64' lang='grc' dir='ltr'><strong><em>ί</em></strong></span> <span class='ocrx_word' id='word_1_799' title='bbox 2340 5427 2482 5484; x_wconf 78' lang='lat' dir='ltr'>Nota</span> <span class='ocrx_word' id='word_1_800' title='bbox 2516 5431 2606 5484; x_wconf 89' lang='lat' dir='ltr'>hic</span> <span class='ocrx_word' id='word_1_801' title='bbox 2633 5431 2700 5486; x_wconf 93' lang='lat' dir='ltr'>de</span> <span class='ocrx_word' id='word_1_802' title='bbox 2733 5427 2923 5483; x_wconf 78' lang='lat' dir='ltr'>sancta</span> <span class='ocrx_word' id='word_1_803' title='bbox 2961 5430 3215 5500; x_wconf 87' lang='lat' dir='ltr'>Eugenia</span> <span class='ocrx_word' id='word_1_804' title='bbox 3249 5430 3467 5500; x_wconf 89' lang='lat' dir='ltr'>virgine</span> <span class='ocrx_word' id='word_1_805' title='bbox 3509 5433 3570 5500; x_wconf 82' lang='lat' dir='ltr'>et</span> <span class='ocrx_word' id='word_1_806' title='bbox 3605 5436 3856 5500; x_wconf 79' lang='lat' dir='ltr'>martyre</span> 
     </span>
    </p>
   </div>
   <div class='ocr_carea' id='block_1_111' title="bbox 2211 5499 3856 5574">
    <p class='ocr_par' dir='ltr' id='par_1_111' title="bbox 2211 5499 3856 5574">
     <span class='ocr_line' id='line_1_113' title="bbox 2211 5499 3856 5574; baseline 0 -20"><span class='ocrx_word' id='word_1_807' title='bbox 2211 5501 2484 5574; x_wconf 84' lang='lat' dir='ltr'>Romana,</span> <span class='ocrx_word' id='word_1_808' title='bbox 2515 5518 2643 5572; x_wconf 85' lang='lat' dir='ltr'>quae</span> <span class='ocrx_word' id='word_1_809' title='bbox 2670 5519 2832 5574; x_wconf 88' lang='lat' dir='ltr'>passa</span> <span class='ocrx_word' id='word_1_810' title='bbox 2857 5506 2941 5556; x_wconf 91' lang='lat' dir='ltr'>est</span> <span class='ocrx_word' id='word_1_811' title='bbox 2968 5499 3146 5556; x_wconf 19' lang='lat' dir='ltr'>die’25</span> <span class='ocrx_word' id='word_1_812' title='bbox 3176 5499 3514 5574; x_wconf 76' lang='lat' dir='ltr'>Decembris,</span> <span class='ocrx_word' id='word_1_813' title='bbox 3544 5499 3669 5574; x_wconf 79' lang='lat' dir='ltr'>tieri</span> <span class='ocrx_word' id='word_1_814' title='bbox 3698 5499 3856 5556; x_wconf 83' lang='lat' dir='ltr'>men-</span> 
     </span>
    </p>
   </div>
   <div class='ocr_carea' id='block_1_112' title="bbox 2211 5572 3856 5643">
    <p class='ocr_par' dir='ltr' id='par_1_112' title="bbox 2211 5572 3856 5643">
     <span class='ocr_line' id='line_1_114' title="bbox 2211 5572 3856 5643; baseline 0 -17"><span class='ocrx_word' id='word_1_815' title='bbox 2211 5572 2444 5641; x_wconf 89' lang='lat' dir='ltr'>tionem,</span> <span class='ocrx_word' id='word_1_816' title='bbox 2470 5590 2585 5628; x_wconf 88' lang='lat' dir='ltr'>non</span> <span class='ocrx_word' id='word_1_817' title='bbox 2616 5572 2689 5628; x_wconf 81' lang='lat' dir='ltr'>de</span> <span class='ocrx_word' id='word_1_818' title='bbox 2713 5576 2907 5627; x_wconf 88' lang='lat' dir='ltr'>sancta</span> <span class='ocrx_word' id='word_1_819' title='bbox 2932 5573 3244 5641; x_wconf 87' lang='lat' dir='ltr'>Anastasia,</span> <span class='ocrx_word' id='word_1_820' title='bbox 3296 5572 3365 5626; x_wconf 91' lang='lat' dir='ltr'>de</span> <span class='ocrx_word' id='word_1_821' title='bbox 3416 5589 3540 5643; x_wconf 88' lang='lat' dir='ltr'>qua</span> <span class='ocrx_word' id='word_1_822' title='bbox 3562 5573 3856 5627; x_wconf 81' lang='lat' dir='ltr'>Romanus</span> 
     </span>
    </p>
   </div>
   <div class='ocr_carea' id='block_1_113' title="bbox 2209 5643 3855 5715">
    <p class='ocr_par' dir='ltr' id='par_1_113' title="bbox 2209 5643 3855 5715">
     <span class='ocr_line' id='line_1_115' title="bbox 2209 5643 3855 5715; baseline 0 -17"><span class='ocrx_word' id='word_1_823' title='bbox 2209 5643 2356 5700; x_wconf 88' lang='lat' dir='ltr'>Ordo</span> <span class='ocrx_word' id='word_1_824' title='bbox 2403 5645 2508 5700; x_wconf 88' lang='lat' dir='ltr'>hac</span> <span class='ocrx_word' id='word_1_825' title='bbox 2546 5645 2636 5700; x_wconf 90' lang='lat' dir='ltr'>die</span> <span class='ocrx_word' id='word_1_826' title='bbox 2687 5645 3284 5700; x_wconf 85' lang='lat' dir='ltr'>commemorationem</span> <span class='ocrx_word' id='word_1_827' title='bbox 3337 5643 3529 5698; x_wconf 85' lang='lat' dir='ltr'>habet.</span> <span class='ocrx_word' id='word_1_828' title='bbox 3587 5644 3855 5715; x_wconf 81' lang='lat' dir='ltr'>Ejusdem</span> 
     </span>
    </p>
   </div>
   <div class='ocr_carea' id='block_1_114' title="bbox 2209 5715 3558 5787">
    <p class='ocr_par' dir='ltr' id='par_1_114' title="bbox 2209 5715 3558 5787">
     <span class='ocr_line' id='line_1_116' title="bbox 2209 5715 3558 5787; baseline 0.001 -17"><span class='ocrx_word' id='word_1_829' title='bbox 2209 5715 2479 5787; x_wconf 76' lang='lat' dir='ltr'>Eugeniae</span> <span class='ocrx_word' id='word_1_830' title='bbox 2506 5717 2780 5772; x_wconf 87' lang='lat' dir='ltr'>memoria</span> <span class='ocrx_word' id='word_1_831' title='bbox 2804 5717 2865 5772; x_wconf 90' lang='lat' dir='ltr'>in</span> <span class='ocrx_word' id='word_1_832' title='bbox 2893 5717 3116 5771; x_wconf 88' lang='lat' dir='ltr'>Canone</span> <span class='ocrx_word' id='word_1_833' title='bbox 3148 5716 3336 5770; x_wconf 74' lang='lat' dir='ltr'>missae</span> <span class='ocrx_word' id='word_1_834' title='bbox 3365 5731 3558 5786; x_wconf 88' lang='lat' dir='ltr'>supra.</span> 
     </span>
    </p>
   </div>
   <div class='ocr_carea' id='block_1_115' title="bbox 2278 5787 3489 5862">
    <p class='ocr_par' dir='ltr' id='par_1_115' title="bbox 2278 5787 3489 5862">
     <span class='ocr_line' id='line_1_117' title="bbox 2278 5787 3489 5862; baseline 0 -20"><span class='ocrx_word' id='word_1_835' title='bbox 2278 5801 2304 5841; x_wconf 77' lang='grc'>8</span> <span class='ocrx_word' id='word_1_836' title='bbox 2334 5791 2439 5844; x_wconf 90' lang='lat' dir='ltr'>Pro</span> <span class='ocrx_word' id='word_1_837' title='bbox 2465 5792 2674 5862; x_wconf 80' lang='lat' dir='ltr'>mistor,</span> <span class='ocrx_word' id='word_1_838' title='bbox 2701 5794 2766 5845; x_wconf 92' lang='lat' dir='ltr'>ut</span> <span class='ocrx_word' id='word_1_839' title='bbox 2795 5788 3026 5861; x_wconf 90' lang='lat' dir='ltr'>quidem</span> <span class='ocrx_word' id='word_1_840' title='bbox 3051 5787 3357 5844; x_wconf 87' lang='lat' dir='ltr'>verisimile</span> <span class='ocrx_word' id='word_1_841' title='bbox 3387 5793 3489 5861; x_wconf 81' lang='lat' dir='ltr'>est.</span> 
     </span>
    </p>
   </div>
  </div>
