4006 6228
89 463 176 518 465

565 455 1176 516 SACRAMENTARIUM
1213 459 1661 515 GALLICANUM.
1704 490 1772 501 -
1812 461 2176 517 LECTIONES
2213 461 2301 515 DE
2338 461 2651 518 ADVENTU
2692 461 2948 518 DOMlNl.

3349 461 3452 516 466

83 572 176 626 bus
197 565 315 624 istis
334 565 564 623 locutus
594 572 678 623 est
706 567 872 622 nobis
898 566 958 623 in
977 567 1115 623 Filio
1143 585 1264 635 suo,
1294 585 1467 640 quem
1496 567 1704 625 consti-
1728 581 1787 654 Α
1808 569 1956 625 Deus
1983 571 2149 625 Pater
2168 569 2548 642 omnipotens,
2569 570 2667 642 qui
2682 586 2786 642 per
2803 569 3039 626 unicum
3067 567 3273 626 Filium
3287 572 3456 627 tuum

81 666 176 721 tuit
200 662 474 719 heredem
495 662 916 729 universorum,
933 680 1039 735 per
1051 680 1222 734 quem
1247 663 1378 718 fecit
1403 668 1459 718 et
1478 664 1705 720 saecula.

82 759 175 824 Qui
199 774 326 812 cum
345 756 419 811 sit
446 758 717 828 splendor
735 757 929 828 gloriae
947 761 1003 812 et
1019 758 1203 829 ﬁgura
1223 758 1546 812 substantiae
1565 760 1706 830 ejus,

80 859 406 926 portansque
449 851 644 906 omnia
670 851 840 906 verbo
889 851 1110 906 virtutis
1139 869 1275 922 suae,
1308 853 1710 924 purgationem

82 951 421 1020 peccatorum
446 945 682 1013 faciens,
711 946 854 1000 sedit
883 946 952 1000 ad
983 946 1275 1000 dexteram
1305 947 1613 1017 majestatis
1653 947 1710 1002 in

85 1040 316 1106 excelsis,
358 1043 522 1094 tanto
549 1039 752 1094 melior
781 1039 997 1110 angelis
1021 1040 1269 1108 effectus,
1293 1045 1573 1111 quantum
1600 1040 1708 1095 dif-

83 1135 331 1191 ferentior
355 1150 479 1205 prae
501 1133 613 1187 illis
637 1149 846 1187 nomen
876 1134 1229 1189 hereditavit.
1257 1134 1360 1189 Cui
1387 1135 1541 1189 enim
1570 1135 1714 1189 dixit

83 1228 364 1300 aliquando
391 1229 737 1298 angelorum
767 1244 779 1282 :
809 1228 980 1281 Filius
1007 1245 1168 1282 meus
1195 1245 1254 1282 es
1280 1233 1362 1296 tu,
1402 1245 1508 1298 ego
1544 1228 1712 1284 hodie

86 1323 238 1394 genui
261 1327 316 1376 te
333 1323 362 1376 ?
390 1323 458 1377 Et
480 1337 708 1376 rursum
746 1341 759 1376 :
792 1323 909 1393 Ego
937 1338 1033 1376 ero
1061 1322 1142 1376 illi
1169 1322 1230 1377 in
1255 1327 1495 1394 patrem,
1522 1323 1712 1394 etipse

85 1417 178 1473 erit
202 1416 340 1472 mihi
368 1416 430 1470 in
461 1415 666 1470 tilium.

203 1510 378 1560 Lectio
413 1510 585 1558 sancti
618 1508 888 1570 Evangelii
922 1508 1211 1558 secundum
1246 1509 1562 1560 Mattbaeum.

144 1592 298 1646 Liber
349 1590 739 1662 generationis
787 1592 918 1645 Iesu
957 1590 1164 1645 Christi
1215 1589 1314 1644 filii
1367 1592 1558 1659 David,
1616 1591 1714 1646 tilii

82 1687 366 1742 Abraham.
395 1685 687 1740 Abraham
710 1685 909 1756 genuit
933 1687 1102 1752 Isaac,
1126 1685 1274 1738 Isaac
1296 1690 1488 1739 autem
1517 1685 1715 1756 genuit

81 1779 249 1847 Iacob,
279 1779 448 1833 Iacob
475 1784 667 1834 autem
695 1779 893 1850 genuit
909 1779 1109 1833 Iudam
1136 1782 1193 1832 et
1217 1780 1416 1833 fratres
1461 1779 1602 1849 ejus.
1651 1781 1716 1833 Et

85 1875 209 1928 alius
233 1873 401 1927 Judas
434 1873 636 1944 genuit
661 1873 870 1944 Ioseph
905 1872 1090 1926 virum
1119 1873 1322 1942 Mariae,
1355 1873 1423 1927 de
1454 1889 1567 1944 qua
1608 1889 1712 1926 na-

85 1972 162 2021 tus
181 1971 259 2021 est
284 1967 544 2021 Christus
567 1968 614 2020 ⁸.
636 1966 843 2020 Christi
886 1970 1077 2020 autem
1114 1965 1402 2037 generatio
1453 1965 1531 2019 sic
1573 1968 1712 2020 erat.
1736 1958 1792 2030 B

90 2062 213 2117 Cum
241 2066 384 2115 esset
413 2061 752 2132 desponsata
772 2064 953 2115 mater
979 2061 1100 2131 ejus
1138 2060 1305 2114 Maria
1341 2060 1568 2132 Ioseph,
1612 2077 1713 2114 an-

90 2162 298 2228 tequam
328 2155 718 2221 convenirent,
743 2154 968 2209 inventa
996 2154 1156 2208 estin
1199 2159 1360 2208 utero
1399 2154 1610 2210 habens
1647 2155 1716 2209 de

94 2250 280 2321 Spiritu
331 2251 550 2304 sancto.
593 2248 800 2319 Ioseph
839 2252 1031 2302 autem
1069 2247 1156 2301 vir
1203 2248 1344 2318 ejus,
1387 2264 1516 2302 cum
1573 2251 1718 2302 esset

88 2343 270 2413 justus,
301 2346 357 2397 et
382 2343 562 2397 nollet
589 2358 715 2397 eam
744 2342 1061 2409 traducere,
1085 2341 1263 2395 voluit
1287 2342 1503 2395 occulte
1521 2341 1715 2396 dimit-

95 2441 192 2491 tere
217 2453 355 2490 eam.
387 2438 518 2491 Haec
547 2439 740 2491 autem
761 2452 826 2490 eo
851 2435 1154 2506 cogitante,
1184 2451 1311 2489 ecce
1343 2435 1581 2506 angelus
1605 2436 1715 2489 Do-

96 2529 213 2583 mini
235 2529 288 2584 in
319 2530 535 2584 somnis
559 2530 826 2601 apparuit
848 2529 920 2597 ei,
945 2528 1137 2582 dicens
1157 2545 1168 2582 :
1187 2529 1392 2600 Ioseph
1416 2528 1493 2582 tili
1522 2529 1714 2597 David,

98 2623 194 2677 noli
246 2622 444 2678 timere
475 2623 732 2695 accipere
760 2622 993 2677 Mariam
1026 2621 1327 2693 conjugem
1356 2625 1531 2676 tuam.
1559 2621 1718 2686 Quod

98 2717 226 2772 enim
255 2717 312 2772 in
341 2734 406 2772 ea
435 2723 638 2772 natum
669 2721 772 2784 est,
796 2717 863 2771 de
895 2716 1105 2787 Spiritu
1148 2720 1339 2771 sancto
1383 2719 1486 2770 est.
1536 2715 1720 2772 Pariet

98 2816 262 2866 autem
288 2810 491 2880 tilium,
511 2816 566 2866 et
594 2810 816 2865 vocabis
830 2827 1039 2865 nomen
1066 2810 1188 2881 ejus
1206 2811 1398 2865 Iesum.
1421 2811 1540 2881 Ipse
1565 2809 1718 2865 enim

99 2905 288 2959 salvum
321 2905 490 2960 faciet
516 2905 793 2976 populum
821 2922 988 2958 suum
1018 2922 1051 2957 a
1077 2902 1320 2974 peccatis
1351 2920 1570 2958 eorum.
1603 2906 1718 2958 Hoc

100 3002 268 3054 autem
294 3004 482 3055 totum
517 3001 728 3054 factum
756 3003 860 3066 est,
889 3002 954 3053 ut
997 2998 1404 3068 adimpleretur
1440 2999 1590 3068 quod
1629 2998 1715 3052 di-

98 3101 229 3152 ctum
257 3103 340 3153 est
364 3115 470 3170 per
501 3098 840 3170 prophetam
887 3097 1210 3152 dicentem:
1267 3099 1405 3151 Ecce
1450 3096 1612 3167 virgo
1657 3095 1716 3149 in

98 3197 238 3247 utero
263 3193 563 3264 concipiet,
591 3197 646 3247 et
670 3191 852 3263 pariet
877 3191 1077 3260 tilium,
1110 3195 1166 3245 et
1191 3189 1480 3244 vocabitur
1509 3205 1719 3243 nomen

98 3285 200 3354 ejus
229 3286 622 3354 Emmanuhel,
656 3285 806 3356 quod
828 3289 911 3339 est
935 3285 1390 3355 interpretatum,
1421 3283 1719 3337 Nobiscum

99 3378 244 3433 Deus.
275 3382 596 3451 Exsurgens
617 3383 810 3433 autem
843 3379 1051 3449 Ioseph
1090 3395 1120 3431 e
1160 3394 1357 3432 somno
1401 3377 1533 3431 fecit
1576 3377 1721 3431 sicut

98 3480 420 3545 praeceperat
433 3474 489 3528 ei
506 3474 744 3544 angelus
758 3471 978 3526 Domini
996 3490 1010 3540 ;
1032 3475 1087 3526 et
1109 3471 1324 3542 accepit
1344 3471 1572 3525 Mariam
1589 3488 1722 3524 con-

93 3567 271 3638 jugem
286 3585 468 3637 suam,
489 3572 543 3622 et
555 3584 668 3621 non
683 3567 945 3638 cognovit
961 3566 1289 3632 eam,donec
1305 3564 1525 3636 peperit
1537 3564 1718 3618 tilium

101 3677 246 3715 suum
271 3661 738 3733 primogenitum,
772 3665 827 3716 et
851 3660 1066 3714 vocavit
1092 3676 1300 3714 nomen
1329 3659 1450 3730 ejus
1477 3660 1669 3714 Iasum.

207 3755 372 3804 Lectio
405 3754 576 3806 sancti
608 3754 880 3818 Evangelii
914 3753 1203 3803 secundum
1237 3753 1530 3802 Matthaeum
1549 3753 1592 3800 b.

159 3839 290 3894 Cum
306 3845 466 3897 natus
488 3844 636 3896 esset
655 3839 929 3895 Dominus
953 3841 1112 3894 Iesus
1128 3839 1200 3907 fin
1221 3839 1534 3893 Betthclem
1558 3837 1718 3892 Iudae

103 3932 152 3985 in
174 3933 357 3989 diebus
380 3935 615 3990 Herodis
642 3934 812 4005 regis,
837 3950 964 3989 ecce
993 3932 1146 4004 magi
1175 3933 1244 3986 ab
1267 3931 1495 3986 Oriente
1540 3947 1712 3986 vene-

106 4030 218 4080 runt
242 4028 646 4098 Hierusolyma,
677 4027 925 4082 dicentes
958 4044 970 4081 :
1018 4026 1123 4081 Ubi
1168 4028 1250 4079 est
1291 4025 1389 4096 qui
1432 4029 1598 4079 natus
1637 4028 1721 4080 est

106 4134 187 4173 rex
211 4121 529 4178 Iudaeorum
542 4123 569 4177 ?
584 4121 829 4176 vidimus
845 4121 999 4176 enim
1020 4119 1238 4174 stellam
1255 4119 1376 4189 ejus
1397 4119 1455 4173 in
1469 4119 1716 4186 Oriente,

108 4216 151 4264 et
193 4215 441 4270 venimus
479 4215 713 4270 adorare
754 4231 906 4269 eum.
958 4213 1205 4268 Audiens
1245 4217 1435 4267 autem
1477 4212 1721 4267 Herodes

106 4319 190 4360 rex
213 4309 460 4364 turbatus
490 4315 594 4378 est,
635 4314 690 4364 et
718 4308 901 4363 omnis
929 4307 1321 4378 Hierusolyma
1355 4323 1486 4360 cum
1505 4306 1620 4360 illo.
1654 4307 1720 4360 Et

108 4413 432 4474 congregans
475 4419 670 4458 omnes
712 4402 996 4474 principes
1032 4401 1391 4456 sacerdotum
1420 4404 1475 4454 et
1512 4399 1720 4454 scribas

108 4496 295 4565 populi,
317 4497 701 4552 sciscitabatur
721 4497 792 4551 ab
818 4496 897 4551 eis
934 4495 1034 4550 ubi
1073 4494 1327 4550 Christus
1369 4497 1717 4549 nasceretur.

114 4587 170 4639 At
191 4587 265 4643 illi
290 4591 553 4647 dixerunt
584 4610 598 4646 :
636 4593 696 4646 In
727 4590 1036 4645 Betthclem
1063 4589 1252 4658 Iudae;
1281 4588 1359 4643 sic
1390 4589 1544 4643 enim
1582 4586 1720 4643 scri-

114 4684 246 4746 ptum
285 4689 365 4740 est
410 4703 515 4758 per
564 4685 902 4756 prOphetam
935 4700 948 4738 :
1000 4685 1066 4738 Et
1107 4685 1171 4736 tu
1209 4683 1524 4738 Betthclem
1574 4686 1802 4778 terraD

111 4771 288 4832 Iuda...
326 4795 391 4834 ex
435 4784 491 4835 te
527 4779 682 4835 enim
727 4778 876 4834 exiet
913 4779 1058 4846 Dux,
1097 4775 1196 4848 qui
1241 4781 1401 4849 regat
1447 4777 1723 4848 populum

113 4881 274 4925 meum
301 4873 487 4929 Israel.

660 4962 855 5002 INCIPIT
895 4960 1052 5000 MISSA
1095 4953 1136 4997 θ.

171 5032 461 5093 Nativitatis
490 5039 797 5093 Dominicae
825 5037 1185 5108 splendidum
1205 5035 1377 5103 diem,
1402 5035 1463 5089 in
1496 5050 1608 5106 quo
1635 5050 1723 5087 sa-

115 5121 222 5180 lutis
243 5137 438 5186 nostrae
467 5133 756 5187 institutor
784 5137 840 5186 et
859 5132 1144 5186 redemtor
1170 5129 1366 5184 mortis
1390 5129 1576 5199 legem
1611 5127 1724 5182 cal-

119 5220 248 5288 cavit,
270 5223 499 5280 humani
533 5226 757 5298 generis
785 5226 1043 5279 membra
1072 5223 1334 5294 suscepit,
1371 5222 1577 5288 debita,
1610 5221 1723 5274 fra-

121 5313 210 5366 tres
236 5315 594 5383 dilectissimi,
635 5319 1010 5374 sollemnitate
1054 5333 1413 5384 veneremur,
1460 5318 1726 5386 rogantes

122 5407 171 5456 Ul-
194 5411 280 5478 qui
303 5414 366 5468 ad
396 5414 808 5470 redemtionem
842 5417 1168 5468 nostrorum
1210 5409 1514 5466 criminum
1560 5411 1726 5463 natus

124 5504 203 5564 est,
225 5502 331 5574 ipse
359 5508 429 5562 sit
454 5513 640 5563 custos
669 5503 978 5580 perpetuus
997 5507 1066 5561 ad
1094 5507 1354 5561 salutem.

762 5595 1031 5646 Collectio.

182 5669 297 5742 Spes
307 5678 467 5733 unica
477 5679 607 5733 vitae
622 5681 833 5733 nostrze
854 5682 909 5732 et
923 5676 1053 5732 ﬁdei
1075 5680 1488 5742 remunerator,
1514 5678 1728 5730 aeterne

183 5793 297 5886 '_$ic
326 5804 702 5886 Evan‘gelium.
718 5804 786 5858 de
808 5801 1413 5886 ‘genealogiavDomini
1443 5801 1732 5886 breviatur

128 5860 344 5986 illlbveteri
370 5860 571 5931 Codice
609 5880 666 5930 et
688 5875 747 5929 in
773 5860 895 5930 aliis
923 5860 1212 5929 nonnullis
1256 5874 1503 5946 antiquis
1549 5873 1730 5929 Missa-

151 5951 162 5984 ι
197 5953 268 5986 us-

151 5951 268 5994 IDUS.

189 6006 210 6044 δ
246 6010 473 6073 Notanda
493 6017 618 6074 haec
640 6016 882 6074 secunda
901 6016 1068 6075 lectio
1095 6016 1383 6088 Evangelii
1405 6031 1508 6086 pro
1526 6015 1732 6085 Vigilia

1807 665 2024 720 salvare
2053 665 2318 736 dignatus
2343 682 2402 720 es
2423 665 2737 720 mundum:
2769 668 2990 720 naturae
3010 665 3194 720 carnis
3221 665 3452 722 adsum-

1809 759 1961 814 tione
1983 758 2269 827 miscetur,
2297 764 2362 814 ut
2390 761 2489 831 qui
2516 761 2666 814 Deus
2691 763 2814 814 erat
2839 776 2908 815 ex
2934 761 3044 815 Deo
3074 761 3260 830 Patre,
3277 760 3453 816 homo

1810 869 2039 925 quoque
2078 857 2224 907 esset
2251 869 2318 907 ex
2351 858 2564 922 matre;
2595 871 2666 909 ex
2691 856 2748 908 te
2774 854 2894 908 sine
2919 858 3195 924 tempore,
3237 870 3308 909 ex
3355 855 3455 909 illa

1811 947 1932 1001 sine
1957 946 2171 1001 semine
2200 966 2217 1001 :
2245 948 2458 1018 respice
2489 965 2610 1017 nos,
2639 951 2696 1003 et
2724 949 2917 1004 adesto
2945 948 3206 1018 precibus
3227 949 3454 1004 nostris.

1811 1046 1868 1095 et
1900 1043 2109 1111 praesta
2150 1045 2215 1094 ut
2251 1041 2349 1111 qui
2386 1043 2692 1096 adventum
2738 1043 2862 1097 Filii
2906 1042 2990 1096 tui
3016 1042 3292 1096 humilem
3323 1059 3455 1097 cum

1815 1135 2020 1205 gaudio
2046 1134 2300 1202 colimus,
2327 1135 2386 1189 in
2409 1135 2588 1206 gloria
2614 1135 2935 1191 venientem
2960 1152 3091 1190 cum
3116 1135 3313 1191 laetitia
3338 1152 3456 1191 me-

1813 1246 2044 1284 reamur
2071 1229 2342 1300 aspicere.

2435 1301 2558 1349 Post
2590 1298 2821 1348 nomina.

1885 1385 2103 1440 Christe
2132 1384 2385 1451 Domine,
2417 1384 2515 1456 qui
2536 1390 2590 1438 te
2619 1384 2941 1454 exinanisti,
2967 1389 3030 1440 ut
3058 1402 3159 1439 nos
3185 1385 3458 1457 adimple-

1815 1495 1902 1534 res
1925 1497 1940 1548 ;
1964 1479 2062 1550 qui
2091 1478 2403 1533 humiliasti
2433 1483 2509 1547 te,
2538 1483 2601 1532 ut
2627 1495 2728 1531 nos
2753 1478 3046 1546 exaltares,
3079 1482 3143 1532 ut
3187 1479 3287 1550 qui
3333 1495 3456 1534 eras

1815 1578 1943 1627 ante
1971 1573 2278 1644 Virginem,
2307 1589 2453 1627 esses
2480 1589 2548 1627 ex
2587 1571 2856 1641 Virgine;
2907 1588 2977 1625 ex
3019 1572 3130 1626 Deo
3174 1573 3332 1626 Patre
3362 1589 3459 1626 nae

1816 1672 1907 1721 tus
1925 1668 2069 1721 Deus
2099 1671 2228 1721 ante
2257 1667 2481 1734 saecula,
2513 1665 2679 1720 hodie
2712 1665 2883 1720 homo
2908 1665 3211 1720 nasceretis
3237 1665 3307 1719 ob
3349 1681 3454 1719 sa-

1817 1761 1977 1827 cula;
2007 1766 2062 1814 te
2089 1777 2334 1827 oramus,
2355 1765 2410 1814 et
2435 1760 2681 1832 petimus
2713 1764 2775 1813 ut
2801 1775 2996 1831 preces
3021 1762 3241 1814 nostras
3269 1758 3457 1830 placa-

1815 1858 1907 1909 tus
1935 1855 2224 1910 exaudias.

2486 1925 2560 1974 Ad
2589 1937 2795 1988 pacem.

1889 2007 2055 2075 Deus,
2111 2005 2346 2077 antiqua
2392 2005 2733 2075 exspectatio
2780 2005 3058 2077 gentium,
3099 2005 3200 2076 qui
3243 2005 3462 2060 oracola

1818 2099 2225 2172 prophetarum
2254 2099 2315 2153 in
2341 2099 2464 2154 luce
2490 2100 2783 2170 Evangelii
2809 2099 3065 2171 posuisti,
3095 2099 3193 2170 qui
3216 2099 3459 2170 languo-

1817 2211 1906 2248 res
1964 2198 2182 2248 nostros
2225 2198 2524 2248 curaturus
2569 2193 2803 2247 cmlestis
2860 2193 3109 2248 medicus
3161 2192 3458 2248 advenisti.

1818 2289 1956 2342 Nam
1985 2288 2113 2359 quis
2158 2291 2214 2342 te
2264 2286 2440 2359 possit
2484 2304 2805 2357 agnoscere,
2862 2287 2971 2340 nisi
3027 2286 3146 2356 ipse
3193 2286 3462 2340 voluisses

1816 2381 2045 2453 agnosci
2069 2382 2096 2434 ?
2121 2381 2327 2449 tribue,
2356 2397 2704 2450 quaesumus,
2736 2385 2801 2435 ut
2827 2379 3266 2434 communicatio
3308 2396 3458 2452 prae-

1817 2475 1990 2530 sentis
2017 2474 2192 2529 osculi
2219 2479 2508 2545 perpetua!
2537 2474 2792 2545 proficiat
2818 2473 3060 2528 caritati.

2473 2577 2810 2627 Contestatio.

1890 2660 2029 2714 Vere
2064 2657 2306 2730 dignum
2366 2662 2423 2713 et
2465 2659 2687 2728 justum
2732 2663 2834 2727 est,
2883 2659 3239 2731 omnipotens
3295 2661 3462 2725 Deus,

1819 2770 1920 2826 per
1944 2752 2230 2808 Christum
2251 2752 2555 2806 Dominum
2575 2757 2852 2808 nostrum.
2875 2753 3048 2824 Cujus
3064 2753 3464 2808 Incarnationis

1820 2847 2064 2903 natalem
2090 2846 2256 2900 hodie
2288 2845 2656 2914 celebramus,
2692 2863 2795 2917 per
2823 2863 2995 2918 quem
3029 2863 3219 2901 annua
3260 2845 3464 2901 festivi-

1819 2945 1930 2996 tate
1943 2941 2123 2994 lucem
2139 2939 2394 3010 gentium
2413 2939 2671 3011 genuisse
2701 2939 2922 2994 testaris
2943 2958 2958 3008 ;
2982 2956 3152 3011 quem
3169 2940 3464 3011 prophetae

1819 3034 2166 3102 cecinerunt,
2186 3032 2535 3088 nasciturum
2552 3033 2949 3102 Emmanuhel,
2968 3033 3273 3088 Nobiscum
3291 3035 3456 3101 Deus;

1819 3145 1992 3200 quem
2019 3128 2254 3199 angelus
2275 3127 2569 3182 nunciavit
2595 3131 2908 3182 creatorem
2935 3127 3116 3182 carnis
3145 3128 3206 3182 in
3232 3143 3462 3182 carnem

1821 3227 2121 3278 venturum
2139 3240 2154 3292 ;
2179 3238 2350 3292 quem
2365 3226 2562 3277 natum
2581 3239 2683 3293 pro
2706 3222 2884 3277 salute
2902 3223 3298 3276 universorum
3318 3222 3463 3277 mul-

1741 3331 1796 3405 ρ
1822 3317 2003 3371 titudo
2033 3315 2266 3371 caelestis
2293 3316 2572 3371 exercitus
2600 3315 2803 3370 divinis
2828 3316 3091 3370 laudibus
3130 3315 3458 3384 honoravit;

1821 3428 1992 3482 quem
2019 3410 2367 3465 credentium
2388 3410 2480 3481 pia
2497 3410 2635 3464 tides
2660 3408 2890 3480 agnovit
2910 3415 2965 3465 et
2983 3409 3184 3464 tenuit.
3203 3411 3277 3464 Te
3297 3426 3457 3482 ergo,

1821 3521 2168 3576 quaesumus,
2202 3504 2440 3558 Domine
2469 3505 2616 3558 Deus
2642 3508 2852 3572 noster,
2883 3503 3105 3572 exaudi,
3134 3508 3316 3572 tuere,
3343 3520 3467 3558 sane

1821 3598 1999 3652 ctitica
2023 3598 2247 3668 plebem
2272 3602 2449 3662 tuam,
2481 3613 2652 3667 quam
2683 3597 2755 3650 ad
2780 3596 3176 3651 celebrandam
3210 3613 3462 3667 praesen-

1821 3691 1891 3746 tis
1917 3691 2302 3746 sollemnitatis
2325 3689 2736 3744 beatitudinem
2763 3689 3140 3761 congregasti,
3163 3689 3464 3743 universis-

1821 3802 1930 3857 que
1956 3785 2169 3839 notitiae
2198 3787 2308 3837 ture
2339 3782 2618 3855 [gratiam]
2653 3783 3081 3855 participatione
3120 3783 3297 3836 sancti
3335 3782 3460 3853 Spi-

1821 3880 1960 3934 ritus
2009 3877 2352 3950 propiciatus
2407 3877 2665 3946 infunde,
2718 3893 2822 3949 per
2871 3877 3028 3931 illam
3081 3881 3462 3948 exspectatam

1821 3972 2026 4028 sanctis
2055 3971 2164 4026 tuis
2188 3971 2461 4026 adventus
2486 3971 2572 4025 tui
2601 3971 2861 4043 gloriam,
2895 3987 2998 4042 per
3034 3970 3323 4026 Christum
3360 3971 3463 4025 Do-

1820 4068 2044 4122 minum
2073 4068 2352 4121 nostrum.
2385 4067 2489 4121 Per
2513 4082 2707 4136 quem.

2264 4203 2424 4243 MISSA
2453 4187 2478 4228 ἀ
2521 4203 2708 4244 SANCTI
2751 4203 2992 4245 STEFANI.

2115 4283 2367 4350 Legenda
2405 4283 2465 4335 in
2505 4285 2682 4338 sancti
2718 4283 2936 4351 Stefani
2970 4286 3155 4338 missa.

2154 4374 2331 4425 Lectio
2363 4375 2506 4425 Pauli
2524 4376 2744 4440 apostoli
2769 4375 2834 4426 ad
2859 4377 3135 4426 Romanos.

1894 4462 2133 4529 Fratres,
2163 4462 2298 4516 nolo
2317 4478 2414 4515 vos
2441 4461 2726 4532 ignorare,
2749 4460 2881 4532 quia
2908 4477 3057 4532 saepe
3084 4462 3353 4533 proposui
3379 4479 3467 4517 ve-

1823 4555 1944 4610 nire
1971 4555 2043 4609 ad
2067 4571 2187 4622 vos,
2217 4557 2273 4609 et
2297 4554 2616 4626 prohibitus
2636 4569 2762 4606 sum
2798 4570 2977 4623 usque
3011 4553 3215 4621 adhuc,
3253 4560 3318 4608 ut
3358 4555 3464 4608 ali-

1826 4665 1998 4721 quem
2024 4648 2276 4702 fructum
2305 4647 2548 4700 habeam
2572 4645 2630 4700 in
2656 4645 2834 4713 vobis,
2858 4645 3002 4699 sicut
3027 4645 3087 4699 in
3113 4647 3313 4701 ceteris
3335 4663 3470 4717 gen-

1829 4743 1996 4797 tibus.
2039 4739 2247 4794 Graecis
2286 4755 2348 4792 ae
2393 4737 2666 4805 barbaris,
2715 4737 3060 4807 sapientibus
3082 4743 3139 4793 et
3166 4738 3465 4794 insensatis

1825 4835 2045 4891 debitor
2082 4849 2229 4901 sum,
2274 4835 2330 4887 et
2379 4831 2438 4885 in
2474 4830 2632 4884 vobis
2669 4830 3077 4900 evangelizare.
3135 4833 3256 4887 Non
3309 4833 3466 4888 enim

1825 4929 2091 4983 erubesco
2117 4941 2288 4997 super
2311 4923 2698 4995 Evangelium.
2727 4923 2913 4977 Virtus
2957 4922 3111 4977 enim
3151 4926 3250 4979 Dei
3291 4930 3376 4980 est
3408 4926 3468 4980 in

1827 5025 2069 5077 salutem
2099 5019 2255 5074 omni
2293 5017 2563 5086 credenti,
2619 5015 2809 5070 Iudaeo
2841 5015 3118 5088 primum,
3153 5021 3209 5071 et
3250 5018 3464 5085 Graeco,

1825 5114 2045 5171 Iustitia
2074 5114 2228 5169 enim
2257 5113 2354 5166 Dei
2389 5112 2449 5165 in
2478 5127 2543 5166 eo
2573 5109 2913 5164 revelabitur
2939 5127 3008 5166 ex
3038 5109 3148 5164 fide
3172 5109 3231 5163 in
3270 5109 3464 5175 fidem,

1829 5210 1975 5264 sicut
2014 5208 2291 5279 scriptum
2341 5209 2466 5261 est:
2518 5206 2705 5259 Iustus
2749 5209 2942 5262 autem
2983 5221 3052 5261 ex
3091 5203 3200 5260 fide
3238 5201 3374 5257 vivit
3409 5201 3470 5256 in

1827 5302 2049 5359 Christo
2075 5303 2226 5356 Iesu.

1976 5402 2152 5452 Lectio
2188 5401 2353 5453 sancti
2385 5401 2654 5466 Evangelii
2685 5402 2976 5452 secundum
3009 5402 3324 5452 Matthzeum.

1901 5491 2045 5545 Cum
2074 5489 2317 5544 venisset
2338 5488 2608 5543 Dominus
2630 5489 2789 5544 Iesus
2829 5489 3248 5560 Capharnaum,
3283 5501 3467 5544 acces-

1831 5589 2030 5639 serunt
2057 5583 2156 5655 qui
2201 5584 2430 5638 dracma
2461 5582 2832 5655 accipiebant,
2872 5587 2928 5637 et
2959 5582 3227 5638 dixerunt
3260 5584 3424 5638 Petro
3449 5597 3462 5635 :

1830 5677 2092 5750 Magister
2116 5681 2298 5733 vester
2326 5693 2442 5732 non
2469 5677 2633 5732 solvit
2661 5676 2987 5732 didracma?
3008 5676 3132 5731 Ait:
3168 5676 3372 5732 Etiam.
3405 5675 3471 5730 Et

1830 5799 2037 5856 Natalis
2067 5799 2312 5864 Domini,
2340 5799 2530 5853 forsan
2557 5797 2628 5852 ad
2655 5795 2877 5851 libitum
2903 5794 3195 5853 varianda.

1901 5885 1923 5912 ο
1962 5871 2136 5926 Unica
2160 5872 2284 5925 bzec
2307 5870 2481 5924 missa
2508 5885 2610 5940 pro
2632 5869 2722 5923 die
2742 5869 2866 5940 ipso
2892 5867 3206 5940 Nativitatis
3224 5864 3470 5922 Domini.

1905 5943 1930 5983 τι
1961 5943 2060 5997 Hic
2087 5942 2284 5996 titulus
2314 5938 2562 6012 secunda
2593 5938 2787 6010 manu,
2818 5939 2914 5996 sed
2957 5938 3191 6012 antiqua
3221 5939 3471 6011 adjectus

1835 6019 1936 6085 est,
1965 6018 2022 6068 at
2047 6011 2415 6068 necessarius.
