4006 6228
555 454 653 507 467

1453 447 1788 503 ΑΡΡΕΝΟΙΧ
1825 448 1912 501 ΑΙ)
1949 447 2172 502 ΟΡΕΒΑ
2209 449 2262 501 S.
2305 450 2602 506 GERMANI
2643 452 3069 508 PARISIENSIS.

3852 457 3963 509 468

539 578 681 618 cum
710 561 973 619 intrasset
989 562 1248 629 domum,
1276 557 1554 631 praevenit
1581 572 1716 613 eum
1755 557 1912 612 Jesus
1950 556 2140 614 dicens
2171 574 2184 614 :
2209 569 2269 644 Α
2291 566 2554 617 nostrum
2585 562 2654 617 de
2684 562 2774 617 his
2801 561 2899 634 qui
2923 562 3180 618 habitant
3207 562 3268 619 in
3291 565 3488 620 terra?
3513 565 3582 620 Et
3620 565 3775 621 datae
3821 571 3970 620 sunt

539 656 691 722 Quid
718 657 820 712 tibi
848 656 1090 723 videtur,
1119 655 1311 710 Simon
1327 654 1353 707 ?
1392 653 1574 723 Reges
1601 655 1768 707 terrae
1794 669 1827 707 a
1862 651 2068 723 quibus
2089 669 2185 708 ac-

549 751 770 822 cipiunt
800 750 1079 806 tributum
1127 748 1212 802 vel
1249 748 1519 802 censum?
1567 763 1600 800 a
1641 745 1769 800 ﬁliis
1825 745 1960 816 suis,
1992 763 2065 802 an
2115 747 2186 804 ab

535 845 782 901 alienis?
800 844 882 899 Ab
910 842 1128 897 alienis.
1161 841 1309 896 Dixit
1333 841 1416 895 illi
1442 842 1599 896 Iesus
1631 857 1644 895 :
1676 843 1823 912 Ergo
1850 840 2013 896 liberi
2055 846 2188 898 sunt

535 937 660 994 alii.
694 941 761 994 Ut
782 941 972 993 autem
997 952 1115 992 non
1142 936 1584 992 scandalizemus
1605 951 1719 1006 eos,
1735 936 1872 992 vade
1900 936 1971 991 ad
1991 953 2180 1005 mare;

537 1037 604 1088 et
629 1033 791 1087 mitte
811 1032 1066 1098 hamum,
1099 1034 1156 1086 et
1181 1047 1313 1087 eum
1339 1031 1553 1102 piscem
1565 1030 1664 1104 qui
1689 1029 1909 1101 primus
1926 1031 2188 1087 ascende-

529 1126 623 1180 rit
645 1123 798 1194 tolle,
827 1129 883 1179 et
906 1129 1102 1196 aperto
1113 1140 1210 1180 orc
1239 1125 1361 1196 ejus
1385 1123 1681 1180 inveniens
1709 1127 1996 1194 staterem,
2027 1125 2184 1181 illum

545 1235 776 1276 sumens
801 1220 870 1274 da
896 1219 976 1275 eis
1002 1235 1106 1291 pro
1133 1236 1224 1274 me
1254 1223 1310 1274 et
1334 1222 1407 1274 te.

1155 1334 1355 1375 INCIPIT
1395 1335 1573 1374 MISSA.

525 1400 534 1404 ⁵
614 1415 760 1470 Deus
785 1414 1165 1485 omnipotens,
1196 1412 1292 1484 qui
1320 1412 1580 1468 Ecclesiae
1617 1416 1730 1467 tua:
1770 1416 2027 1466 sanctum
2071 1411 2186 1467 Ste-

542 1510 739 1564 fanum
777 1512 1087 1580 martyrem
1126 1507 1380 1580 primum
1425 1506 1621 1562 messis
1671 1511 1784 1560 tua:
1828 1506 2185 1578 manipulum

543 1602 766 1671 dedisti,
805 1606 860 1658 et
887 1601 1230 1674 primitivam
1257 1599 1599 1656 oblationem
1621 1601 1856 1656 novellae
1878 1600 2182 1655 confessio-

529 1680 628 1752 ‘nis
651 1695 942 1752 ostendisti
968 1712 1310 1766 prieconem,
1335 1696 1485 1766 quod
1502 1695 1721 1750 fruetus
1742 1698 2185 1750 maturescentes

527 1775 830 1858 exhibuit;
865 1793 1074 1862 przesta
1099 1790 1362 1844 universo
1389 1790 1558 1844 coetui
1595 1788 1996 1844 intercessione
2039 1806 2185 1842 mar-

541 1885 678 1954 tyris
704 1883 912 1953 meriti,
934 1888 995 1938 ut
1016 1883 1316 1939 Ecclesiam
1330 1887 1491 1939 tuam
1513 1884 1674 1955 juvet
1701 1883 1994 1954 suffragio,
2011 1899 2183 1956 quam

539 1978 760 2036 ornavit
785 1977 1122 2034 ministerio.

1222 2047 1492 2098 Collectio.

525 2117 528 2120 ’
612 2130 868 2200 Domine,
893 2127 990 2202 qui
1017 2129 1344 2185 ambulante
1371 2130 1440 2184 de
1459 2129 1665 2184 virtute
1691 2130 1751 2184 in
1763 2128 2031 2185 virtutem
2049 2146 2179 2184 san-

537 2228 624 2280 cto
645 2224 868 2281 Stefano
895 2225 1132 2296 martyri
1164 2228 1263 2280 tuo
1308 2224 1583 2297 aperuisti
1617 2224 1780 2279 czelos
1821 2223 1892 2278 ad
1941 2222 2180 2296 gloriam

535 2317 1042 2392 contemplationis,
1098 2335 1239 2390 quos
1299 2318 1351 2372 ei
1418 2334 1719 2389 aperueras
1782 2318 1852 2372 ad
1913 2317 2181 2372 meritum
2264 2366 2272 2372 .

534 2412 864 2482 sanctitatis,
911 2416 973 2467 ut
1025 2411 1388 2468 confessionis
1440 2427 1556 2466 suae
1613 2413 1864 2466 fructum
1911 2417 2135 2482 caperet
2160 2429 2176 2481 ;

535 2508 766 2564 ostende
791 2506 955 2562 nobis
979 2506 1248 2578 suffragio
1274 2507 1395 2578 ejus
1414 2505 1861 2561 misericordiam
1886 2509 2065 2560 tuam.

1160 2601 1279 2650 Post
1315 2599 1542 2650 nomine.

606 2682 841 2739 Domine
867 2685 1012 2753 Iesu,
1046 2701 1078 2738 a
1104 2699 1216 2755 quo
1241 2699 1406 2737 suum
1435 2681 1698 2753 spiritum
1730 2681 1939 2753 suscipi
1965 2686 2182 2753 martyr

532 2777 790 2836 Stefanus
812 2777 1127 2849 postulavit,
1157 2782 1219 2832 tu
1247 2778 1538 2848 praesentis
1578 2777 1750 2847 hujus
1791 2776 2179 2832 sollemnitatis

512 2863 785 2944 placatus
802 2871 1103 2942 oblatione,
1135 2875 1190 2925 et
1209 2870 1523 2927 viventibus
1546 2871 1792 2940 veniam,
1817 2875 1871 2926 et
1894 2871 2182 2942 quiescen-

532 2966 682 3021 tibus
708 2965 948 3021 concede
971 2965 1225 3037 requiem
1255 2965 1683 3036 sempiternam.

1034 3059 1283 3109 Collectio
1324 3058 1387 3108 ad
1431 3072 1634 3123 pacem.

604 3142 751 3197 Deus
774 3141 928 3212 pacis
954 3141 1234 3210 conditor,
1266 3141 1412 3194 Deus
1439 3139 1812 3210 indulgentia:
1840 3156 2176 3196 remunera-

510 3237 638 3304 ‘tor,
673 3234 771 3306 qui
799 3239 988 3289 sancto
1015 3234 1251 3306 martyri
1281 3238 1379 3288 tuo
1415 3233 1640 3289 Stefano
1678 3233 1737 3288 in
1774 3235 2032 3304 passione
2065 3235 2176 3289 lar-

2286 657 2524 729 singulaa
2549 656 2704 712 stolae
2740 658 2900 725 albae,
2949 663 3005 714 et
3038 657 3255 713 dictum
3295 663 3379 714 est
3423 658 3534 714 illis
3578 663 3644 716 ut
3680 659 3963 731 requies-

2288 756 2480 807 cerent
2511 755 2732 823 tempus
2771 753 2955 808 adhuc
2999 752 3311 822 modicum,
3356 753 3534 810 donec
3583 753 3965 826 impleantur

2288 847 2540 901 conservi
2567 862 2766 901 eorum
2811 851 2867 902 et
2908 847 3108 903 fratres
3153 864 3372 919 eorum,
3419 848 3520 921 qui
3555 847 3963 905 interﬁciendi

2288 944 2419 997 sunt
2445 941 2590 996 sicut
2617 945 2674 996 et

2461 1041 2636 1092 Lectio
2661 1041 2826 1092 sancti
2851 1041 3120 1105 Evangelii
3142 1041 3432 1092 secundum
3454 1040 3780 1091 Mattbzeum.

2361 1127 2567 1183 Diebus
2602 1128 2730 1198 illis,
2778 1127 3041 1200 apparuit
3084 1128 3320 1200 angelus
3348 1127 3573 1182 Domini
3610 1128 3671 1182 in
3722 1128 3963 1183 somnis

2285 1223 2490 1294 Ioseph
2511 1223 2702 1278 dicens
2729 1240 2743 1278 :
2775 1223 2974 1294 Surge,
3008 1227 3064 1278 et
3095 1223 3283 1294 accipe
3310 1239 3551 1294 puerum
3590 1227 3647 1276 et
3689 1228 3960 1277 matrem

2287 1317 2428 1388 ejus,
2460 1324 2517 1374 et
2537 1318 2674 1388 fuge
2702 1317 2763 1372 in
2798 1319 3132 1389 Egyptum;
3176 1322 3232 1372 et
3279 1321 3398 1372 esto
3449 1317 3530 1371 ibi
3572 1332 3756 1388 usque
3807 1317 3960 1371 dum

2287 1413 2472 1467 dicam
2511 1412 2632 1467 tibi.
2684 1413 2962 1467 Futurum
3008 1416 3093 1467 est
3129 1412 3283 1468 enim
3320 1417 3385 1467 ut
3426 1412 3674 1468 Herodes
3717 1416 3959 1482 qumrat

2287 1524 2530 1579 puerum
2558 1507 2627 1562 ad
2654 1507 3008 1578 perdendum
3036 1524 3188 1562 eum.
3216 1507 3324 1571 Qui
3349 1522 3701 1578 consurgens
3714 1505 3956 1576 accepit

2286 1618 2532 1674 puerum
2558 1606 2612 1656 et
2641 1606 2881 1657 matrem
2911 1603 3032 1672 ejus
3060 1606 3242 1670 nocte,
3276 1607 3334 1656 et
3358 1601 3586 1656 recessit
3615 1600 3675 1654 in
3723 1602 3953 1670 Egyp-

2286 1701 2440 1764 tum;
2470 1701 2526 1751 et
2557 1701 2676 1751 erat
2699 1697 2780 1750 ibi
2806 1712 2984 1766 usque
3011 1697 3080 1751 ad
3107 1696 3329 1751 obitum
3360 1695 3610 1751 Herodis.
3648 1697 3722 1750 Ut
3761 1693 3954 1748 adim-

2285 1791 2538 1863 pleretur
2562 1792 2713 1862 quod
2737 1791 2951 1845 dictum
2977 1795 3060 1845 est
3096 1807 3128 1844 a
3172 1789 3409 1845 Domino
3448 1806 3551 1861 per
3584 1789 3953 1862 prOphetam

2286 1885 2568 1940 dicentem
2599 1902 2611 1939 :
2650 1887 2730 1940 Ex
2775 1887 3012 1956 .Egypto
3056 1885 3245 1940 vocavi
3274 1884 3482 1940 Filium
3515 1901 3737 1954 meum,
3794 1899 3951 1955 quo-

2205 1952 2260 2024 B
2284 1979 2442 2034 niam
2468 1981 2758 2034 Nazareeus
2784 1979 3093 2034 vocabitur.

2896 2111 3095 2148 INCIPIT
3133 2108 3308 2148 MISSA.

2358 2189 2498 2242 Deus
2533 2199 2554 2229 ο
2582 2189 2742 2259 cujus
2769 2188 3042 2242 hodierna
3069 2187 3158 2242 die
3197 2185 3550 2260 praconium
3595 2187 3948 2240 Innocentes

2283 2285 2560 2353 martyres
2583 2299 2698 2336 non
2730 2283 3032 2353 loquendo,
3063 2282 3159 2336 sed
3183 2282 3477 2336 moriendo
3504 2280 3750 2335 confessi
3776 2286 3941 2348 sunt,

2285 2375 2476 2430 omnia
2525 2377 2585 2430 in
2613 2377 2775 2430 nobis
2803 2376 3068 2431 vitiorum
3095 2377 3244 2431 mala
3283 2375 3576 2445 mortiﬁca,
3616 2377 3674 2429 et
3722 2374 3944 2446 gaudia

2283 2474 2494 2526 aeterna
2519 2471 2682 2526 nobis
2711 2470 2907 2543 largiri
2934 2471 3196 2526 concede.

2963 2563 3235 2614 Collectio.

2356 2653 2520 2720 Deus,
2565 2651 2892 2706 lactentium
2920 2650 3077 2721 fides,
3123 2667 3248 2723 spes
3309 2650 3634 2716 infantium,
3683 2649 3942 2704 charitas

2284 2761 2612 2817 puerorum,
2660 2746 2759 2818 qui
2809 2762 2912 2817 per
2967 2747 3360 2801 Innocentium
3414 2745 3641 2800 laudem
3697 2748 3939 2797 cunctos

2283 2857 2548 2911 provocas
2579 2840 2649 2894 ad
2694 2840 2972 2909 salutem;
3019 2839 3254 2894 infunde
3295 2840 3358 2893 in
3406 2838 3567 2894 nobis
3614 2836 3933 2910 puritatem

2282 2933 2540 2990 lactentis
2561 2933 2834 3004 infantiae,
2866 2935 3111 2989 concede
3142 2933 3476 2988 doctrinam.

2906 3034 3026 3081 Post
3048 3032 3299 3082 nomina.”

2354 3120 2531 3174 Deum
2572 3119 3020 3191 omnipotentem
3060 3136 3308 3186 oremus,
3359 3116 3457 3189 qui
3516 3116 3930 3173 Bethlemitice:

2280 3212 2431 3283 plebi
2451 3231 2514 3268 ac
2542 3214 2837 3269 dominica:
2855 3215 3064 3269 civitati
3083 3231 3186 3286 pro
3213 3212 3620 3286 temporalibus
3649 3212 3928 3266 aerumnis

532 3329 682 3401 gitus
707 3345 766 3382 es
784 3333 849 3382 ut
880 3327 1122 3383 imbrem
1148 3328 1402 3400 lapidum
1442 3328 1755 3383 clementer
1779 3329 2084 3400 exciperet,
2124 3333 2253 3407 etC
2283 3308 2488 3379 gaudia
2538 3313 2746 3407 ξθίθξήδ
2797 3309 3013 3407 “ibi”:
3071 3314 3135 3362 Ut
3187 3308 3392 3407 3301191
3434 3312 3628 3407 sagcia
3671 3307 3925 3379 Plomnsi

529 3439 635 3493 pro
677 3422 1060 3494 lapidantibus
1089 3438 1148 3477 se
1175 3421 1535 3493 supplicaret,
1563 3423 1835 3494 pietatem
1859 3428 2036 3491 tuam,
2069 3425 2175 3476 Do-

506 3515 705 3586 ‘mine,
734 3515 1016 3587 supplices
1043 3516 1438 3589 deprecamur,
1460 3520 1524 3571 ut
1551 3520 1912 3588 peccatorum
1953 3517 2174 3572 veniam

511 3611 964 3683 'consequamur.

509 3707 512 3711 -
715 3682 734 3683 ί
1173 3682 1508 3732 Contestatio.

509 3797 520 3806 -
601 3765 738 3819 Vere
759 3763 1000 3835 dignum
1020 3767 1076 3820 et
1092 3764 1316 3834 justlun
1344 3767 1430 3818 est
1448 3779 1551 3834 per
1565 3762 1854 3818 Christum
1870 3764 2175 3819 Dominum

528 3861 810 3914 nostrum.
857 3858 962 3922 Qui
994 3858 1070 3913 ita
1098 3857 1266 3912 militi
1292 3874 1392 3913 suo
1420 3857 1551 3912 ﬁdei
1579 3863 1794 3912 armata
1815 3858 2018 3913 astutia
2034 3859 2078 3926 ³,
2109 3862 2174 3912 ut

504 3969 631 4023 -pro
660 3952 757 4007 illo
786 3956 1001 4008 certare
1021 3968 1135 4006 non
1166 3951 1406 4007 ditferat.
1448 3950 1546 4005 Hic
1575 3956 1659 4006 est
1700 3951 1897 4006 beatus
1928 3951 2019 4006 ille
2049 3952 2170 4008 Ste-

526 4046 707 4113 fanus,
739 4062 945 4101 corona
972 4045 1220 4100 nominis
1247 4049 1302 4102 et
1331 4045 1538 4100 divina:
1561 4045 1757 4116 gratiae
1793 4050 2170 4102 consecratus.

530 4139 628 4194 Hic
659 4143 742 4194 est
766 4156 1014 4210 przesens
1040 4139 1315 4211 passionis
1340 4138 1560 4193 Domini
1589 4143 1644 4192 et
1673 4139 1969 4193 Salvatoris
1996 4140 2173 4194 nostri

527 4249 776 4303 consors,
829 4233 1149 4306 apostolica:
1198 4232 1443 4304 dignatis
1487 4230 1750 4304 [culmen]
1796 4233 2002 4303 attigit,
2039 4250 2172 4288 mox

526 4327 937 4399 praedicationis
965 4327 1269 4382 Dominieze
1310 4329 1367 4381 et
1407 4325 1563 4380 testis
1609 4325 1856 4381 veritatis
1893 4343 2012 4382 esse
2053 4345 2172 4383 non

525 4421 759 4478 distulit.
788 4424 937 4478 Dum
964 4422 1033 4475 ab
1061 4420 1252 4492 impiis
1265 4421 1291 4475 J
1299 4419 1473 4474 udznis
1504 4419 1820 4475 srevissimis
1847 4419 2046 4476 ictibus
2069 4439 2172 4478 cae-

524 4517 773 4584 deretur,
819 4517 911 4570 ille
942 4531 1171 4588 precem
1203 4530 1305 4585 pro
1339 4513 1418 4568 eis
1445 4513 1717 4568 fundebat
1747 4515 1815 4569 ad
1843 4517 2167 4573 Dominum.

523 4612 701 4682 Rogo,
737 4610 942 4681 inquit,
970 4606 1229 4676 Domine,
1259 4624 1330 4662 ne
1350 4611 1558 4663 statuas
1585 4607 1697 4662 illis
1723 4609 1828 4664 hoc
1854 4617 2166 4682 peccatum.

2280 3418 2406 3473 quae
2425 3402 2744 3472 proferebat
2771 3419 2839 3458 ex
2870 3402 3062 3457 dolore
3086 3402 3384 3473 gemitum,
3417 3403 3594 3456 nollet
3619 3417 3691 3456 ex
3722 3417 3922 3456 conso-

2277 3496 2491 3551 latione
2519 3496 2784 3551 solatium
2814 3514 2826 3551 :
2863 3514 2990 3568 quae
3028 3497 3159 3552 licet
3196 3497 3480 3552 videretur
3527 3496 3595 3550 de
3646 3499 3923 3567 praesente

2279 3591 2563 3646 infantum
2592 3591 2895 3645 amissione
2937 3591 3258 3661 conterrita,
3287 3597 3414 3656 erat,
3435 3596 3628 3646 tamen
3659 3590 3733 3645 de
3772 3605 3920 3645 mar-

2278 3683 2410 3756 tyrii
2430 3685 2593 3740 beata
2619 3685 3002 3758 perpetuitate
3027 3702 3242 3740 secura.

2947 3785 3024 3834 Ad
3052 3798 3253 3849 pacem.

2346 3871 2514 3937 Deus,
2571 3871 2667 3942 qui
2720 3871 2991 3942 martyrio
3043 3876 3100 3925 et
3155 3870 3482 3926 innocentia
3547 3871 3916 3942 parvulorum

2275 3965 2683 4036 triumphalem
2710 3967 2863 4020 hunc
2912 3965 3062 4020 diem
3104 3982 3223 4021 esse
3266 3964 3491 4034 fecisti;
3542 3967 3807 4038 exempla
3852 3966 3918 4019 ad

2275 4059 2597 4131 augendam
2623 4060 2794 4114 fidem
2826 4059 3201 4115 Ecclesiarum
3227 4065 3456 4115 tuarum
3494 4059 3917 4132 proﬁcientibus

2274 4154 2542 4208 exaudire
2567 4154 2836 4225 digneris.

2909 4225 3242 4275 Contestatio.

2344 4309 2483 4362 Vere
2507 4307 2747 4378 dignum
2777 4311 2833 4361 et
2851 4306 3071 4377 justum
3100 4312 3182 4362 est
3208 4307 3568 4380 omnipotens
3609 4310 3776 4376 Deus,
3821 4326 3916 4380 per

2273 4400 2560 4455 Ghristum
2602 4401 2905 4456 Dominum
2931 4406 3212 4456 nostrum.
3241 4402 3349 4466 Qui
3379 4402 3646 4457 rutilante
3673 4403 3832 4458 fonte
3859 4404 3912 4457 in

2273 4495 2584 4550 Betthelem
2610 4496 2834 4551 civitate
2863 4495 3130 4565 Infantes,
3164 4497 3263 4568 qui
3289 4501 3454 4552 aetate
3479 4497 3636 4568 loqui
3665 4514 3784 4552 non
3813 4514 3908 4568 po-

2273 4591 2475 4656 terant,
2521 4590 2746 4645 laudem
2795 4590 3017 4645 Domini
3071 4607 3203 4645 cum
3255 4591 3464 4662 gaudio
3528 4591 3903 4656 resonabant;

523 4705 667 4758 Dum
695 4708 919 4759 terrena
954 4705 1142 4756 tamen
1172 4702 1336 4756 terris
1362 4702 1623 4758 membra
1653 4706 2032 4775 commendat,
2053 4724 2164 4761 cas-
2185 4715 2244 4787 D
2269 4683 2434 4787 ξὀξίδί
2466 4684 2850 4787 Ρξξὲίξίθδδδηί
2875 4685 3027 4787 quoq
3057 4685 3165 4787 Ῡίνί
3194 4685 3568 4756 nequiverant
3595 4685 3905 4787 Ῑοίῐυεοίθξὶ

520 4799 715 4852 lestem
740 4797 1005 4868 spiritum
1029 4795 1302 4868 angelicis
1331 4797 1593 4852 manibus
1622 4799 1808 4854 evexit
1825 4799 1895 4854 ad
1938 4799 2160 4857 caalum.

519 4891 625 4945 Per
653 4906 825 4963 quem
853 4891 988 4963 maj.

910 5011 1069 5052 MISSA
1109 5011 1429 5054 SANCTOBUM
1468 5012 1698 5051 INFAN'I'C
1707 5011 1742 5052 SI
1753 5036 1765 5051 ι

581 5083 756 5134 Lectio
781 5084 1121 5149 Apocalypsis
1146 5083 1593 5197 εῗὲἐῗῑὶῐιῖἓῗηηὶε
1614 5083 1839 5149 legenda
1867 5085 1919 5134 in
1947 5086 2101 5136 missa

585 5229 700 5300 Ego
730 5228 1012 5283 Iohannes
1036 5228 1151 5283 vidi
1177 5228 1237 5283 in
1259 5227 1462 5300 spiritu
1489 5243 1619 5299 qure
1642 5232 1865 5300 oportet
1879 5229 1999 5284 ﬁeri
2027 5229 2155 5285 cito.

513 5322 632 5377 Vidi
656 5322 853 5378 subtus
873 5322 1048 5378 altare
1074 5323 1293 5377 animas
1323 5321 1747 5377 interfectorum
1775 5328 2006 5396 propter
2033 5340 2158 5379 ver-

508 5417 647 5471 bum
667 5417 787 5486 Dei,
819 5421 874 5472 et
893 5421 1125 5490 propter
1155 5416 1545 5473 testimonium
1571 5418 1723 5488 quod
1751 5418 2033 5474 habebant
2057 5435 2069 5474 :
2103 5424 2161 5474 et

508 5510 830 5567 clamabant
854 5527 986 5567 voce
1013 5528 1222 5583 magna
1244 5511 1524 5567 dicentes:
1569 5513 1888 5584 Usquequo,
1920 5513 2158 5569 Domine

507 5609 734 5660 sanctus
755 5609 811 5660 et
837 5623 1022 5676 verus,
1055 5623 1170 5662 non
1189 5605 1414 5677 judicas
1442 5610 1496 5662 et
1533 5606 1780 5660 vindicas
1824 5606 2159 5678 sanguinem

578 5741 602 5808 f
632 5741 815 5808 Forte,
847 5758 1001 5797 arma
1029 5744 1181 5799 dedit
1209 5747 1394 5797 contra
1421 5745 1703 5807 astutiam,

577 5807 856 5886 b_Eadem
888 5813 1073 5886 _lectio
1116 5831 1220 5886 pro
1258 5813 1427 5868 missa
1456 5812 1627 5883 hujus
1674 5813 1798 5868 festi
1844 5813 1902 5868 in
1939 5814 2152 5869 Lectio-

510 5880 666 5933 nario
692 5881 1046 5938 Luxoviensi.

514 5961 633 6084 801i
635 5949 915 6073 8filqilectio
970 5954 1090 6009 haec
1143 5955 1350 6025 partim
1407 5955 1605 6009 eadem
1651 5955 1707 6011 in
1755 5956 1962 6014 Ordine
2011 5960 2149 6014 Gre-

2270 4777 2454 4832 lnfans
2490 4778 2747 4833 Christus
2789 4779 3121 4840 transmittit
3160 4780 3231 4834 ad
3277 4780 3443 4835 caelos
3489 4797 3635 4835 nova
3687 4779 3908 4836 exsenia

2265 4872 2437 4941 Patri,
2465 4872 2748 4943 primitias
2777 4873 3009 4928 exhibet
3037 4873 3300 4944 genitori,
3329 4890 3433 4946 per
3475 4875 3766 4931 Christum
3808 4875 3904 4930 Dos

2267 4967 2492 5021 minum
2520 4970 2804 5022 nostrum.

2686 5091 2844 5133 MISSA
2883 5093 3070 5133 JACOBI
3116 5094 3176 5133 ΕΤ
3213 5093 3493 5133 IOHANNIS.

2270 5155 2557 5227 [Lectiones
2582 5160 2639 5213 in
2666 5163 2804 5227 festo
2836 5163 3203 5231 apostolorum
3243 5162 3431 5216 Jacobi
3468 5167 3517 5217 et
3537 5163 3803 5217 Johannis
3840 5163 3895 5233 φ]

2659 5243 2833 5294 Lectio
2867 5247 3090 5295 Actuum
3116 5246 3492 5308 apostolorum.

2333 5329 2395 5382 ln
2424 5327 2621 5384 diebus
2649 5328 2757 5384 illis
2784 5330 2936 5386 misit
2962 5332 3208 5387 Herodes
3237 5348 3336 5386 rex
3355 5337 3417 5386 ut
3441 5332 3723 5404 affligeret
3747 5348 3894 5405 quos

2261 5421 2391 5476 dam
2429 5423 2498 5477 de
2548 5424 2811 5480 Ecclesia.
2857 5425 3071 5481 Occidit
3121 5429 3315 5482 autem
3357 5427 3626 5482 Iacobum
3671 5427 3890 5482 fratrem

2259 5516 2530 5572 Johannis
2579 5519 2762 5590 gladio
2797 5536 2810 5573 :
2853 5519 3049 5575 videns
3087 5525 3281 5576 autem
3325 5522 3460 5593 quia
3517 5522 3764 5594 placeret
3806 5523 3887 5576 Ju-

2260 5609 2417 5681 daeis,
2447 5612 2710 5684 adposuit
2739 5614 3168 5687 adprehendere
3197 5621 3252 5671 et
3277 5617 3531 5672 Petrum.

2328 5747 2352 5786 ἀ
2394 5749 2550 5823 Hunc
2576 5749 2826 5823 titulum,
2878 5752 2976 5823 qui
3031 5752 3088 5823 in
3143 5752 3341 5807 Codice
3373 5754 3548 5820 deest,
3585 5754 3722 5808 item
3779 5771 3887 5823 sup-

2257 5819 2558 5896 pl‘evimus.
2587 5820 2835 5896 Epistola
2860 5819 2973 5877 non
3004 5822 3228 5896 videtur
3253 5825 3477 5896 integre
3507 5819 3812 5896 descripta,
3838 5819 3883 5878 ut

2256 5889 2762 5967 aliquotiesinfra.
2812 5895 3182 5967 Evangelium
3238 5896 3297 5951 in
3347 5889 3881 5953 Lectionario'Luxo-

2254 5961 2451 6028 viensi,
2481 5962 2577 6017 sed
2606 5979 2675 6019 ex
2701 5965 2900 6021 Marco.
