4006 6228
123 383 209 437 itit)
607 381 1221 448 SACRAMENTARIUM
1258 383 1704 439 GALLICANUM.
1748 412 1816 448 -τ
1854 383 2222 442 ωαῖιυδεδ
2260 383 2350 438 DE
2386 385 2694 442 ADVENTL"
2736 386 2989 443 DOMINI.

259 485 434 538 Lectio
469 488 636 540 sancti
669 488 937 556 Evangelii
968 490 1260 542 secundum
1294 490 1609 542 Matthmum.

3393 392 3494 459 470

1776 506 1835 581 Α
1853 493 1995 548 alius
2020 493 2244 550 videtur
2261 493 2545 550 confidere
2573 493 2631 550 in
2652 511 2839 565 carne,
2869 512 2977 568 ego
3003 494 3216 570 magis;
3249 497 3494 567 circum-

181 574 376 630 Diebus
413 575 532 630 illis
575 577 846 632 accedens
882 577 953 633 ad
1001 579 1305 633 Dominum
1351 580 1544 633 Iesum
1571 581 1754 633 mater
1776 574 1835 581 ““
1854 587 2000 643 cisus
2021 591 2214 643 octava
2227 588 2338 657 die,
2363 605 2431 644 ex
2447 605 2654 659 genere
2685 590 2867 661 Israel,
2890 591 2958 647 de
2985 591 3156 648 Tribu
3174 594 3490 666 Benjamin,

123 671 347 728 ﬁliorum
374 670 632 726 Zebedzei
657 687 790 726 cum
816 672 948 726 ﬁliis
995 672 1130 740 suis,
1171 673 1412 727 adorans
1453 677 1510 727 et
1555 677 1753 744 petens

123 764 314 837 ahquid
339 764 410 818 ab
433 780 524 820 eo.
557 765 664 830 Qui
689 766 834 821 dixit
862 765 915 821 ei
947 783 959 820 :
993 766 1136 830 Quid
1179 766 1263 820 vis
1282 767 1309 821 ?
1359 767 1451 820 Ait
1491 766 1571 820 illi
1603 783 1615 820 :
1657 766 1753 821 Dic

121 863 177 916 ut
199 859 420 914 sedeant
457 859 524 913 hi
552 860 663 914 duo
684 860 784 914 lilii
809 860 925 914 mei
939 875 1090 914 unus
1119 860 1192 914 ad
1233 860 1525 915 dexteram
1571 864 1748 927 tuam,

123 958 173 1008 et
193 969 330 1006 unus
357 952 428 1006 ad
457 952 749 1008 sinistram
781 953 840 1008 in
883 970 1061 1026 regno
1096 958 1215 1010 tuo.
1246 954 1611 1026 Respondens
1645 969 1749 1007 au-

123 1053 226 1101 tem
266 1045 540 1100 Dominus
574 1049 730 1102 Iesus
782 1047 924 1102 dixit
944 1048 994 1102 ei
1043 1065 1056 1102 :
1103 1047 1336 1103 Nescitis
1365 1047 1502 1120 quid
1527 1047 1749 1120 petatis.

122 1140 336 1194 Potestis
379 1139 619 1194 calicem
662 1141 858 1196 bibere
903 1158 1075 1213 quem
1113 1158 1220 1213 ego
1255 1142 1538 1197 bibiturus
1579 1142 1753 1195 sum?

124 1234 303 1288 Dicunt
339 1232 437 1288 ei:
488 1235 814 1289 Possumus.
867 1236 957 1289 Ait
998 1235 1152 1290 illis:
1215 1236 1457 1291 Calicem
1519 1235 1752 1308 quidem

122 1344 296 1382 meum
350 1327 592 1396 bibetis;
635 1329 831 1384 sedere
871 1334 1062 1384 autem
1108 1331 1180 1385 ad
1229 1331 1520 1385 dexteram
1563 1345 1751 1385 meam

124 1427 169 1476 et
193 1421 495 1491 sinistram,
520 1438 636 1478 non
662 1427 748 1477 est
775 1439 971 1478 meum
995 1424 1128 1480 dare
1182 1424 1357 1495 vobis,
1406 1425 1503 1479 sed
1546 1424 1753 1495 quibus

121 1519 365 1586 paratum
390 1521 476 1571 est
503 1533 538 1570 a
564 1517 728 1572 Patre
750 1533 899 1572 meo.

708 1633 903 1672 INCIPIT
930 1632 1090 1673 mssa
1105 1624 1152 1671 ⁸.

183 1707 479 1763 Electionis
501 1709 810 1764 Dominicae
837 1712 1175 1782 prwclarum
1216 1709 1628 1776 testimonium,
1673 1711 1752 1763 at-

121 1818 218 1874 que
234 1803 562 1873 apostolicae
579 1805 1034 1876 congregationis
1055 1805 1314 1860 mirabile
1329 1807 1747 1871 ornamentum,

123 1900 169 1950 et
189 1897 528 1967 evangelicae
574 1899 823 1954 veritatis
869 1900 1090 1956 caeleste
1141 1897 1490 1970 prteconium
1534 1900 1752 1952 sanctos
1776 1884 1830 1956 Β

126 1990 207 2045 Dei
233 1992 510 2061 apostolos
558 1997 613 2048 et
656 1997 935 2065 martyres
979 1993 1249 2048 Iacobum
1307 1997 1363 2047 et
1411 1992 1750 2058 Iohannem,

125 2083 410 2140 Dominum
437 2086 850 2158 deprecemur;
888 2091 950 2142 ut
979 2088 1078 2159 qui
1105 2087 1217 2142 illis
1243 2086 1589 2158 apostolatus
1620 2102 1751 2157 gra-

125 2179 244 2232 tiam
269 2179 352 2233 vel
381 2180 645 2252 martyrii
673 2180 828 2237 dedit
858 2198 1144 2250 coronam,
1171 2180 1336 2236 nobis
1361 2195 1588 2253 quoque
1614 2196 1751 2234 con-

126 2273 265 2328 cedat
288 2274 520 2330 veniam
546 2280 930 2348 peccatorum.

791 2368 1058 2420 Collectio.

185 2455 340 2523 Deus,
403 2456 506 2526 qui
565 2455 899 2511 beatissimis
940 2455 1206 2526 apostolis
1265 2454 1378 2510 tuis
1437 2453 1638 2509 Iacobo
1698 2458 1755 2508 et

126 2547 346 2602 Iohanni
377 2549 622 2620 gloriam
647 2551 928 2622 martyrii,
953 2549 1241 2604 bibitionis
1277 2548 1362 2602 tui
1395 2547 1582 2602 calicis
1600 2563 1751 2619 prte-

127 2641 315 2710 dixisti,
346 2647 409 2697 ut
433 2649 493 2698 et
531 2643 895 2699 conﬁrmares
930 2644 1362 2715 responsionem
1398 2658 1572 2714 quam
1615 2640 1754 2696 ﬁdes

129 2751 251 2805 pura
296 2739 658 2808 protulerat;
719 2738 897 2810 prosit
960 2737 1306 2810 patrociniis,
1368 2741 1435 2792 ut
1504 2735 1755 2806 digneris

130 2831 373 2886 exaudire
400 2831 713 2903 suffragiis.

743 2905 868 2974 Post
891 2902 1123 2952 nomina.

189 2987 432 3057 Domine,
459 3004 636 3060 quem
665 2993 959 3044 vocantem
993 2986 1416 3059 sanctiapostoli
1442 2986 1681 3041 Iacobus
1701 2990 1756 3041 et

125 3080 386 3136 Iohannes
409 3081 525 3137 ﬁde
551 3083 776 3154 integra
801 3088 933 3138 sunt
957 3082 1154 3152 secuti,
1183 3084 1240 3137 et
1269 3097 1442 3153 quem
1456 3083 1755 3154 sequentes

128 3175 338 3230 caritate
361 3177 592 3247 integra
616 3181 749 3231 sunt
777 3176 958 3246 electi,
984 3181 1050 3231 ut
1073 3174 1275 3231 mundi
1307 3174 1614 3247 piscatores
1651 3174 1751 3229 ﬁe-

1855 682 2122 736 Hebraeus
2166 699 2236 736 ex
2281 682 2548 753 Hebraeis,
2586 684 2894 740 secundum
2933 687 3121 758 legem
3154 687 3492 760 Pharisaeus,

1855 776 2168 831 secundum
2196 777 2615 833 aemulationem
2652 795 2996 851 persequens
3033 781 3333 838 Ecclesiam
3372 782 3491 838 Dei.

2073 870 2246 920 Lectio
2278 871 2444 920 sancti
2463 871 2732 934 Evangelii
2755 873 3045 924 secundum
3073 876 3286 925 Lucam.

1925 955 2125 1010 Diebus
2147 955 2280 1024 illis,
2311 960 2611 1028 postquam
2637 960 3012 1014 consummati
3055 967 3186 1016 sunt
3215 961 3334 1017 dies
3367 966 3494 1018 octo

1857 1054 1918 1104 ut
1941 1049 2456 1120 circumcideretur,
2501 1056 2758 1107 vocatum
2789 1059 2873 1109 est
2912 1070 3125 1110 nomen
3152 1055 3273 1126 ejus
3307 1057 3492 1128 Iesus,

1853 1144 2004 1215 quod
2048 1149 2306 1199 vocatum
2350 1148 2435 1199 est
2483 1145 2553 1198 ab
2583 1146 2804 1216 angelo,
2850 1147 3184 1219 priusquam
3219 1149 3278 1205 in
3333 1155 3496 1207 utero

1853 1238 2262 1308 conciperetur.
2295 1239 2362 1292 Et
2384 1242 2682 1309 postquam
2708 1239 2927 1311 impleti
2953 1246 3086 1296 sunt
3127 1243 3245 1298 dies
3281 1261 3495 1316 purga,

1853 1331 2020 1386 tionis
2042 1333 2090 1402 ej
2100 1349 2162 1386 us
2187 1332 2500 1387 secundum
2526 1332 2715 1403 legem
2731 1334 2924 1404 Moysi,
2951 1335 3210 1391 tulerunt
3247 1337 3408 1393 illum
3433 1338 3496 1394 in

1855 1426 2225 1496 Hierusalem,
2265 1431 2330 1480 ut
2355 1425 2621 1482 sisterent
2649 1443 2784 1482 eum
2827 1427 3085 1498 Domino,
3137 1430 3281 1486 sicut
3315 1433 3502 1504 scrip:

1852 1525 1976 1574 tum
2016 1525 2098 1575 est
2139 1520 2199 1574 in
2252 1521 2377 1593 lege
2425 1521 2671 1590 Domini,
2721 1521 2856 1593 quia
2905 1538 3073 1578 omne
3120 1525 3497 1582 masculinum

1853 1614 2184 1686 adaperiens
2211 1615 2459 1685 vulvam,
2488 1619 2747 1670 sanctum
2772 1616 3009 1671 Domino
3043 1617 3350 1674 vocabitur.

2469 1735 2666 1776 INCIPIT
2704 1735 2883 1775 MISSA.

1925 1812 2228 1867 Dominum
2262 1817 2523 1870 nostrum
2573 1816 2764 1868 Iesum
2815 1813 3124 1883 Christum,
3164 1815 3366 1871 fratres
3412 1834 3503 1878 ca-

1854 1907 2082 1976 rissimi,
2113 1906 2409 1962 humiliter
2441 1908 2832 1979 deprecemur,
2863 1909 2964 1980 qui
2996 1909 3216 1966 inﬁnita
3241 1910 3363 1981 ejus
3398 1911 3503 1964 mi-

1852 2001 2152 2056 sericordia
2181 2000 2237 2054 in
2287 2001 2530 2055 salutare
2570 2018 2671 2054 suo
2701 2018 2804 2056 nos
2840 2002 3106 2073 visitavit,
3144 2004 3203 2059 in
3242 2004 3506 2075 passione

1853 2094 2112 2163 redemit,
2142 2093 2387 2164 vitiaque
2413 2098 2607 2149 nostra
2631 2111 2665 2148 a
2691 2095 2853 2148 nobis
2895 2095 3253 2167 circumcisit,
3293 2102 3350 2152 et
3383 2113 3501 2152 om-

1854 2188 1945 2242 nia
1973 2189 2122 2243 idola
2151 2188 2452 2256 destruxit,
2485 2188 2747 2259 malaque
2774 2187 3056 2244 discussit.

2530 2281 2799 2331 Collectio.

1925 2363 2140 2419 Exaudi
2171 2380 2295 2430 nos,
2351 2362 2612 2430 Domine,
2669 2363 3015 2434 sempiterna
3043 2363 3288 2420 Trinitas
3329 2365 3496 2434 Deus,

1855 2458 1953 2530 qui
1983 2461 2214 2530 propter
2241 2457 2543 2512 hominum
2568 2462 2795 2529 peccata
2819 2473 3048 2512 carnem
3083 2457 3384 2514 adsumere
3411 2458 3497 2513 di-

1857 2558 2063 2624 gnatus
2103 2555 2206 2607 est.
2247 2551 2376 2606 Dies
2416 2551 2570 2606 enim
2609 2555 2803 2606 octava
2843 2556 2927 2606 est
2970 2568 3004 2605 a
3042 2555 3140 2606 tua
3182 2551 3498 2621 nativitate,

1855 2663 1968 2718 quo
1998 2645 2486 2701 circumcisionem
2505 2645 2815 2700 Dominum
2839 2649 3102 2701 nostrum
3129 2646 3322 2701 Iesum
3345 2645 3500 2700 Chri-

1856 2746 2006 2795 stum
2032 2740 2235 2794 Filium
2259 2744 2424 2794 tuum
2439 2739 2675 2811 posuisti
2697 2755 2801 2810 pro
2827 2738 3011 2806 nobis,
3035 2743 3092 2794 et
3114 2755 3362 2811 regnum
3376 2739 3494 2794 ido-

1854 2833 2088 2888 lolatrize
2126 2833 2472 2903 destruxisti,
2512 2833 2662 2887 viam
2702 2831 2954 2888 veritatis
3004 2831 3264 2899 docuisti,
3309 2834 3500 2903 legem

1854 2927 2120 2998 implesti,
2162 2927 2370 2998 Ioseph
2409 2931 2466 2981 et
2503 2926 2737 2981 Mariam
2775 2925 2835 2981 in
2878 2925 3102 2982 herimo
3139 2925 3355 2981 satiasti
3384 2943 3401 2994 ;
3444 2930 3499 2982 te

1856 3023 2233 3090 obsecramus,
2264 3020 2518 3084 Domine,
2540 3024 2606 3075 ut
2633 3037 2665 3074 a
2694 3019 2936 3092 peccatis
2962 3019 3136 3092 hujus
3160 3019 3354 3075 saeculi
3394 3035 3497 3075 nos

1855 3117 2093 3172 liberare
2119 3115 2389 3186 digneris.

2482 3185 2605 3234 Post
2636 3184 2868 3234 nomina.

129 3274 258 3337 rent,
286 3270 382 3340 qui
430 3271 705 3342 profundi
748 3271 890 3326 retia
933 3270 1327 3342 reliquissent;
1367 3269 1600 3323 auribus
1630 3262 1828 3340 per-C
1922 3269 2253 3324 Sanctorum
2280 3267 2540 3323 omnium
2569 3269 2750 3322 Deum
2783 3269 3006 3322 Patrem
3046 3266 3497 3338 omnipotentem

129 3362 254 3433 cipe,
277 3380 626 3435 quaesumus,
650 3365 962 3419 orationem
978 3368 1250 3434 nostram,
1277 3369 1343 3418 ut
1356 3363 1495 3418 dum
1519 3362 1754 3435 adsequi

129 3471 307 3512 eorum
334 3458 486 3512 facta
510 3475 629 3513 non
665 3475 982 3531 possumus,
1023 3459 1262 3531 implere
1309 3456 1495 3511 saltim
1541 3456 1754 3511 monita

129 3538 439 3622 pertendam
447 3569 531 3607 us.

641 3623 892 3674 Collectio
920 3624 985 3674 ad
1013 3638 1217 3688 pacem.

193 3704 416 3760 Domine
446 3709 683 3774 aeterne,
728 3704 819 3759 cui
856 3705 934 3760 ita
973 3705 1033 3760 in
1081 3705 1290 3761 sanctis
1326 3705 1592 3778 apostolis
1643 3704 1755 3759 tuis

130 3797 318 3852 Iacobo
355 3803 408 3854 et
439 3799 700 3854 Iohanne
745 3799 957 3870 placuit
1007 3815 1278 3854 arcanum
1326 3798 1755 3871 dispensationis

132 3891 369 3962 implere,
398 3899 468 3948 ut
497 3893 746 3964 glorioso
764 3892 1038 3964 passionis
1065 3894 1325 3965 exemplo
1349 3893 1750 3964 apostolorum,

135 4001 357 4055 quorum
385 3987 484 4042 ille
511 3987 876 4058 praecederet,
899 3988 1002 4043 iste
1030 3988 1421 4059 prtemitteret.

749 4081 1085 4132 Contestatio.

197 4163 325 4217 Vere
347 4163 590 4235 dignum
617 4166 675 4218 et
694 4163 916 4233 justum
937 4167 1038 4231 est,
1084 4162 1446 4234 omnipotens
1485 4163 1648 4230 Deus,
1692 4167 1756 4218 ut

136 4257 390 4326 apostolos
400 4261 533 4314 tuos
543 4257 814 4313 Iacobum
829 4263 884 4313 et
892 4257 1207 4312 Iohannem
1219 4257 1436 4313 meritis
1447 4256 1756 4328 suffragan-

135 4349 270 4404 tibus
292 4369 484 4422 preces
496 4354 716 4407 nostras
744 4351 1021 4424 propitius
1040 4351 1325 4420 exaudias,
1352 4367 1454 4422 per
1467 4351 1756 4406 Christum

139 4443 415 4502 Dominum
432 4451 714 4502 nostrum.
738 4447 844 4511 Qui
869 4452 953 4502 est
972 4451 1295 4502 sanctorum
1307 4444 1566 4500 omnium
1578 4445 1755 4499 virtus

119 4540 184 4590 'et
209 4539 393 4609 gloria,
421 4541 654 4596 victoria
669 4546 985 4612 martyrum
1009 4544 1066 4596 et
1091 4556 1316 4609 corona,
1334 4541 1527 4594 Pastor
1538 4539 1750 4607 ovium,

1853 3363 2243 3435 deprecemur,
2271 3367 2336 3416 ut
2355 3355 2667 3416 oblationes
2695 3361 3041 3416 famulorum
3061 3377 3124 3414 ac
3148 3361 3499 3416 famularum

1853 3473 2084 3512 suarum
2114 3456 2331 3528 placido
2359 3473 2422 3511 ac
2443 3473 2642 3512 sereno
2670 3457 2828 3510 vultu
2849 3455 3128 3528 respicere
3155 3455 3426 3528 digneris.

2520 3549 2597 3599 Ad
2630 3561 2838 3613 pacem.

1925 3632 2211 3686 Christum
2250 3629 2557 3685 Dominum
2594 3630 2987 3700 deprecemur,
3034 3643 3206 3700 quem
3260 3628 3498 3682 adorant

1855 3725 2029 3796 magi,
2073 3726 2482 3796 prophetarum
2524 3722 2784 3777 vaticinia
2833 3721 3210 3792 complentur,
3264 3721 3499 3776 veniunt

1855 3835 1924 3873 ex
1951 3818 2165 3873 oriente
2191 3819 2384 3889 legati,
2415 3817 2553 3871 ﬁdes
2583 3816 2843 3887 gentium
2873 3815 3222 3871 declaratur:
3259 3814 3496 3870 circum-

1854 3912 2061 3967 ciditur
2091 3916 2283 3967 octava
2307 3911 2397 3966 die
2426 3908 2867 3965 circumcisionis
2897 3908 3160 3963 inventor
3189 3924 3202 3962 :
3241 3908 3312 3962 ad
3347 3911 3494 3962 tem-

1857 4006 2018 4078 plum
2037 4005 2263 4060 ducitur
2277 4005 2596 4061 offerendus
2616 4003 2714 4075 qui
2737 4006 2820 4057 est
2837 4001 3158 4057 adorandus
3182 4001 3244 4057 in
3259 4002 3495 4073 templo.

2509 4097 2845 4146 Contestatio.

1928 4183 2064 4236 Vere
2115 4181 2356 4253 dignum
2411 4185 2468 4236 et
2505 4180 2728 4251 justum
2765 4183 2868 4248 est,
2919 4178 3279 4250 omnipotens
3330 4179 3497 4246 Deus,

1856 4280 2155 4348 propterea
2204 4275 2525 4331 exultemus
2564 4273 2816 4340 uberius,
2856 4272 2988 4346 quia
3019 4272 3226 4328 scimus
3279 4273 3339 4328 in
3393 4274 3498 4328 ho-

1855 4368 2119 4424 diernum
2145 4369 2298 4425 diem
2324 4367 2590 4423 salutaris
2619 4367 2742 4422 ﬁeri
2770 4367 2967 4422 natalis
3007 4372 3269 4422 octavum
3309 4366 3500 4438 legiti-

1856 4480 2015 4518 mum
2034 4463 2259 4518 Domini
2279 4462 2591 4526 secundum
2621 4477 2846 4516 carnem
2874 4460 3050 4532 geniti
3077 4459 3504 4516 circumcisione

1855 4557 2178 4629 signatum:
2220 4557 2355 4628 quia
2379 4557 2523 4612 sicut
2553 4553 2955 4609 mortalitatem
2994 4559 3245 4609 nostram
3281 4553 3505 4608 adsum-

138 4635 187 4685 et
204 4632 377 4689 hostia
403 4635 796 4705 sacerdotum;
828 4634 1106 4691 redemtio
1125 4633 1383 4706 gentium
1400 4640 1456 4688 et
1481 4633 1754 4705 propicia-
1773 4639 1831 4711 Ι)
1856 4651 1927 4705 sit
1950 4655 2014 4706 ut
2038 4654 2284 4705 mortem
2311 4653 2692 4712 consumeret,
2733 4647 2813 4702 ita
2831 4652 2887 4701 et
2907 4647 3119 4718 jugum
3139 4647 3283 4718 legis
3308 4647 3370 4702 in
3399 4663 3506 4701 sua

140 4724 205 4780 tio
239 4734 614 4800 peccatorum,
650 4730 770 4802 ipse
811 4730 1086 4785 Dominus
1122 4745 1186 4783 ac
1217 4728 1504 4783 redemtor
1541 4729 1754 4795 noster,

137 4825 250 4877 ante
275 4824 430 4894 cujus
458 4824 891 4879 sacratissimam
918 4824 1114 4879 sedem
1139 4826 1290 4877 stant
1307 4821 1515 4893 angeli,
1545 4822 1636 4877 ad.
1684 4863 1697 4876 .
1739 4859 1754 4876 .

432 4934 594 4974 MISSA
632 4935 722 4974 DIE
757 4932 1197 4975 CIRCL'MCISIONIS
1226 4932 1434 4972 DOMINI.

339 4999 629 5072 [Lectiones
668 5005 728 5056 in
766 5002 1180 5057 C-ircumcisione
1227 5000 1445 5054 Dom-ini
1472 4996 1542 5070 ιλ]

374 5085 605 5149 Epistola
636 5084 781 5135 Pauli
811 5085 1032 5148 apostoli
1065 5083 1131 5134 ad
1164 5082 1539 5146 Philippenses.

202 5162 428 5236 Fratres,
456 5166 640 5222 videte
665 5165 1174 5221 circumcisionem.
1217 5165 1327 5218 Nos
1374 5162 1529 5218 enim
1566 5176 1762 5215 sumus

143 5252 490 5330 circumcisio,
521 5259 618 5332 qui
646 5259 849 5332 spiritu
884 5272 906 5300 ο
934 5259 1030 5313 Dei
1060 5258 1340 5314 servimus
1369 5262 1424 5312 et
1454 5256 1766 5329 gloriamur

148 5346 417 5408 inChristo
441 5355 593 5421 Iesu,
623 5358 678 5408 et
704 5371 819 5408 non
865 5353 924 5408 in
956 5370 1124 5408 carne
1165 5352 1430 5407 ﬁduciam
1472 5350 1762 5406 habentes.

145 5441 475 5518 Quamquam
492 5465 598 5520 ego
613 5448 856 5503 habeam
871 5447 1275 5502 conﬁdentiam
1286 5446 1346 5502 in
1358 5461 1545 5501 carne.
1565 5443 1624 5500 Si
1641 5443 1768 5516 quis.

207 5585 228 5615 ⁸
251 5589 451 5646 Ordine
476 5596 826 5664 praepostero
852 5597 978 5663 post
1007 5592 1245 5647 missam
1277 5593 1647 5646 lnnocentum
1673 5604 1769 5658 po-

207 5661 287 5714 tur
311 5662 430 5714 haec
455 5665 645 5714 missa-
678 5681 809 5714 ante
835 5665 1034 5714 eadem
1061 5667 1146 5714 est
1172 5666 1341 5714 atoue
1373 5663 1465 5714 hic
1495 5676 1674 5714 usaue
1699 5659 1770 5714 ad

1644 5676 1731 5714 ea

152 5727 594 5809 Conte5tationem
624 5727 683 5789 in
695 5727 906 5809 Missali
932 5736 1183 5802 Gothico,
1212 5727 1308 5809 sed
1334 5727 1649 5809 prolixitor,
1679 5731 1769 5809 in-

153 5805 360 5888 scripta:
385 5809 629 5888 inissa-in
643 5808 830 5888 (tata-le
841 5809 1206 5888 apostolorum
1223 5806 1406 5886 μισοὸὶ
1421 5809 1471 5859 et
1488 5805 1767 5888 ohgmm’s;

215 5871 342 5928 b’Et
392 5879 481 5954 hic
531 5879 739 5954 titulus
786 5871 941 5954 deest
966 5879 1026 5932 in
1062 5877 1239 5954 veteri
1295 5874 1625 5954 exemplari,
1673 5873 1772 5954 sed

159 5949 440 6005 necessario
465 5949 832 6023 supplendas.
869 5949 1022 6006 Idem
1052 5947 1383 6021 observaﬁde
1412 5943 1535 6002 aliis
1567 5943 1768 6016 titulis,

151 5656 287 5735 nitur
311 5662 430 5718 haec
455 5656 645 5730 missa,
678 5681 809 5735 quae
835 5656 1034 5719 eadem
1061 5667 1146 5719 est
1172 5666 1341 5735 atque
1373 5663 1472 5735 hic
1495 5676 1640 5735 usqu

1858 4761 2028 4800 carne
2056 4742 2300 4815 suscepit
2327 4747 2393 4796 ut
2417 4746 2609 4796 nostra
2633 4740 2847 4795 cervice
2874 4739 3199 4809 discuteret,
3224 4741 3360 4812 quia
3395 4757 3498 4813 pro

1857 4837 2222 4894 universitate
2272 4835 2512 4891 humani
2563 4833 2790 4906 generis
2858 4833 3109 4888 Salvator
3177 4834 3500 4891 advenerat.

1860 4934 2040 4997 Quem
2064 4931 2215 4988 laud.

2346 5015 2503 5056 mssa
2545 5017 2600 5054 IN
2640 5013 2945 5053 EPHYFANIA
2972 4996 3021 5051 ἀ.

2263 5085 2571 5158 [Lectiones
2621 5084 2680 5137 in
2732 5079 3104 5153 Epiphania.]

2193 5168 2422 5234 Epistola
2444 5167 2584 5218 Pauli
2618 5164 2838 5230 apostoli
2871 5163 2936 5214 ad
2967 5163 3154 5214 Titum.

1943 5258 2182 5322 Fratres,
2213 5255 2473 5327 apparuit
2503 5252 2683 5328 gratia
2709 5253 2807 5308 Dei
2843 5250 3134 5308 Salvatoris
3168 5249 3346 5305 nostri
3385 5268 3507 5307 om-

1867 5350 2034 5406 nibus
2059 5349 2405 5420 hominibus,
2447 5349 2712 5404 erudiens
2753 5364 2874 5419 nos,
2916 5351 2978 5403 ut
3017 5346 3360 5419 abnegantes
3399 5346 3509 5401 im-

1869 5445 2139 5517 pietatem
2167 5446 2222 5499 et
2256 5443 2548 5498 saecularia
2578 5441 2873 5512 desideria,
2917 5441 3116 5510 sobrie,
3156 5444 3212 5495 et
3240 5439 3414 5512 juste,
3457 5445 3513 5495 et

1870 5606 2013 5662 quos
2037 5588 2251 5662 ansulis
2274 5588 2522 5662 inclusos
2541 5588 2734 5662 habes.

1943 5674 1966 5702 θ
1994 5660 2241 5730 Legebat
2275 5660 2622 5732 Augustinus
2660 5657 2894 5732 Spiritui
2927 5658 3271 5732 insermone
3297 5659 3512 5732 cux_ad

1871 5729 2446 5802 populum,-num.'l,
2473 5731 2572 5786 ubi
2599 5729 2788 5784 subdit
2816 5746 2829 5783 :
2867 5750 2895 5777 «
2923 5729 3046 5785 Scio
3071 5729 3369 5800 plerosque
3404 5730 3510 5784 Co-

1873 5803 2022 5857 dices
2046 5802 2255 5857 habere
2285 5820 2298 5857 :
2330 5803 2435 5869 Qui
2459 5803 2679 5872 Spiritui
2695 5804 2801 5872 Deo
2829 5803 3112 5872 servimus.
3139 5821 3167 5848 »

1943 5875 1969 5914 ἀ
1999 5874 2383 5951 Ephyphania
2394 5869 2563 5951 etiam
2571 5871 2847 5951 scribitur
2876 5873 2936 5930 in
2966 5869 3310 5930 Lectionario
3333 5870 3511 5925 [ιιιιο-

1875 5943 2074 6014 γίθηεὶ,
2109 5949 2233 6002 tum
2256 5945 2318 6002 in
2339 5944 2535 6002 Missali
2564 5943 2822 6002 Gothico.
