4006 6228
495 364 589 419 471

485 473 578 545 pie
632 468 886 526 vivamus
926 468 987 525 in
1028 469 1137 525 hoc
1190 467 1411 535 saeculo,
1463 469 1849 537 exspectantes
1903 465 2125 520 beatam
2149 477 2208 550 Α

492 581 652 638 spem
681 570 738 621 et
768 566 1074 620 adventum
1106 563 1300 633 gloriae
1345 560 1542 631 magni
1586 560 1808 614 Domini
1847 562 1903 615 et
1939 560 2126 614 Salva-

489 660 628 716 toris
656 659 836 715 nostri
863 659 993 712 Iesu
1015 655 1242 710 Christi.

647 748 821 798 Lectio
853 745 1019 796 sancti
1051 742 1318 803 Evangelii
1351 741 1637 790 secundum
1661 742 1971 791 Iohannem.

563 824 767 878 Diebus
801 822 910 876 illis
933 827 977 890 “,
1024 819 1174 873 venit
1210 818 1480 872 Dominus
1525 819 1683 872 Iesus
1724 818 1782 871 in
1827 817 2130 872 Iordanem

489 920 559 975 ad
590 919 927 984 Iohannem,
951 919 1014 968 ut
1039 912 1416 983 baptizaretur
1435 912 1504 965 ab
1526 928 1611 966 eo.
1630 912 1914 966 Iohannes
1938 917 2131 967 autem

487 1011 822 1086 prohibebat
847 1025 978 1063 eum
1004 1008 1196 1062 dicens
1229 1026 1242 1061 :
1292 1008 1407 1076 Ego
1450 1023 1482 1058 a
1524 1009 1577 1061 te
1625 1007 1800 1060 debeo
1838 1006 2126 1077 baptizari,

485 1112 541 1162 et
566 1112 625 1160 tu
678 1103 835 1158 venis
882 1103 954 1156 ad
1009 1103 1148 1155 me?
1205 1101 1569 1170 Respondens
1612 1105 1803 1154 autem
1858 1101 2130 1154 Dominus

483 1201 642 1256 Iesus
695 1197 836 1254 dixit
881 1197 974 1251 ei:
1023 1196 1152 1252 Sine
1203 1195 1405 1263 modo;
1448 1194 1523 1247 sic
1583 1195 1737 1249 enim
1803 1195 1963 1249 decet
2028 1211 2130 1248 nos

482 1293 718 1364 implere
749 1307 973 1346 omnem
1000 1289 1301 1360 justitiam.
1334 1290 1488 1342 'l‘unc
1519 1288 1732 1343 dimisit
1757 1304 1910 1342 eum.
1947 1289 2130 1360 Bapti-

481 1393 637 1442 zatus
685 1391 876 1442 autem
927 1383 1222 1438 confestim
1265 1383 1519 1438 ascendit
1568 1383 1635 1436 de
1683 1399 1850 1454 aqua,
1905 1386 1961 1436 et
2003 1399 2129 1436 ecce

483 1481 665 1554 aperti
703 1483 836 1534 sunt
872 1479 924 1533 ei
967 1478 1107 1546 caeli,
1143 1481 1199 1532 et
1241 1477 1383 1532 vidit
1431 1477 1706 1547 Spiritum
1743 1477 1843 1530 Dei
1887 1476 2124 1531 descen-

483 1574 713 1631 dentem
739 1574 883 1628 sicut
907 1572 1231 1627 columbam
1263 1571 1578 1626 venientem
1608 1587 1779 1641 super
1809 1587 1887 1638 se,
1931 1575 1987 1624 et
2019 1587 2128 1624 vox

481 1671 551 1725 de
589 1668 742 1724 caelis
778 1668 1015 1722 dicens:
1062 1666 1158 1720 Hic
1205 1670 1286 1720 est
1336 1667 1504 1720 Filius
1548 1682 1709 1720 meus
1754 1664 2010 1730 dilectus,
2069 1665 2128 1717 in

482 1780 597 1836 quo
642 1762 782 1817 mihi
830 1761 1165 1832 complacui.
1210 1758 1358 1830 [Luc.
1405 1777 1488 1828 1n,
1537 1759 1644 1832 13.]
1697 1760 1772 1814 Er
1813 1759 1930 1829 ipse
1971 1760 2128 1812 Iesus

479 1861 604 1914 erat
627 1856 906 1928 incipiens
936 1855 1098 1926 quasi
1118 1871 1401 1909 annorum
1430 1853 1665 1926 triginta
1708 1857 1773 1908 ut
1817 1852 2125 1924 putabatur
2145 1858 2200 1930 B

477 1951 628 2008 ﬁlius
657 1953 841 2021 Iosep.

556 2045 774 2118 [Joann.
803 2060 861 2112 ιι,
896 2043 968 2112 1.]
996 2044 1070 2098 ΕΤ
1096 2042 1185 2097 die
1213 2042 1378 2097 tertio
1423 2042 1639 2112 nuptiae
1683 2042 1842 2096 factm
1889 2045 2021 2095 sunt
2066 2040 2126 2094 in

475 2143 624 2197 Cana
675 2139 922 2206 Galileae,
967 2142 1024 2194 et
1062 2141 1183 2192 erat
1219 2139 1402 2191 mater
1440 2137 1569 2190 Iesu
1606 2136 1706 2190 ibi.
1762 2137 2000 2190 Vocatus
2043 2138 2128 2189 est

475 2238 669 2290 autem
696 2232 969 2287 Dominus
995 2233 1153 2285 Iesus
1175 2236 1231 2286 et
1273 2230 1531 2301 discipuli
1576 2231 1698 2300 ejus
1746 2230 1816 2284 ad
1865 2228 2114 2299 nuptias.

475 2329 541 2384 Et
593 2326 887 2382 deﬁciente
931 2325 1062 2378 vino
1113 2324 1245 2378 dicit
1292 2327 1474 2378 mater
1520 2325 1648 2377 Iesu
1702 2323 1773 2376 ad
1812 2339 1944 2376 eum
1981 2338 1993 2375 :
2039 2321 2122 2374 Vi-

474 2437 617 2476 num
634 2437 751 2475 non
777 2419 1006 2473 habent.
1049 2419 1115 2472 Et
1158 2417 1293 2471 dicit
1329 2417 1380 2471 ei
1424 2416 1692 2470 Dominus
1737 2417 1939 2470 Iesus:
1981 2415 2126 2479 Quid

476 2514 618 2570 mihi
653 2519 709 2568 et
742 2513 843 2567 tibi
872 2517 974 2580 est,
1003 2511 1260 2565 mulier?
1289 2511 1544 2564 nondum
1592 2511 1741 2565 venit
1785 2511 1925 2564 hora
1975 2525 2121 2564 mea.

475 2608 620 2662 Dicit
648 2611 833 2661 mater
858 2607 980 2675 ejus
1019 2604 1326 2658 ministris:
1362 2604 1768 2675 Quodcumque
1800 2603 2005 2658 dixerit
2035 2621 2126 2657 vo-

475 2701 562 2756 bis
582 2699 769 2755 facite.
799 2701 970 2754 Esaut
996 2704 1189 2753 autem
1210 2698 1288 2752 ibi
1307 2698 1541 2768 lapidem
1569 2699 1788 2768 hydrize
1809 2715 1905 2752 sex
1923 2699 2123 2769 positae

475 2795 787 2850 secundum
827 2793 1281 2864 purificationem
1306 2793 1657 2861 Iudaeorum,
1688 2792 1971 2864 capientes
1999 2792 2114 2846 sin-

478 2888 624 2959 gulae
652 2892 920 2943 metretas
943 2888 1106 2941 binas
1134 2887 1220 2940 vel
1262 2891 1472 2942 ternas.
1514 2886 1654 2940 Dicit
1689 2886 1768 2940 eis
1806 2886 2078 2941 Dominus
2107 2904 2119 2940 :

482 2983 712 3053 lmplete
738 2981 968 3053 hydrias
992 2998 1158 3052 aqua.
1188 2982 1256 3034 Et
1294 2980 1673 3051 impleverunt
1707 2996 1802 3034 eas
1840 2997 2020 3051 usque
2052 2981 2123 3034 ad

475 3092 786 3131 summum.
819 3077 888 3130 Et
916 3075 1052 3130 dicit
1071 3075 1150 3129 eis
1174 3077 1333 3130 Iesus
1360 3091 1374 3128 :
1408 3075 1636 3129 Haurite
1672 3091 1845 3140 nunc,
1895 3080 1951 3129 et
1979 3075 2122 3130 ferte

477 3169 879 3224 architriclino.
933 3171 999 3223 Et
1041 3170 1312 3223 tulerunt.
1383 3171 1452 3223 Ut
1499 3173 1688 3222 autem
1738 3169 1984 3239 gustavit
2026 3185 2118 3222 ar-

1378 359 1710 415 APPENDIX
1746 359 1833 413 AD
1870 357 2094 412 OPERA
2129 358 2183 412 S.
2225 359 2526 415 GERMANI
2566 361 2992 418 PARISIENSIS.

3793 362 3900 416 472

2852 470 2972 519 Post
3008 467 3237 520 nomine.

2301 557 2446 610 Deus
2475 554 2571 626 qui
2607 554 2757 610 dives
2800 571 2858 610 es
2896 556 2954 609 in
2989 555 3253 610 omnibus
3290 556 3684 624 misereordia,
3725 558 3902 612 Pater

2233 650 2447 722 gloriae,
2475 649 2572 720 qui
2601 649 2836 720 posuisti
2864 649 3067 704 Filium
3097 655 3280 719 tuum,
3308 652 3505 707 lumen
3533 652 3592 706 in
3623 651 3895 706 nationi-

2229 745 2355 811 bus,
2410 744 2718 816 praedicare
2763 744 2997 814 captivis
3051 745 3526 816 redemptionem,
3573 745 3753 801 caecis
3821 745 3900 800 vi-

2231 856 2356 893 sum
2383 857 2397 907 ;
2427 838 2819 894 remissionem
2848 843 3226 909 peccatorum,
3257 845 3313 893 et
3337 845 3548 894 sortem
3575 840 3741 896 inter
3769 857 3902 895 san-

2231 939 2346 989 ctos
2370 951 2473 1004 per
2498 933 2688 998 ﬁdem,
2732 932 2830 1002 qui
2876 948 2933 986 es
2971 933 3031 986 in
3067 933 3289 987 Christo
3324 934 3516 1006 largus
3554 935 3895 1005 miseratur,

2230 1029 2482 1099 indulge.

2886 1096 2964 1147 Ad
3003 1111 3210 1162 pacem.

2302 1186 2464 1251 Deus,
2497 1185 2595 1256 qui
2625 1201 2723 1256 per
2740 1184 3103 1256 unigenitum
3131 1186 3321 1240 Iesum
3351 1185 3647 1241 Christum
3673 1185 3894 1242 Filium

2233 1283 2395 1333 tuum
2423 1279 2726 1334 Dominum
2756 1284 3014 1334 nostrum
3051 1279 3218 1334 hodie
3256 1280 3771 1336 sanctiﬁcationem
3798 1297 3890 1335 sa-

2229 1373 2362 1427 lutis
2406 1377 2632 1428 aeternae
2691 1373 2850 1444 aquis
2904 1374 3372 1444 regenerantibus
3425 1374 3777 1446 praestitisti,
3836 1382 3892 1432 et

2230 1468 2490 1523 veniente
2538 1485 2708 1539 super
2752 1472 2923 1539 caput
2962 1468 3108 1522 illius
3154 1468 3392 1539 spiritali
3441 1469 3734 1538 columba,
3786 1486 3892 1541 per

2229 1563 2500 1633 Spiritum
2558 1567 2814 1617 sanctum
2869 1562 2988 1632 ipse
3039 1562 3259 1631 venisti,
3305 1563 3473 1633 dona,
3517 1580 3886 1635 quaesumus,

2228 1659 2294 1710 ut
2327 1657 2520 1711 'veniat
2557 1673 2728 1728 super
2768 1657 2913 1711 hanc
2948 1673 3177 1711 omnem
3220 1657 3511 1712 ecclesiam
3562 1663 3730 1713 tuam
3789 1659 3891 1713 illa

2228 1750 2562 1822 benedictio,
2596 1768 2724 1822 quae
2751 1755 2978 1805 cunctos
2997 1751 3216 1822 jugiter
3241 1756 3519 1822 protegat.

2879 1852 3214 1902 Contestatio.

2301 1941 2437 1993 Vere
2491 1938 2733 2010 dignum
2779 1943 2836 1994 et
2881 1940 3101 2010 justum
3145 1942 3248 2008 est,
3296 1938 3654 2009 omnipotens
3703 1941 3882 2010 Deus,

2226 2033 2360 2104 quia
2380 2036 2573 2086 notam
2604 2032 2782 2086 fecisti
2830 2033 2890 2086 in
2931 2032 3160 2104 populis
3202 2031 3646 2086 misericordiam
3694 2038 3882 2102 tuam,

2228 2130 2283 2181 et
2303 2127 2544 2181 salutare
2570 2131 2734 2180 tuum
2761 2127 2977 2181 cunctis
3008 2125 3272 2198 gentibus
3299 2125 3611 2195 declarasti,
3645 2127 3886 2182 hodier-

2227 2235 2368 2273 num
2405 2220 2694 2274 declarans
2737 2220 2908 2290 diem,
2953 2221 3012 2274 in
3054 2237 3167 2291 quo
3210 2219 3497 2274 adoranda
3531 2220 3651 2274 veri
3703 2222 3881 2292 Regis

2228 2313 2461 2369 infantia
2490 2315 2758 2368 excitatos
2799 2315 2867 2369 de
2909 2313 3142 2368 remotis
3178 2313 3432 2384 partibus
3474 2313 3621 2368 viros
3667 2314 3881 2369 clarior

2227 2408 2426 2464 ceteris
2453 2408 2732 2463 sideribus
2763 2409 2922 2464 stella
2949 2408 3303 2479 perduceret,
3333 2412 3389 2463 et
3427 2409 3547 2463 caeli
3593 2425 3660 2464 ac
3704 2414 3878 2464 terrae

2230 2503 2529 2558 Dominum
2560 2503 2927 2574 corporaliter
2955 2508 3172 2571 natum,
3222 2502 3377 2556 radio
3427 2519 3543 2557 sum
3588 2502 3735 2557 lucis
3794 2520 3880 2558 os-

2228 2597 2501 2652 tenderet.
2535 2599 2833 2667 Propterea
2855 2597 3098 2667 profusis
3128 2596 3344 2667 gaudiis
3372 2600 3522 2651 totus
3545 2613 3650 2667 per
3674 2597 3876 2652 orbem

2226 2695 2509 2746 terrarum
2539 2691 2787 2745 mundus
2812 2691 3046 2745 exultat.
3063 2690 3168 2745 Sed
3198 2693 3254 2743 et
3271 2706 3528 2761 supernae
3555 2691 3870 2747 concinunt

2225 2789 2549 2857 potestates,
2580 2786 2860 2856 hymnum
2893 2784 3085 2855 gloriae
3129 2787 3241 2837 tuas
3284 2783 3403 2838 sine
3442 2784 3758 2841 cessatione
3796 2784 3873 2839 di-

2226 2883 2414 2935 centes
2450 2895 2462 2933 :
2498 2879 2752 2936 Sanctus.

2567 3024 2724 3064 MISSA
2751 3026 2803 3063 IN
2834 3025 3115 3064 CATHEDRA
3139 3024 3326 3065 SANCTI
3356 3025 3529 3064 PETRI.

2435 3105 2726 3172 [Lectiones
2766 3105 2824 3156 in
2865 3103 3143 3158 Cathcdra
3181 3105 3359 3158 sancti
3394 3105 3543 3158 Petri
3565 3104 3646 3174 ιη]

2559 3195 2790 3258 Epistola
2813 3195 2946 3244 Petri
2979 3195 3202 3259 apostoli
3231 3195 3295 3245 ad
3321 3199 3521 3258 gentes.

478 3263 829 3318 chitriclinus
869 3279 1076 3333 aquam
1110 3262 1305 3315 vinum
1353 3263 1582 3331 factum,
1641 3266 1696 3317 et
1752 3279 1867 3316 non
1917 3238 2197 3316 sciebatC
2298 3283 2536 3350 Fratres,
2577 3238 2906 3337 bznedictus
2960 3238 3105 3337 θέης
3137 3286 3192 3336 et
3230 3238 3394 3354 patiar
3424 3282 3649 3337 Domini
3695 3284 3869 3338 nostri

477 3357 631 3412 unde
660 3358 830 3422 esset;
865 3355 1110 3409 ministri
1137 3361 1328 3410 autem
1350 3356 1601 3410 sciebant
1638 3357 1737 3426 qui
1779 3356 2122 3411 hauriebant

476 3466 723 3521 aquam;
774 3453 936 3504 vocat
971 3465 1240 3519 sponsum
1281 3449 1717 3520 architriclinus,
1761 3455 1818 3504 et
1862 3449 1996 3504 dicit
2023 3450 2117 3504 ei:

481 3544 678 3601 Omnis
698 3544 868 3598 homo
907 3543 1160 3614 primum
1192 3543 1405 3598 bonum
1447 3544 1642 3600 vinum
1679 3543 1858 3616 ponit,
1895 3549 1950 3598 et
1993 3560 2124 3599 cum

477 3637 740 3695 inebriati
786 3637 1016 3706 fuerint,
1059 3641 1194 3692 tunc
1222 3638 1279 3692 id
1306 3639 1456 3710 quod
1486 3637 1734 3694 deterius
1773 3643 1875 3692 est.
1908 3639 1988 3692 Tu
2018 3655 2122 3692 au-

477 3738 594 3789 tem
629 3731 862 3788 servasti
889 3731 1104 3786 bonum
1146 3732 1341 3788 vinum
1382 3750 1562 3805 usque
1596 3733 1800 3787 adhuc.
1842 3733 1952 3786 Hoc
1993 3732 2123 3788 fecit

478 3826 704 3883 initium
731 3827 1029 3898 signorum
1076 3827 1348 3882 Dominus
1384 3829 1541 3882 Iesus
1589 3827 1648 3881 in
1689 3827 1836 3881 Cana
1873 3826 2121 3895 Galileze,

481 3925 538 3977 et
563 3920 943 3976 manifestavit
961 3920 1197 3993 gloriam
1225 3938 1405 3992 suam,
1439 3925 1494 3977 et
1518 3921 1880 3978 crediderunt
1905 3920 1965 3975 in
1992 3937 2125 3975 eum

481 4014 741 4087 discipuli
766 4016 907 4087 ejus.

1099 4104 1298 4145 INCIPIT
1338 4103 1513 4143 MISSA.

553 4171 732 4226 Deum
758 4171 855 4242 qui
903 4177 1161 4227 sanctum
1208 4172 1343 4226 huic
1388 4169 1716 4242 Ephyfaniaa
1761 4168 2123 4224 festivitatem

479 4280 690 4320 nomen
717 4265 786 4320 de
824 4264 1183 4320 mirabilibus
1210 4264 1385 4331 dedit,
1425 4263 1625 4317 fratres
1674 4261 1970 4331 carissimi,
2024 4279 2127 4333 per

482 4358 932 4414 misericordiam
961 4358 1183 4412 Domini
1209 4357 1307 4412 Dei
1336 4355 1513 4410 nostri
1554 4356 1683 4409 Iesu
1735 4355 1939 4409 Christi
1988 4373 2123 4426 sup-

477 4451 700 4523 pliciter
739 4452 1129 4522 deprecemur,
1163 4454 1227 4504 ut
1277 4449 1421 4502 sicut
1462 4448 1737 4502 hodierna
1782 4448 2124 4503 sollemnitas

478 4549 535 4600 et
569 4544 879 4616 Apparitio,
927 4548 985 4598 et
1027 4541 1407 4610 lnluminatio,
1456 4546 1512 4597 et
1553 4537 1886 4610 Declafatio,
1918 4559 1985 4596 ex
2012 4542 2122 4596 mi-

480 4638 670 4693 raculo
690 4653 854 4708 aquae
884 4637 944 4691 in
971 4635 1166 4690 vinum
1187 4651 1381 4705 versae,
1409 4635 1486 4690 ita
1511 4635 1571 4690 in
1613 4636 1825 4706 populo
1873 4652 1974 4690 suo
2019 4639 2120 4706 est,
2143 4611 2202 4683 D
2225 4600 2476 4708 9hr“th

479 4736 543 4785 ut
568 4730 793 4784 claritas
821 4729 1126 4800 majestatis
1152 4746 1268 4784 suae
1300 4730 1420 4785 sine
1459 4730 1763 4785 cessatione
1798 4729 2035 4801 fulgeat,
2069 4734 2126 4786 et

476 4823 786 4880 sanctitatis
805 4823 1002 4879 lumen
1035 4841 1260 4896 semper
1294 4830 1588 4897 appareat,
1620 4827 1683 4879 ut
1708 4823 1869 4895 plebs
1890 4823 1995 4880 ista
2023 4841 2123 4879 suo

477 4917 708 4974 nomine
736 4923 1057 4975 consecrata
1083 4923 1438 4991 permaneat.

1165 5003 1434 5052 Collectio.

544 5074 724 5128 Deum
753 5073 851 5146 qui
883 5073 1245 5128 sanetiiicavit
1269 5072 1524 5128 Iordanis
1553 5073 1788 5142 fluenta,
1835 5073 2124 5128 benedixit

472 5166 736 5240 conjugia
756 5168 1050 5240 nuptialia,
1076 5168 1279 5223 fratres
1308 5166 1605 5236 carissimi,
1636 5167 2027 5237 deprecemur,
2058 5171 2122 5222 ut

471 5263 632 5334 cujus
672 5261 944 5316 miracula
987 5262 1191 5315 annuis
1235 5260 1531 5315 recolimus
1579 5259 1812 5326 vicibus,
1853 5261 1966 5315 sola
2000 5261 2121 5332 ejus

473 5357 655 5428 gratia
686 5372 1013 5412 mereamur
1038 5355 1454 5426 indulgentiam
1484 5358 1864 5426 peccatorum.

539 5491 564 5520 ⁸
597 5492 810 5547 Eodem
834 5492 1003 5547 modo
1026 5491 1396 5563 Evangelium
1421 5490 1527 5544 hoc
1557 5489 1645 5563 die
1671 5488 1731 5544 in
1757 5489 2117 5563 Lectionario

478 5563 812 5618 Luxoviensi
863 5561 1210 5619 contextum'
1243 5567 1326 5618 est
1368 5578 1436 5617 ex
1498 5561 1679 5615 tribus
1749 5562 2119 5633 Evangelistis

473 5633 750 5700 Matthzeo,
783 5636 948 5703 Luca,
982 5639 1038 5690 et
1061 5636 1336 5688 Iohanne.

547 5704 573 5744 δ
603 5706 752 5760 Nihil
780 5707 871 5760 hic
911 5707 980 5760 de
1023 5712 1214 5760 sancta
1257 5703 1550 5771 Genovefa,
1605 5703 1682 5757 sic
1725 5718 1856 5757 vero
1905 5703 1965 5756 in
2024 5703 2117 5758 Le-

477 5775 746 5830 ctionario
791 5775 1143 5831 Luxoviensi.
1197 5775 1339 5830 Illud
1405 5774 1791 5830 observatione
1851 5774 2112 5841 dignum,

475 5846 626 5914 quod
671 5846 952 5916 Cathedra
995 5847 1176 5916 sancti
1211 5845 1362 5900 Petri
1399 5846 1509 5916 hoc
1553 5845 1673 5916 loco
1705 5845 1977 5916 praecedit
2003 5846 2113 5900 fes-

475 5917 596 5970 tum
623 5915 1036 5987 Assumptionis
1060 5916 1401 5976 beatissima:
1428 5914 1690 5988 Virginis,
1706 5914 1870 5988 ‘quod
1911 5916 2000 5975 die
2053 5920 2114 5973 18

2222 3378 2351 3431 Iesu
2375 3375 2600 3443 Christi,
2631 3376 2730 3448 qui
2770 3376 3080 3431 secundum
3117 3393 3388 3449 magnam
3428 3376 3867 3432 misericordiam

2225 3470 2768 3542 suamregeneravit
2809 3488 2910 3525 nos
2953 3471 3012 3525 in
3057 3487 3217 3542 spem
3267 3472 3415 3540 vitae,
3465 3488 3569 3542 per
3620 3487 3864 3527 resurre-

2225 3565 2469 3620 ctionem
2488 3567 2614 3619 Iesu
2637 3565 2840 3620 Christi
2869 3582 2938 3620 ex
2981 3565 3241 3635 mortuis,
3280 3564 3341 3619 in
3377 3565 3754 3620 hereditatem
3790 3567 3864 3620 in-

2225 3659 2649 3731 corruptibilem
2678 3665 2734 3714 et
2775 3659 3297 3729 incontaminatam,
3347 3664 3404 3715 et
3445 3659 3858 3716 inmarcessibi-

2225 3755 2358 3824 lem,
2389 3759 2775 3809 conservatam
2800 3755 2862 3809 in
2888 3753 3058 3809 caelis.

2375 3855 2549 3905 Lectio
2573 3855 2738 3906 sancti
2764 3855 3029 3919 Evangelii
3056 3855 3345 3906 secundum
3373 3855 3668 3906 Matthieum
3685 3867 3729 3905 ο.

2295 3944 2570 4014 Tempore
2599 3942 2715 4012 illo,
2744 3942 2900 3997 venit
2931 3941 3202 3997 Dominus
3229 3943 3386 3996 Iesus
3413 3941 3472 3997 in
3519 3944 3708 4014 partes
3745 3943 3858 3998 Cte-

2227 4052 2398 4091 sareze
2425 4036 2691 4108 Philippi,
2723 4040 2780 4091 et
2808 4036 3176 4107 interrogavit
3223 4035 3525 4107 discipulos
3576 4053 3725 4103 suos,
3777 4036 3858 4091 di-

2227 4147 2390 4185 cens:
2421 4132 2602 4195 Quem
2629 4147 2721 4185 me
2739 4130 2935 4185 dicunt
2961 4131 3224 4185 homines
3245 4146 3362 4186 esse
3385 4131 3568 4185 filium
3585 4129 3864 4186 hominis?

2225 4224 2332 4288 Qui
2357 4225 2659 4280 dixerunt:
2689 4224 2797 4278 Alii
2821 4225 3140 4280 Iohannem
3172 4223 3506 4296 Baptistam,
3535 4223 3631 4278 alii
3668 4223 3862 4288 Eliam,

2225 4318 2319 4372 alii
2344 4335 2476 4373 vero
2505 4318 2826 4387 Ieremiam,
2859 4323 2958 4372 aut
3007 4334 3188 4372 unum
3240 4334 3308 4372 ex
3359 4317 3674 4389 Prophetis.
3722 4317 3865 4372 Dixit

2225 4415 2417 4466 autem
2442 4413 2550 4466 illis
2575 4412 2844 4466 Dominus
2873 4413 3030 4466 Iesus
3064 4428 3078 4466 :
3112 4413 3216 4466 Vos
3243 4428 3374 4467 vero
3409 4427 3584 4483 quem
3622 4428 3714 4466 me
3751 4425 3865 4466 esse

2226 4505 2453 4560 dicitis?
2486 4506 2854 4577 Respondens
2891 4506 3085 4561 Simon
3130 4507 3327 4561 Petrus
3371 4505 3514 4561 dixit
3553 4506 3603 4561 ei
3635 4524 3648 4560 :
3692 4507 3775 4559 Tu
3811 4520 3864 4559 es

2546 4599 2652 4654 lius
2678 4601 2775 4654 Dei
2801 4599 2933 4654 vivi.
2963 4601 3330 4670 Respondens
3357 4605 3549 4655 autem
3597 4598 3862 4654 Dominus

2223 4693 2382 4747 Iesus
2409 4691 2551 4747 dixit
2571 4693 2623 4746 ei
2654 4710 2666 4746 :
2702 4694 2903 4747 Beatus
2932 4710 3011 4759 es,
3035 4693 3227 4748 Simon
3264 4693 3524 4764 Barjona,
3565 4693 3701 4764 quia
3740 4709 3860 4746 caro

2225 4791 2281 4841 et
2309 4786 2536 4857 sanguis
2565 4804 2680 4841 non
2708 4788 2970 4843 revelavit
2998 4788 3118 4857 tibi,
3150 4789 3246 4842 sed
3273 4789 3434 4842 Pater
3458 4803 3620 4842 meus
3669 4787 3768 4858 qui
3808 4786 3861 4840 in

2224 4880 2373 4934 caelis
2428 4885 2532 4936 est.
2580 4883 2646 4936 Et
2687 4897 2794 4953 ego
2833 4881 2957 4936 dico
2999 4881 3120 4951 tibi,
3171 4881 3303 4953 quia
3343 4886 3405 4936 tu
3446 4897 3506 4936 es
3552 4882 3772 4949 Petrus,
3812 4885 3860 4934 et

2224 4991 2394 5046 super
2437 4975 2582 5029 hanc
2634 4980 2858 5047 petram
2905 4976 3191 5030 aedificabo
3236 4975 3539 5030 Ecclesiam
3575 4990 3782 5044 meam,
3811 4978 3858 5029 et

2222 5073 2402 5140 portae
2428 5068 2593 5124 inferi
2621 5086 2738 5124 non
2765 5071 3150 5142 praevalebunt
3178 5069 3443 5124 adversus
3470 5085 3616 5124 eam.
3655 5071 3722 5124 Et
3764 5069 3857 5124 tibi

2223 5162 2364 5216 dabo
2384 5163 2563 5218 claves
2583 5163 2747 5235 regni
2774 5165 3042 5219 caelorum
3069 5181 3080 5230 ;
3101 5169 3156 5219 et
3183 5163 3580 5236 quodcumque
3606 5163 3855 5235 ligaveris

2222 5273 2391 5328 super
2409 5261 2643 5328 terram,
2672 5258 2780 5313 erit
2805 5259 3045 5331 ligatum
3072 5259 3133 5313 in
3160 5257 3343 5327 caelis;
3383 5263 3438 5313 et
3464 5258 3856 5331 quodCumque

2222 5351 2453 5406 solveris
2479 5369 2650 5424 super
2668 5358 2898 5420 terram,
2933 5353 3040 5408 erit
3071 5353 3321 5408 solutum
3345 5355 3401 5406 et
3426 5351 3487 5406 in
3511 5352 3683 5407 caelis.

2218 5488 2468 5543 Ianuarii
2499 5488 2635 5544 olim
2665 5490 2933 5545 celebrari
2961 5506 3083 5544 mos
3110 5493 3248 5544 erat.
3277 5491 3424 5555 Ergo
3464 5489 3634 5544 etiam
3671 5489 3854 5544 Cathe-

2221 5560 2321 5614 dra
2348 5561 2409 5614 in
2435 5562 2720 5630 Ianuario,
2745 5567 2810 5616 ut
2836 5561 3031 5616 validis
3072 5562 3423 5630 argumentis
3457 5561 3759 5632 probatum
3800 5562 3851 5615 in

2218 5632 2365 5704 notis
2390 5632 2459 5685 ad
2497 5633 2909 5688 Lectionarium
2939 5632 3307 5702 Luxoviense,
3340 5634 3493 5704 quod
3521 5633 3608 5687 vel
3644 5649 3712 5687 ex
3746 5633 3852 5687 solo

2219 5703 2325 5757 hoc
2351 5704 2474 5758 loco
2501 5705 2820 5759 conﬁcitur.

2287 5788 2309 5815 ο
2350 5775 2501 5847 Idem
2530 5777 2899 5847 Evangelium
2927 5776 3033 5831 hac
3062 5775 3152 5830 die
3181 5774 3237 5829 in
3282 5775 3628 5831 Lectionario
3672 5777 3848 5830 Luxo-

2219 5845 2430 5921 viensi,_
2452 5847 2549 5921 sed
2588 5845 2775 5919 aliqua
2827 5848 2906 5903 ibi
2946 5847 3133 5904 addita
3173 5863 3242 5902 ex
3279 5847 3555 5915 Iohanne,
3597 5862 3724 5921 quas
3765 5847 3850 5902 hic

2216 5933 2334 5975 non
2363 5917 2669 5975 adduntur.
