4006 6228
143 401 230 456 473
636 397 1247 453 SACRAMENTARIUM
1286 397 1731 453 GALLICANUM.
1775 424 1841 436 —
1882 397 2247 453 LECTIONES
2285 397 2372 454 DE
2410 396 2723 452 ADVENTU
2765 396 3020 452 DOMINI.

1791 506 2070 592 Alierem
2095 506 2376 563 revocavit
2413 507 2482 563 de
2521 507 2745 574 funere,
2778 510 2834 562 et
2874 507 3146 562 virtutem
3175 505 3512 580 imperante,

737 523 929 562 INCIPIT
970 522 1150 563 MISSA.

201 599 512 659 Beatissimi
571 600 719 657 Petri
762 601 999 673 apostoli
1041 601 1544 657 sollemnissimum
1594 602 1766 671 diem,

141 700 192 755 in
207 713 310 769 quo
339 712 513 751 omne
534 695 630 766 jus
650 695 916 750 Gentium
941 695 1382 768 Judeeorumque
1408 696 1641 751 sortitus
1661 702 1767 763 est,

141 808 294 866 quem
347 790 504 846 diem
566 791 687 860 ipsa
750 789 1011 844 divinitas
1061 791 1404 844 consecravit
1454 790 1769 860 delegando

141 888 390 942 caelorum
432 885 639 951 claves,
683 885 768 939 vel
808 883 1144 955 pontiﬁcalis
1202 885 1484 940 cathedrae
1534 883 1771 939 contulit

145 980 481 1054 dignitatem,
512 979 716 1033 fratres
745 978 1044 1047 carissimi,
1077 979 1395 1034 exultantes
1431 979 1490 1032 in
1530 977 1768 1033 Domino

145 1072 545 1146 [celebremus,]
603 1072 968 1143 deprecantes
1015 1073 1137 1142 ejus
1190 1072 1666 1141 misericordiam;
1705 1074 1770 1126 ut

143 1169 270 1223 sicut
293 1166 456 1221 beato
494 1168 659 1222 Petro
687 1166 1020 1237 principalia
1045 1182 1284 1221 munera
1321 1167 1581 1236 contulit,
1611 1167 1688 1223 ita
1715 1171 1770 1222 et

141 1262 284 1317 nobis
311 1265 681 1332 peccatorum
709 1261 1007 1315 commissa
1033 1261 1306 1316 concedit.

202 1433 223 1463 '
249 1437 390 1491 Deus
425 1434 528 1506 qui
568 1359 860 1489 hodierni:1
861 1357 1250 1489 0dliZCllfeatum
1294 1436 1526 1489 Petrum
1563 1439 1691 1506 post
1717 1438 1770 1489 te

140 1530 322 1586 dedisti
391 1533 565 1600 caput
604 1529 881 1594 Ecclesiae,
922 1546 1052 1582 cum
1089 1534 1144 1584 te
1181 1529 1274 1584 ille
1314 1546 1445 1585 vere
1487 1529 1771 1584 confessus

138 1627 218 1692 sit,
245 1627 300 1680 et
322 1624 440 1695 ipse
465 1640 499 1676 a
526 1629 585 1677 te
613 1623 785 1694 digne
811 1623 1078 1694 praelatus
1103 1624 1194 1689 sit,
1222 1628 1278 1678 te
1317 1624 1601 1695 suppliees
1629 1639 1767 1677 exo-

139 1735 341 1784 ramus;
372 1723 439 1772 ut
466 1717 568 1788 qui
606 1717 808 1771 dedisti
844 1719 1152 1786 Pastorem,
1183 1734 1256 1772 ne
1287 1718 1424 1789 quid
1467 1718 1535 1772 de
1576 1717 1772 1771 ovibus

141 1813 409 1886 perderes,
455 1816 522 1866 ut
571 1828 711 1883 grex
776 1811 1014 1883 effugiat
1050 1827 1292 1881 errores,
1343 1812 1466 1882 ejus
1512 1812 1773 1866 interces-

140 1907 284 1962 sione
309 1922 481 1978 quem
510 1906 694 1962 fecisti
722 1907 749 1946 ι)
779 1905 1064 1960 salviﬁces.

753 2004 873 2051 Post
921 2001 1152 2051 nomina.

201 2081 373 2135 Deum
393 2079 494 2151 qui
517 2079 684 2134 beato
704 2079 870 2133 Petro
900 2081 1118 2132 tantam
1134 2078 1470 2149 potestatem
1491 2074 1768 2146 discipulo

141 2175 378 2242 contulit,
407 2179 471 2228 ut
509 2173 557 2227 si
585 2173 705 2243 ipse
740 2171 1018 2243 ligaverit,
1056 2187 1171 2226 non
1202 2170 1273 2224 sit
1303 2171 1445 2225 alter
1473 2170 1571 2241 qui
1596 2171 1771 2225 solve-

142 2269 229 2334 rit;
269 2273 323 2322 et
350 2284 478 2339 quae
503 2267 565 2321 in
595 2273 748 2321 terra
781 2265 1028 2334 solverit,
1073 2265 1211 2320 item
1251 2265 1387 2319 caalo
1427 2264 1607 2319 soluta
1633 2265 1765 2333 sint,

143 2361 385 2433 precibus
413 2361 790 2432 imploremus
812 2378 829 2429 ;
877 2365 940 2414 ut
985 2358 1199 2414 eductis
1237 2376 1270 2413 a
1314 2362 1524 2413 tartaro
1564 2357 1766 2412 defun-

144 2462 344 2512 ctorum
381 2455 698 2526 spiritibus,
740 2471 853 2509 non
903 2454 1247 2525 praevaleant
1283 2451 1517 2524 sepultis
1561 2451 1770 2507 inferni

143 2555 302 2624 portae
352 2566 457 2622 per
504 2549 765 2616 crimina,
801 2565 942 2621 quas
989 2565 1092 2620 per
1129 2545 1365 2620 apostoli
1415 2545 1586 2602 ﬁdem
1623 2545 1770 2600 vinci

145 2644 302 2700 credit
323 2643 586 2700 Ecclesia.

791 2712 866 2763 Ad
912 2727 1114 2777 pacem.

204 2791 653 2846 Clementissime
680 2789 956 2857 conditor,
977 2789 1074 2860 qui
1095 2793 1254 2843 tanta
1283 2788 1514 2842 caritate
1543 2802 1772 2841 succen-

146 2883 262 2939 disti
291 2884 651 2956 discipulum,
683 2888 749 2938 ut
773 2900 830 2937 se
857 2883 926 2938 de
971 2899 1111 2938 nave
1151 2883 1428 2953 jactatum
1470 2882 1542 2936 ad
1580 2885 1634 2935 te
1677 2896 1768 2935 ce-

147 2978 247 3032 lere
291 2978 586 3033 festinaret
629 2977 772 3048 pede
813 2977 970 3032 nudo
1012 2993 1114 3048 per
1151 2976 1424 3046 pelagus;
1473 2979 1529 3029 et
1573 2975 1771 3029 videns

146 3071 276 3127 hanc
301 3072 683 3142 dilectionem,
715 3071 898 3126 claves
923 3071 974 3126 ei
1002 3071 1164 3126 dares
1194 3070 1464 3138 siderum,
1497 3085 1660 3124 voces
1691 3069 1772 3123 in-

147 3166 282 3237 spice
311 3171 722 3239 suggerentum
733 3179 775 3221 ο.

777 3258 1116 3308 Contestatio.

211 3337 341 3391 Vere
369 3335 614 3408 dignum
639 3337 697 3390 et
715 3335 937 3405 justum
986 3338 1070 3388 est
1097 3331 1456 3403 omnipotens
1484 3331 1649 3398 Deus,
1678 3329 1777 3401 qui

145 3430 285 3486 dives
321 3430 558 3485 inﬁnitae
602 3429 920 3485 clementiae
959 3427 1186 3498 copioso
1241 3441 1476 3480 munere
1505 3425 1781 3496 plasmam

151 3529 251 3578 tuae
275 3529 545 3580 creaturte
585 3524 645 3578 in
674 3527 899 3578 tantum
927 3521 1182 3593 dignaris
1210 3520 1448 3591 erigere,
1476 3524 1542 3574 ut
1577 3534 1778 3573 verna-

153 3617 267 3671 culo
303 3618 420 3672 limi
449 3617 820 3688 compatiens,
864 3614 1083 3670 homini
1125 3614 1194 3668 de
1237 3619 1463 3668 terrena
1507 3627 1779 3682 compage

151 3711 316 3766 claves
341 3713 457 3766 caeli
497 3711 907 3778 committeres,
939 3714 994 3764 et
1019 3709 1089 3762 ad
1109 3707 1441 3779 judicandas
1468 3706 1650 3761 tribus
1687 3722 1777 3759 so-

154 3803 283 3858 lium
326 3806 554 3860 excelsae
602 3804 748 3858 sedis
789 3804 848 3858 in
898 3802 1130 3857 sublimi
1174 3815 1560 3871 componeres.
1606 3798 1780 3852 Testis

154 3903 228 3952 est
269 3898 380 3953 dies
421 3898 703 3955 hodierna
745 3897 895 3952 beati
938 3895 1087 3951 Petri
1125 3894 1394 3950 cathedra
1426 3893 1780 3964 episcopatus

156 3994 408 4063 exposita,
440 3994 505 4048 in
535 4009 645 4064 qua
682 3991 815 4046 ﬁdei
836 3989 1039 4046 merito
1064 3987 1420 4045 revelationis
1448 3985 1781 4057 mysterium

157 4085 273 4141 ﬁdei
299 4087 344 4156 d,
385 4087 596 4142 Filium
640 4085 738 4141 Dei
787 4083 1125 4153 conﬁtendo,
1175 4083 1440 4153 przelatus
1496 4079 1781 4150 apostolus

158 4179 451 4250 ordinatur,
499 4180 559 4234 in
593 4180 753 4250 cujus
809 4178 1162 4232 confessione
1205 4180 1286 4230 est
1337 4174 1780 4229 fundamentum

160 4273 399 4328 Ecclesiae
429 4291 443 4329 :
476 4291 582 4329 nec
626 4273 893 4328 adversus
944 4271 1090 4326 hanc
1135 4272 1359 4324 Petram
1405 4273 1583 4339 portae
1617 4266 1785 4321 inferi

158 4369 465 4438 praevalent,
531 4367 651 4440 [nec
698 4383 932 4437 serpens
986 4364 1288 4434 vestigium
1337 4361 1628 4433 exprimit,
1679 4376 1785 4414 nec

159 4459 500 4533 triumphum
549 4477 703 4515 mors
752 4459 1009 4531 obtinet]
1051 4458 1194 4522 Quid
1236 4472 1369 4511 vero
1415 4455 1578 4510 beato
1622 4456 1785 4509 Petro

159 4553 358 4610 diverso
388 4556 494 4611 sub
521 4559 776 4626 tempore
821 4554 1052 4608 accessit
1079 4551 1260 4606 laudis
1300 4554 1356 4605 et
1387 4549 1601 4621 glorim,
1637 4546 1784 4620 [quas

3412 396 3512 452 474

1871 603 2041 658 morti
2066 602 2310 674 praedari
2329 613 2351 640 ο
2380 617 2496 656 non
2524 601 2705 672 licuit,
2733 617 2836 674 per
2862 601 3154 657 Christum
3181 601 3512 657 Dominum.

2111 734 2268 774 MISSA
2309 735 2361 774 IN
2402 731 2618 773 SANCTE
2657 735 2835 773 MARI/E
2874 734 3262 774 SOLEMNITATE.

2287 799 2370 869 [In
2397 802 2566 854 missa
2594 804 2793 854 sancta:
2813 801 3002 854 Mariae
3019 799 3071 871 ἢ]

2182 878 2411 940 Epistola
2436 878 2576 928 Pauli
2599 879 2818 942 apostoli
2849 879 2913 928 ad
2939 878 3208 943 Ephesios.

1944 963 2088 1032 Filii,
2129 963 2347 1018 obedite
2393 964 2722 1035 parentibus
2763 965 2962 1020 vestris
3003 965 3062 1019 in
3106 965 3367 1035 Domino,
3405 966 3513 1022 hoc

1871 1061 2024 1117 enim
2068 1065 2151 1116 est
2184 1062 2426 1132 justum.
2471 1064 2692 1116 Honora
2721 1067 2942 1134 patrem
2974 1067 3138 1118 tuum
3177 1069 3234 1119 et
3270 1068 3513 1119 matrem

1871 1161 2048 1224 tuam,
2079 1156 2232 1227 quod
2259 1160 2342 1210 est
2375 1156 2711 1210 mandatum
2737 1157 2990 1228 primum
3017 1159 3077 1212 in
3112 1158 3510 1230 promissione,

1873 1255 1935 1303 ut
1971 1249 2115 1304 bene
2147 1249 2219 1303 sit
2258 1249 2379 1318 tibi,
2417 1255 2473 1304 et
2512 1250 2584 1303 sis
2623 1250 2914 1321 longaevus
2959 1269 3128 1323 super
3169 1257 3399 1308 terram.
3447 1254 3514 1308 Et

1870 1349 2152 1416 parentes,
2184 1343 2358 1398 nolite
2389 1345 2460 1398 ad
2504 1345 2858 1399 iracundiam
2901 1363 3205 1416 provocare
3252 1347 3396 1402 ﬁlios
3425 1362 3516 1402 ve-

1871 1443 2032 1506 stros,
2064 1437 2162 1492 sed
2189 1438 2421 1493 educate
2466 1438 2592 1493 illos
2637 1439 2696 1492 in
2725 1438 3020 1510 disciplina
3061 1445 3116 1494 et
3159 1441 3514 1512 correptione

1873 1531 2116 1586 Domini.
2161 1532 2336 1599 Servi,
2375 1532 2596 1586 obedite
2635 1532 2881 1587 dominis
2911 1534 3229 1588 carnalibus
3266 1551 3395 1588 cum
3438 1535 3511 1590 ti-

1873 1646 2030 1684 more
2057 1635 2114 1684 et
2141 1633 2404 1697 tremore,
2437 1630 2496 1684 in
2538 1630 2896 1701 simplicitate
2926 1631 3112 1685 cordis
3154 1632 3343 1698 vestri,
3373 1631 3516 1688 sicut

1871 1724 2112 1791 Christo,
2142 1740 2258 1777 non
2285 1724 2355 1778 ad
2382 1724 2609 1778 oculum
2636 1724 2964 1791 servientes,
2994 1725 3155 1795 quasi
3183 1725 3512 1780 hominibus

1873 1817 2138 1890 placeatis
2184 1817 2324 1872 :sed
2356 1822 2419 1871 ut
2463 1817 2608 1871 servi
2644 1818 2852 1873 Christi
2906 1818 3124 1873 faciatis
3166 1820 3517 1875 voluntatem

1795 1893 1851 1964 Β
1874 1907 1972 1962 Dei
2003 1924 2071 1961 ex
2098 1907 2309 1975 animo,
2352 1923 2483 1960 cum
2510 1907 2657 1962 bona
2682 1908 2968 1962 voluntate
3018 1907 3343 1978 servientes,
3372 1909 3517 1963 sicut

1873 2001 2113 2090 Domiino
2141 2005 2197 2055 et
2225 1999 2577 2069 hominibus,
2609 2001 2869 2070 scientes,
2900 2001 3176 2072 quoniam
3204 2002 3512 2074 unusquis-

1870 2111 1980 2166 que
2033 2095 2432 2166 quodcumque
2485 2093 2680 2149 fecerit
2718 2093 2954 2163 bonum,
3006 2095 3114 2149 hoc
3164 2095 3437 2166 percipiet
3481 2113 3516 2150 a

1871 2188 2127 2258 Domino,
2172 2189 2288 2243 sive
2333 2204 2547 2255 servus,
2601 2187 2718 2242 sive
2769 2187 2931 2243 liber.
2980 2189 3046 2242 Et
3096 2205 3213 2258 vos,
3274 2189 3510 2256 domini,

1872 2283 2070 2338 eadem
2114 2282 2277 2337 facite
2329 2282 2453 2349 illis,
2483 2282 2838 2336 remittentes
2869 2281 3073 2352 minas,
3104 2283 3342 2339 scientes
3381 2281 3515 2354 quia

1870 2377 2098 2432 illorum
2127 2381 2183 2431 et
2206 2380 2392 2431 vester
2417 2376 2689 2430 Dominus
2719 2379 2802 2430 est
2832 2375 2892 2432 in
2921 2376 3095 2431 caelis.

2090 2482 2262 2532 Lectio
2285 2482 2449 2532 sancti
2477 2482 2745 2545 Evangelii
2774 2482 3064 2533 secundum
3092 2485 3301 2533 Lucam.

1944 2571 2220 2640 Tempore
2242 2568 2356 2637 illo,
2391 2568 2546 2623 ibant
2577 2573 2843 2639 parentes
2871 2569 3002 2623 Iesu
3040 2585 3144 2640 per
3188 2585 3383 2624 omnes
3408 2585 3511 2624 an-

1872 2679 1973 2716 nos
2001 2662 2060 2716 in
2090 2661 2437 2716 Hierusalem
2481 2662 2543 2716 in
2581 2662 2671 2716 die
2698 2661 2965 2716 sollemni
2990 2663 3238 2717 Paschze.
3282 2664 3348 2719 Et
3385 2679 3516 2717 cum

1872 2756 2051 2811 factus
2079 2761 2222 2810 esset
2263 2772 2543 2810 annorum
2583 2756 2903 2824 duodecim,
2934 2756 3366 2812 ascendentibus
3404 2757 3516 2811 illis

1873 2850 1930 2904 in
1957 2850 2359 2921 Hierusolyma
2392 2851 2705 2904 secundum
2737 2851 3204 2905 consuetudinem
3231 2849 3342 2906 diei
3367 2850 3516 2918 festi,

1873 2943 2390 3016 consummatisque
2443 2944 2662 3014 diebus,
2717 2960 2848 2999 cum
2915 2944 3184 3014 redirent,
3243 2945 3520 2999 remansit

1872 3055 2015 3110 puer
2041 3039 2197 3092 Jesus
2222 3037 2283 3092 in
2328 3037 2692 3106 Hierusalem,
2738 3041 2794 3093 et
2827 3055 2941 3092 non
2985 3041 3380 3110 cognoverunt
3424 3055 3518 3109 pa-

1873 3135 2060 3186 rentes
2088 3131 2230 3201 ejus.
2264 3130 2660 3186 Existimantes
2689 3135 2882 3187 autem
2907 3131 3074 3186 illum
3104 3148 3226 3187 esse
3253 3131 3312 3186 in
3337 3132 3514 3187 comi-

1877 3229 2016 3295 tatu,
2046 3230 2328 3279 venerunt
2364 3224 2472 3279 iter
2517 3225 2649 3294 diei,
2689 3229 2746 3280 et
2787 3226 3153 3297 requirebant
3195 3242 3328 3280 eum
3368 3225 3518 3280 inter

1878 3323 2144 3390 cognatos
2175 3324 2231 3374 et
2255 3323 2437 3374 notos.
2471 3320 2540 3372 Et
2567 3335 2680 3374 non
2709 3319 3059 3375 invenientes
3098 3318 3342 3390 regressi
3387 3323 3520 3374 sunt

1879 3412 1939 3467 in
1965 3413 2334 3480 Hierusalem,
2366 3413 2719 3484 requirentes
2749 3430 2902 3469 eum.
2934 3415 3001 3468 Et
3043 3413 3256 3469 factum
3283 3418 3366 3469 est
3392 3418 3521 3485 post

1880 3513 2133 3567 triduum
2167 3513 2512 3569 invenerunt
2553 3513 2715 3567 illum
2763 3513 2821 3567 in
2862 3513 3096 3584 templo,
3133 3514 3424 3569 sedentem
3458 3513 3517 3568 in

1879 3606 2067 3662 medio
2096 3606 2413 3674 doctorum,
2452 3605 2782 3660 audientem
2810 3606 2937 3660 illos
2965 3611 3021 3660 et
3047 3605 3517 3677 interrogantem.

1879 3700 2192 3770 Stupebant
2224 3704 2417 3754 autem
2463 3714 2660 3753 omnes
2701 3699 2799 3769 qui
2832 3715 2964 3753 eum
3003 3699 3312 3753 audiebant
3349 3715 3521 3769 super

1879 3793 2183 3864 prudentia
2235 3797 2292 3848 et
2337 3791 2620 3863 responsis
2665 3792 2806 3861 ejus.
2858 3793 2924 3846 Et
2955 3792 3205 3847 videntes
3255 3790 3520 3846 admirati

1881 3892 2031 3941 sunt.
2063 3887 2130 3941 Et
2155 3885 2298 3941 dixit
2323 3889 2508 3940 mater
2533 3884 2656 3956 ejus
2673 3885 2744 3939 ad
2770 3885 2932 3940 illum
2958 3902 2972 3940 :
2999 3885 3122 3952 Fili,
3169 3885 3311 3957 quid
3338 3883 3520 3940 fecisti

1880 3980 2041 4034 nobis
2067 3979 2180 4034 sic?
2202 3982 2339 4035 Ecce
2365 3983 2529 4052 pater
2554 3984 2684 4034 tuus
2710 3983 2766 4033 et
2787 3995 2893 4050 ego
2925 3979 3177 4035 dolentes
3219 3978 3517 4051 quaereba-

1880 4090 2009 4129 mus
2037 4078 2113 4129 te.
2143 4076 2207 4129 Et
2231 4074 2310 4128 ait
2336 4074 2406 4128 ad
2432 4073 2559 4127 illos
2590 4092 2605 4127 :
2634 4073 2996 4144 Nesciebatis,
3026 4073 3160 4145 quia
3193 4073 3253 4127 in
3273 4089 3402 4144 quae
3426 4089 3521 4143 pa-

1879 4167 1986 4224 tris
2012 4168 2124 4224 mei
2154 4171 2287 4224 sunt
2312 4170 2534 4240 Oportet
2561 4183 2655 4222 me
2681 4182 2799 4222 esse
2819 4167 2846 4221 ‘l

2494 4287 2692 4328 INCIPIT
2744 4285 2924 4327 MISSA.

1957 4363 2325 4434 Omnipotens
2353 4365 2700 4437 sempiterne
2728 4365 2894 4434 Deus,
2923 4364 3024 4438 qui
3049 4363 3288 4420 terrenis
3322 4379 3522 4435 corpo-

1884 4463 2041 4518 ribus
2073 4462 2239 4517 Verbi
2268 4463 2354 4517 tui
2383 4463 2677 4518 veritatem
2719 4480 2823 4534 per
2859 4463 3240 4520 venerabilem
3291 4462 3524 4518 Mariam

1886 4555 2156 4627 conjungi
2189 4555 2447 4624 voluisti;
2496 4557 2741 4626 petimus
2787 4555 3126 4611 immensam
3166 4555 3523 4611 clementiam

160 4663 272 4716 vox,
300 4666 422 4721 quae
447 4650 668 4721 lingua,
699 4648 825 4720 quis
857 4645 1132 4719 explicet]
1168 4645 1306 4699 Hinc
1333 4648 1415 4698 est
1452 4643 1602 4714 quod
1630 4657 1784 4697 mare
1804 4652 1863 4724 D
1887 4655 2066 4716 tuam,
2099 4653 2161 4703 ut
2189 4649 2344 4719 quod
2371 4648 2431 4702 in
2474 4649 2597 4719 ejus
2640 4649 3001 4706 veneratione
3043 4649 3419 4721 deposcimus,
3467 4654 3524 4704 te

161 4743 451 4798 tremulum
477 4743 589 4798 ﬁxo
619 4743 792 4797 calcat
817 4741 1079 4812 vestigio,
1108 4744 1164 4794 et
1203 4739 1353 4793 inter
1395 4737 1579 4791 undas
1618 4735 1782 4807 liqui-

158 4832 243 4888 das
267 4838 508 4907 pendula
533 4838 730 4909 planta
754 4834 1131 4907 perambulat.
1161 4833 1260 4887 Hic
1286 4832 1357 4886 ad
1384 4833 1608 4902 portam
1653 4830 1782 4900 Spe-

159 4927 344 4984 ciosam
374 4931 645 4986 contracti
692 4930 872 4985 tendit
907 4927 1160 4998 vestigia,
1203 4929 1259 4981 et
1297 4928 1477 4980 tactus
1521 4923 1669 4978 Petri
1701 4922 1783 4976 di-

163 5021 264 5091 gito
289 5025 516 5081 claudus
542 5042 661 5080 non
691 5023 910 5095 indiget
934 5021 1153 5076 baculo.
1187 5019 1285 5073 Hic
1305 5022 1619 5073 carceratus
1644 5016 1782 5072 dum

163 5117 426 5191 dormitat,
461 5123 717 5178 Christus
761 5137 862 5192 pro
908 5121 1030 5192 ipso
1066 5117 1383 5190 pervigilat,
1420 5121 1478 5170 et
1530 5121 1782 5170 retrusus

164 5217 448 5284 ergastulo,
480 5217 630 5272 foras
656 5215 913 5287 procedit
933 5230 1035 5284 per
1059 5212 1351 5284 angelum.
1384 5210 1484 5264 Hic
1510 5209 1780 5280 paralyti-

163 5319 277 5361 cum
302 5310 476 5366 erexit
503 5309 878 5366 decubantem
906 5308 966 5362 in
999 5307 1175 5374 lecto;
1218 5304 1312 5359 hic
1352 5303 1609 5358 Tabitam
1650 5319 1778 5356 mu-

224 5459 246 5488 ⁸
271 5453 398 5526 Quae
426 5457 744 5526 sequuntur
783 5451 1014 5526 ex_hoc_
1042 5447 1226 5526 ofﬁcio
1272 5445 1566 5501 Cathedrze
1607 5444 1781 5500 sancti

167 5521 317 5592 Petri,
347 5519 542 5581 eadem
571 5529 704 5580 sunt
729 5525 788 5578 in
818 5520 1020 5578 Missali
1049 5519 1304 5576 Gothico.

226 5593 250 5633 δ
278 5590 334 5650 In
360 5597 560 5651 Missali
592 5613 725 5650 mox
752 5592 900 5650 dicto
929 5592 1160 5663 legitur,
1185 5590 1506 5661 praefecisti.

229 5675 248 5704 ο
272 5667 397 5722 Post
426 5669 549 5722 haec
578 5667 808 5722 additur
832 5665 1044 5719 ibidem
1067 5682 1080 5718 :
1115 5665 1182 5717 Ut
1210 5663 1536 5730 quicumque
1562 5675 1628 5714 ea:
1640 5675 1781 5728 prae-

173 5741 301 5810 repto
331 5740 644 5808 junguntur
684 5739 759 5792 ad
787 5738 1049 5798 osculum,
1089 5732 1526 5810 liv01'e_p§ctor-is
1565 5731 1780 5810 seclusa

171 5803 282 5862 illuc
302 5803 398 5877 p'er
429 5803 665 5879 gratiam
697 5810 992 5879 ducantur,
1033 5821 1136 5876 quo
1177 5804 1295 5858 cali
1319 5804 1512 5856 Petrus
1541 5806 1620 5856 est
1629 5803 1780 5869 ,1αηὶ-

178 5881 263 5950 tor.
283 5878 499 5944 Prwsta,
529 5882 784 5937 Salvator
809 5878 1155 5950 mundi,_e_tc.
1182 5943 1218 5950 Π
1271 5942 1300 5950 _
1351 5940 1385 5950 η
1416 5940 1426 5950 θ
1575 5943 1584 5950 Δ
1716 5939 1750 5950 η

234 5948 256 5987 ἀ
282 5950 433 6008 Deest
457 5940 587 6027 ﬁdei
625 5949 885 6025 repetitio
920 5949 980 6005 in
1019 5943 1224 6006 Missali
1263 5940 1519 6000 Gothico.
1557 5940 1782 5997 Ansulis

1881 4741 2228 4815 propiciante
2254 4757 2580 4796 mereamur
2602 4742 2890 4811 consequi.

2589 4840 2862 4890 Collectio.

1956 4927 2171 4984 Exaudi
2210 4943 2332 4995 nos,
2378 4927 2634 4996 Domine,
2685 4930 2875 4981 sancte
2925 4929 3108 4993 Pater,
3167 4929 3526 5001 omnipotens

1883 5027 2050 5091 Deus,
2080 5023 2179 5095 qui
2205 5022 2382 5076 beatae
2403 5020 2589 5076 Mariae
2615 5019 2764 5075 uteri
2793 5019 3227 5074 obumbratione
3254 5029 3525 5079 cunctum

1882 5117 2164 5172 mundum
2193 5114 2534 5170 inluminare
2565 5115 2832 5188 dignatus
2858 5131 2916 5170 es
2940 5131 2953 5169 :
2983 5113 3328 5184 Majestatem
3365 5120 3524 5170 tuam

1883 5206 2162 5278 supplices
2189 5206 2580 5277 deprecamur,
2613 5210 2678 5260 ut
2703 5205 2855 5276 quod
2895 5203 3102 5259 nostris
3151 5202 3370 5257 meritis
3404 5220 3521 5260 non

1881 5301 2155 5370 valemus,
2180 5301 2302 5370 ejus
2329 5299 2562 5370 adipisci
2587 5298 2861 5371 praesidiis
2887 5312 3231 5354 mereamur.
3257 5297 3352 5366 Te,
3375 5313 3528 5369 quaa-

1886 5445 2107 5500 inclusa
2139 5444 2393 5500 indidem
2421 5445 2778 5516 supplentur.

1957 5526 1978 5552 °
1997 5518 2071 5594 In
2092 5517 2348 5586 Gothico,
2380 5514 2593 5594 uirtute
2614 5519 2918 5594 imperante
2936 5515 3183 5585 pradarz’
3206 5530 3316 5569 non
3348 5514 3519 5594 licuit.

1883 5589 2012 5660 Post
2029 5588 2454 5660 quianonnulla
2482 5587 2692 5642 ibidem
2711 5586 3019 5660 adduntur.

1954 5659 1974 5699 ί
2013 5657 2109 5712 Hic
2136 5659 2334 5714 titulus
2361 5659 2468 5712 alia
2495 5675 2666 5712 manu
2693 5657 2943 5726 adjectus
2982 5661 3083 5724 est,
3136 5658 3235 5712 sed
3266 5657 3517 5726 antiqua.

1885 5729 2119 5802 Fuerint
2165 5730 2408 5802 proinde
2451 5730 2540 5783 ha:
2576 5728 2839 5802 lectiones
2877 5742 2980 5802 pro
3018 5728 3219 5802 vigilia
3251 5731 3520 5802 Assump-

1885 5800 2072 5864 tionis,
2101 5798 2230 5872 quae
2261 5802 2678 5872 sanctaefMariw
2705 5799 3035 5872 sollemnitas
3061 5799 3152 5853 hic
3172 5798 3520 5872 appelletur;

1883 5874 1980 5942 aut
2009 5870 2160 5926 certe
2186 5889 2287 5942 pro
2315 5871 2514 5942 quovis
2539 5871 2648 5926 alio
2675 5871 2796 5940 ejus
2824 5870 2962 5925 festo
2991 5874 3198 5939 praeter
3248 5871 3517 5935 Assump-

1883 5941 2117 6014 tionem,
2147 5941 2274 6014 quae
2305 5941 2582 6013 sequitur.
