  <div class='ocr_page' id='page_1' title='image "/cluster/home/n/w/nwhite01/storage/ocr_20150623/72/uva.x000827084/339.png"; bbox 0 0 4006 6228; ppageno 0'>
   <div class='ocr_carea' id='block_1_1' title="bbox 459 349 560 406">
    <p class='ocr_par' dir='ltr' id='par_1_1' title="bbox 459 349 560 406">
     <span class='ocr_line' id='line_1_1' title="bbox 459 349 560 406; baseline -0.02 0"><span class='ocrx_word' id='word_1_1' title='bbox 459 349 560 406; x_wconf 65' lang='grc'><strong>473</strong></span> 
     </span>
    </p>
   </div>
   <div class='ocr_carea' id='block_1_2' title="bbox 1336 359 2947 430">
    <p class='ocr_par' dir='ltr' id='par_1_2' title="bbox 1336 359 2947 430">
     <span class='ocr_line' id='line_1_2' title="bbox 1336 359 2947 430; baseline 0.007 -17"><span class='ocrx_word' id='word_1_2' title='bbox 1336 359 1668 415; x_wconf 72' lang='grc' dir='ltr'><strong>ΑΡΡΕΝΒΙΧ</strong></span> <span class='ocrx_word' id='word_1_3' title='bbox 1705 361 1793 418; x_wconf 76' lang='lat' dir='ltr'><strong>AD</strong></span> <span class='ocrx_word' id='word_1_4' title='bbox 1829 363 2053 419; x_wconf 78' lang='grc' dir='ltr'><strong>ΟΡΕΒΑ</strong></span> <span class='ocrx_word' id='word_1_5' title='bbox 2090 365 2144 418; x_wconf 90' lang='lat' dir='ltr'><strong>S.</strong></span> <span class='ocrx_word' id='word_1_6' title='bbox 2185 366 2482 423; x_wconf 75' lang='lat' dir='ltr'><strong>GERMANI</strong></span> <span class='ocrx_word' id='word_1_7' title='bbox 2521 367 2947 430; x_wconf 68' lang='lat' dir='ltr'><strong>PAI‘USII‘JNSIS.</strong></span> 
     </span>
    </p>
   </div>
   <div class='ocr_carea' id='block_1_3' title="bbox 3736 374 3836 428">
    <p class='ocr_par' dir='ltr' id='par_1_3' title="bbox 3736 374 3836 428">
     <span class='ocr_line' id='line_1_3' title="bbox 3736 374 3836 428; baseline 0.02 -2"><span class='ocrx_word' id='word_1_8' title='bbox 3736 374 3836 428; x_wconf 67' lang='lat'><strong>476</strong></span> 
     </span>
    </p>
   </div>
   <div class='ocr_carea' id='block_1_4' title="bbox 458 479 3837 567">
    <p class='ocr_par' dir='ltr' id='par_1_4' title="bbox 458 479 3837 567">
     <span class='ocr_line' id='line_1_4' title="bbox 458 479 3837 567; baseline 0.003 -39"><span class='ocrx_word' id='word_1_9' title='bbox 458 498 674 554; x_wconf 64' lang='lat' dir='ltr'><strong>sumus,</strong></span> <span class='ocrx_word' id='word_1_10' title='bbox 727 485 987 559; x_wconf 59' lang='lat' dir='ltr'><strong>nomine,</strong></span> <span class='ocrx_word' id='word_1_11' title='bbox 1032 488 1393 562; x_wconf 62' lang='lat' dir='ltr'><strong>famulantes,</strong></span> <span class='ocrx_word' id='word_1_12' title='bbox 1441 497 1504 548; x_wconf 62' lang='lat' dir='ltr'><strong>ut</strong></span> <span class='ocrx_word' id='word_1_13' title='bbox 1539 493 1724 549; x_wconf 56' lang='lat' dir='ltr'><strong>beam</strong></span> <span class='ocrx_word' id='word_1_14' title='bbox 1766 495 1952 550; x_wconf 58' lang='lat' dir='ltr'><strong>Maria,</strong></span> <span class='ocrx_word' id='word_1_15' title='bbox 1989 513 2094 552; x_wconf 66' lang='lat' dir='ltr'><strong>nos</strong></span> <span class='ocrx_word' id='word_1_16' title='bbox 2115 490 2172 567; x_wconf 73' lang='grc' dir='ltr'><strong>Α</strong></span> <span class='ocrx_word' id='word_1_17' title='bbox 2194 494 2370 547; x_wconf 90' lang='lat' dir='ltr'><strong>soror,</strong></span> <span class='ocrx_word' id='word_1_18' title='bbox 2398 479 2630 536; x_wconf 84' lang='lat' dir='ltr'><strong>nomine</strong></span> <span class='ocrx_word' id='word_1_19' title='bbox 2659 481 2850 550; x_wconf 85' lang='lat' dir='ltr'><strong>Maria,</strong></span> <span class='ocrx_word' id='word_1_20' title='bbox 2875 499 3002 556; x_wconf 78' lang='lat' dir='ltr'><strong>quae</strong></span> <span class='ocrx_word' id='word_1_21' title='bbox 3039 481 3210 540; x_wconf 87' lang='lat' dir='ltr'><strong>etiam</strong></span> <span class='ocrx_word' id='word_1_22' title='bbox 3241 480 3440 540; x_wconf 89' lang='lat' dir='ltr'><strong>sedens</strong></span> <span class='ocrx_word' id='word_1_23' title='bbox 3469 498 3635 539; x_wconf 90' lang='lat' dir='ltr'><strong>secus</strong></span> <span class='ocrx_word' id='word_1_24' title='bbox 3661 483 3837 556; x_wconf 85' lang='lat' dir='ltr'><strong>pedes</strong></span> 
     </span>
    </p>
   </div>
   <div class='ocr_carea' id='block_1_5' title="bbox 458 578 2092 656">
    <p class='ocr_par' dir='ltr' id='par_1_5' title="bbox 458 578 2092 656">
     <span class='ocr_line' id='line_1_5' title="bbox 458 578 2092 656; baseline 0.009 -24"><span class='ocrx_word' id='word_1_25' title='bbox 458 578 661 647; x_wconf 87' lang='lat' dir='ltr'><strong>gaudia</strong></span> <span class='ocrx_word' id='word_1_26' title='bbox 702 583 1063 654; x_wconf 86' lang='lat' dir='ltr'><strong>comitentur,</strong></span> <span class='ocrx_word' id='word_1_27' title='bbox 1105 585 1267 656; x_wconf 88' lang='lat' dir='ltr'><strong>cujus</strong></span> <span class='ocrx_word' id='word_1_28' title='bbox 1304 586 1520 643; x_wconf 87' lang='lat' dir='ltr'><strong>meritis</strong></span> <span class='ocrx_word' id='word_1_29' title='bbox 1563 593 1758 644; x_wconf 88' lang='lat' dir='ltr'><strong>nostra</strong></span> <span class='ocrx_word' id='word_1_30' title='bbox 1795 590 2092 646; x_wconf 79' lang='lat' dir='ltr'><strong>deleantur</strong></span> 
     </span>
    </p>
   </div>
   <div class='ocr_carea' id='block_1_6' title="bbox 455 671 1258 750">
    <p class='ocr_par' dir='ltr' id='par_1_6' title="bbox 455 671 1258 750">
     <span class='ocr_line' id='line_1_6' title="bbox 455 671 1258 750; baseline 0.011 -24"><span class='ocrx_word' id='word_1_31' title='bbox 455 671 838 748; x_wconf 85' lang='lat' dir='ltr'><strong>chirographa</strong></span> <span class='ocrx_word' id='word_1_32' title='bbox 880 681 1258 750; x_wconf 82' lang='lat' dir='ltr'><strong>peccatorum.</strong></span> 
     </span>
    </p>
   </div>
   <div class='ocr_carea' id='block_1_7' title="bbox 1074 761 1460 826">
    <p class='ocr_par' dir='ltr' id='par_1_7' title="bbox 1074 761 1460 826">
     <span class='ocr_line' id='line_1_7' title="bbox 1074 761 1460 826; baseline 0.016 -6"><span class='ocrx_word' id='word_1_33' title='bbox 1074 773 1192 823; x_wconf 82' lang='lat' dir='ltr'><strong>Post</strong></span> <span class='ocrx_word' id='word_1_34' title='bbox 1230 761 1460 826; x_wconf 52' lang='lat' dir='ltr'><strong>nomina;</strong></span> 
     </span>
    </p>
   </div>
   <div class='ocr_carea' id='block_1_8' title="bbox 529 848 2091 927">
    <p class='ocr_par' dir='ltr' id='par_1_8' title="bbox 529 848 2091 927">
     <span class='ocr_line' id='line_1_8' title="bbox 529 848 2091 927; baseline 0.01 -25"><span class='ocrx_word' id='word_1_35' title='bbox 529 848 846 921; x_wconf 86' lang='lat' dir='ltr'><strong>Oﬁ‘erimus,</strong></span> <span class='ocrx_word' id='word_1_36' title='bbox 886 854 1143 921; x_wconf 85' lang='lat' dir='ltr'><strong>Domine,</strong></span> <span class='ocrx_word' id='word_1_37' title='bbox 1189 873 1383 927; x_wconf 84' lang='lat' dir='ltr'><strong>preces</strong></span> <span class='ocrx_word' id='word_1_38' title='bbox 1434 864 1495 914; x_wconf 90' lang='lat' dir='ltr'><strong>et</strong></span> <span class='ocrx_word' id='word_1_39' title='bbox 1518 877 1757 916; x_wconf 89' lang='lat' dir='ltr'><strong>munera</strong></span> <span class='ocrx_word' id='word_1_40' title='bbox 1787 861 1846 917; x_wconf 93' lang='lat' dir='ltr'><strong>in</strong></span> <span class='ocrx_word' id='word_1_41' title='bbox 1875 862 2091 918; x_wconf 86' lang='lat' dir='ltr'><strong>honore</strong></span> 
     </span>
    </p>
   </div>
   <div class='ocr_carea' id='block_1_9' title="bbox 458 946 2092 1026">
    <p class='ocr_par' dir='ltr' id='par_1_9' title="bbox 458 946 2092 1026">
     <span class='ocr_line' id='line_1_9' title="bbox 458 946 2092 1026; baseline 0.009 -30"><span class='ocrx_word' id='word_1_42' title='bbox 458 947 664 998; x_wconf 70' lang='lat' dir='ltr'><strong>sanctas</strong></span> <span class='ocrx_word' id='word_1_43' title='bbox 690 946 873 1000; x_wconf 69' lang='lat' dir='ltr'><strong>Mariae</strong></span> <span class='ocrx_word' id='word_1_44' title='bbox 903 947 1214 1016; x_wconf 81' lang='lat' dir='ltr'><strong>gaudentes</strong></span> <span class='ocrx_word' id='word_1_45' title='bbox 1247 969 1260 1006; x_wconf 89' lang='lat'><strong>:</strong></span> <span class='ocrx_word' id='word_1_46' title='bbox 1290 958 1511 1024; x_wconf 61' lang='lat' dir='ltr'><strong>priests,</strong></span> <span class='ocrx_word' id='word_1_47' title='bbox 1545 971 1891 1026; x_wconf 65' lang='lat' dir='ltr'><strong>quaesumus,</strong></span> <span class='ocrx_word' id='word_1_48' title='bbox 1924 962 1985 1011; x_wconf 87' lang='lat' dir='ltr'><strong>ut</strong></span> <span class='ocrx_word' id='word_1_49' title='bbox 2036 961 2092 1013; x_wconf 88' lang='lat' dir='ltr'><strong>et</strong></span> 
     </span>
    </p>
   </div>
   <div class='ocr_carea' id='block_1_10' title="bbox 457 1037 2092 1123">
    <p class='ocr_par' dir='ltr' id='par_1_10' title="bbox 457 1037 2092 1123">
     <span class='ocr_line' id='line_1_10' title="bbox 457 1037 2092 1123; baseline 0.012 -34"><span class='ocrx_word' id='word_1_50' title='bbox 457 1037 857 1094; x_wconf 86' lang='lat' dir='ltr'><strong>convenienter</strong></span> <span class='ocrx_word' id='word_1_51' title='bbox 877 1040 1001 1096; x_wconf 67' lang='lat' dir='ltr'><strong>hanc</strong></span> <span class='ocrx_word' id='word_1_52' title='bbox 1029 1059 1219 1115; x_wconf 86' lang='lat' dir='ltr'><strong>agere,</strong></span> <span class='ocrx_word' id='word_1_53' title='bbox 1249 1051 1305 1103; x_wconf 92' lang='lat' dir='ltr'><strong>et</strong></span> <span class='ocrx_word' id='word_1_54' title='bbox 1333 1048 1651 1106; x_wconf 82' lang='lat' dir='ltr'><strong>remedium</strong></span> <span class='ocrx_word' id='word_1_55' title='bbox 1681 1051 2092 1123; x_wconf 87' lang='lat' dir='ltr'><strong>sempiternum</strong></span> 
     </span>
    </p>
   </div>
   <div class='ocr_carea' id='block_1_11' title="bbox 458 1130 1090 1208">
    <p class='ocr_par' dir='ltr' id='par_1_11' title="bbox 458 1130 1090 1208">
     <span class='ocr_line' id='line_1_11' title="bbox 458 1130 1090 1208; baseline 0.016 -25"><span class='ocrx_word' id='word_1_56' title='bbox 458 1130 740 1187; x_wconf 81' lang='lat' dir='ltr'><strong>valeamus</strong></span> <span class='ocrx_word' id='word_1_57' title='bbox 767 1133 1090 1208; x_wconf 74' lang='lat' dir='ltr'><strong>adquirere.</strong></span> 
     </span>
    </p>
   </div>
   <div class='ocr_carea' id='block_1_12' title="bbox 1118 1210 1429 1275">
    <p class='ocr_par' dir='ltr' id='par_1_12' title="bbox 1118 1210 1429 1275">
     <span class='ocr_line' id='line_1_12' title="bbox 1118 1210 1429 1275; baseline 0.013 -15"><span class='ocrx_word' id='word_1_58' title='bbox 1118 1210 1197 1261; x_wconf 84' lang='lat' dir='ltr'><strong>Ad</strong></span> <span class='ocrx_word' id='word_1_59' title='bbox 1226 1225 1429 1275; x_wconf 87' lang='lat' dir='ltr'><strong>pacem.</strong></span> 
     </span>
    </p>
   </div>
   <div class='ocr_carea' id='block_1_13' title="bbox 525 1277 2092 1364">
    <p class='ocr_par' dir='ltr' id='par_1_13' title="bbox 525 1277 2092 1364">
     <span class='ocr_line' id='line_1_13' title="bbox 525 1277 2092 1364; baseline 0.011 -33"><span class='ocrx_word' id='word_1_60' title='bbox 525 1277 740 1335; x_wconf 83' lang='lat' dir='ltr'><strong>Altario</strong></span> <span class='ocrx_word' id='word_1_61' title='bbox 789 1285 906 1352; x_wconf 93' lang='lat' dir='ltr'><strong>tuo,</strong></span> <span class='ocrx_word' id='word_1_62' title='bbox 949 1284 1204 1356; x_wconf 90' lang='lat' dir='ltr'><strong>Domine,</strong></span> <span class='ocrx_word' id='word_1_63' title='bbox 1247 1289 1534 1361; x_wconf 87' lang='lat' dir='ltr'><strong>proposita</strong></span> <span class='ocrx_word' id='word_1_64' title='bbox 1567 1308 1804 1347; x_wconf 91' lang='lat' dir='ltr'><strong>munera</strong></span> <span class='ocrx_word' id='word_1_65' title='bbox 1855 1292 2092 1364; x_wconf 86' lang='lat' dir='ltr'><strong>Spiritus</strong></span> 
     </span>
    </p>
   </div>
   <div class='ocr_carea' id='block_1_14' title="bbox 453 1375 2092 1455">
    <p class='ocr_par' dir='ltr' id='par_1_14' title="bbox 453 1375 2092 1455">
     <span class='ocr_line' id='line_1_14' title="bbox 453 1375 2092 1455; baseline 0.01 -32"><span class='ocrx_word' id='word_1_66' title='bbox 453 1376 674 1428; x_wconf 86' lang='lat' dir='ltr'><strong>sanctus</strong></span> <span class='ocrx_word' id='word_1_67' title='bbox 701 1375 983 1448; x_wconf 85' lang='lat' dir='ltr'><strong>benignus</strong></span> <span class='ocrx_word' id='word_1_68' title='bbox 1008 1381 1286 1451; x_wconf 84' lang='lat' dir='ltr'><strong>adsumat,</strong></span> <span class='ocrx_word' id='word_1_69' title='bbox 1317 1384 1416 1455; x_wconf 90' lang='lat' dir='ltr'><strong>qui</strong></span> <span class='ocrx_word' id='word_1_70' title='bbox 1441 1384 1622 1440; x_wconf 66' lang='lat' dir='ltr'><strong>beatae</strong></span> <span class='ocrx_word' id='word_1_71' title='bbox 1653 1385 1839 1441; x_wconf 81' lang='lat' dir='ltr'><strong>Mariae</strong></span> <span class='ocrx_word' id='word_1_72' title='bbox 1880 1386 2092 1442; x_wconf 84' lang='lat' dir='ltr'><strong>viscera</strong></span> 
     </span>
    </p>
   </div>
   <div class='ocr_carea' id='block_1_15' title="bbox 456 1466 1439 1548">
    <p class='ocr_par' dir='ltr' id='par_1_15' title="bbox 456 1466 1439 1548">
     <span class='ocr_line' id='line_1_15' title="bbox 456 1466 1439 1548; baseline 0.013 -29"><span class='ocrx_word' id='word_1_73' title='bbox 456 1466 768 1539; x_wconf 90' lang='lat' dir='ltr'><strong>splendoris</strong></span> <span class='ocrx_word' id='word_1_74' title='bbox 793 1471 880 1526; x_wconf 90' lang='lat' dir='ltr'><strong>sui</strong></span> <span class='ocrx_word' id='word_1_75' title='bbox 910 1473 1143 1530; x_wconf 79' lang='lat' dir='ltr'><strong>veritate</strong></span> <span class='ocrx_word' id='word_1_76' title='bbox 1183 1477 1439 1548; x_wconf 87' lang='lat' dir='ltr'><strong>replevit.</strong></span> 
     </span>
    </p>
   </div>
   <div class='ocr_carea' id='block_1_16' title="bbox 1109 1570 1441 1621">
    <p class='ocr_par' dir='ltr' id='par_1_16' title="bbox 1109 1570 1441 1621">
     <span class='ocr_line' id='line_1_16' title="bbox 1109 1570 1441 1621; baseline 0.009 -3"><span class='ocrx_word' id='word_1_77' title='bbox 1109 1570 1441 1621; x_wconf 88' lang='lat' dir='ltr'><strong>Contestatio.</strong></span> 
     </span>
    </p>
   </div>
   <div class='ocr_carea' id='block_1_17' title="bbox 529 1643 2091 1726">
    <p class='ocr_par' dir='ltr' id='par_1_17' title="bbox 529 1643 2091 1726">
     <span class='ocr_line' id='line_1_17' title="bbox 529 1643 2091 1726; baseline 0.008 -30"><span class='ocrx_word' id='word_1_78' title='bbox 529 1643 666 1699; x_wconf 86' lang='lat' dir='ltr'><strong>Vere</strong></span> <span class='ocrx_word' id='word_1_79' title='bbox 689 1645 926 1717; x_wconf 86' lang='lat' dir='ltr'><strong>dignum</strong></span> <span class='ocrx_word' id='word_1_80' title='bbox 953 1655 1008 1704; x_wconf 89' lang='lat' dir='ltr'><strong>et</strong></span> <span class='ocrx_word' id='word_1_81' title='bbox 1025 1650 1247 1719; x_wconf 87' lang='lat' dir='ltr'><strong>justum</strong></span> <span class='ocrx_word' id='word_1_82' title='bbox 1277 1658 1379 1721; x_wconf 90' lang='lat' dir='ltr'><strong>est,</strong></span> <span class='ocrx_word' id='word_1_83' title='bbox 1410 1653 1768 1726; x_wconf 91' lang='lat' dir='ltr'><strong>omnipotens</strong></span> <span class='ocrx_word' id='word_1_84' title='bbox 1788 1657 1953 1710; x_wconf 91' lang='lat' dir='ltr'><strong>Deus.</strong></span> <span class='ocrx_word' id='word_1_85' title='bbox 1984 1656 2091 1720; x_wconf 88' lang='lat' dir='ltr'><strong>Qui</strong></span> 
     </span>
    </p>
   </div>
   <div class='ocr_carea' id='block_1_18' title="bbox 456 1736 2090 1812">
    <p class='ocr_par' dir='ltr' id='par_1_18' title="bbox 456 1736 2090 1812">
     <span class='ocr_line' id='line_1_18' title="bbox 456 1736 2090 1812; baseline 0.009 -24"><span class='ocrx_word' id='word_1_86' title='bbox 456 1751 557 1789; x_wconf 91' lang='lat' dir='ltr'><strong>nos</strong></span> <span class='ocrx_word' id='word_1_87' title='bbox 577 1736 832 1794; x_wconf 89' lang='lat' dir='ltr'><strong>mirabile</strong></span> <span class='ocrx_word' id='word_1_88' title='bbox 853 1744 1186 1812; x_wconf 74' lang='lat' dir='ltr'><strong>mysterium</strong></span> <span class='ocrx_word' id='word_1_89' title='bbox 1205 1751 1259 1800; x_wconf 90' lang='lat' dir='ltr'><strong>et</strong></span> <span class='ocrx_word' id='word_1_90' title='bbox 1277 1747 1658 1803; x_wconf 87' lang='lat' dir='ltr'><strong>inenarrabile</strong></span> <span class='ocrx_word' id='word_1_91' title='bbox 1676 1754 2090 1804; x_wconf 87' lang='lat' dir='ltr'><strong>sacramentum</strong></span> 
     </span>
    </p>
   </div>
   <div class='ocr_carea' id='block_1_19' title="bbox 2194 573 3835 634">
    <p class='ocr_par' dir='ltr' id='par_1_19' title="bbox 2194 573 3835 634">
     <span class='ocr_line' id='line_1_19' title="bbox 2194 573 3835 634; baseline 0.004 -6"><span class='ocrx_word' id='word_1_92' title='bbox 2194 573 2414 629; x_wconf 91' lang='lat' dir='ltr'><strong>Domini</strong></span> <span class='ocrx_word' id='word_1_93' title='bbox 2433 575 2699 632; x_wconf 87' lang='lat' dir='ltr'><strong>audiebat</strong></span> <span class='ocrx_word' id='word_1_94' title='bbox 2720 577 2954 633; x_wconf 88' lang='lat' dir='ltr'><strong>verbum</strong></span> <span class='ocrx_word' id='word_1_95' title='bbox 2991 578 3165 634; x_wconf 91' lang='lat' dir='ltr'><strong>illius.</strong></span> <span class='ocrx_word' id='word_1_96' title='bbox 3197 578 3412 634; x_wconf 83' lang='lat' dir='ltr'><strong>Martha</strong></span> <span class='ocrx_word' id='word_1_97' title='bbox 3450 583 3648 634; x_wconf 88' lang='lat' dir='ltr'><strong>autem</strong></span> <span class='ocrx_word' id='word_1_98' title='bbox 3683 582 3835 634; x_wconf 83' lang='lat' dir='ltr'><strong>sata-</strong></span> 
     </span>
    </p>
   </div>
   <div class='ocr_carea' id='block_1_20' title="bbox 2195 668 3835 743">
    <p class='ocr_par' dir='ltr' id='par_1_20' title="bbox 2195 668 3835 743">
     <span class='ocr_line' id='line_1_20' title="bbox 2195 668 3835 743; baseline 0.004 -22"><span class='ocrx_word' id='word_1_99' title='bbox 2195 668 2360 739; x_wconf 77' lang='lat' dir='ltr'><strong>gebat</strong></span> <span class='ocrx_word' id='word_1_100' title='bbox 2387 669 2534 726; x_wconf 90' lang='lat' dir='ltr'><strong>circa</strong></span> <span class='ocrx_word' id='word_1_101' title='bbox 2561 671 2830 743; x_wconf 87' lang='lat' dir='ltr'><strong>frequens</strong></span> <span class='ocrx_word' id='word_1_102' title='bbox 2857 672 3257 730; x_wconf 88' lang='lat' dir='ltr'><strong>ministerium.</strong></span> <span class='ocrx_word' id='word_1_103' title='bbox 3286 674 3421 737; x_wconf 53' lang='lat' dir='ltr'><strong>Quae</strong></span> <span class='ocrx_word' id='word_1_104' title='bbox 3446 673 3602 729; x_wconf 88' lang='lat' dir='ltr'><strong>stetit</strong></span> <span class='ocrx_word' id='word_1_105' title='bbox 3630 679 3689 728; x_wconf 88' lang='lat' dir='ltr'><strong>et</strong></span> <span class='ocrx_word' id='word_1_106' title='bbox 3715 674 3835 728; x_wconf 89' lang='lat' dir='ltr'><strong>ait:</strong></span> 
     </span>
    </p>
   </div>
   <div class='ocr_carea' id='block_1_21' title="bbox 2194 762 3842 839">
    <p class='ocr_par' dir='ltr' id='par_1_21' title="bbox 2194 762 3842 839">
     <span class='ocr_line' id='line_1_21' title="bbox 2194 762 3842 839; baseline 0.004 -23"><span class='ocrx_word' id='word_1_107' title='bbox 2194 762 2451 833; x_wconf 88' lang='lat' dir='ltr'><strong>Domine,</strong></span> <span class='ocrx_word' id='word_1_108' title='bbox 2479 780 2595 819; x_wconf 92' lang='lat' dir='ltr'><strong>non</strong></span> <span class='ocrx_word' id='word_1_109' title='bbox 2623 771 2707 820; x_wconf 88' lang='lat' dir='ltr'><strong>est</strong></span> <span class='ocrx_word' id='word_1_110' title='bbox 2731 765 2834 820; x_wconf 88' lang='lat' dir='ltr'><strong>tibi</strong></span> <span class='ocrx_word' id='word_1_111' title='bbox 2861 783 3011 822; x_wconf 83' lang='lat' dir='ltr'><strong>curae</strong></span> <span class='ocrx_word' id='word_1_112' title='bbox 3049 768 3202 839; x_wconf 89' lang='lat' dir='ltr'><strong>quod</strong></span> <span class='ocrx_word' id='word_1_113' title='bbox 3239 783 3399 822; x_wconf 90' lang='lat' dir='ltr'><strong>soror</strong></span> <span class='ocrx_word' id='word_1_114' title='bbox 3434 783 3562 823; x_wconf 88' lang='lat' dir='ltr'><strong>mea</strong></span> <span class='ocrx_word' id='word_1_115' title='bbox 3603 767 3842 839; x_wconf 86' lang='lat' dir='ltr'><strong>reliquit</strong></span> 
     </span>
    </p>
   </div>
   <div class='ocr_carea' id='block_1_22' title="bbox 2194 857 3838 933">
    <p class='ocr_par' dir='ltr' id='par_1_22' title="bbox 2194 857 3838 933">
     <span class='ocr_line' id='line_1_22' title="bbox 2194 857 3838 933; baseline 0.003 -21"><span class='ocrx_word' id='word_1_116' title='bbox 2194 872 2285 912; x_wconf 91' lang='lat' dir='ltr'><strong>me</strong></span> <span class='ocrx_word' id='word_1_117' title='bbox 2311 857 2486 912; x_wconf 90' lang='lat' dir='ltr'><strong>solam</strong></span> <span class='ocrx_word' id='word_1_118' title='bbox 2514 858 2835 916; x_wconf 88' lang='lat' dir='ltr'><strong>ministrare</strong></span> <span class='ocrx_word' id='word_1_119' title='bbox 2854 861 2881 915; x_wconf 89' lang='lat'><strong>?</strong></span> <span class='ocrx_word' id='word_1_120' title='bbox 2909 861 3003 916; x_wconf 92' lang='lat' dir='ltr'><strong>Dic</strong></span> <span class='ocrx_word' id='word_1_121' title='bbox 3030 878 3166 933; x_wconf 90' lang='lat' dir='ltr'><strong>ergo</strong></span> <span class='ocrx_word' id='word_1_122' title='bbox 3204 862 3284 916; x_wconf 89' lang='lat' dir='ltr'><strong>illi</strong></span> <span class='ocrx_word' id='word_1_123' title='bbox 3333 866 3398 916; x_wconf 88' lang='lat' dir='ltr'><strong>ut</strong></span> <span class='ocrx_word' id='word_1_124' title='bbox 3443 877 3534 916; x_wconf 92' lang='lat' dir='ltr'><strong>me</strong></span> <span class='ocrx_word' id='word_1_125' title='bbox 3579 861 3838 932; x_wconf 85' lang='lat' dir='ltr'><strong>adjuvet.</strong></span> 
     </span>
    </p>
   </div>
   <div class='ocr_carea' id='block_1_23' title="bbox 2194 952 3840 1025">
    <p class='ocr_par' dir='ltr' id='par_1_23' title="bbox 2194 952 3840 1025">
     <span class='ocr_line' id='line_1_23' title="bbox 2194 952 3840 1025; baseline 0.002 -19"><span class='ocrx_word' id='word_1_126' title='bbox 2194 952 2260 1006; x_wconf 87' lang='lat' dir='ltr'><strong>Et</strong></span> <span class='ocrx_word' id='word_1_127' title='bbox 2287 953 2636 1023; x_wconf 88' lang='lat' dir='ltr'><strong>respondens</strong></span> <span class='ocrx_word' id='word_1_128' title='bbox 2673 953 2818 1008; x_wconf 89' lang='lat' dir='ltr'><strong>dixit</strong></span> <span class='ocrx_word' id='word_1_129' title='bbox 2850 954 2931 1009; x_wconf 86' lang='lat' dir='ltr'><strong>illi</strong></span> <span class='ocrx_word' id='word_1_130' title='bbox 2955 956 3112 1010; x_wconf 87' lang='lat' dir='ltr'><strong>Jesus</strong></span> <span class='ocrx_word' id='word_1_131' title='bbox 3146 972 3159 1010; x_wconf 90' lang='lat'>:</span> <span class='ocrx_word' id='word_1_132' title='bbox 3187 957 3422 1025; x_wconf 83' lang='lat' dir='ltr'><strong>Martha,</strong></span> <span class='ocrx_word' id='word_1_133' title='bbox 3449 957 3688 1017; x_wconf 83' lang='lat' dir='ltr'><strong>Martha,</strong></span> <span class='ocrx_word' id='word_1_134' title='bbox 3722 955 3840 1010; x_wconf 92' lang='lat' dir='ltr'><strong>sol-</strong></span> 
     </span>
    </p>
   </div>
   <div class='ocr_carea' id='block_1_24' title="bbox 2193 1044 3845 1121">
    <p class='ocr_par' dir='ltr' id='par_1_24' title="bbox 2193 1044 3845 1121">
     <span class='ocr_line' id='line_1_24' title="bbox 2193 1044 3845 1121; baseline 0.002 -20"><span class='ocrx_word' id='word_1_135' title='bbox 2193 1044 2342 1101; x_wconf 85' lang='lat' dir='ltr'><strong>licita</strong></span> <span class='ocrx_word' id='word_1_136' title='bbox 2370 1061 2428 1101; x_wconf 87' lang='lat' dir='ltr'><strong>es</strong></span> <span class='ocrx_word' id='word_1_137' title='bbox 2457 1050 2513 1102; x_wconf 88' lang='lat' dir='ltr'><strong>et</strong></span> <span class='ocrx_word' id='word_1_138' title='bbox 2547 1047 2791 1103; x_wconf 89' lang='lat' dir='ltr'><strong>turbaris</strong></span> <span class='ocrx_word' id='word_1_139' title='bbox 2827 1048 2973 1103; x_wconf 89' lang='lat' dir='ltr'><strong>circa</strong></span> <span class='ocrx_word' id='word_1_140' title='bbox 3011 1049 3281 1121; x_wconf 91' lang='lat' dir='ltr'><strong>plurima.</strong></span> <span class='ocrx_word' id='word_1_141' title='bbox 3311 1052 3485 1105; x_wconf 89' lang='lat' dir='ltr'><strong>Porro</strong></span> <span class='ocrx_word' id='word_1_142' title='bbox 3521 1066 3709 1105; x_wconf 91' lang='lat' dir='ltr'><strong>unum</strong></span> <span class='ocrx_word' id='word_1_143' title='bbox 3751 1054 3845 1105; x_wconf 88' lang='lat' dir='ltr'><strong>est</strong></span> 
     </span>
    </p>
   </div>
   <div class='ocr_carea' id='block_1_25' title="bbox 2193 1140 3844 1218">
    <p class='ocr_par' dir='ltr' id='par_1_25' title="bbox 2193 1140 3844 1218">
     <span class='ocr_line' id='line_1_25' title="bbox 2193 1140 3844 1218; baseline 0.003 -24"><span class='ocrx_word' id='word_1_144' title='bbox 2193 1140 2592 1196; x_wconf 84' lang='lat' dir='ltr'><strong>necessarium.</strong></span> <span class='ocrx_word' id='word_1_145' title='bbox 2617 1141 2786 1198; x_wconf 80' lang='lat' dir='ltr'><strong>Maria</strong></span> <span class='ocrx_word' id='word_1_146' title='bbox 2809 1143 3082 1214; x_wconf 88' lang='lat' dir='ltr'><strong>optimam</strong></span> <span class='ocrx_word' id='word_1_147' title='bbox 3101 1149 3322 1215; x_wconf 87' lang='lat' dir='ltr'><strong>partem</strong></span> <span class='ocrx_word' id='word_1_148' title='bbox 3339 1144 3534 1216; x_wconf 84' lang='lat' dir='ltr'><strong>elegit,</strong></span> <span class='ocrx_word' id='word_1_149' title='bbox 3563 1160 3694 1218; x_wconf 69' lang='lat' dir='ltr'><strong>qua:</strong></span> <span class='ocrx_word' id='word_1_150' title='bbox 3720 1160 3844 1199; x_wconf 88' lang='lat' dir='ltr'><strong>non</strong></span> 
     </span>
    </p>
   </div>
   <div class='ocr_carea' id='block_1_26' title="bbox 2192 1234 2680 1292">
    <p class='ocr_par' dir='ltr' id='par_1_26' title="bbox 2192 1234 2680 1292">
     <span class='ocr_line' id='line_1_26' title="bbox 2192 1234 2680 1292; baseline 0.008 -4"><span class='ocrx_word' id='word_1_151' title='bbox 2192 1234 2480 1290; x_wconf 88' lang='lat' dir='ltr'><strong>auferetur</strong></span> <span class='ocrx_word' id='word_1_152' title='bbox 2507 1236 2576 1291; x_wconf 93' lang='lat' dir='ltr'><strong>ab</strong></span> <span class='ocrx_word' id='word_1_153' title='bbox 2596 1252 2680 1292; x_wconf 91' lang='lat' dir='ltr'><strong>ea.</strong></span> 
     </span>
    </p>
   </div>
   <div class='ocr_carea' id='block_1_27' title="bbox 2801 1325 3217 1366">
    <p class='ocr_par' dir='ltr' id='par_1_27' title="bbox 2801 1325 3217 1366">
     <span class='ocr_line' id='line_1_27' title="bbox 2801 1325 3217 1366; baseline 0.002 -3"><span class='ocrx_word' id='word_1_154' title='bbox 2801 1325 3000 1365; x_wconf 70' lang='lat' dir='ltr'><strong>INCIPIT</strong></span> <span class='ocrx_word' id='word_1_155' title='bbox 3038 1325 3217 1366; x_wconf 72' lang='lat' dir='ltr'><strong>MISSA.</strong></span> 
     </span>
    </p>
   </div>
   <div class='ocr_carea' id='block_1_28' title="bbox 2265 1394 3841 1471">
    <p class='ocr_par' dir='ltr' id='par_1_28' title="bbox 2265 1394 3841 1471">
     <span class='ocr_line' id='line_1_28' title="bbox 2265 1394 3841 1471; baseline 0.002 -19"><span class='ocrx_word' id='word_1_156' title='bbox 2265 1394 2292 1434; x_wconf 73' lang='grc' dir='ltr'>δ</span> <span class='ocrx_word' id='word_1_157' title='bbox 2313 1398 2609 1452; x_wconf 86' lang='lat' dir='ltr'><strong>Generosae</strong></span> <span class='ocrx_word' id='word_1_158' title='bbox 2635 1397 2745 1453; x_wconf 90' lang='lat' dir='ltr'><strong>diei</strong></span> <span class='ocrx_word' id='word_1_159' title='bbox 2769 1398 3065 1453; x_wconf 66' lang='lat' dir='ltr'><strong>dominicas</strong></span> <span class='ocrx_word' id='word_1_160' title='bbox 3107 1397 3401 1455; x_wconf 90' lang='lat' dir='ltr'><strong>Genitricis</strong></span> <span class='ocrx_word' id='word_1_161' title='bbox 3435 1400 3841 1471; x_wconf 86' lang='lat' dir='ltr'><strong>inexplicabile</strong></span> 
     </span>
    </p>
   </div>
   <div class='ocr_carea' id='block_1_29' title="bbox 2192 1492 3840 1564">
    <p class='ocr_par' dir='ltr' id='par_1_29' title="bbox 2192 1492 3840 1564">
     <span class='ocr_line' id='line_1_29' title="bbox 2192 1492 3840 1564; baseline 0.001 -17"><span class='ocrx_word' id='word_1_162' title='bbox 2192 1495 2626 1562; x_wconf 88' lang='lat' dir='ltr'><strong>sacramentum,</strong></span> <span class='ocrx_word' id='word_1_163' title='bbox 2667 1497 2822 1547; x_wconf 90' lang='lat' dir='ltr'><strong>tanto</strong></span> <span class='ocrx_word' id='word_1_164' title='bbox 2866 1492 3047 1562; x_wconf 84' lang='lat' dir='ltr'><strong>magis</strong></span> <span class='ocrx_word' id='word_1_165' title='bbox 3084 1493 3460 1564; x_wconf 77' lang='lat' dir='ltr'><strong>praeconabile</strong></span> <span class='ocrx_word' id='word_1_166' title='bbox 3505 1509 3840 1550; x_wconf 86' lang='lat' dir='ltr'><strong>sacramen-</strong></span> 
     </span>
    </p>
   </div>
   <div class='ocr_carea' id='block_1_30' title="bbox 2190 1585 3840 1659">
    <p class='ocr_par' dir='ltr' id='par_1_30' title="bbox 2190 1585 3840 1659">
     <span class='ocr_line' id='line_1_30' title="bbox 2190 1585 3840 1659; baseline 0.001 -19"><span class='ocrx_word' id='word_1_167' title='bbox 2190 1590 2334 1655; x_wconf 89' lang='lat' dir='ltr'><strong>tum,</strong></span> <span class='ocrx_word' id='word_1_168' title='bbox 2365 1589 2646 1657; x_wconf 88' lang='lat' dir='ltr'><strong>quantum</strong></span> <span class='ocrx_word' id='word_1_169' title='bbox 2670 1585 2819 1641; x_wconf 91' lang='lat' dir='ltr'><strong>inter</strong></span> <span class='ocrx_word' id='word_1_170' title='bbox 2855 1586 3116 1642; x_wconf 90' lang='lat' dir='ltr'><strong>homines</strong></span> <span class='ocrx_word' id='word_1_171' title='bbox 3157 1587 3555 1658; x_wconf 88' lang='lat' dir='ltr'><strong>adsumptione</strong></span> <span class='ocrx_word' id='word_1_172' title='bbox 3584 1588 3840 1659; x_wconf 79' lang='lat' dir='ltr'><strong>Virginis</strong></span> 
     </span>
    </p>
   </div>
   <div class='ocr_carea' id='block_1_31' title="bbox 2192 1680 3840 1752">
    <p class='ocr_par' dir='ltr' id='par_1_31' title="bbox 2192 1680 3840 1752">
     <span class='ocr_line' id='line_1_31' title="bbox 2192 1680 3840 1752; baseline 0.001 -18"><span class='ocrx_word' id='word_1_173' title='bbox 2192 1680 2496 1752; x_wconf 79' lang='lat' dir='ltr'><strong>singulare,</strong></span> <span class='ocrx_word' id='word_1_174' title='bbox 2519 1680 2668 1752; x_wconf 90' lang='lat' dir='ltr'><strong>apud</strong></span> <span class='ocrx_word' id='word_1_175' title='bbox 2687 1697 2858 1752; x_wconf 89' lang='lat' dir='ltr'><strong>quam</strong></span> <span class='ocrx_word' id='word_1_176' title='bbox 2884 1681 3015 1736; x_wconf 78' lang='lat' dir='ltr'><strong>vitm</strong></span> <span class='ocrx_word' id='word_1_177' title='bbox 3042 1680 3337 1752; x_wconf 83' lang='lat' dir='ltr'><strong>integritas</strong></span> <span class='ocrx_word' id='word_1_178' title='bbox 3362 1681 3615 1737; x_wconf 89' lang='lat' dir='ltr'><strong>obtinuit</strong></span> <span class='ocrx_word' id='word_1_179' title='bbox 3627 1680 3840 1749; x_wconf 89' lang='lat' dir='ltr'><strong>ﬁlium,</strong></span> 
     </span>
    </p>
   </div>
   <div class='ocr_carea' id='block_1_32' title="bbox 2191 1774 3839 1846">
    <p class='ocr_par' dir='ltr' id='par_1_32' title="bbox 2191 1774 3839 1846">
     <span class='ocr_line' id='line_1_32' title="bbox 2191 1774 3839 1846; baseline 0 -16"><span class='ocrx_word' id='word_1_180' title='bbox 2191 1779 2249 1830; x_wconf 90' lang='lat' dir='ltr'><strong>et</strong></span> <span class='ocrx_word' id='word_1_181' title='bbox 2275 1791 2429 1829; x_wconf 89' lang='lat' dir='ltr'><strong>mors</strong></span> <span class='ocrx_word' id='word_1_182' title='bbox 2451 1791 2568 1829; x_wconf 92' lang='lat' dir='ltr'><strong>non</strong></span> <span class='ocrx_word' id='word_1_183' title='bbox 2598 1774 2812 1830; x_wconf 90' lang='lat' dir='ltr'><strong>invenit</strong></span> <span class='ocrx_word' id='word_1_184' title='bbox 2857 1791 2960 1845; x_wconf 92' lang='lat' dir='ltr'><strong>par</strong></span> <span class='ocrx_word' id='word_1_185' title='bbox 2993 1775 3353 1846; x_wconf 86' lang='lat' dir='ltr'><strong>exemplum;</strong></span> <span class='ocrx_word' id='word_1_186' title='bbox 3382 1792 3486 1831; x_wconf 91' lang='lat' dir='ltr'><strong>nec</strong></span> <span class='ocrx_word' id='word_1_187' title='bbox 3516 1776 3714 1830; x_wconf 86' lang='lat' dir='ltr'><strong>minus</strong></span> <span class='ocrx_word' id='word_1_188' title='bbox 3741 1777 3839 1830; x_wconf 92' lang='lat' dir='ltr'><strong>in-</strong></span> 
     </span>
    </p>
   </div>
   <div class='ocr_carea' id='block_1_33' title="bbox 456 1835 3839 1944">
    <p class='ocr_par' dir='ltr' id='par_1_33' title="bbox 456 1835 3839 1944">
     <span class='ocr_line' id='line_1_33' title="bbox 456 1835 3839 1944; baseline 0.002 -24"><span class='ocrx_word' id='word_1_189' title='bbox 456 1846 557 1900; x_wconf 66' lang='lat' dir='ltr'><strong>per</strong></span> <span class='ocrx_word' id='word_1_190' title='bbox 595 1835 1276 1944; x_wconf 32' lang='lat' dir='ltr'><strong>folefall’ﬂemﬁiariam‘</strong></span> <span class='ocrx_word' id='word_1_191' title='bbox 1305 1858 1526 1944; x_wconf 50' lang='grc' dir='ltr'><strong>δθῗνίπθ</strong></span> <span class='ocrx_word' id='word_1_192' title='bbox 1578 1843 1835 1944; x_wconf 47' lang='lat' dir='ltr'><strong>mimis“:</strong></span> <span class='ocrx_word' id='word_1_193' title='bbox 1877 1843 1935 1898; x_wconf 70' lang='lat' dir='ltr'><strong>in</strong></span> <span class='ocrx_word' id='word_1_194' title='bbox 1977 1860 2092 1915; x_wconf 67' lang='lat' dir='ltr'><strong>qua</strong></span> <span class='ocrx_word' id='word_1_195' title='bbox 2112 1873 2168 1944; x_wconf 86' lang='lat' dir='ltr'><strong>B</strong></span> <span class='ocrx_word' id='word_1_196' title='bbox 2195 1885 2396 1940; x_wconf 87' lang='lat' dir='ltr'><strong>gerens</strong></span> <span class='ocrx_word' id='word_1_197' title='bbox 2424 1873 2714 1940; x_wconf 89' lang='lat' dir='ltr'><strong>stuporem</strong></span> <span class='ocrx_word' id='word_1_198' title='bbox 2743 1869 2812 1923; x_wconf 89' lang='lat' dir='ltr'><strong>de</strong></span> <span class='ocrx_word' id='word_1_199' title='bbox 2836 1868 3098 1938; x_wconf 87' lang='lat' dir='ltr'><strong>transitu,</strong></span> <span class='ocrx_word' id='word_1_200' title='bbox 3127 1886 3299 1941; x_wconf 86' lang='lat' dir='ltr'><strong>quam</strong></span> <span class='ocrx_word' id='word_1_201' title='bbox 3320 1869 3734 1926; x_wconf 77' lang='lat' dir='ltr'><strong>exultationem</strong></span> <span class='ocrx_word' id='word_1_202' title='bbox 3756 1870 3839 1926; x_wconf 87' lang='lat' dir='ltr'><strong>fe-</strong></span> 
     </span>
    </p>
   </div>
   <div class='ocr_carea' id='block_1_34' title="bbox 457 1927 2091 2008">
    <p class='ocr_par' dir='ltr' id='par_1_34' title="bbox 457 1927 2091 2008">
     <span class='ocr_line' id='line_1_34' title="bbox 457 1927 2091 2008; baseline 0.009 -31"><span class='ocrx_word' id='word_1_203' title='bbox 457 1932 645 1980; x_wconf 90' lang='lat' dir='ltr'><strong>manet</strong></span> <span class='ocrx_word' id='word_1_204' title='bbox 669 1927 874 1983; x_wconf 88' lang='lat' dir='ltr'><strong>intacta</strong></span> <span class='ocrx_word' id='word_1_205' title='bbox 894 1932 1134 2003; x_wconf 86' lang='lat' dir='ltr'><strong>castitas,</strong></span> <span class='ocrx_word' id='word_1_206' title='bbox 1165 1934 1349 2004; x_wconf 92' lang='lat' dir='ltr'><strong>pudor</strong></span> <span class='ocrx_word' id='word_1_207' title='bbox 1367 1935 1610 2008; x_wconf 86' lang='lat' dir='ltr'><strong>integer,</strong></span> <span class='ocrx_word' id='word_1_208' title='bbox 1627 1937 1788 1991; x_wconf 84' lang='lat' dir='ltr'><strong>firma</strong></span> <span class='ocrx_word' id='word_1_209' title='bbox 1809 1938 2091 1992; x_wconf 88' lang='lat' dir='ltr'><strong>conscien-</strong></span> 
     </span>
    </p>
   </div>
   <div class='ocr_carea' id='block_1_35' title="bbox 458 2017 2086 2086">
    <p class='ocr_par' dir='ltr' id='par_1_35' title="bbox 458 2017 2086 2086">
     <span class='ocr_line' id='line_1_35' title="bbox 458 2017 2086 2086; baseline 0.01 -15"><span class='ocrx_word' id='word_1_210' title='bbox 458 2017 551 2072; x_wconf 93' lang='lat' dir='ltr'><strong>tia.</strong></span> <span class='ocrx_word' id='word_1_211' title='bbox 581 2021 720 2075; x_wconf 74' lang='lat' dir='ltr'><strong>Nam</strong></span> <span class='ocrx_word' id='word_1_212' title='bbox 750 2022 808 2076; x_wconf 93' lang='lat' dir='ltr'><strong>in</strong></span> <span class='ocrx_word' id='word_1_213' title='bbox 836 2025 942 2078; x_wconf 92' lang='lat' dir='ltr'><strong>hoc</strong></span> <span class='ocrx_word' id='word_1_214' title='bbox 973 2030 1213 2082; x_wconf 89' lang='lat' dir='ltr'><strong>matrem</strong></span> <span class='ocrx_word' id='word_1_215' title='bbox 1242 2028 1467 2084; x_wconf 90' lang='lat' dir='ltr'><strong>Domini</strong></span> <span class='ocrx_word' id='word_1_216' title='bbox 1494 2030 1579 2084; x_wconf 92' lang='lat' dir='ltr'><strong>sui</strong></span> <span class='ocrx_word' id='word_1_217' title='bbox 1606 2031 1736 2085; x_wconf 87' lang='lat' dir='ltr'><strong>Jesu</strong></span> <span class='ocrx_word' id='word_1_218' title='bbox 1762 2049 1819 2086; x_wconf 90' lang='lat' dir='ltr'><strong>se</strong></span> <span class='ocrx_word' id='word_1_219' title='bbox 1848 2047 1966 2086; x_wconf 88' lang='lat' dir='ltr'><strong>esse</strong></span> <span class='ocrx_word' id='word_1_220' title='bbox 1993 2049 2086 2086; x_wconf 88' lang='lat' dir='ltr'><strong>co-</strong></span> 
     </span>
    </p>
   </div>
   <div class='ocr_carea' id='block_1_36' title="bbox 457 2113 2086 2196">
    <p class='ocr_par' dir='ltr' id='par_1_36' title="bbox 457 2113 2086 2196">
     <span class='ocr_line' id='line_1_36' title="bbox 457 2113 2086 2196; baseline 0.007 -30"><span class='ocrx_word' id='word_1_221' title='bbox 457 2113 666 2184; x_wconf 87' lang='lat' dir='ltr'><strong>gnovit,</strong></span> <span class='ocrx_word' id='word_1_222' title='bbox 712 2117 843 2187; x_wconf 85' lang='lat' dir='ltr'><strong>quia</strong></span> <span class='ocrx_word' id='word_1_223' title='bbox 891 2118 1018 2189; x_wconf 90' lang='lat' dir='ltr'><strong>plus</strong></span> <span class='ocrx_word' id='word_1_224' title='bbox 1059 2122 1249 2192; x_wconf 87' lang='lat' dir='ltr'><strong>gaudii</strong></span> <span class='ocrx_word' id='word_1_225' title='bbox 1297 2123 1556 2194; x_wconf 85' lang='lat' dir='ltr'><strong>contulit,</strong></span> <span class='ocrx_word' id='word_1_226' title='bbox 1611 2141 1782 2196; x_wconf 88' lang='lat' dir='ltr'><strong>quam</strong></span> <span class='ocrx_word' id='word_1_227' title='bbox 1835 2125 2086 2196; x_wconf 90' lang='lat' dir='ltr'><strong>pudoris.</strong></span> 
     </span>
    </p>
   </div>
   <div class='ocr_carea' id='block_1_37' title="bbox 455 2206 2090 2290">
    <p class='ocr_par' dir='ltr' id='par_1_37' title="bbox 455 2206 2090 2290">
     <span class='ocr_line' id='line_1_37' title="bbox 455 2206 2090 2290; baseline 0.009 -31"><span class='ocrx_word' id='word_1_228' title='bbox 455 2206 696 2262; x_wconf 62' lang='lat' dir='ltr'><strong>Laetatur</strong></span> <span class='ocrx_word' id='word_1_229' title='bbox 720 2226 858 2282; x_wconf 85' lang='lat' dir='ltr'><strong>ergo</strong></span> <span class='ocrx_word' id='word_1_230' title='bbox 895 2214 1048 2285; x_wconf 89' lang='lat' dir='ltr'><strong>quod</strong></span> <span class='ocrx_word' id='word_1_231' title='bbox 1084 2215 1244 2287; x_wconf 86' lang='lat' dir='ltr'><strong>virgo</strong></span> <span class='ocrx_word' id='word_1_232' title='bbox 1283 2218 1560 2290; x_wconf 89' lang='lat' dir='ltr'><strong>concepit,</strong></span> <span class='ocrx_word' id='word_1_233' title='bbox 1591 2219 1743 2290; x_wconf 90' lang='lat' dir='ltr'><strong>quod</strong></span> <span class='ocrx_word' id='word_1_234' title='bbox 1770 2219 1893 2272; x_wconf 85' lang='lat' dir='ltr'><strong>caeli</strong></span> <span class='ocrx_word' id='word_1_235' title='bbox 1907 2219 2090 2274; x_wconf 91' lang='lat' dir='ltr'><strong>Domi-</strong></span> 
     </span>
    </p>
   </div>
   <div class='ocr_carea' id='block_1_38' title="bbox 454 2299 2092 2384">
    <p class='ocr_par' dir='ltr' id='par_1_38' title="bbox 454 2299 2092 2384">
     <span class='ocr_line' id='line_1_38' title="bbox 454 2299 2092 2384; baseline 0.009 -32"><span class='ocrx_word' id='word_1_236' title='bbox 454 2313 593 2354; x_wconf 91' lang='lat' dir='ltr'><strong>num</strong></span> <span class='ocrx_word' id='word_1_237' title='bbox 633 2303 833 2358; x_wconf 91' lang='lat' dir='ltr'><strong>clausis</strong></span> <span class='ocrx_word' id='word_1_238' title='bbox 856 2307 1114 2378; x_wconf 62' lang='lat' dir='ltr'><strong>’portavit</strong></span> <span class='ocrx_word' id='word_1_239' title='bbox 1159 2310 1486 2380; x_wconf 88' lang='lat' dir='ltr'><strong>visceribus,</strong></span> <span class='ocrx_word' id='word_1_240' title='bbox 1530 2299 1681 2383; x_wconf 88' lang='lat' dir='ltr'><strong>quod</strong></span> <span class='ocrx_word' id='word_1_241' title='bbox 1721 2313 1882 2384; x_wconf 84' lang='lat' dir='ltr'><strong>virgo</strong></span> <span class='ocrx_word' id='word_1_242' title='bbox 1915 2313 2092 2368; x_wconf 89' lang='lat' dir='ltr'><strong>edidit</strong></span> 
     </span>
    </p>
   </div>
   <div class='ocr_carea' id='block_1_39' title="bbox 454 2398 2088 2478">
    <p class='ocr_par' dir='ltr' id='par_1_39' title="bbox 454 2398 2088 2478">
     <span class='ocr_line' id='line_1_39' title="bbox 454 2398 2088 2478; baseline 0.01 -32"><span class='ocrx_word' id='word_1_243' title='bbox 454 2398 701 2464; x_wconf 89' lang='lat' dir='ltr'><strong>partum.</strong></span> <span class='ocrx_word' id='word_1_244' title='bbox 730 2399 772 2452; x_wconf 93' lang='grc' dir='ltr'>Ο</span> <span class='ocrx_word' id='word_1_245' title='bbox 791 2416 1000 2471; x_wconf 88' lang='lat' dir='ltr'><strong>magna</strong></span> <span class='ocrx_word' id='word_1_246' title='bbox 1026 2402 1322 2458; x_wconf 89' lang='lat' dir='ltr'><strong>clementia</strong></span> <span class='ocrx_word' id='word_1_247' title='bbox 1345 2405 1574 2460; x_wconf 86' lang='lat' dir='ltr'><strong>Deitatis</strong></span> <span class='ocrx_word' id='word_1_248' title='bbox 1590 2405 1603 2459; x_wconf 84' lang='lat' dir='ltr'><strong>l</strong></span> <span class='ocrx_word' id='word_1_249' title='bbox 1621 2423 1748 2478; x_wconf 72' lang='lat' dir='ltr'><strong>quae</strong></span> <span class='ocrx_word' id='word_1_250' title='bbox 1768 2406 1954 2461; x_wconf 88' lang='lat' dir='ltr'><strong>virum</strong></span> <span class='ocrx_word' id='word_1_251' title='bbox 1971 2424 2088 2462; x_wconf 91' lang='lat' dir='ltr'><strong>non</strong></span> 
     </span>
    </p>
   </div>
   <div class='ocr_carea' id='block_1_40' title="bbox 455 2488 2089 2571">
    <p class='ocr_par' dir='ltr' id='par_1_40' title="bbox 455 2488 2089 2571">
     <span class='ocr_line' id='line_1_40' title="bbox 455 2488 2089 2571; baseline 0.009 -31"><span class='ocrx_word' id='word_1_252' title='bbox 455 2488 608 2542; x_wconf 90' lang='lat' dir='ltr'><strong>novit</strong></span> <span class='ocrx_word' id='word_1_253' title='bbox 629 2495 685 2544; x_wconf 91' lang='lat' dir='ltr'><strong>et</strong></span> <span class='ocrx_word' id='word_1_254' title='bbox 712 2497 894 2547; x_wconf 90' lang='lat' dir='ltr'><strong>mater</strong></span> <span class='ocrx_word' id='word_1_255' title='bbox 924 2500 1028 2565; x_wconf 91' lang='lat' dir='ltr'><strong>est,</strong></span> <span class='ocrx_word' id='word_1_256' title='bbox 1058 2500 1114 2551; x_wconf 92' lang='lat' dir='ltr'><strong>et</strong></span> <span class='ocrx_word' id='word_1_257' title='bbox 1159 2502 1286 2568; x_wconf 89' lang='lat' dir='ltr'><strong>post</strong></span> <span class='ocrx_word' id='word_1_258' title='bbox 1311 2497 1496 2553; x_wconf 89' lang='lat' dir='ltr'><strong>ﬁlium</strong></span> <span class='ocrx_word' id='word_1_259' title='bbox 1540 2499 1699 2571; x_wconf 84' lang='lat' dir='ltr'><strong>virgo</strong></span> <span class='ocrx_word' id='word_1_260' title='bbox 1729 2504 1833 2556; x_wconf 89' lang='lat' dir='ltr'><strong>est.</strong></span> <span class='ocrx_word' id='word_1_261' title='bbox 1866 2501 2089 2556; x_wconf 89' lang='lat' dir='ltr'><strong>Duobus</strong></span> 
     </span>
    </p>
   </div>
   <div class='ocr_carea' id='block_1_41' title="bbox 455 2582 2091 2666">
    <p class='ocr_par' dir='ltr' id='par_1_41' title="bbox 455 2582 2091 2666">
     <span class='ocr_line' id='line_1_41' title="bbox 455 2582 2091 2666; baseline 0.01 -33"><span class='ocrx_word' id='word_1_262' title='bbox 455 2582 610 2636; x_wconf 89' lang='lat' dir='ltr'><strong>enim</strong></span> <span class='ocrx_word' id='word_1_263' title='bbox 632 2585 817 2654; x_wconf 86' lang='lat' dir='ltr'><strong>gavisa</strong></span> <span class='ocrx_word' id='word_1_264' title='bbox 845 2592 930 2642; x_wconf 89' lang='lat' dir='ltr'><strong>est</strong></span> <span class='ocrx_word' id='word_1_265' title='bbox 977 2591 1306 2646; x_wconf 89' lang='lat' dir='ltr'><strong>muneribus</strong></span> <span class='ocrx_word' id='word_1_266' title='bbox 1339 2609 1352 2647; x_wconf 88' lang='lat'><strong>:</strong></span> <span class='ocrx_word' id='word_1_267' title='bbox 1381 2593 1622 2648; x_wconf 75' lang='lat' dir='ltr'><strong>miratur</strong></span> <span class='ocrx_word' id='word_1_268' title='bbox 1646 2594 1796 2664; x_wconf 85' lang='lat' dir='ltr'><strong>quod</strong></span> <span class='ocrx_word' id='word_1_269' title='bbox 1811 2594 1969 2666; x_wconf 87' lang='lat' dir='ltr'><strong>virgo</strong></span> <span class='ocrx_word' id='word_1_270' title='bbox 1997 2613 2091 2666; x_wconf 91' lang='lat' dir='ltr'><strong>pe-</strong></span> 
     </span>
    </p>
   </div>
   <div class='ocr_carea' id='block_1_42' title="bbox 454 2675 2087 2753">
    <p class='ocr_par' dir='ltr' id='par_1_42' title="bbox 454 2675 2087 2753">
     <span class='ocr_line' id='line_1_42' title="bbox 454 2675 2087 2753; baseline 0.01 -26"><span class='ocrx_word' id='word_1_271' title='bbox 454 2675 636 2744; x_wconf 82' lang='lat' dir='ltr'><strong>perit;</strong></span> <span class='ocrx_word' id='word_1_272' title='bbox 683 2678 908 2734; x_wconf 72' lang='lat' dir='ltr'><strong>lzetatur</strong></span> <span class='ocrx_word' id='word_1_273' title='bbox 949 2684 1103 2753; x_wconf 90' lang='lat' dir='ltr'><strong>quod</strong></span> <span class='ocrx_word' id='word_1_274' title='bbox 1133 2685 1308 2740; x_wconf 90' lang='lat' dir='ltr'><strong>edidit</strong></span> <span class='ocrx_word' id='word_1_275' title='bbox 1341 2687 1738 2742; x_wconf 82' lang='lat' dir='ltr'><strong>Redemtorem</strong></span> <span class='ocrx_word' id='word_1_276' title='bbox 1781 2689 2087 2744; x_wconf 90' lang='lat' dir='ltr'><strong>Dominum</strong></span> 
     </span>
    </p>
   </div>
   <div class='ocr_carea' id='block_1_43' title="bbox 453 2773 1900 2852">
    <p class='ocr_par' dir='ltr' id='par_1_43' title="bbox 453 2773 1900 2852">
     <span class='ocr_line' id='line_1_43' title="bbox 453 2773 1900 2852; baseline 0.012 -32"><span class='ocrx_word' id='word_1_277' title='bbox 453 2773 709 2825; x_wconf 87' lang='lat' dir='ltr'><strong>nostrum</strong></span> <span class='ocrx_word' id='word_1_278' title='bbox 734 2774 925 2830; x_wconf 85' lang='lat' dir='ltr'><strong>Jesum</strong></span> <span class='ocrx_word' id='word_1_279' title='bbox 955 2776 1265 2833; x_wconf 82' lang='lat' dir='ltr'><strong>Christum.</strong></span> <span class='ocrx_word' id='word_1_280' title='bbox 1297 2781 1403 2835; x_wconf 87' lang='lat' dir='ltr'><strong>Per</strong></span> <span class='ocrx_word' id='word_1_281' title='bbox 1427 2797 1619 2852; x_wconf 87' lang='lat' dir='ltr'><strong>quem.</strong></span> <span class='ocrx_word' id='word_1_282' title='bbox 1647 2782 1900 2838; x_wconf 90' lang='lat' dir='ltr'><strong>Sanctus.</strong></span> 
     </span>
    </p>
   </div>
   <div class='ocr_carea' id='block_1_44' title="bbox 701 2893 1855 2941">
    <p class='ocr_par' dir='ltr' id='par_1_44' title="bbox 701 2893 1855 2941">
     <span class='ocr_line' id='line_1_44' title="bbox 701 2893 1855 2941; baseline 0.006 -9"><span class='ocrx_word' id='word_1_283' title='bbox 701 2893 859 2934; x_wconf 73' lang='lat' dir='ltr'><strong>MISSA</strong></span> <span class='ocrx_word' id='word_1_284' title='bbox 899 2897 952 2935; x_wconf 74' lang='lat' dir='ltr'><strong>IN</strong></span> <span class='ocrx_word' id='word_1_285' title='bbox 989 2897 1368 2938; x_wconf 69' lang='lat' dir='ltr'><strong>ADSIIMPTIONE</strong></span> <span class='ocrx_word' id='word_1_286' title='bbox 1407 2899 1621 2939; x_wconf 52' lang='lat' dir='ltr'><strong>SANCTI&#39;S</strong></span> <span class='ocrx_word' id='word_1_287' title='bbox 1660 2901 1855 2941; x_wconf 69' lang='lat' dir='ltr'><strong>MARIJS.</strong></span> 
     </span>
    </p>
   </div>
   <div class='ocr_carea' id='block_1_45' title="bbox 754 2963 1771 3030">
    <p class='ocr_par' dir='ltr' id='par_1_45' title="bbox 754 2963 1771 3030">
     <span class='ocr_line' id='line_1_45' title="bbox 754 2963 1771 3030; baseline 0.008 -20"><span class='ocrx_word' id='word_1_288' title='bbox 754 2963 927 3012; x_wconf 87' lang='lat' dir='ltr'><strong>Lectio</strong></span> <span class='ocrx_word' id='word_1_289' title='bbox 953 2966 1290 3030; x_wconf 82' lang='lat' dir='ltr'><strong>Apocalypsis</strong></span> <span class='ocrx_word' id='word_1_290' title='bbox 1316 2968 1484 3017; x_wconf 85' lang='lat' dir='ltr'><strong>sancti</strong></span> <span class='ocrx_word' id='word_1_291' title='bbox 1502 2967 1771 3018; x_wconf 86' lang='lat' dir='ltr'><strong>Johannis.</strong></span> 
     </span>
    </p>
   </div>
   <div class='ocr_carea' id='block_1_46' title="bbox 524 3034 2083 3115">
    <p class='ocr_par' dir='ltr' id='par_1_46' title="bbox 524 3034 2083 3115">
     <span class='ocr_line' id='line_1_46' title="bbox 524 3034 2083 3115; baseline 0.008 -28"><span class='ocrx_word' id='word_1_292' title='bbox 524 3034 590 3088; x_wconf 88' lang='lat' dir='ltr'><strong>Et</strong></span> <span class='ocrx_word' id='word_1_293' title='bbox 623 3034 754 3105; x_wconf 91' lang='lat' dir='ltr'><strong>vidi,</strong></span> <span class='ocrx_word' id='word_1_294' title='bbox 778 3042 833 3092; x_wconf 90' lang='lat' dir='ltr'><strong>et</strong></span> <span class='ocrx_word' id='word_1_295' title='bbox 880 3055 1007 3095; x_wconf 91' lang='lat' dir='ltr'><strong>ecce</strong></span> <span class='ocrx_word' id='word_1_296' title='bbox 1034 3057 1214 3112; x_wconf 87' lang='lat' dir='ltr'><strong>agnus</strong></span> <span class='ocrx_word' id='word_1_297' title='bbox 1242 3042 1422 3096; x_wconf 89' lang='lat' dir='ltr'><strong>stabat</strong></span> <span class='ocrx_word' id='word_1_298' title='bbox 1449 3059 1618 3115; x_wconf 90' lang='lat' dir='ltr'><strong>super</strong></span> <span class='ocrx_word' id='word_1_299' title='bbox 1648 3049 1901 3100; x_wconf 91' lang='lat' dir='ltr'><strong>montem</strong></span> <span class='ocrx_word' id='word_1_300' title='bbox 1929 3045 2083 3114; x_wconf 86' lang='lat' dir='ltr'><strong>Sion,</strong></span> 
     </span>
    </p>
   </div>
   <div class='ocr_carea' id='block_1_47' title="bbox 451 3131 2088 3209">
    <p class='ocr_par' dir='ltr' id='par_1_47' title="bbox 451 3131 2088 3209">
     <span class='ocr_line' id='line_1_47' title="bbox 451 3131 2088 3209; baseline 0.01 -30"><span class='ocrx_word' id='word_1_301' title='bbox 451 3131 504 3180; x_wconf 83' lang='lat' dir='ltr'><strong>et.</strong></span> <span class='ocrx_word' id='word_1_302' title='bbox 531 3145 660 3184; x_wconf 89' lang='lat' dir='ltr'><strong>eum</strong></span> <span class='ocrx_word' id='word_1_303' title='bbox 685 3131 807 3185; x_wconf 89' lang='lat' dir='ltr'><strong>illos</strong></span> <span class='ocrx_word' id='word_1_304' title='bbox 833 3138 1062 3188; x_wconf 89' lang='lat' dir='ltr'><strong>centum</strong></span> <span class='ocrx_word' id='word_1_305' title='bbox 1092 3136 1464 3208; x_wconf 86' lang='lat' dir='ltr'><strong>quadraginta</strong></span> <span class='ocrx_word' id='word_1_306' title='bbox 1509 3143 1752 3209; x_wconf 87' lang='lat' dir='ltr'><strong>quatuor</strong></span> <span class='ocrx_word' id='word_1_307' title='bbox 1796 3140 1953 3194; x_wconf 93' lang='lat' dir='ltr'><strong>milia</strong></span> <span class='ocrx_word' id='word_1_308' title='bbox 1992 3141 2088 3194; x_wconf 90' lang='lat' dir='ltr'><strong>ha-</strong></span> 
     </span>
    </p>
   </div>
   <div class='ocr_carea' id='block_1_48' title="bbox 450 3221 2162 3322">
    <p class='ocr_par' dir='ltr' id='par_1_48' title="bbox 450 3221 2162 3322">
     <span class='ocr_line' id='line_1_48' title="bbox 450 3221 2162 3322; baseline 0.009 -47"><span class='ocrx_word' id='word_1_309' title='bbox 450 3221 648 3278; x_wconf 88' lang='lat' dir='ltr'><strong>bentes</strong></span> <span class='ocrx_word' id='word_1_310' title='bbox 671 3242 880 3280; x_wconf 92' lang='lat' dir='ltr'><strong>nomen</strong></span> <span class='ocrx_word' id='word_1_311' title='bbox 907 3228 1049 3298; x_wconf 87' lang='lat' dir='ltr'><strong>ejus,</strong></span> <span class='ocrx_word' id='word_1_312' title='bbox 1085 3233 1139 3283; x_wconf 92' lang='lat' dir='ltr'><strong>et</strong></span> <span class='ocrx_word' id='word_1_313' title='bbox 1167 3246 1375 3284; x_wconf 89' lang='lat' dir='ltr'><strong>nomen</strong></span> <span class='ocrx_word' id='word_1_314' title='bbox 1401 3231 1576 3301; x_wconf 89' lang='lat' dir='ltr'><strong>patris</strong></span> <span class='ocrx_word' id='word_1_315' title='bbox 1597 3233 1718 3303; x_wconf 86' lang='lat' dir='ltr'><strong>ejus</strong></span> <span class='ocrx_word' id='word_1_316' title='bbox 1733 3233 2008 3305; x_wconf 89' lang='lat' dir='ltr'><strong>scriptum</strong></span> <span class='ocrx_word' id='word_1_317' title='bbox 2027 3234 2087 3289; x_wconf 91' lang='lat' dir='ltr'><strong>in</strong></span> <span class='ocrx_word' id='word_1_318' title='bbox 2108 3248 2162 3322; x_wconf 67' lang='grc' dir='ltr'><strong>ρ</strong></span> 
     </span>
    </p>
   </div>
   <div class='ocr_carea' id='block_1_49' title="bbox 451 3316 2088 3400">
    <p class='ocr_par' dir='ltr' id='par_1_49' title="bbox 451 3316 2088 3400">
     <span class='ocr_line' id='line_1_49' title="bbox 451 3316 2088 3400; baseline 0.009 -32"><span class='ocrx_word' id='word_1_319' title='bbox 451 3316 729 3372; x_wconf 81' lang='lat' dir='ltr'><strong>frontibus</strong></span> <span class='ocrx_word' id='word_1_320' title='bbox 759 3320 891 3374; x_wconf 88' lang='lat' dir='ltr'><strong>suis.</strong></span> <span class='ocrx_word' id='word_1_321' title='bbox 941 3322 1008 3376; x_wconf 83' lang='lat' dir='ltr'><strong>Et</strong></span> <span class='ocrx_word' id='word_1_322' title='bbox 1050 3323 1238 3377; x_wconf 89' lang='lat' dir='ltr'><strong>audivi</strong></span> <span class='ocrx_word' id='word_1_323' title='bbox 1275 3341 1468 3380; x_wconf 88' lang='lat' dir='ltr'><strong>vocem</strong></span> <span class='ocrx_word' id='word_1_324' title='bbox 1495 3327 1563 3382; x_wconf 91' lang='lat' dir='ltr'><strong>de</strong></span> <span class='ocrx_word' id='word_1_325' title='bbox 1595 3328 1750 3397; x_wconf 69' lang='lat' dir='ltr'><strong>caelo,</strong></span> <span class='ocrx_word' id='word_1_326' title='bbox 1797 3333 2088 3400; x_wconf 88' lang='lat' dir='ltr'><strong>tamquam</strong></span> 
     </span>
    </p>
   </div>
   <div class='ocr_carea' id='block_1_50' title="bbox 451 3417 2085 3492">
    <p class='ocr_par' dir='ltr' id='par_1_50' title="bbox 451 3417 2085 3492">
     <span class='ocr_line' id='line_1_50' title="bbox 451 3417 2085 3492; baseline 0.009 -30"><span class='ocrx_word' id='word_1_327' title='bbox 451 3426 644 3464; x_wconf 90' lang='lat' dir='ltr'><strong>vocem</strong></span> <span class='ocrx_word' id='word_1_328' title='bbox 665 3429 943 3483; x_wconf 89' lang='lat' dir='ltr'><strong>aquarum</strong></span> <span class='ocrx_word' id='word_1_329' title='bbox 963 3417 1293 3488; x_wconf 89' lang='lat' dir='ltr'><strong>multarum,</strong></span> <span class='ocrx_word' id='word_1_330' title='bbox 1319 3424 1374 3474; x_wconf 89' lang='lat' dir='ltr'><strong>et</strong></span> <span class='ocrx_word' id='word_1_331' title='bbox 1392 3423 1684 3492; x_wconf 79' lang='lat' dir='ltr'><strong>tamquam</strong></span> <span class='ocrx_word' id='word_1_332' title='bbox 1709 3438 1905 3476; x_wconf 90' lang='lat' dir='ltr'><strong>vocem</strong></span> <span class='ocrx_word' id='word_1_333' title='bbox 1934 3422 2085 3476; x_wconf 85' lang='lat' dir='ltr'><strong>toni-</strong></span> 
     </span>
    </p>
   </div>
   <div class='ocr_carea' id='block_1_51' title="bbox 452 3504 2089 3587">
    <p class='ocr_par' dir='ltr' id='par_1_51' title="bbox 452 3504 2089 3587">
     <span class='ocr_line' id='line_1_51' title="bbox 452 3504 2089 3587; baseline 0.009 -31"><span class='ocrx_word' id='word_1_334' title='bbox 452 3504 565 3557; x_wconf 90' lang='lat' dir='ltr'><strong>trui</strong></span> <span class='ocrx_word' id='word_1_335' title='bbox 593 3507 825 3578; x_wconf 86' lang='lat' dir='ltr'><strong>magni;</strong></span> <span class='ocrx_word' id='word_1_336' title='bbox 867 3513 922 3563; x_wconf 89' lang='lat' dir='ltr'><strong>et</strong></span> <span class='ocrx_word' id='word_1_337' title='bbox 951 3526 1145 3564; x_wconf 90' lang='lat' dir='ltr'><strong>vocem</strong></span> <span class='ocrx_word' id='word_1_338' title='bbox 1182 3528 1354 3583; x_wconf 90' lang='lat' dir='ltr'><strong>quam</strong></span> <span class='ocrx_word' id='word_1_339' title='bbox 1392 3515 1600 3584; x_wconf 90' lang='lat' dir='ltr'><strong>audivi,</strong></span> <span class='ocrx_word' id='word_1_340' title='bbox 1634 3516 1777 3570; x_wconf 90' lang='lat' dir='ltr'><strong>sicut</strong></span> <span class='ocrx_word' id='word_1_341' title='bbox 1819 3517 2089 3587; x_wconf 79' lang='lat' dir='ltr'><strong>cytharoe-</strong></span> 
     </span>
    </p>
   </div>
   <div class='ocr_carea' id='block_1_52' title="bbox 452 3598 2089 3679">
    <p class='ocr_par' dir='ltr' id='par_1_52' title="bbox 452 3598 2089 3679">
     <span class='ocr_line' id='line_1_52' title="bbox 452 3598 2089 3679; baseline 0.009 -28"><span class='ocrx_word' id='word_1_342' title='bbox 452 3598 654 3653; x_wconf 90' lang='lat' dir='ltr'><strong>dorum</strong></span> <span class='ocrx_word' id='word_1_343' title='bbox 680 3601 1150 3671; x_wconf 81' lang='lat' dir='ltr'><strong>cytharizantium</strong></span> <span class='ocrx_word' id='word_1_344' title='bbox 1177 3605 1234 3660; x_wconf 91' lang='lat' dir='ltr'><strong>in</strong></span> <span class='ocrx_word' id='word_1_345' title='bbox 1263 3608 1509 3679; x_wconf 86' lang='lat' dir='ltr'><strong>cytharis</strong></span> <span class='ocrx_word' id='word_1_346' title='bbox 1536 3609 1670 3664; x_wconf 87' lang='lat' dir='ltr'><strong>suis.</strong></span> <span class='ocrx_word' id='word_1_347' title='bbox 1699 3611 1766 3664; x_wconf 89' lang='lat' dir='ltr'><strong>Et</strong></span> <span class='ocrx_word' id='word_1_348' title='bbox 1791 3611 2089 3664; x_wconf 87' lang='lat' dir='ltr'><strong>cantabant</strong></span> 
     </span>
    </p>
   </div>
   <div class='ocr_carea' id='block_1_53' title="bbox 451 3694 2090 3775">
    <p class='ocr_par' dir='ltr' id='par_1_53' title="bbox 451 3694 2090 3775">
     <span class='ocr_line' id='line_1_53' title="bbox 451 3694 2090 3775; baseline 0.008 -30"><span class='ocrx_word' id='word_1_349' title='bbox 451 3694 610 3763; x_wconf 86' lang='lat' dir='ltr'><strong>quasi</strong></span> <span class='ocrx_word' id='word_1_350' title='bbox 633 3696 914 3752; x_wconf 88' lang='lat' dir='ltr'><strong>canticum</strong></span> <span class='ocrx_word' id='word_1_351' title='bbox 940 3715 1151 3755; x_wconf 93' lang='lat' dir='ltr'><strong>novum</strong></span> <span class='ocrx_word' id='word_1_352' title='bbox 1175 3706 1304 3756; x_wconf 91' lang='lat' dir='ltr'><strong>ante</strong></span> <span class='ocrx_word' id='word_1_353' title='bbox 1332 3703 1544 3772; x_wconf 89' lang='lat' dir='ltr'><strong>sedem,</strong></span> <span class='ocrx_word' id='word_1_354' title='bbox 1575 3708 1631 3758; x_wconf 91' lang='lat' dir='ltr'><strong>et</strong></span> <span class='ocrx_word' id='word_1_355' title='bbox 1655 3707 1784 3758; x_wconf 89' lang='lat' dir='ltr'><strong>ante</strong></span> <span class='ocrx_word' id='word_1_356' title='bbox 1822 3708 2090 3775; x_wconf 88' lang='lat' dir='ltr'><strong>quattuor</strong></span> 
     </span>
    </p>
   </div>
   <div class='ocr_carea' id='block_1_54' title="bbox 451 3788 2084 3868">
    <p class='ocr_par' dir='ltr' id='par_1_54' title="bbox 451 3788 2084 3868">
     <span class='ocr_line' id='line_1_54' title="bbox 451 3788 2084 3868; baseline 0.007 -28"><span class='ocrx_word' id='word_1_357' title='bbox 451 3788 733 3859; x_wconf 82' lang='lat' dir='ltr'><strong>animalia,</strong></span> <span class='ocrx_word' id='word_1_358' title='bbox 766 3796 822 3846; x_wconf 90' lang='lat' dir='ltr'><strong>et</strong></span> <span class='ocrx_word' id='word_1_359' title='bbox 847 3792 1096 3850; x_wconf 87' lang='lat' dir='ltr'><strong>seniores</strong></span> <span class='ocrx_word' id='word_1_360' title='bbox 1126 3812 1138 3849; x_wconf 92' lang='lat'>:</span> <span class='ocrx_word' id='word_1_361' title='bbox 1181 3800 1236 3850; x_wconf 91' lang='lat' dir='ltr'><strong>et</strong></span> <span class='ocrx_word' id='word_1_362' title='bbox 1263 3813 1433 3852; x_wconf 90' lang='lat' dir='ltr'><strong>nemo</strong></span> <span class='ocrx_word' id='word_1_363' title='bbox 1458 3801 1675 3868; x_wconf 88' lang='lat' dir='ltr'><strong>poterat</strong></span> <span class='ocrx_word' id='word_1_364' title='bbox 1700 3797 1885 3852; x_wconf 88' lang='lat' dir='ltr'><strong>dicere</strong></span> <span class='ocrx_word' id='word_1_365' title='bbox 1910 3798 2084 3852; x_wconf 85' lang='lat' dir='ltr'><strong>canti-</strong></span> 
     </span>
    </p>
   </div>
   <div class='ocr_carea' id='block_1_55' title="bbox 450 3884 2088 3964">
    <p class='ocr_par' dir='ltr' id='par_1_55' title="bbox 450 3884 2088 3964">
     <span class='ocr_line' id='line_1_55' title="bbox 450 3884 2088 3964; baseline 0.007 -29"><span class='ocrx_word' id='word_1_366' title='bbox 450 3899 600 3948; x_wconf 88' lang='lat' dir='ltr'><strong>cum,</strong></span> <span class='ocrx_word' id='word_1_367' title='bbox 619 3884 732 3939; x_wconf 89' lang='lat' dir='ltr'><strong>nisi</strong></span> <span class='ocrx_word' id='word_1_368' title='bbox 749 3885 846 3939; x_wconf 88' lang='lat' dir='ltr'><strong>illa</strong></span> <span class='ocrx_word' id='word_1_369' title='bbox 865 3892 1097 3943; x_wconf 89' lang='lat' dir='ltr'><strong>centum</strong></span> <span class='ocrx_word' id='word_1_370' title='bbox 1118 3890 1498 3963; x_wconf 81' lang='lat' dir='ltr'><strong>quadraginta</strong></span> <span class='ocrx_word' id='word_1_371' title='bbox 1523 3896 1795 3962; x_wconf 83' lang='lat' dir='ltr'><strong>quattuor</strong></span> <span class='ocrx_word' id='word_1_372' title='bbox 1815 3891 1974 3946; x_wconf 87' lang='lat' dir='ltr'><strong>milia</strong></span> <span class='ocrx_word' id='word_1_373' title='bbox 1990 3892 2088 3964; x_wconf 92' lang='lat' dir='ltr'><strong>qui</strong></span> 
     </span>
    </p>
   </div>
   <div class='ocr_carea' id='block_1_56' title="bbox 451 3978 2089 4057">
    <p class='ocr_par' dir='ltr' id='par_1_56' title="bbox 451 3978 2089 4057">
     <span class='ocr_line' id='line_1_56' title="bbox 451 3978 2089 4057; baseline 0.007 -28"><span class='ocrx_word' id='word_1_374' title='bbox 451 3978 626 4048; x_wconf 88' lang='lat' dir='ltr'><strong>empti</strong></span> <span class='ocrx_word' id='word_1_375' title='bbox 655 3985 788 4033; x_wconf 89' lang='lat' dir='ltr'><strong>sunt</strong></span> <span class='ocrx_word' id='word_1_376' title='bbox 815 3979 883 4034; x_wconf 91' lang='lat' dir='ltr'><strong>de</strong></span> <span class='ocrx_word' id='word_1_377' title='bbox 909 3986 1079 4038; x_wconf 89' lang='lat' dir='ltr'><strong>terra.</strong></span> <span class='ocrx_word' id='word_1_378' title='bbox 1109 3983 1174 4038; x_wconf 82' lang='lat' dir='ltr'><strong>Ili</strong></span> <span class='ocrx_word' id='word_1_379' title='bbox 1207 3989 1338 4039; x_wconf 91' lang='lat' dir='ltr'><strong>sunt</strong></span> <span class='ocrx_word' id='word_1_380' title='bbox 1352 3985 1448 4057; x_wconf 89' lang='lat' dir='ltr'><strong>qui</strong></span> <span class='ocrx_word' id='word_1_381' title='bbox 1468 4002 1598 4039; x_wconf 92' lang='lat' dir='ltr'><strong>cum</strong></span> <span class='ocrx_word' id='word_1_382' title='bbox 1613 3986 1947 4041; x_wconf 88' lang='lat' dir='ltr'><strong>mulieribus</strong></span> <span class='ocrx_word' id='word_1_383' title='bbox 1973 4003 2089 4041; x_wconf 91' lang='lat' dir='ltr'><strong>non</strong></span> 
     </span>
    </p>
   </div>
   <div class='ocr_carea' id='block_1_57' title="bbox 449 4072 2089 4151">
    <p class='ocr_par' dir='ltr' id='par_1_57' title="bbox 449 4072 2089 4151">
     <span class='ocr_line' id='line_1_57' title="bbox 449 4072 2089 4151; baseline 0.006 -27"><span class='ocrx_word' id='word_1_384' title='bbox 449 4077 581 4125; x_wconf 87' lang='lat' dir='ltr'><strong>sunt</strong></span> <span class='ocrx_word' id='word_1_385' title='bbox 607 4072 976 4144; x_wconf 89' lang='lat' dir='ltr'><strong>coinquinati,</strong></span> <span class='ocrx_word' id='word_1_386' title='bbox 1006 4077 1256 4148; x_wconf 86' lang='lat' dir='ltr'><strong>virgines</strong></span> <span class='ocrx_word' id='word_1_387' title='bbox 1285 4078 1438 4133; x_wconf 87' lang='lat' dir='ltr'><strong>enim</strong></span> <span class='ocrx_word' id='word_1_388' title='bbox 1460 4084 1624 4134; x_wconf 87' lang='lat' dir='ltr'><strong>sunt:</strong></span> <span class='ocrx_word' id='word_1_389' title='bbox 1649 4079 1707 4133; x_wconf 87' lang='lat' dir='ltr'><strong>hi</strong></span> <span class='ocrx_word' id='word_1_390' title='bbox 1729 4080 1826 4150; x_wconf 88' lang='lat' dir='ltr'><strong>qui</strong></span> <span class='ocrx_word' id='word_1_391' title='bbox 1847 4097 2089 4151; x_wconf 90' lang='lat' dir='ltr'><strong>sequun-</strong></span> 
     </span>
    </p>
   </div>
   <div class='ocr_carea' id='block_1_58' title="bbox 453 4169 2090 4244">
    <p class='ocr_par' dir='ltr' id='par_1_58' title="bbox 453 4169 2090 4244">
     <span class='ocr_line' id='line_1_58' title="bbox 453 4169 2090 4244; baseline 0.007 -26"><span class='ocrx_word' id='word_1_392' title='bbox 453 4169 545 4219; x_wconf 92' lang='lat' dir='ltr'><strong>tur</strong></span> <span class='ocrx_word' id='word_1_393' title='bbox 569 4169 797 4237; x_wconf 86' lang='lat' dir='ltr'><strong>Agnum</strong></span> <span class='ocrx_word' id='word_1_394' title='bbox 828 4185 1188 4243; x_wconf 88' lang='lat' dir='ltr'><strong>quocumque</strong></span> <span class='ocrx_word' id='word_1_395' title='bbox 1219 4172 1440 4227; x_wconf 85' lang='lat' dir='ltr'><strong>abierit.</strong></span> <span class='ocrx_word' id='word_1_396' title='bbox 1473 4173 1538 4226; x_wconf 86' lang='lat' dir='ltr'><strong>lli</strong></span> <span class='ocrx_word' id='word_1_397' title='bbox 1568 4173 1749 4244; x_wconf 90' lang='lat' dir='ltr'><strong>empti</strong></span> <span class='ocrx_word' id='word_1_398' title='bbox 1774 4171 1926 4228; x_wconf 91' lang='lat' dir='ltr'><strong>enim</strong></span> <span class='ocrx_word' id='word_1_399' title='bbox 1957 4179 2090 4229; x_wconf 90' lang='lat' dir='ltr'><strong>sunt</strong></span> 
     </span>
    </p>
   </div>
   <div class='ocr_carea' id='block_1_59' title="bbox 453 4260 2090 4338">
    <p class='ocr_par' dir='ltr' id='par_1_59' title="bbox 453 4260 2090 4338">
     <span class='ocr_line' id='line_1_59' title="bbox 453 4260 2090 4338; baseline 0.005 -25"><span class='ocrx_word' id='word_1_400' title='bbox 453 4276 520 4313; x_wconf 84' lang='lat' dir='ltr'><strong>cx</strong></span> <span class='ocrx_word' id='word_1_401' title='bbox 550 4260 898 4332; x_wconf 90' lang='lat' dir='ltr'><strong>hominibus,</strong></span> <span class='ocrx_word' id='word_1_402' title='bbox 931 4264 1208 4335; x_wconf 82' lang='lat' dir='ltr'><strong>primiciac</strong></span> <span class='ocrx_word' id='word_1_403' title='bbox 1238 4267 1351 4320; x_wconf 92' lang='lat' dir='ltr'><strong>Deo</strong></span> <span class='ocrx_word' id='word_1_404' title='bbox 1377 4271 1436 4320; x_wconf 88' lang='lat' dir='ltr'><strong>et</strong></span> <span class='ocrx_word' id='word_1_405' title='bbox 1453 4268 1636 4336; x_wconf 84' lang='lat' dir='ltr'><strong>Agno,</strong></span> <span class='ocrx_word' id='word_1_406' title='bbox 1661 4270 1718 4321; x_wconf 92' lang='lat' dir='ltr'><strong>et</strong></span> <span class='ocrx_word' id='word_1_407' title='bbox 1743 4266 1802 4320; x_wconf 92' lang='lat' dir='ltr'><strong>in</strong></span> <span class='ocrx_word' id='word_1_408' title='bbox 1832 4283 1927 4321; x_wconf 88' lang='lat' dir='ltr'><strong>ore</strong></span> <span class='ocrx_word' id='word_1_409' title='bbox 1945 4267 2090 4338; x_wconf 85' lang='lat' dir='ltr'><strong>ipso-</strong></span> 
     </span>
    </p>
   </div>
   <div class='ocr_carea' id='block_1_60' title="bbox 451 4358 2088 4416">
    <p class='ocr_par' dir='ltr' id='par_1_60' title="bbox 451 4358 2088 4416">
     <span class='ocr_line' id='line_1_60' title="bbox 451 4358 2088 4416; baseline 0.005 -9"><span class='ocrx_word' id='word_1_410' title='bbox 451 4371 580 4410; x_wconf 84' lang='lat' dir='ltr'><strong>rum</strong></span> <span class='ocrx_word' id='word_1_411' title='bbox 621 4372 737 4410; x_wconf 91' lang='lat' dir='ltr'><strong>non</strong></span> <span class='ocrx_word' id='word_1_412' title='bbox 773 4361 856 4411; x_wconf 90' lang='lat' dir='ltr'><strong>est</strong></span> <span class='ocrx_word' id='word_1_413' title='bbox 897 4358 1195 4414; x_wconf 90' lang='lat' dir='ltr'><strong>inventum</strong></span> <span class='ocrx_word' id='word_1_414' title='bbox 1249 4359 1612 4414; x_wconf 90' lang='lat' dir='ltr'><strong>mendacium</strong></span> <span class='ocrx_word' id='word_1_415' title='bbox 1654 4377 1667 4414; x_wconf 92' lang='lat'>:</span> <span class='ocrx_word' id='word_1_416' title='bbox 1711 4360 1830 4416; x_wconf 90' lang='lat' dir='ltr'><strong>sine</strong></span> <span class='ocrx_word' id='word_1_417' title='bbox 1870 4363 2088 4416; x_wconf 89' lang='lat' dir='ltr'><strong>macula</strong></span> 
     </span>
    </p>
   </div>
   <div class='ocr_carea' id='block_1_61' title="bbox 448 4449 2080 4524">
    <p class='ocr_par' dir='ltr' id='par_1_61' title="bbox 448 4449 2080 4524">
     <span class='ocr_line' id='line_1_61' title="bbox 448 4449 2080 4524; baseline 0.005 -22"><span class='ocrx_word' id='word_1_418' title='bbox 448 4454 599 4503; x_wconf 91' lang='lat' dir='ltr'><strong>sunt.</strong></span> <span class='ocrx_word' id='word_1_419' title='bbox 630 4449 752 4504; x_wconf 86' lang='lat' dir='ltr'><strong>Vidi</strong></span> <span class='ocrx_word' id='word_1_420' title='bbox 789 4452 1062 4522; x_wconf 91' lang='lat' dir='ltr'><strong>angelum</strong></span> <span class='ocrx_word' id='word_1_421' title='bbox 1099 4452 1380 4506; x_wconf 90' lang='lat' dir='ltr'><strong>volantem</strong></span> <span class='ocrx_word' id='word_1_422' title='bbox 1420 4469 1522 4524; x_wconf 91' lang='lat' dir='ltr'><strong>per</strong></span> <span class='ocrx_word' id='word_1_423' title='bbox 1548 4453 1799 4509; x_wconf 90' lang='lat' dir='ltr'><strong>medium</strong></span> <span class='ocrx_word' id='word_1_424' title='bbox 1847 4455 2080 4523; x_wconf 56' lang='lat' dir='ltr'><strong>calum;</strong></span> 
     </span>
    </p>
   </div>
   <div class='ocr_carea' id='block_1_62' title="bbox 449 4543 2081 4619">
    <p class='ocr_par' dir='ltr' id='par_1_62' title="bbox 449 4543 2081 4619">
     <span class='ocr_line' id='line_1_62' title="bbox 449 4543 2081 4619; baseline 0.005 -22"><span class='ocrx_word' id='word_1_425' title='bbox 449 4543 752 4601; x_wconf 88' lang='lat' dir='ltr'><strong>habentem</strong></span> <span class='ocrx_word' id='word_1_426' title='bbox 768 4546 1139 4616; x_wconf 87' lang='lat' dir='ltr'><strong>Evangelium</strong></span> <span class='ocrx_word' id='word_1_427' title='bbox 1156 4549 1433 4601; x_wconf 74' lang='lat' dir='ltr'><strong>aeternum</strong></span> <span class='ocrx_word' id='word_1_428' title='bbox 1451 4552 1516 4602; x_wconf 89' lang='lat' dir='ltr'><strong>ut</strong></span> <span class='ocrx_word' id='word_1_429' title='bbox 1529 4564 1664 4603; x_wconf 90' lang='lat' dir='ltr'><strong>evan</strong></span> <span class='ocrx_word' id='word_1_430' title='bbox 1674 4547 1874 4619; x_wconf 90' lang='lat' dir='ltr'><strong>gelizet</strong></span> <span class='ocrx_word' id='word_1_431' title='bbox 1889 4550 2081 4605; x_wconf 87' lang='lat' dir='ltr'><strong>seden-</strong></span> 
     </span>
    </p>
   </div>
   <div class='ocr_carea' id='block_1_63' title="bbox 2190 1962 3843 2033">
    <p class='ocr_par' dir='ltr' id='par_1_63' title="bbox 2190 1962 3843 2033">
     <span class='ocr_line' id='line_1_63' title="bbox 2190 1962 3843 2033; baseline -0.001 -15"><span class='ocrx_word' id='word_1_432' title='bbox 2190 1980 2320 2018; x_wconf 88' lang='lat' dir='ltr'><strong>rens</strong></span> <span class='ocrx_word' id='word_1_433' title='bbox 2370 1964 2538 2017; x_wconf 90' lang='lat' dir='ltr'><strong>unico</strong></span> <span class='ocrx_word' id='word_1_434' title='bbox 2588 1963 2752 2017; x_wconf 91' lang='lat' dir='ltr'><strong>beata</strong></span> <span class='ocrx_word' id='word_1_435' title='bbox 2806 1962 2876 2017; x_wconf 90' lang='lat' dir='ltr'><strong>de</strong></span> <span class='ocrx_word' id='word_1_436' title='bbox 2923 1967 3121 2033; x_wconf 87' lang='lat' dir='ltr'><strong>partu;</strong></span> <span class='ocrx_word' id='word_1_437' title='bbox 3163 1980 3278 2018; x_wconf 92' lang='lat' dir='ltr'><strong>non</strong></span> <span class='ocrx_word' id='word_1_438' title='bbox 3332 1963 3519 2018; x_wconf 91' lang='lat' dir='ltr'><strong>solum</strong></span> <span class='ocrx_word' id='word_1_439' title='bbox 3556 1964 3843 2019; x_wconf 87' lang='lat' dir='ltr'><strong>mirabilis</strong></span> 
     </span>
    </p>
   </div>
   <div class='ocr_carea' id='block_1_64' title="bbox 2190 2056 3838 2130">
    <p class='ocr_par' dir='ltr' id='par_1_64' title="bbox 2190 2056 3838 2130">
     <span class='ocr_line' id='line_1_64' title="bbox 2190 2056 3838 2130; baseline 0.002 -20"><span class='ocrx_word' id='word_1_440' title='bbox 2190 2058 2427 2128; x_wconf 83' lang='lat' dir='ltr'><strong>pignore</strong></span> <span class='ocrx_word' id='word_1_441' title='bbox 2456 2057 2612 2128; x_wconf 92' lang='lat' dir='ltr'><strong>quod</strong></span> <span class='ocrx_word' id='word_1_442' title='bbox 2637 2056 2747 2111; x_wconf 88' lang='lat' dir='ltr'><strong>ﬁde</strong></span> <span class='ocrx_word' id='word_1_443' title='bbox 2778 2056 3054 2129; x_wconf 89' lang='lat' dir='ltr'><strong>concepit,</strong></span> <span class='ocrx_word' id='word_1_444' title='bbox 3082 2057 3283 2112; x_wconf 87' lang='lat' dir='ltr'><strong>fratres</strong></span> <span class='ocrx_word' id='word_1_445' title='bbox 3302 2057 3594 2126; x_wconf 89' lang='lat' dir='ltr'><strong>carissimi,</strong></span> <span class='ocrx_word' id='word_1_446' title='bbox 3626 2059 3838 2130; x_wconf 90' lang='lat' dir='ltr'><strong>depre-</strong></span> 
     </span>
    </p>
   </div>
   <div class='ocr_carea' id='block_1_65' title="bbox 2190 2150 3840 2224">
    <p class='ocr_par' dir='ltr' id='par_1_65' title="bbox 2190 2150 3840 2224">
     <span class='ocr_line' id='line_1_65' title="bbox 2190 2150 3840 2224; baseline 0.001 -19"><span class='ocrx_word' id='word_1_447' title='bbox 2190 2168 2413 2220; x_wconf 89' lang='lat' dir='ltr'><strong>cemur;</strong></span> <span class='ocrx_word' id='word_1_448' title='bbox 2466 2156 2532 2206; x_wconf 88' lang='lat' dir='ltr'><strong>ut</strong></span> <span class='ocrx_word' id='word_1_449' title='bbox 2571 2152 2691 2222; x_wconf 90' lang='lat' dir='ltr'><strong>ejus</strong></span> <span class='ocrx_word' id='word_1_450' title='bbox 2741 2150 2920 2221; x_wconf 89' lang='lat' dir='ltr'><strong>adjuti</strong></span> <span class='ocrx_word' id='word_1_451' title='bbox 2973 2151 3305 2206; x_wconf 88' lang='lat' dir='ltr'><strong>muniamur</strong></span> <span class='ocrx_word' id='word_1_452' title='bbox 3367 2151 3660 2223; x_wconf 80' lang='lat' dir='ltr'><strong>suffragio,</strong></span> <span class='ocrx_word' id='word_1_453' title='bbox 3707 2169 3840 2224; x_wconf 62' lang='lat' dir='ltr'><strong>qua</strong></span> 
     </span>
    </p>
   </div>
   <div class='ocr_carea' id='block_1_66' title="bbox 2190 2245 3835 2318">
    <p class='ocr_par' dir='ltr' id='par_1_66' title="bbox 2190 2245 3835 2318">
     <span class='ocr_line' id='line_1_66' title="bbox 2190 2245 3835 2318; baseline 0.002 -18"><span class='ocrx_word' id='word_1_454' title='bbox 2190 2245 2351 2300; x_wconf 89' lang='lat' dir='ltr'><strong>beata</strong></span> <span class='ocrx_word' id='word_1_455' title='bbox 2372 2245 2543 2300; x_wconf 85' lang='lat' dir='ltr'><strong>Maria</strong></span> <span class='ocrx_word' id='word_1_456' title='bbox 2567 2246 2637 2301; x_wconf 90' lang='lat' dir='ltr'><strong>de</strong></span> <span class='ocrx_word' id='word_1_457' title='bbox 2662 2249 2833 2317; x_wconf 89' lang='lat' dir='ltr'><strong>partu</strong></span> <span class='ocrx_word' id='word_1_458' title='bbox 2852 2245 3021 2316; x_wconf 91' lang='lat' dir='ltr'><strong>clara,</strong></span> <span class='ocrx_word' id='word_1_459' title='bbox 3045 2245 3116 2300; x_wconf 90' lang='lat' dir='ltr'><strong>de</strong></span> <span class='ocrx_word' id='word_1_460' title='bbox 3141 2246 3346 2302; x_wconf 90' lang='lat' dir='ltr'><strong>merito</strong></span> <span class='ocrx_word' id='word_1_461' title='bbox 3372 2246 3508 2302; x_wconf 88' lang='lat' dir='ltr'><strong>felix</strong></span> <span class='ocrx_word' id='word_1_462' title='bbox 3552 2247 3835 2318; x_wconf 61' lang='lat' dir='ltr'><strong>pradica-</strong></span> 
     </span>
    </p>
   </div>
   <div class='ocr_carea' id='block_1_67' title="bbox 2192 2340 2784 2412">
    <p class='ocr_par' dir='ltr' id='par_1_67' title="bbox 2192 2340 2784 2412">
     <span class='ocr_line' id='line_1_67' title="bbox 2192 2340 2784 2412; baseline 0.002 -19"><span class='ocrx_word' id='word_1_463' title='bbox 2192 2345 2284 2394; x_wconf 90' lang='lat' dir='ltr'><strong>tur</strong></span> <span class='ocrx_word' id='word_1_464' title='bbox 2309 2345 2438 2412; x_wconf 91' lang='lat' dir='ltr'><strong>post</strong></span> <span class='ocrx_word' id='word_1_465' title='bbox 2461 2340 2784 2395; x_wconf 89' lang='lat' dir='ltr'><strong>transitum.</strong></span> 
     </span>
    </p>
   </div>
   <div class='ocr_carea' id='block_1_68' title="bbox 2893 2411 3120 2461">
    <p class='ocr_par' dir='ltr' id='par_1_68' title="bbox 2893 2411 3120 2461">
     <span class='ocr_line' id='line_1_68' title="bbox 2893 2411 3120 2461; baseline -0.004 -1"><span class='ocrx_word' id='word_1_466' title='bbox 2893 2411 3120 2461; x_wconf 88' lang='lat' dir='ltr'><strong>Secreta.</strong></span> 
     </span>
    </p>
   </div>
   <div class='ocr_carea' id='block_1_69' title="bbox 2260 2485 3832 2558">
    <p class='ocr_par' dir='ltr' id='par_1_69' title="bbox 2260 2485 3832 2558">
     <span class='ocr_line' id='line_1_69' title="bbox 2260 2485 3832 2558; baseline 0.003 -19"><span class='ocrx_word' id='word_1_467' title='bbox 2260 2487 2404 2541; x_wconf 93' lang='lat' dir='ltr'><strong>Deus</strong></span> <span class='ocrx_word' id='word_1_468' title='bbox 2435 2485 2781 2555; x_wconf 78' lang='lat' dir='ltr'><strong>universalis,</strong></span> <span class='ocrx_word' id='word_1_469' title='bbox 2805 2486 2983 2558; x_wconf 89' lang='lat' dir='ltr'><strong>quiin</strong></span> <span class='ocrx_word' id='word_1_470' title='bbox 3009 2485 3216 2540; x_wconf 87' lang='lat' dir='ltr'><strong>sanctis</strong></span> <span class='ocrx_word' id='word_1_471' title='bbox 3241 2486 3588 2557; x_wconf 91' lang='lat' dir='ltr'><strong>spiritaliter,</strong></span> <span class='ocrx_word' id='word_1_472' title='bbox 3607 2487 3672 2542; x_wconf 91' lang='lat' dir='ltr'><strong>in</strong></span> <span class='ocrx_word' id='word_1_473' title='bbox 3705 2504 3832 2543; x_wconf 90' lang='lat' dir='ltr'><strong>ma-</strong></span> 
     </span>
    </p>
   </div>
   <div class='ocr_carea' id='block_1_70' title="bbox 2191 2579 3840 2650">
    <p class='ocr_par' dir='ltr' id='par_1_70' title="bbox 2191 2579 3840 2650">
     <span class='ocr_line' id='line_1_70' title="bbox 2191 2579 3840 2650; baseline 0.002 -17"><span class='ocrx_word' id='word_1_474' title='bbox 2191 2585 2274 2634; x_wconf 90' lang='lat' dir='ltr'><strong>tre</strong></span> <span class='ocrx_word' id='word_1_475' title='bbox 2296 2596 2427 2634; x_wconf 90' lang='lat' dir='ltr'><strong>vero</strong></span> <span class='ocrx_word' id='word_1_476' title='bbox 2449 2579 2675 2650; x_wconf 88' lang='lat' dir='ltr'><strong>Virgine</strong></span> <span class='ocrx_word' id='word_1_477' title='bbox 2691 2580 2860 2634; x_wconf 89' lang='lat' dir='ltr'><strong>etiam</strong></span> <span class='ocrx_word' id='word_1_478' title='bbox 2886 2579 3252 2650; x_wconf 88' lang='lat' dir='ltr'><strong>corporaliter</strong></span> <span class='ocrx_word' id='word_1_479' title='bbox 3277 2580 3544 2635; x_wconf 79' lang='lat' dir='ltr'><strong>habitasti</strong></span> <span class='ocrx_word' id='word_1_480' title='bbox 3562 2597 3581 2647; x_wconf 92' lang='lat'><strong>;</strong></span> <span class='ocrx_word' id='word_1_481' title='bbox 3599 2580 3840 2638; x_wconf 86' lang='lat' dir='ltr'><strong>caritate</strong></span> 
     </span>
    </p>
   </div>
   <div class='ocr_carea' id='block_1_71' title="bbox 2189 2674 3838 2746">
    <p class='ocr_par' dir='ltr' id='par_1_71' title="bbox 2189 2674 3838 2746">
     <span class='ocr_line' id='line_1_71' title="bbox 2189 2674 3838 2746; baseline 0.001 -18"><span class='ocrx_word' id='word_1_482' title='bbox 2189 2675 2412 2739; x_wconf 89' lang='lat' dir='ltr'><strong>decens,</strong></span> <span class='ocrx_word' id='word_1_483' title='bbox 2443 2690 2578 2744; x_wconf 89' lang='lat' dir='ltr'><strong>pace</strong></span> <span class='ocrx_word' id='word_1_484' title='bbox 2609 2674 2881 2744; x_wconf 87' lang='lat' dir='ltr'><strong>gaudens,</strong></span> <span class='ocrx_word' id='word_1_485' title='bbox 2909 2674 3118 2744; x_wconf 90' lang='lat' dir='ltr'><strong>pietate</strong></span> <span class='ocrx_word' id='word_1_486' title='bbox 3142 2675 3500 2744; x_wconf 62' lang='lat' dir='ltr'><strong>precellens;</strong></span> <span class='ocrx_word' id='word_1_487' title='bbox 3533 2674 3604 2728; x_wconf 90' lang='lat' dir='ltr'><strong>ab</strong></span> <span class='ocrx_word' id='word_1_488' title='bbox 3629 2676 3838 2746; x_wconf 90' lang='lat' dir='ltr'><strong>angelo</strong></span> 
     </span>
    </p>
   </div>
   <div class='ocr_carea' id='block_1_72' title="bbox 2192 2767 3839 2841">
    <p class='ocr_par' dir='ltr' id='par_1_72' title="bbox 2192 2767 3839 2841">
     <span class='ocr_line' id='line_1_72' title="bbox 2192 2767 3839 2841; baseline 0.001 -20"><span class='ocrx_word' id='word_1_489' title='bbox 2192 2767 2370 2838; x_wconf 87' lang='lat' dir='ltr'><strong>gratia</strong></span> <span class='ocrx_word' id='word_1_490' title='bbox 2411 2768 2596 2838; x_wconf 87' lang='lat' dir='ltr'><strong>plena,</strong></span> <span class='ocrx_word' id='word_1_491' title='bbox 2644 2768 2714 2821; x_wconf 90' lang='lat' dir='ltr'><strong>ab</strong></span> <span class='ocrx_word' id='word_1_492' title='bbox 2760 2767 3044 2822; x_wconf 84' lang='lat' dir='ltr'><strong>Helizabet</strong></span> <span class='ocrx_word' id='word_1_493' title='bbox 3091 2768 3403 2837; x_wconf 90' lang='lat' dir='ltr'><strong>benedicta,</strong></span> <span class='ocrx_word' id='word_1_494' title='bbox 3454 2768 3524 2822; x_wconf 87' lang='lat' dir='ltr'><strong>ab</strong></span> <span class='ocrx_word' id='word_1_495' title='bbox 3569 2769 3839 2841; x_wconf 88' lang='lat' dir='ltr'><strong>gentibus</strong></span> 
     </span>
    </p>
   </div>
   <div class='ocr_carea' id='block_1_73' title="bbox 2189 2861 3840 2934">
    <p class='ocr_par' dir='ltr' id='par_1_73' title="bbox 2189 2861 3840 2934">
     <span class='ocr_line' id='line_1_73' title="bbox 2189 2861 3840 2934; baseline 0 -18"><span class='ocrx_word' id='word_1_496' title='bbox 2189 2862 2532 2933; x_wconf 80' lang='lat' dir='ltr'><strong>praedicatur</strong></span> <span class='ocrx_word' id='word_1_497' title='bbox 2549 2862 2741 2930; x_wconf 90' lang='lat' dir='ltr'><strong>beata;</strong></span> <span class='ocrx_word' id='word_1_498' title='bbox 2771 2862 2931 2932; x_wconf 88' lang='lat' dir='ltr'><strong>cujus</strong></span> <span class='ocrx_word' id='word_1_499' title='bbox 2956 2861 3120 2916; x_wconf 92' lang='lat' dir='ltr'><strong>nobis</strong></span> <span class='ocrx_word' id='word_1_500' title='bbox 3146 2862 3285 2916; x_wconf 89' lang='lat' dir='ltr'><strong>ﬁdes</strong></span> <span class='ocrx_word' id='word_1_501' title='bbox 3321 2864 3678 2933; x_wconf 85' lang='lat' dir='ltr'><strong>mysterium,</strong></span> <span class='ocrx_word' id='word_1_502' title='bbox 3710 2880 3840 2934; x_wconf 86' lang='lat' dir='ltr'><strong>par-</strong></span> 
     </span>
    </p>
   </div>
   <div class='ocr_carea' id='block_1_74' title="bbox 2188 2955 3840 3026">
    <p class='ocr_par' dir='ltr' id='par_1_74' title="bbox 2188 2955 3840 3026">
     <span class='ocr_line' id='line_1_74' title="bbox 2188 2955 3840 3026; baseline 0.001 -17"><span class='ocrx_word' id='word_1_503' title='bbox 2188 2960 2278 3010; x_wconf 89' lang='lat' dir='ltr'><strong>tus</strong></span> <span class='ocrx_word' id='word_1_504' title='bbox 2331 2955 2623 3023; x_wconf 85' lang='lat' dir='ltr'><strong>gaudium,</strong></span> <span class='ocrx_word' id='word_1_505' title='bbox 2664 2971 2862 3026; x_wconf 91' lang='lat' dir='ltr'><strong>pacem</strong></span> <span class='ocrx_word' id='word_1_506' title='bbox 2903 2972 3075 3026; x_wconf 90' lang='lat' dir='ltr'><strong>quam</strong></span> <span class='ocrx_word' id='word_1_507' title='bbox 3117 2955 3175 3010; x_wconf 92' lang='lat' dir='ltr'><strong>in</strong></span> <span class='ocrx_word' id='word_1_508' title='bbox 3228 2955 3584 3012; x_wconf 89' lang='lat' dir='ltr'><strong>adsumtione</strong></span> <span class='ocrx_word' id='word_1_509' title='bbox 3629 2956 3840 3012; x_wconf 89' lang='lat' dir='ltr'><strong>matris</strong></span> 
     </span>
    </p>
   </div>
   <div class='ocr_carea' id='block_1_75' title="bbox 2188 3048 3835 3123">
    <p class='ocr_par' dir='ltr' id='par_1_75' title="bbox 2188 3048 3835 3123">
     <span class='ocr_line' id='line_1_75' title="bbox 2188 3048 3835 3123; baseline 0.001 -19"><span class='ocrx_word' id='word_1_510' title='bbox 2188 3053 2319 3104; x_wconf 86' lang='lat' dir='ltr'><strong>tunc</strong></span> <span class='ocrx_word' id='word_1_511' title='bbox 2341 3048 2628 3120; x_wconf 60' lang='lat' dir='ltr'><strong>praebuisti</strong></span> <span class='ocrx_word' id='word_1_512' title='bbox 2654 3049 2960 3120; x_wconf 88' lang='lat' dir='ltr'><strong>discipulis,</strong></span> <span class='ocrx_word' id='word_1_513' title='bbox 2984 3049 3146 3104; x_wconf 88' lang='lat' dir='ltr'><strong>nobis</strong></span> <span class='ocrx_word' id='word_1_514' title='bbox 3165 3050 3435 3106; x_wconf 90' lang='lat' dir='ltr'><strong>miserere</strong></span> <span class='ocrx_word' id='word_1_515' title='bbox 3449 3051 3835 3123; x_wconf 87' lang='lat' dir='ltr'><strong>supplicibus.</strong></span> 
     </span>
    </p>
   </div>
   <div class='ocr_carea' id='block_1_76' title="bbox 2259 3143 3839 3285">
    <p class='ocr_par' dir='ltr' id='par_1_76' title="bbox 2259 3143 3839 3285">
     <span class='ocr_line' id='line_1_76' title="bbox 2259 3143 3839 3285; baseline 0.001 -18"><span class='ocrx_word' id='word_1_516' title='bbox 2259 3217 2397 3269; x_wconf 87' lang='lat' dir='ltr'><strong>Vere</strong></span> <span class='ocrx_word' id='word_1_517' title='bbox 2424 3214 2663 3285; x_wconf 87' lang='lat' dir='ltr'><strong>dignum</strong></span> <span class='ocrx_word' id='word_1_518' title='bbox 2689 3217 2744 3268; x_wconf 91' lang='lat' dir='ltr'><strong>et</strong></span> <span class='ocrx_word' id='word_1_519' title='bbox 2765 3143 3503 3284; x_wconf 41' lang='lat' dir='ltr'><strong>jusgfixilrtiezgttlbmnipoteus</strong></span> <span class='ocrx_word' id='word_1_520' title='bbox 3527 3216 3694 3284; x_wconf 90' lang='lat' dir='ltr'><strong>Deus,</strong></span> <span class='ocrx_word' id='word_1_521' title='bbox 3728 3230 3839 3285; x_wconf 88' lang='lat' dir='ltr'><strong>per</strong></span> 
     </span>
    </p>
   </div>
   <div class='ocr_carea' id='block_1_77' title="bbox 2187 3308 3834 3372">
    <p class='ocr_par' dir='ltr' id='par_1_77' title="bbox 2187 3308 3834 3372">
     <span class='ocr_line' id='line_1_77' title="bbox 2187 3308 3834 3372; baseline -0.001 -8"><span class='ocrx_word' id='word_1_522' title='bbox 2187 3309 2471 3364; x_wconf 88' lang='lat' dir='ltr'><strong>Christum</strong></span> <span class='ocrx_word' id='word_1_523' title='bbox 2533 3308 2830 3362; x_wconf 88' lang='lat' dir='ltr'><strong>Dominum</strong></span> <span class='ocrx_word' id='word_1_524' title='bbox 2886 3312 3165 3362; x_wconf 89' lang='lat' dir='ltr'><strong>nostrum.</strong></span> <span class='ocrx_word' id='word_1_525' title='bbox 3237 3310 3357 3372; x_wconf 90' lang='lat' dir='ltr'><strong>Quo</strong></span> <span class='ocrx_word' id='word_1_526' title='bbox 3415 3308 3597 3363; x_wconf 87' lang='lat' dir='ltr'><strong>ﬁdelis</strong></span> <span class='ocrx_word' id='word_1_527' title='bbox 3667 3308 3834 3363; x_wconf 88' lang='lat' dir='ltr'><strong>Israel</strong></span> 
     </span>
    </p>
   </div>
   <div class='ocr_carea' id='block_1_78' title="bbox 2188 3401 3836 3474">
    <p class='ocr_par' dir='ltr' id='par_1_78' title="bbox 2188 3401 3836 3474">
     <span class='ocr_line' id='line_1_78' title="bbox 2188 3401 3836 3474; baseline 0 -16"><span class='ocrx_word' id='word_1_528' title='bbox 2188 3419 2413 3474; x_wconf 85' lang='lat' dir='ltr'><strong>egressa</strong></span> <span class='ocrx_word' id='word_1_529' title='bbox 2460 3407 2546 3456; x_wconf 92' lang='lat' dir='ltr'><strong>est</strong></span> <span class='ocrx_word' id='word_1_530' title='bbox 2584 3401 2654 3457; x_wconf 91' lang='lat' dir='ltr'><strong>de</strong></span> <span class='ocrx_word' id='word_1_531' title='bbox 2697 3403 2966 3472; x_wconf 67' lang='lat' dir='ltr'><strong>Egypto;</strong></span> <span class='ocrx_word' id='word_1_532' title='bbox 3018 3419 3132 3472; x_wconf 92' lang='lat' dir='ltr'><strong>quo</strong></span> <span class='ocrx_word' id='word_1_533' title='bbox 3188 3402 3349 3474; x_wconf 88' lang='lat' dir='ltr'><strong>virgo</strong></span> <span class='ocrx_word' id='word_1_534' title='bbox 3410 3403 3508 3458; x_wconf 93' lang='lat' dir='ltr'><strong>Dei</strong></span> <span class='ocrx_word' id='word_1_535' title='bbox 3580 3403 3836 3474; x_wconf 85' lang='lat' dir='ltr'><strong>genitrix</strong></span> 
     </span>
    </p>
   </div>
   <div class='ocr_carea' id='block_1_79' title="bbox 2187 3495 3835 3567">
    <p class='ocr_par' dir='ltr' id='par_1_79' title="bbox 2187 3495 3835 3567">
     <span class='ocr_line' id='line_1_79' title="bbox 2187 3495 3835 3567; baseline 0.001 -16"><span class='ocrx_word' id='word_1_536' title='bbox 2187 3497 2359 3551; x_wconf 90' lang='lat' dir='ltr'><strong>Maria</strong></span> <span class='ocrx_word' id='word_1_537' title='bbox 2398 3497 2468 3551; x_wconf 92' lang='lat' dir='ltr'><strong>de</strong></span> <span class='ocrx_word' id='word_1_538' title='bbox 2507 3495 2723 3550; x_wconf 92' lang='lat' dir='ltr'><strong>mundo</strong></span> <span class='ocrx_word' id='word_1_539' title='bbox 2765 3495 3032 3567; x_wconf 90' lang='lat' dir='ltr'><strong>migravit</strong></span> <span class='ocrx_word' id='word_1_540' title='bbox 3071 3496 3142 3551; x_wconf 90' lang='lat' dir='ltr'><strong>ad</strong></span> <span class='ocrx_word' id='word_1_541' title='bbox 3183 3497 3491 3562; x_wconf 89' lang='lat' dir='ltr'><strong>Christum,</strong></span> <span class='ocrx_word' id='word_1_542' title='bbox 3520 3516 3543 3544; x_wconf 80' lang='grc' dir='ltr'><strong>ο</strong></span> <span class='ocrx_word' id='word_1_543' title='bbox 3570 3497 3835 3566; x_wconf 81' lang='lat' dir='ltr'><strong>germine</strong></span> 
     </span>
    </p>
   </div>
   <div class='ocr_carea' id='block_1_80' title="bbox 2191 3589 3832 3663">
    <p class='ocr_par' dir='ltr' id='par_1_80' title="bbox 2191 3589 3832 3663">
     <span class='ocr_line' id='line_1_80' title="bbox 2191 3589 3832 3663; baseline 0.001 -18"><span class='ocrx_word' id='word_1_544' title='bbox 2191 3591 2453 3663; x_wconf 87' lang='lat' dir='ltr'><strong>gloriosa,</strong></span> <span class='ocrx_word' id='word_1_545' title='bbox 2481 3589 2838 3644; x_wconf 88' lang='lat' dir='ltr'><strong>adsumtione</strong></span> <span class='ocrx_word' id='word_1_546' title='bbox 2877 3605 3099 3660; x_wconf 91' lang='lat' dir='ltr'><strong>secura,</strong></span> <span class='ocrx_word' id='word_1_547' title='bbox 3127 3591 3372 3661; x_wconf 78' lang='lat' dir='ltr'><strong>paradisi</strong></span> <span class='ocrx_word' id='word_1_548' title='bbox 3399 3591 3528 3645; x_wconf 90' lang='lat' dir='ltr'><strong>dote</strong></span> <span class='ocrx_word' id='word_1_549' title='bbox 3574 3591 3832 3661; x_wconf 62' lang='lat' dir='ltr'><strong>prielata,</strong></span> 
     </span>
    </p>
   </div>
   <div class='ocr_carea' id='block_1_81' title="bbox 2189 3684 3833 3753">
    <p class='ocr_par' dir='ltr' id='par_1_81' title="bbox 2189 3684 3833 3753">
     <span class='ocr_line' id='line_1_81' title="bbox 2189 3684 3833 3753; baseline 0.001 -14"><span class='ocrx_word' id='word_1_550' title='bbox 2189 3686 2398 3739; x_wconf 90' lang='lat' dir='ltr'><strong>damna</strong></span> <span class='ocrx_word' id='word_1_551' title='bbox 2421 3684 2491 3738; x_wconf 89' lang='lat' dir='ltr'><strong>de</strong></span> <span class='ocrx_word' id='word_1_552' title='bbox 2516 3688 2699 3750; x_wconf 89' lang='lat' dir='ltr'><strong>coetu,</strong></span> <span class='ocrx_word' id='word_1_553' title='bbox 2729 3699 2958 3738; x_wconf 89' lang='lat' dir='ltr'><strong>sumens</strong></span> <span class='ocrx_word' id='word_1_554' title='bbox 2995 3689 3123 3738; x_wconf 93' lang='lat' dir='ltr'><strong>vota</strong></span> <span class='ocrx_word' id='word_1_555' title='bbox 3163 3685 3233 3739; x_wconf 85' lang='lat' dir='ltr'><strong>de</strong></span> <span class='ocrx_word' id='word_1_556' title='bbox 3268 3685 3494 3753; x_wconf 90' lang='lat' dir='ltr'><strong>fructu;</strong></span> <span class='ocrx_word' id='word_1_557' title='bbox 3531 3701 3649 3739; x_wconf 92' lang='lat' dir='ltr'><strong>non</strong></span> <span class='ocrx_word' id='word_1_558' title='bbox 3693 3685 3833 3740; x_wconf 89' lang='lat' dir='ltr'><strong>sub-</strong></span> 
     </span>
    </p>
   </div>
   <div class='ocr_carea' id='block_1_82' title="bbox 2189 3777 3831 3850">
    <p class='ocr_par' dir='ltr' id='par_1_82' title="bbox 2189 3777 3831 3850">
     <span class='ocr_line' id='line_1_82' title="bbox 2189 3777 3831 3850; baseline 0.001 -17"><span class='ocrx_word' id='word_1_559' title='bbox 2189 3779 2303 3833; x_wconf 91' lang='lat' dir='ltr'><strong>dita</strong></span> <span class='ocrx_word' id='word_1_560' title='bbox 2327 3777 2507 3832; x_wconf 90' lang='lat' dir='ltr'><strong>labori</strong></span> <span class='ocrx_word' id='word_1_561' title='bbox 2533 3794 2637 3848; x_wconf 89' lang='lat' dir='ltr'><strong>per</strong></span> <span class='ocrx_word' id='word_1_562' title='bbox 2669 3782 2918 3848; x_wconf 90' lang='lat' dir='ltr'><strong>partum,</strong></span> <span class='ocrx_word' id='word_1_563' title='bbox 2958 3794 3074 3832; x_wconf 93' lang='lat' dir='ltr'><strong>non</strong></span> <span class='ocrx_word' id='word_1_564' title='bbox 3119 3778 3299 3834; x_wconf 91' lang='lat' dir='ltr'><strong>dolori</strong></span> <span class='ocrx_word' id='word_1_565' title='bbox 3342 3794 3447 3850; x_wconf 92' lang='lat' dir='ltr'><strong>per</strong></span> <span class='ocrx_word' id='word_1_566' title='bbox 3487 3779 3831 3847; x_wconf 86' lang='lat' dir='ltr'><strong>transitum;</strong></span> 
     </span>
    </p>
   </div>
   <div class='ocr_carea' id='block_1_83' title="bbox 2188 3872 3836 3944">
    <p class='ocr_par' dir='ltr' id='par_1_83' title="bbox 2188 3872 3836 3944">
     <span class='ocr_line' id='line_1_83' title="bbox 2188 3872 3836 3944; baseline -0.001 -16"><span class='ocrx_word' id='word_1_567' title='bbox 2188 3873 2470 3944; x_wconf 86' lang='lat' dir='ltr'><strong>speciosus</strong></span> <span class='ocrx_word' id='word_1_568' title='bbox 2495 3872 2798 3941; x_wconf 90' lang='lat' dir='ltr'><strong>thalamus,</strong></span> <span class='ocrx_word' id='word_1_569' title='bbox 2827 3873 2896 3926; x_wconf 90' lang='lat' dir='ltr'><strong>de</strong></span> <span class='ocrx_word' id='word_1_570' title='bbox 2924 3888 3036 3942; x_wconf 89' lang='lat' dir='ltr'><strong>quo</strong></span> <span class='ocrx_word' id='word_1_571' title='bbox 3058 3873 3291 3927; x_wconf 91' lang='lat' dir='ltr'><strong>decorus</strong></span> <span class='ocrx_word' id='word_1_572' title='bbox 3315 3873 3568 3944; x_wconf 87' lang='lat' dir='ltr'><strong>procedit</strong></span> <span class='ocrx_word' id='word_1_573' title='bbox 3587 3889 3836 3943; x_wconf 89' lang='lat' dir='ltr'><strong>sponsus</strong></span> 
     </span>
    </p>
   </div>
   <div class='ocr_carea' id='block_1_84' title="bbox 2189 3964 3835 4038">
    <p class='ocr_par' dir='ltr' id='par_1_84' title="bbox 2189 3964 3835 4038">
     <span class='ocr_line' id='line_1_84' title="bbox 2189 3964 3835 4038; baseline 0.001 -18"><span class='ocrx_word' id='word_1_574' title='bbox 2189 3966 2288 4021; x_wconf 83' lang='lat' dir='ltr'><strong>lux</strong></span> <span class='ocrx_word' id='word_1_575' title='bbox 2317 3966 2596 4038; x_wconf 89' lang='lat' dir='ltr'><strong>gentium,</strong></span> <span class='ocrx_word' id='word_1_576' title='bbox 2626 3981 2752 4036; x_wconf 89' lang='lat' dir='ltr'><strong>spes</strong></span> <span class='ocrx_word' id='word_1_577' title='bbox 2791 3964 3065 4033; x_wconf 86' lang='lat' dir='ltr'><strong>ﬁdelium,</strong></span> <span class='ocrx_word' id='word_1_578' title='bbox 3098 3967 3292 4037; x_wconf 72' lang='lat' dir='ltr'><strong>praedo</strong></span> <span class='ocrx_word' id='word_1_579' title='bbox 3329 3967 3661 4036; x_wconf 91' lang='lat' dir='ltr'><strong>demonum,</strong></span> <span class='ocrx_word' id='word_1_580' title='bbox 3693 3983 3835 4021; x_wconf 87' lang='lat' dir='ltr'><strong>con-</strong></span> 
     </span>
    </p>
   </div>
   <div class='ocr_carea' id='block_1_85' title="bbox 2188 4060 3835 4130">
    <p class='ocr_par' dir='ltr' id='par_1_85' title="bbox 2188 4060 3835 4130">
     <span class='ocr_line' id='line_1_85' title="bbox 2188 4060 3835 4130; baseline 0 -15"><span class='ocrx_word' id='word_1_581' title='bbox 2188 4061 2333 4115; x_wconf 89' lang='lat' dir='ltr'><strong>fusio</strong></span> <span class='ocrx_word' id='word_1_582' title='bbox 2354 4061 2702 4127; x_wconf 85' lang='lat' dir='ltr'><strong>Judaeorum,</strong></span> <span class='ocrx_word' id='word_1_583' title='bbox 2731 4060 3019 4114; x_wconf 90' lang='lat' dir='ltr'><strong>vasculum</strong></span> <span class='ocrx_word' id='word_1_584' title='bbox 3047 4060 3265 4130; x_wconf 55' lang='lat' dir='ltr'><strong>gloria,</strong></span> <span class='ocrx_word' id='word_1_585' title='bbox 3297 4061 3576 4130; x_wconf 85' lang='lat' dir='ltr'><strong>templum</strong></span> <span class='ocrx_word' id='word_1_586' title='bbox 3606 4061 3835 4115; x_wconf 66' lang='lat' dir='ltr'><strong>caeleste</strong></span> 
     </span>
    </p>
   </div>
   <div class='ocr_carea' id='block_1_86' title="bbox 2191 4153 3835 4227">
    <p class='ocr_par' dir='ltr' id='par_1_86' title="bbox 2191 4153 3835 4227">
     <span class='ocr_line' id='line_1_86' title="bbox 2191 4153 3835 4227; baseline 0 -18"><span class='ocrx_word' id='word_1_587' title='bbox 2191 4156 2373 4227; x_wconf 88' lang='lat' dir='ltr'><strong>[cujus</strong></span> <span class='ocrx_word' id='word_1_588' title='bbox 2404 4154 2729 4226; x_wconf 62' lang='lat' dir='ltr'><strong>juvenculaa</strong></span> <span class='ocrx_word' id='word_1_589' title='bbox 2769 4153 2972 4208; x_wconf 90' lang='lat' dir='ltr'><strong>melius</strong></span> <span class='ocrx_word' id='word_1_590' title='bbox 3011 4154 3415 4224; x_wconf 60' lang='lat' dir='ltr'><strong>pradicantur]</strong></span> <span class='ocrx_word' id='word_1_591' title='bbox 3443 4155 3669 4222; x_wconf 88' lang='lat' dir='ltr'><strong>merita,</strong></span> <span class='ocrx_word' id='word_1_592' title='bbox 3699 4171 3835 4210; x_wconf 88' lang='lat' dir='ltr'><strong>cum</strong></span> 
     </span>
    </p>
   </div>
   <div class='ocr_carea' id='block_1_87' title="bbox 2187 4247 3835 4318">
    <p class='ocr_par' dir='ltr' id='par_1_87' title="bbox 2187 4247 3835 4318">
     <span class='ocr_line' id='line_1_87' title="bbox 2187 4247 3835 4318; baseline -0.001 -15"><span class='ocrx_word' id='word_1_593' title='bbox 2187 4249 2391 4305; x_wconf 83' lang='lat' dir='ltr'><strong>veteris</strong></span> <span class='ocrx_word' id='word_1_594' title='bbox 2444 4249 2571 4302; x_wconf 58' lang='lat' dir='ltr'><strong>Eva:</strong></span> <span class='ocrx_word' id='word_1_595' title='bbox 2617 4247 2981 4302; x_wconf 89' lang='lat' dir='ltr'><strong>conferentur</strong></span> <span class='ocrx_word' id='word_1_596' title='bbox 3024 4248 3306 4317; x_wconf 89' lang='lat' dir='ltr'><strong>exempla.</strong></span> <span class='ocrx_word' id='word_1_597' title='bbox 3346 4247 3405 4302; x_wconf 90' lang='lat' dir='ltr'><strong>Si</strong></span> <span class='ocrx_word' id='word_1_598' title='bbox 3445 4248 3677 4318; x_wconf 89' lang='lat' dir='ltr'><strong>quidem</strong></span> <span class='ocrx_word' id='word_1_599' title='bbox 3725 4248 3835 4303; x_wconf 85' lang='lat' dir='ltr'><strong>ista</strong></span> 
     </span>
    </p>
   </div>
   <div class='ocr_carea' id='block_1_88' title="bbox 2188 4340 3834 4412">
    <p class='ocr_par' dir='ltr' id='par_1_88' title="bbox 2188 4340 3834 4412">
     <span class='ocr_line' id='line_1_88' title="bbox 2188 4340 3834 4412; baseline -0.002 -13"><span class='ocrx_word' id='word_1_600' title='bbox 2188 4343 2402 4399; x_wconf 91' lang='lat' dir='ltr'><strong>mundo</strong></span> <span class='ocrx_word' id='word_1_601' title='bbox 2421 4343 2595 4397; x_wconf 90' lang='lat' dir='ltr'><strong>vitam</strong></span> <span class='ocrx_word' id='word_1_602' title='bbox 2621 4341 2890 4412; x_wconf 79' lang='lat' dir='ltr'><strong>protulit;</strong></span> <span class='ocrx_word' id='word_1_603' title='bbox 2914 4340 3011 4394; x_wconf 91' lang='lat' dir='ltr'><strong>illa</strong></span> <span class='ocrx_word' id='word_1_604' title='bbox 3030 4341 3216 4412; x_wconf 91' lang='lat' dir='ltr'><strong>legem</strong></span> <span class='ocrx_word' id='word_1_605' title='bbox 3237 4341 3435 4394; x_wconf 89' lang='lat' dir='ltr'><strong>mortis</strong></span> <span class='ocrx_word' id='word_1_606' title='bbox 3461 4341 3674 4396; x_wconf 84' lang='lat' dir='ltr'><strong>invexit</strong></span> <span class='ocrx_word' id='word_1_607' title='bbox 3698 4357 3712 4394; x_wconf 87' lang='lat'><strong>:</strong></span> <span class='ocrx_word' id='word_1_608' title='bbox 3735 4341 3834 4396; x_wconf 89' lang='lat' dir='ltr'><strong>illa</strong></span> 
     </span>
    </p>
   </div>
   <div class='ocr_carea' id='block_1_89' title="bbox 2186 4433 3830 4511">
    <p class='ocr_par' dir='ltr' id='par_1_89' title="bbox 2186 4433 3830 4511">
     <span class='ocr_line' id='line_1_89' title="bbox 2186 4433 3830 4511; baseline -0.002 -19"><span class='ocrx_word' id='word_1_609' title='bbox 2186 4436 2604 4511; x_wconf 71' lang='lat' dir='ltr'><strong>psazvaricando</strong></span> <span class='ocrx_word' id='word_1_610' title='bbox 2629 4452 2731 4489; x_wconf 90' lang='lat' dir='ltr'><strong>nos</strong></span> <span class='ocrx_word' id='word_1_611' title='bbox 2759 4433 3032 4504; x_wconf 89' lang='lat' dir='ltr'><strong>perdidit;</strong></span> <span class='ocrx_word' id='word_1_612' title='bbox 3056 4434 3160 4488; x_wconf 90' lang='lat' dir='ltr'><strong>ista</strong></span> <span class='ocrx_word' id='word_1_613' title='bbox 3189 4435 3516 4505; x_wconf 87' lang='lat' dir='ltr'><strong>generando</strong></span> <span class='ocrx_word' id='word_1_614' title='bbox 3545 4435 3782 4489; x_wconf 88' lang='lat' dir='ltr'><strong>servavit</strong></span> <span class='ocrx_word' id='word_1_615' title='bbox 3814 4451 3830 4489; x_wconf 86' lang='lat'><strong>:</strong></span> 
     </span>
    </p>
   </div>
   <div class='ocr_carea' id='block_1_90' title="bbox 2183 4527 3834 4600">
    <p class='ocr_par' dir='ltr' id='par_1_90' title="bbox 2183 4527 3834 4600">
     <span class='ocr_line' id='line_1_90' title="bbox 2183 4527 3834 4600; baseline -0.002 -14"><span class='ocrx_word' id='word_1_616' title='bbox 2183 4533 2276 4587; x_wconf 89' lang='lat' dir='ltr'><strong>illa</strong></span> <span class='ocrx_word' id='word_1_617' title='bbox 2306 4545 2413 4585; x_wconf 90' lang='lat' dir='ltr'><strong>nos</strong></span> <span class='ocrx_word' id='word_1_618' title='bbox 2459 4545 2631 4600; x_wconf 90' lang='lat' dir='ltr'><strong>pomo</strong></span> <span class='ocrx_word' id='word_1_619' title='bbox 2670 4527 2886 4582; x_wconf 90' lang='lat' dir='ltr'><strong>arboris</strong></span> <span class='ocrx_word' id='word_1_620' title='bbox 2923 4527 2981 4581; x_wconf 93' lang='lat' dir='ltr'><strong>in</strong></span> <span class='ocrx_word' id='word_1_621' title='bbox 3021 4527 3143 4598; x_wconf 89' lang='lat' dir='ltr'><strong>ipsa</strong></span> <span class='ocrx_word' id='word_1_622' title='bbox 3180 4527 3369 4582; x_wconf 90' lang='lat' dir='ltr'><strong>radice</strong></span> <span class='ocrx_word' id='word_1_623' title='bbox 3414 4527 3723 4597; x_wconf 88' lang='lat' dir='ltr'><strong>percussit;</strong></span> <span class='ocrx_word' id='word_1_624' title='bbox 3760 4545 3834 4583; x_wconf 88' lang='lat' dir='ltr'><strong>ex</strong></span> 
     </span>
    </p>
   </div>
   <div class='ocr_carea' id='block_1_91' title="bbox 446 4620 3835 4714">
    <p class='ocr_par' dir='ltr' id='par_1_91' title="bbox 446 4620 3835 4714">
     <span class='ocr_line' id='line_1_91' title="bbox 446 4620 3835 4714; baseline 0 -23"><span class='ocrx_word' id='word_1_625' title='bbox 446 4637 596 4692; x_wconf 82' lang='lat' dir='ltr'><strong>tibus</strong></span> <span class='ocrx_word' id='word_1_626' title='bbox 623 4656 796 4710; x_wconf 90' lang='lat' dir='ltr'><strong>super</strong></span> <span class='ocrx_word' id='word_1_627' title='bbox 820 4645 1052 4710; x_wconf 88' lang='lat' dir='ltr'><strong>terram,</strong></span> <span class='ocrx_word' id='word_1_628' title='bbox 1083 4645 1140 4695; x_wconf 89' lang='lat' dir='ltr'><strong>et</strong></span> <span class='ocrx_word' id='word_1_629' title='bbox 1179 4656 1350 4711; x_wconf 91' lang='lat' dir='ltr'><strong>super</strong></span> <span class='ocrx_word' id='word_1_630' title='bbox 1377 4658 1604 4696; x_wconf 91' lang='lat' dir='ltr'><strong>omnem</strong></span> <span class='ocrx_word' id='word_1_631' title='bbox 1640 4648 1867 4714; x_wconf 87' lang='lat' dir='ltr'><strong>gentem</strong></span> <span class='ocrx_word' id='word_1_632' title='bbox 1905 4648 1961 4698; x_wconf 90' lang='lat' dir='ltr'><strong>et</strong></span> <span class='ocrx_word' id='word_1_633' title='bbox 1987 4643 2087 4698; x_wconf 87' lang='lat' dir='ltr'><strong>tri-</strong></span> <span class='ocrx_word' id='word_1_634' title='bbox 2111 4623 2168 4696; x_wconf 86' lang='lat' dir='ltr'><strong>D</strong></span> <span class='ocrx_word' id='word_1_635' title='bbox 2192 4625 2362 4697; x_wconf 64' lang='lat' dir='ltr'><strong>huius</strong></span> <span class='ocrx_word' id='word_1_636' title='bbox 2388 4624 2548 4694; x_wconf 70' lang='lat' dir='ltr'><strong>Virga</strong></span> <span class='ocrx_word' id='word_1_637' title='bbox 2571 4622 2674 4676; x_wconf 73' lang='lat' dir='ltr'><strong>ﬂos</strong></span> <span class='ocrx_word' id='word_1_638' title='bbox 2689 4620 2843 4676; x_wconf 68' lang='grc' dir='ltr'><strong>’θΧίίί</strong></span> <span class='ocrx_word' id='word_1_639' title='bbox 2861 4620 2958 4714; x_wconf 59' lang='grc' dir='ltr'><strong>(ἰαί</strong></span> <span class='ocrx_word' id='word_1_640' title='bbox 2979 4637 3078 4674; x_wconf 75' lang='lat' dir='ltr'><strong>nos</strong></span> <span class='ocrx_word' id='word_1_641' title='bbox 3106 4621 3274 4714; x_wconf 59' lang='grc' dir='ltr'><strong>οάοιᾯ</strong></span> <span class='ocrx_word' id='word_1_642' title='bbox 3295 4620 3575 4689; x_wconf 64' lang='lat' dir='ltr'><strong>refecerit»</strong></span> <span class='ocrx_word' id='word_1_643' title='bbox 3596 4625 3652 4675; x_wconf 63' lang='lat' dir='ltr'><strong>et</strong></span> <span class='ocrx_word' id='word_1_644' title='bbox 3665 4621 3835 4692; x_wconf 68' lang='lat' dir='ltr'><strong>fruge</strong></span> 
     </span>
    </p>
   </div>
   <div class='ocr_carea' id='block_1_92' title="bbox 447 4733 2086 4810">
    <p class='ocr_par' dir='ltr' id='par_1_92' title="bbox 447 4733 2086 4810">
     <span class='ocr_line' id='line_1_92' title="bbox 447 4733 2086 4810; baseline 0.006 -26"><span class='ocrx_word' id='word_1_645' title='bbox 447 4733 606 4798; x_wconf 90' lang='lat' dir='ltr'><strong>bum,</strong></span> <span class='ocrx_word' id='word_1_646' title='bbox 637 4738 692 4788; x_wconf 91' lang='lat' dir='ltr'><strong>et</strong></span> <span class='ocrx_word' id='word_1_647' title='bbox 715 4733 992 4804; x_wconf 87' lang='lat' dir='ltr'><strong>linguam,</strong></span> <span class='ocrx_word' id='word_1_648' title='bbox 1022 4739 1078 4788; x_wconf 91' lang='lat' dir='ltr'><strong>et</strong></span> <span class='ocrx_word' id='word_1_649' title='bbox 1103 4735 1400 4806; x_wconf 91' lang='lat' dir='ltr'><strong>populum,</strong></span> <span class='ocrx_word' id='word_1_650' title='bbox 1429 4736 1619 4792; x_wconf 90' lang='lat' dir='ltr'><strong>dicens</strong></span> <span class='ocrx_word' id='word_1_651' title='bbox 1659 4755 1867 4810; x_wconf 88' lang='lat' dir='ltr'><strong>magna</strong></span> <span class='ocrx_word' id='word_1_652' title='bbox 1910 4754 2042 4792; x_wconf 90' lang='lat' dir='ltr'><strong>voce</strong></span> <span class='ocrx_word' id='word_1_653' title='bbox 2072 4755 2086 4794; x_wconf 89' lang='lat'><strong>:</strong></span> 
     </span>
    </p>
   </div>
   <div class='ocr_carea' id='block_1_93' title="bbox 446 4825 2091 4903">
    <p class='ocr_par' dir='ltr' id='par_1_93' title="bbox 446 4825 2091 4903">
     <span class='ocr_line' id='line_1_93' title="bbox 446 4825 2091 4903; baseline 0.005 -25"><span class='ocrx_word' id='word_1_654' title='bbox 446 4825 662 4880; x_wconf 87' lang='lat' dir='ltr'><strong>Timete</strong></span> <span class='ocrx_word' id='word_1_655' title='bbox 685 4827 882 4894; x_wconf 92' lang='lat' dir='ltr'><strong>Deum,</strong></span> <span class='ocrx_word' id='word_1_656' title='bbox 912 4832 968 4882; x_wconf 87' lang='lat' dir='ltr'><strong>et</strong></span> <span class='ocrx_word' id='word_1_657' title='bbox 1003 4829 1129 4884; x_wconf 88' lang='lat' dir='ltr'><strong>date</strong></span> <span class='ocrx_word' id='word_1_658' title='bbox 1169 4828 1252 4883; x_wconf 92' lang='lat' dir='ltr'><strong>illi</strong></span> <span class='ocrx_word' id='word_1_659' title='bbox 1281 4829 1576 4900; x_wconf 89' lang='lat' dir='ltr'><strong>honorem,</strong></span> <span class='ocrx_word' id='word_1_660' title='bbox 1606 4832 1739 4903; x_wconf 91' lang='lat' dir='ltr'><strong>quia</strong></span> <span class='ocrx_word' id='word_1_661' title='bbox 1771 4832 1924 4887; x_wconf 88' lang='lat' dir='ltr'><strong>venit</strong></span> <span class='ocrx_word' id='word_1_662' title='bbox 1951 4832 2091 4886; x_wconf 89' lang='lat' dir='ltr'><strong>hora</strong></span> 
     </span>
    </p>
   </div>
   <div class='ocr_carea' id='block_1_94' title="bbox 440 4918 2086 4997">
    <p class='ocr_par' dir='ltr' id='par_1_94' title="bbox 440 4918 2086 4997">
     <span class='ocr_line' id='line_1_94' title="bbox 440 4918 2086 4997; baseline 0.005 -25"><span class='ocrx_word' id='word_1_663' title='bbox 440 4918 639 4989; x_wconf 86' lang='lat' dir='ltr'><strong>judicii</strong></span> <span class='ocrx_word' id='word_1_664' title='bbox 670 4920 820 4990; x_wconf 89' lang='lat' dir='ltr'><strong>ejus;</strong></span> <span class='ocrx_word' id='word_1_665' title='bbox 861 4925 918 4976; x_wconf 90' lang='lat' dir='ltr'><strong>et</strong></span> <span class='ocrx_word' id='word_1_666' title='bbox 941 4923 1166 4978; x_wconf 90' lang='lat' dir='ltr'><strong>adorate</strong></span> <span class='ocrx_word' id='word_1_667' title='bbox 1194 4939 1328 4979; x_wconf 91' lang='lat' dir='ltr'><strong>eum</strong></span> <span class='ocrx_word' id='word_1_668' title='bbox 1357 4925 1456 4997; x_wconf 90' lang='lat' dir='ltr'><strong>qui</strong></span> <span class='ocrx_word' id='word_1_669' title='bbox 1483 4925 1615 4980; x_wconf 83' lang='lat' dir='ltr'><strong>fecit</strong></span> <span class='ocrx_word' id='word_1_670' title='bbox 1643 4926 1842 4980; x_wconf 66' lang='lat' dir='ltr'><strong>caelum</strong></span> <span class='ocrx_word' id='word_1_671' title='bbox 1888 4930 1944 4979; x_wconf 90' lang='lat' dir='ltr'><strong>et</strong></span> <span class='ocrx_word' id='word_1_672' title='bbox 1971 4929 2086 4980; x_wconf 85' lang='lat' dir='ltr'><strong>ter-</strong></span> 
     </span>
    </p>
   </div>
   <div class='ocr_carea' id='block_1_95' title="bbox 447 5017 1410 5090">
    <p class='ocr_par' dir='ltr' id='par_1_95' title="bbox 447 5017 1410 5090">
     <span class='ocr_line' id='line_1_95' title="bbox 447 5017 1410 5090; baseline 0.006 -22"><span class='ocrx_word' id='word_1_673' title='bbox 447 5030 591 5082; x_wconf 91' lang='lat' dir='ltr'><strong>ram,</strong></span> <span class='ocrx_word' id='word_1_674' title='bbox 621 5031 776 5070; x_wconf 90' lang='lat' dir='ltr'><strong>mare</strong></span> <span class='ocrx_word' id='word_1_675' title='bbox 815 5020 872 5072; x_wconf 91' lang='lat' dir='ltr'><strong>et</strong></span> <span class='ocrx_word' id='word_1_676' title='bbox 899 5017 1082 5074; x_wconf 91' lang='lat' dir='ltr'><strong>fontes</strong></span> <span class='ocrx_word' id='word_1_677' title='bbox 1109 5035 1410 5090; x_wconf 89' lang='lat' dir='ltr'><strong>aquarum.</strong></span> 
     </span>
    </p>
   </div>
   <div class='ocr_carea' id='block_1_96' title="bbox 641 5110 1908 5176">
    <p class='ocr_par' dir='ltr' id='par_1_96' title="bbox 641 5110 1908 5176">
     <span class='ocr_line' id='line_1_96' title="bbox 641 5110 1908 5176; baseline 0.002 -17"><span class='ocrx_word' id='word_1_678' title='bbox 641 5110 818 5160; x_wconf 90' lang='lat' dir='ltr'><strong>Lectio</strong></span> <span class='ocrx_word' id='word_1_679' title='bbox 846 5112 1011 5162; x_wconf 85' lang='lat' dir='ltr'><strong>sancti</strong></span> <span class='ocrx_word' id='word_1_680' title='bbox 1039 5112 1309 5176; x_wconf 86' lang='lat' dir='ltr'><strong>Evangelii</strong></span> <span class='ocrx_word' id='word_1_681' title='bbox 1337 5112 1627 5163; x_wconf 88' lang='lat' dir='ltr'><strong>secundum</strong></span> <span class='ocrx_word' id='word_1_682' title='bbox 1652 5114 1842 5162; x_wconf 88' lang='lat' dir='ltr'><strong>Lucam</strong></span> <span class='ocrx_word' id='word_1_683' title='bbox 1864 5113 1908 5162; x_wconf 80' lang='grc'><strong>⁸.</strong></span> 
     </span>
    </p>
   </div>
   <div class='ocr_carea' id='block_1_97' title="bbox 520 5185 2088 5259">
    <p class='ocr_par' dir='ltr' id='par_1_97' title="bbox 520 5185 2088 5259">
     <span class='ocr_line' id='line_1_97' title="bbox 520 5185 2088 5259; baseline 0.003 -20"><span class='ocrx_word' id='word_1_684' title='bbox 520 5185 749 5241; x_wconf 86' lang='lat' dir='ltr'><strong>Factum</strong></span> <span class='ocrx_word' id='word_1_685' title='bbox 773 5190 856 5243; x_wconf 91' lang='lat' dir='ltr'><strong>est</strong></span> <span class='ocrx_word' id='word_1_686' title='bbox 883 5191 1076 5243; x_wconf 87' lang='lat' dir='ltr'><strong>autem</strong></span> <span class='ocrx_word' id='word_1_687' title='bbox 1107 5188 1246 5243; x_wconf 91' lang='lat' dir='ltr'><strong>dum</strong></span> <span class='ocrx_word' id='word_1_688' title='bbox 1283 5188 1393 5243; x_wconf 88' lang='lat' dir='ltr'><strong>iret</strong></span> <span class='ocrx_word' id='word_1_689' title='bbox 1426 5187 1698 5242; x_wconf 90' lang='lat' dir='ltr'><strong>Dominus</strong></span> <span class='ocrx_word' id='word_1_690' title='bbox 1736 5189 1878 5259; x_wconf 90' lang='lat' dir='ltr'><strong>ejus,</strong></span> <span class='ocrx_word' id='word_1_691' title='bbox 1909 5188 2088 5244; x_wconf 87' lang='lat' dir='ltr'><strong>intra-</strong></span> 
     </span>
    </p>
   </div>
   <div class='ocr_carea' id='block_1_98' title="bbox 447 5280 2091 5354">
    <p class='ocr_par' dir='ltr' id='par_1_98' title="bbox 447 5280 2091 5354">
     <span class='ocr_line' id='line_1_98' title="bbox 447 5280 2091 5354; baseline 0.003 -21"><span class='ocrx_word' id='word_1_692' title='bbox 447 5280 525 5336; x_wconf 87' lang='lat' dir='ltr'><strong>vit</strong></span> <span class='ocrx_word' id='word_1_693' title='bbox 547 5280 608 5335; x_wconf 90' lang='lat' dir='ltr'><strong>in</strong></span> <span class='ocrx_word' id='word_1_694' title='bbox 634 5281 924 5354; x_wconf 90' lang='lat' dir='ltr'><strong>quoddam</strong></span> <span class='ocrx_word' id='word_1_695' title='bbox 949 5281 1263 5350; x_wconf 91' lang='lat' dir='ltr'><strong>castellum,</strong></span> <span class='ocrx_word' id='word_1_696' title='bbox 1280 5285 1338 5338; x_wconf 91' lang='lat' dir='ltr'><strong>et</strong></span> <span class='ocrx_word' id='word_1_697' title='bbox 1363 5281 1568 5337; x_wconf 91' lang='lat' dir='ltr'><strong>mulier</strong></span> <span class='ocrx_word' id='word_1_698' title='bbox 1591 5283 1852 5354; x_wconf 82' lang='lat' dir='ltr'><strong>quaedem</strong></span> <span class='ocrx_word' id='word_1_699' title='bbox 1877 5283 2091 5338; x_wconf 83' lang='lat' dir='ltr'><strong>Martha</strong></span> 
     </span>
    </p>
   </div>
   <div class='ocr_carea' id='block_1_99' title="bbox 446 5375 2091 5448">
    <p class='ocr_par' dir='ltr' id='par_1_99' title="bbox 446 5375 2091 5448">
     <span class='ocr_line' id='line_1_99' title="bbox 446 5375 2091 5448; baseline 0.001 -19"><span class='ocrx_word' id='word_1_700' title='bbox 446 5375 676 5431; x_wconf 91' lang='lat' dir='ltr'><strong>nomine</strong></span> <span class='ocrx_word' id='word_1_701' title='bbox 713 5376 934 5448; x_wconf 90' lang='lat' dir='ltr'><strong>excepit</strong></span> <span class='ocrx_word' id='word_1_702' title='bbox 978 5375 1142 5432; x_wconf 90' lang='lat' dir='ltr'><strong>illum</strong></span> <span class='ocrx_word' id='word_1_703' title='bbox 1192 5377 1251 5431; x_wconf 92' lang='lat' dir='ltr'><strong>in</strong></span> <span class='ocrx_word' id='word_1_704' title='bbox 1302 5377 1473 5432; x_wconf 90' lang='lat' dir='ltr'><strong>domo</strong></span> <span class='ocrx_word' id='word_1_705' title='bbox 1517 5393 1638 5432; x_wconf 90' lang='lat' dir='ltr'><strong>sua.</strong></span> <span class='ocrx_word' id='word_1_706' title='bbox 1679 5377 1747 5434; x_wconf 89' lang='lat' dir='ltr'><strong>Et</strong></span> <span class='ocrx_word' id='word_1_707' title='bbox 1786 5377 1918 5433; x_wconf 91' lang='lat' dir='ltr'><strong>huic</strong></span> <span class='ocrx_word' id='word_1_708' title='bbox 1973 5381 2091 5432; x_wconf 88' lang='lat' dir='ltr'><strong>erat</strong></span> 
     </span>
    </p>
   </div>
   <div class='ocr_carea' id='block_1_100' title="bbox 517 5499 2093 5574">
    <p class='ocr_par' dir='ltr' id='par_1_100' title="bbox 517 5499 2093 5574">
     <span class='ocr_line' id='line_1_100' title="bbox 517 5499 2093 5574; baseline -0.001 -20"><span class='ocrx_word' id='word_1_709' title='bbox 517 5499 544 5574; x_wconf 47' lang='grc' dir='ltr'><strong><em>ἓ</em></strong></span> <span class='ocrx_word' id='word_1_710' title='bbox 573 5502 690 5574; x_wconf 78' lang='lat' dir='ltr'><strong>Hoc</strong></span> <span class='ocrx_word' id='word_1_711' title='bbox 725 5501 1098 5574; x_wconf 81' lang='lat' dir='ltr'><strong>Evangelium</strong></span> <span class='ocrx_word' id='word_1_712' title='bbox 1125 5503 1296 5574; x_wconf 90' lang='lat' dir='ltr'><strong>modo</strong></span> <span class='ocrx_word' id='word_1_713' title='bbox 1326 5503 1495 5557; x_wconf 90' lang='lat' dir='ltr'><strong>etiam</strong></span> <span class='ocrx_word' id='word_1_714' title='bbox 1532 5502 1743 5574; x_wconf 91' lang='lat' dir='ltr'><strong>legitur</strong></span> <span class='ocrx_word' id='word_1_715' title='bbox 1781 5503 1839 5556; x_wconf 92' lang='lat' dir='ltr'><strong>in</strong></span> <span class='ocrx_word' id='word_1_716' title='bbox 1866 5505 2093 5574; x_wconf 89' lang='lat' dir='ltr'><strong>Assum-</strong></span> 
     </span>
    </p>
   </div>
   <div class='ocr_carea' id='block_1_101' title="bbox 445 5572 2087 5645">
    <p class='ocr_par' dir='ltr' id='par_1_101' title="bbox 445 5572 2087 5645">
     <span class='ocr_line' id='line_1_101' title="bbox 445 5572 2087 5645; baseline 0.001 -21"><span class='ocrx_word' id='word_1_717' title='bbox 445 5572 634 5642; x_wconf 84' lang='lat' dir='ltr'><strong>ptione</strong></span> <span class='ocrx_word' id='word_1_718' title='bbox 663 5572 915 5645; x_wconf 63' lang='lat' dir='ltr'><strong>Deiparaé</strong></span> <span class='ocrx_word' id='word_1_719' title='bbox 947 5591 959 5627; x_wconf 92' lang='lat'><strong>:</strong></span> <span class='ocrx_word' id='word_1_720' title='bbox 988 5574 1143 5628; x_wconf 89' lang='lat' dir='ltr'><strong>aliud</strong></span> <span class='ocrx_word' id='word_1_721' title='bbox 1180 5573 1240 5628; x_wconf 91' lang='lat' dir='ltr'><strong>in</strong></span> <span class='ocrx_word' id='word_1_722' title='bbox 1281 5572 1634 5628; x_wconf 80' lang='lat' dir='ltr'><strong>Lectionario</strong></span> <span class='ocrx_word' id='word_1_723' title='bbox 1652 5573 1989 5645; x_wconf 84' lang='lat' dir='ltr'><strong>Luxoviensi</strong></span> <span class='ocrx_word' id='word_1_724' title='bbox 2017 5589 2087 5626; x_wconf 90' lang='lat' dir='ltr'><strong>ex</strong></span> 
     </span>
    </p>
   </div>
   <div class='ocr_carea' id='block_1_102' title="bbox 447 5644 2092 5714">
    <p class='ocr_par' dir='ltr' id='par_1_102' title="bbox 447 5644 2092 5714">
     <span class='ocr_line' id='line_1_102' title="bbox 447 5644 2092 5714; baseline 0.001 -19"><span class='ocrx_word' id='word_1_725' title='bbox 447 5645 608 5714; x_wconf 66' lang='lat' dir='ltr'><strong>Luca:</strong></span> <span class='ocrx_word' id='word_1_726' title='bbox 636 5644 807 5714; x_wconf 29' lang='lat' dir='ltr'><strong>cap.’I</strong></span> <span class='ocrx_word' id='word_1_727' title='bbox 841 5661 853 5698; x_wconf 93' lang='lat'>:</span> <span class='ocrx_word' id='word_1_728' title='bbox 887 5647 1200 5713; x_wconf 64' lang='lat' dir='ltr'><strong>Exsurgens</strong></span> <span class='ocrx_word' id='word_1_729' title='bbox 1240 5647 1443 5706; x_wconf 80' lang='lat' dir='ltr'><strong>Maria,</strong></span> <span class='ocrx_word' id='word_1_730' title='bbox 1473 5650 1580 5699; x_wconf 86' lang='lat' dir='ltr'><strong>etc.</strong></span> <span class='ocrx_word' id='word_1_731' title='bbox 1615 5647 1674 5698; x_wconf 91' lang='lat' dir='ltr'><strong>In</strong></span> <span class='ocrx_word' id='word_1_732' title='bbox 1718 5644 2092 5697; x_wconf 86' lang='lat' dir='ltr'><strong>vetustissimo</strong></span> 
     </span>
    </p>
   </div>
   <div class='ocr_carea' id='block_1_103' title="bbox 448 5713 2093 5786">
    <p class='ocr_par' dir='ltr' id='par_1_103' title="bbox 448 5713 2093 5786">
     <span class='ocr_line' id='line_1_103' title="bbox 448 5713 2093 5786; baseline 0.002 -21"><span class='ocrx_word' id='word_1_733' title='bbox 448 5713 782 5769; x_wconf 67' lang='lat' dir='ltr'><strong>lx’alendario</strong></span> <span class='ocrx_word' id='word_1_734' title='bbox 825 5717 1002 5770; x_wconf 89' lang='lat' dir='ltr'><strong>sancti</strong></span> <span class='ocrx_word' id='word_1_735' title='bbox 1041 5716 1258 5786; x_wconf 88' lang='lat' dir='ltr'><strong>Cyriaci</strong></span> <span class='ocrx_word' id='word_1_736' title='bbox 1291 5733 1356 5770; x_wconf 92' lang='lat' dir='ltr'><strong>ac</strong></span> <span class='ocrx_word' id='word_1_737' title='bbox 1395 5717 1669 5770; x_wconf 89' lang='lat' dir='ltr'><strong>Thermas</strong></span> <span class='ocrx_word' id='word_1_738' title='bbox 1719 5719 1989 5768; x_wconf 86' lang='lat' dir='ltr'><strong>notatur:</strong></span> <span class='ocrx_word' id='word_1_739' title='bbox 2024 5731 2093 5768; x_wconf 85' lang='lat' dir='ltr'><strong>xv</strong></span> 
     </span>
    </p>
   </div>
   <div class='ocr_carea' id='block_1_104' title="bbox 449 5786 2094 5856">
    <p class='ocr_par' dir='ltr' id='par_1_104' title="bbox 449 5786 2094 5856">
     <span class='ocr_line' id='line_1_104' title="bbox 449 5786 2094 5856; baseline 0.002 -18"><span class='ocrx_word' id='word_1_740' title='bbox 449 5786 573 5838; x_wconf 84' lang='lat' dir='ltr'><strong>Kal.</strong></span> <span class='ocrx_word' id='word_1_741' title='bbox 596 5787 717 5839; x_wconf 83' lang='lat' dir='ltr'><strong>Feb.</strong></span> <span class='ocrx_word' id='word_1_742' title='bbox 750 5789 1018 5856; x_wconf 78' lang='lat' dir='ltr'><strong>Depositio</strong></span> <span class='ocrx_word' id='word_1_743' title='bbox 1048 5792 1250 5842; x_wconf 77' lang='lat' dir='ltr'><strong>sancta:</strong></span> <span class='ocrx_word' id='word_1_744' title='bbox 1272 5790 1466 5842; x_wconf 59' lang='lat' dir='ltr'><strong>Maria</strong></span> <span class='ocrx_word' id='word_1_745' title='bbox 1489 5788 1741 5852; x_wconf 76' lang='lat' dir='ltr'><strong>virginis,</strong></span> <span class='ocrx_word' id='word_1_746' title='bbox 1771 5788 1966 5839; x_wconf 80' lang='lat' dir='ltr'><strong>matris</strong></span> <span class='ocrx_word' id='word_1_747' title='bbox 1993 5789 2094 5841; x_wconf 85' lang='lat' dir='ltr'><strong>Do-</strong></span> 
     </span>
    </p>
   </div>
   <div class='ocr_carea' id='block_1_105' title="bbox 462 5858 1194 5912">
    <p class='ocr_par' dir='ltr' id='par_1_105' title="bbox 462 5858 1194 5912">
     <span class='ocr_line' id='line_1_105' title="bbox 462 5858 1194 5912; baseline 0.004 -4"><span class='ocrx_word' id='word_1_748' title='bbox 462 5858 598 5908; x_wconf 79' lang='lat' dir='ltr'><strong>mini</strong></span> <span class='ocrx_word' id='word_1_749' title='bbox 621 5860 794 5910; x_wconf 79' lang='lat' dir='ltr'><strong>nostri</strong></span> <span class='ocrx_word' id='word_1_750' title='bbox 821 5861 948 5912; x_wconf 83' lang='lat' dir='ltr'><strong>Jesu</strong></span> <span class='ocrx_word' id='word_1_751' title='bbox 973 5859 1194 5912; x_wconf 76' lang='lat' dir='ltr'><strong>Christi.</strong></span> 
     </span>
    </p>
   </div>
   <div class='ocr_carea' id='block_1_106' title="bbox 525 5926 2093 6001">
    <p class='ocr_par' dir='ltr' id='par_1_106' title="bbox 525 5926 2093 6001">
     <span class='ocr_line' id='line_1_106' title="bbox 525 5926 2093 6001; baseline 0.004 -22"><span class='ocrx_word' id='word_1_752' title='bbox 525 5926 550 5963; x_wconf 62' lang='grc' dir='ltr'><strong>ι)</strong></span> <span class='ocrx_word' id='word_1_753' title='bbox 581 5927 805 5982; x_wconf 81' lang='lat' dir='ltr'><strong>Eaedem</strong></span> <span class='ocrx_word' id='word_1_754' title='bbox 833 5927 1111 5984; x_wconf 87' lang='lat' dir='ltr'><strong>orationes</strong></span> <span class='ocrx_word' id='word_1_755' title='bbox 1139 5927 1200 5983; x_wconf 89' lang='lat' dir='ltr'><strong>in</strong></span> <span class='ocrx_word' id='word_1_756' title='bbox 1244 5927 1578 5985; x_wconf 83' lang='lat' dir='ltr'><strong>Lexionario</strong></span> <span class='ocrx_word' id='word_1_757' title='bbox 1609 5927 1964 6001; x_wconf 82' lang='lat' dir='ltr'><strong>Luxoviensi,</strong></span> <span class='ocrx_word' id='word_1_758' title='bbox 1995 5929 2093 5986; x_wconf 85' lang='lat' dir='ltr'><strong>sed</strong></span> 
     </span>
    </p>
   </div>
   <div class='ocr_carea' id='block_1_107' title="bbox 2189 4713 3838 4784">
    <p class='ocr_par' dir='ltr' id='par_1_107' title="bbox 2189 4713 3838 4784">
     <span class='ocr_line' id='line_1_107' title="bbox 2189 4713 3838 4784; baseline -0.004 -10"><span class='ocrx_word' id='word_1_759' title='bbox 2189 4718 2402 4774; x_wconf 90' lang='lat' dir='ltr'><strong>curarit</strong></span> <span class='ocrx_word' id='word_1_760' title='bbox 2445 4733 2457 4771; x_wconf 93' lang='lat'><strong>:</strong></span> <span class='ocrx_word' id='word_1_761' title='bbox 2505 4717 2600 4770; x_wconf 90' lang='lat' dir='ltr'><strong>illa</strong></span> <span class='ocrx_word' id='word_1_762' title='bbox 2632 4713 3030 4770; x_wconf 89' lang='lat' dir='ltr'><strong>maledictione</strong></span> <span class='ocrx_word' id='word_1_763' title='bbox 3074 4714 3136 4768; x_wconf 91' lang='lat' dir='ltr'><strong>in</strong></span> <span class='ocrx_word' id='word_1_764' title='bbox 3175 4713 3367 4769; x_wconf 89' lang='lat' dir='ltr'><strong>dolore</strong></span> <span class='ocrx_word' id='word_1_765' title='bbox 3406 4720 3681 4784; x_wconf 88' lang='lat' dir='ltr'><strong>generat;</strong></span> <span class='ocrx_word' id='word_1_766' title='bbox 3728 4714 3838 4768; x_wconf 84' lang='lat' dir='ltr'><strong>ista</strong></span> 
     </span>
    </p>
   </div>
   <div class='ocr_carea' id='block_1_108' title="bbox 2190 4807 3838 4880">
    <p class='ocr_par' dir='ltr' id='par_1_108' title="bbox 2190 4807 3838 4880">
     <span class='ocr_line' id='line_1_108' title="bbox 2190 4807 3838 4880; baseline -0.003 -11"><span class='ocrx_word' id='word_1_767' title='bbox 2190 4810 2578 4868; x_wconf 86' lang='lat' dir='ltr'><strong>benedictione</strong></span> <span class='ocrx_word' id='word_1_768' title='bbox 2605 4810 2664 4864; x_wconf 93' lang='lat' dir='ltr'><strong>in</strong></span> <span class='ocrx_word' id='word_1_769' title='bbox 2693 4809 2874 4864; x_wconf 90' lang='lat' dir='ltr'><strong>salute</strong></span> <span class='ocrx_word' id='word_1_770' title='bbox 2898 4825 2912 4862; x_wconf 89' lang='lat'><strong>:</strong></span> <span class='ocrx_word' id='word_1_771' title='bbox 2940 4808 3035 4863; x_wconf 91' lang='lat' dir='ltr'><strong>illa</strong></span> <span class='ocrx_word' id='word_1_772' title='bbox 3063 4807 3301 4878; x_wconf 82' lang='lat' dir='ltr'><strong>perﬁdia</strong></span> <span class='ocrx_word' id='word_1_773' title='bbox 3325 4808 3576 4880; x_wconf 89' lang='lat' dir='ltr'><strong>serpenti</strong></span> <span class='ocrx_word' id='word_1_774' title='bbox 3603 4825 3838 4864; x_wconf 83' lang='lat' dir='ltr'><strong>consen-</strong></span> 
     </span>
    </p>
   </div>
   <div class='ocr_carea' id='block_1_109' title="bbox 2189 4901 3838 4976">
    <p class='ocr_par' dir='ltr' id='par_1_109' title="bbox 2189 4901 3838 4976">
     <span class='ocr_line' id='line_1_109' title="bbox 2189 4901 3838 4976; baseline -0.002 -14"><span class='ocrx_word' id='word_1_775' title='bbox 2189 4907 2281 4976; x_wconf 89' lang='lat' dir='ltr'><strong>sit,</strong></span> <span class='ocrx_word' id='word_1_776' title='bbox 2314 4905 2622 4976; x_wconf 87' lang='lat' dir='ltr'><strong>conjugem</strong></span> <span class='ocrx_word' id='word_1_777' title='bbox 2639 4901 2881 4973; x_wconf 90' lang='lat' dir='ltr'><strong>decepit,</strong></span> <span class='ocrx_word' id='word_1_778' title='bbox 2910 4901 3130 4973; x_wconf 90' lang='lat' dir='ltr'><strong>prolem</strong></span> <span class='ocrx_word' id='word_1_779' title='bbox 3158 4901 3505 4968; x_wconf 78' lang='lat' dir='ltr'><strong>damnavitd,</strong></span> <span class='ocrx_word' id='word_1_780' title='bbox 3527 4901 3639 4956; x_wconf 89' lang='lat' dir='ltr'><strong>nisi</strong></span> <span class='ocrx_word' id='word_1_781' title='bbox 3664 4902 3838 4958; x_wconf 85' lang='lat' dir='ltr'><strong>etiam</strong></span> 
     </span>
    </p>
   </div>
   <div class='ocr_carea' id='block_1_110' title="bbox 2153 4995 3836 5067">
    <p class='ocr_par' dir='ltr' id='par_1_110' title="bbox 2153 4995 3836 5067">
     <span class='ocr_line' id='line_1_110' title="bbox 2153 4995 3836 5067; baseline -0.004 -13"><span class='ocrx_word' id='word_1_782' title='bbox 2153 5044 2156 5046; x_wconf 92' lang='lat'><strong>.</strong></span> <span class='ocrx_word' id='word_1_783' title='bbox 2191 5000 2291 5054; x_wconf 87' lang='lat' dir='ltr'><strong>tali</strong></span> <span class='ocrx_word' id='word_1_784' title='bbox 2323 4997 2494 5054; x_wconf 90' lang='lat' dir='ltr'><strong>matri</strong></span> <span class='ocrx_word' id='word_1_785' title='bbox 2523 4997 2852 5051; x_wconf 90' lang='lat' dir='ltr'><strong>adornasset</strong></span> <span class='ocrx_word' id='word_1_786' title='bbox 2878 5010 3192 5066; x_wconf 80' lang='lat' dir='ltr'><strong>egressum.</strong></span> <span class='ocrx_word' id='word_1_787' title='bbox 3233 4997 3402 5051; x_wconf 84' lang='lat' dir='ltr'><strong>Recte</strong></span> <span class='ocrx_word' id='word_1_788' title='bbox 3431 4995 3502 5050; x_wconf 90' lang='lat' dir='ltr'><strong>ab</strong></span> <span class='ocrx_word' id='word_1_789' title='bbox 3545 4996 3670 5067; x_wconf 90' lang='lat' dir='ltr'><strong>ipso</strong></span> <span class='ocrx_word' id='word_1_790' title='bbox 3711 5011 3836 5049; x_wconf 90' lang='lat' dir='ltr'><strong>sus-</strong></span> 
     </span>
    </p>
   </div>
   <div class='ocr_carea' id='block_1_111' title="bbox 2191 5089 3839 5164">
    <p class='ocr_par' dir='ltr' id='par_1_111' title="bbox 2191 5089 3839 5164">
     <span class='ocr_line' id='line_1_111' title="bbox 2191 5089 3839 5164; baseline -0.002 -16"><span class='ocrx_word' id='word_1_791' title='bbox 2191 5098 2353 5164; x_wconf 88' lang='lat' dir='ltr'><strong>cepta</strong></span> <span class='ocrx_word' id='word_1_792' title='bbox 2378 5110 2437 5148; x_wconf 92' lang='lat' dir='ltr'><strong>es</strong></span> <span class='ocrx_word' id='word_1_793' title='bbox 2460 5092 2521 5146; x_wconf 91' lang='lat' dir='ltr'><strong>in</strong></span> <span class='ocrx_word' id='word_1_794' title='bbox 2555 5089 2914 5146; x_wconf 90' lang='lat' dir='ltr'><strong>adsumtione</strong></span> <span class='ocrx_word' id='word_1_795' title='bbox 2934 5089 3195 5159; x_wconf 80' lang='lat' dir='ltr'><strong>feliciter,</strong></span> <span class='ocrx_word' id='word_1_796' title='bbox 3219 5089 3391 5160; x_wconf 88' lang='lat' dir='ltr'><strong>quem</strong></span> <span class='ocrx_word' id='word_1_797' title='bbox 3417 5089 3511 5161; x_wconf 92' lang='lat' dir='ltr'><strong>pie</strong></span> <span class='ocrx_word' id='word_1_798' title='bbox 3540 5089 3839 5161; x_wconf 89' lang='lat' dir='ltr'><strong>suscepisti</strong></span> 
     </span>
    </p>
   </div>
   <div class='ocr_carea' id='block_1_112' title="bbox 2191 5182 3835 5258">
    <p class='ocr_par' dir='ltr' id='par_1_112' title="bbox 2191 5182 3835 5258">
     <span class='ocr_line' id='line_1_112' title="bbox 2191 5182 3835 5258; baseline -0.002 -17"><span class='ocrx_word' id='word_1_799' title='bbox 2191 5191 2532 5258; x_wconf 79' lang='lat' dir='ltr'><strong>conceptum</strong></span> <span class='ocrx_word' id='word_1_800' title='bbox 2560 5200 2664 5256; x_wconf 91' lang='lat' dir='ltr'><strong>per</strong></span> <span class='ocrx_word' id='word_1_801' title='bbox 2688 5184 2862 5238; x_wconf 85' lang='lat' dir='ltr'><strong>ﬁdem</strong></span> <span class='ocrx_word' id='word_1_802' title='bbox 2893 5200 2906 5238; x_wconf 91' lang='lat'><strong>:</strong></span> <span class='ocrx_word' id='word_1_803' title='bbox 2939 5188 3004 5238; x_wconf 91' lang='lat' dir='ltr'><strong>ut</strong></span> <span class='ocrx_word' id='word_1_804' title='bbox 3051 5182 3150 5254; x_wconf 90' lang='lat' dir='ltr'><strong>qui</strong></span> <span class='ocrx_word' id='word_1_805' title='bbox 3184 5187 3350 5239; x_wconf 62' lang='lat' dir='ltr'><strong>terras</strong></span> <span class='ocrx_word' id='word_1_806' title='bbox 3381 5200 3496 5238; x_wconf 92' lang='lat' dir='ltr'><strong>non</strong></span> <span class='ocrx_word' id='word_1_807' title='bbox 3542 5200 3666 5238; x_wconf 88' lang='lat' dir='ltr'><strong>eras</strong></span> <span class='ocrx_word' id='word_1_808' title='bbox 3700 5199 3835 5238; x_wconf 91' lang='lat' dir='ltr'><strong>con-</strong></span> 
     </span>
    </p>
   </div>
   <div class='ocr_carea' id='block_1_113' title="bbox 2191 5277 3835 5348">
    <p class='ocr_par' dir='ltr' id='par_1_113' title="bbox 2191 5277 3835 5348">
     <span class='ocr_line' id='line_1_113' title="bbox 2191 5277 3835 5348; baseline -0.002 -12"><span class='ocrx_word' id='word_1_809' title='bbox 2191 5283 2321 5348; x_wconf 89' lang='lat' dir='ltr'><strong>scia,</strong></span> <span class='ocrx_word' id='word_1_810' title='bbox 2350 5285 2404 5335; x_wconf 91' lang='lat' dir='ltr'><strong>te</strong></span> <span class='ocrx_word' id='word_1_811' title='bbox 2437 5296 2554 5336; x_wconf 92' lang='lat' dir='ltr'><strong>non</strong></span> <span class='ocrx_word' id='word_1_812' title='bbox 2593 5282 2812 5334; x_wconf 90' lang='lat' dir='ltr'><strong>teneret</strong></span> <span class='ocrx_word' id='word_1_813' title='bbox 2849 5277 3008 5348; x_wconf 91' lang='lat' dir='ltr'><strong>rupis</strong></span> <span class='ocrx_word' id='word_1_814' title='bbox 3031 5277 3268 5333; x_wconf 89' lang='lat' dir='ltr'><strong>inclusa.</strong></span> <span class='ocrx_word' id='word_1_815' title='bbox 3305 5279 3445 5333; x_wconf 88' lang='lat' dir='ltr'><strong>Vere</strong></span> <span class='ocrx_word' id='word_1_816' title='bbox 3476 5277 3714 5332; x_wconf 89' lang='lat' dir='ltr'><strong>diversis</strong></span> <span class='ocrx_word' id='word_1_817' title='bbox 3745 5277 3835 5332; x_wconf 90' lang='lat' dir='ltr'><strong>in-</strong></span> 
     </span>
    </p>
   </div>
   <div class='ocr_carea' id='block_1_114' title="bbox 2190 5371 3844 5443">
    <p class='ocr_par' dir='ltr' id='par_1_114' title="bbox 2190 5371 3844 5443">
     <span class='ocr_line' id='line_1_114' title="bbox 2190 5371 3844 5443; baseline -0.003 -12"><span class='ocrx_word' id='word_1_818' title='bbox 2190 5375 2318 5433; x_wconf 86' lang='lat' dir='ltr'><strong>folis</strong></span> <span class='ocrx_word' id='word_1_819' title='bbox 2359 5374 2549 5428; x_wconf 88' lang='lat' dir='ltr'><strong>anima</strong></span> <span class='ocrx_word' id='word_1_820' title='bbox 2585 5372 2868 5440; x_wconf 87' lang='lat' dir='ltr'><strong>redimita,</strong></span> <span class='ocrx_word' id='word_1_821' title='bbox 2903 5371 2995 5426; x_wconf 93' lang='lat' dir='ltr'><strong>cui</strong></span> <span class='ocrx_word' id='word_1_822' title='bbox 3035 5371 3285 5443; x_wconf 85' lang='lat' dir='ltr'><strong>Apostoli</strong></span> <span class='ocrx_word' id='word_1_823' title='bbox 3325 5388 3549 5426; x_wconf 90' lang='lat' dir='ltr'><strong>sacrum</strong></span> <span class='ocrx_word' id='word_1_824' title='bbox 3587 5372 3844 5427; x_wconf 87' lang='lat' dir='ltr'><strong>reddunt</strong></span> 
     </span>
    </p>
   </div>
   <div class='ocr_carea' id='block_1_115' title="bbox 2193 5498 3839 5573">
    <p class='ocr_par' dir='ltr' id='par_1_115' title="bbox 2193 5498 3839 5573">
     <span class='ocr_line' id='line_1_115' title="bbox 2193 5498 3839 5573; baseline -0.002 -16"><span class='ocrx_word' id='word_1_825' title='bbox 2193 5503 2302 5557; x_wconf 91' lang='lat' dir='ltr'><strong>illic</strong></span> <span class='ocrx_word' id='word_1_826' title='bbox 2355 5501 2726 5573; x_wconf 65' lang='lat' dir='ltr'><strong>prolixiores,</strong></span> <span class='ocrx_word' id='word_1_827' title='bbox 2767 5503 2823 5573; x_wconf 82' lang='lat' dir='ltr'><strong>et</strong></span> <span class='ocrx_word' id='word_1_828' title='bbox 2871 5498 3022 5573; x_wconf 9' lang='lat' dir='ltr'><strong>aliae;</strong></span> <span class='ocrx_word' id='word_1_829' title='bbox 3049 5499 3258 5569; x_wconf 88' lang='lat' dir='ltr'><strong>plures.</strong></span> <span class='ocrx_word' id='word_1_830' title='bbox 3327 5499 3669 5573; x_wconf 78' lang='lat' dir='ltr'><strong>contestatio</strong></span> <span class='ocrx_word' id='word_1_831' title='bbox 3719 5499 3839 5554; x_wconf 86' lang='lat' dir='ltr'><strong>fere</strong></span> 
     </span>
    </p>
   </div>
   <div class='ocr_carea' id='block_1_116' title="bbox 2193 5569 3494 5640">
    <p class='ocr_par' dir='ltr' id='par_1_116' title="bbox 2193 5569 3494 5640">
     <span class='ocr_line' id='line_1_116' title="bbox 2193 5569 3494 5640; baseline -0.005 -11"><span class='ocrx_word' id='word_1_832' title='bbox 2193 5569 2410 5629; x_wconf 81' lang='lat' dir='ltr'><strong>eadem.</strong></span> <span class='ocrx_word' id='word_1_833' title='bbox 2431 5572 2647 5627; x_wconf 91' lang='lat' dir='ltr'><strong>Omissa</strong></span> <span class='ocrx_word' id='word_1_834' title='bbox 2672 5570 2761 5624; x_wconf 89' lang='lat' dir='ltr'><strong>hic</strong></span> <span class='ocrx_word' id='word_1_835' title='bbox 2795 5570 3064 5625; x_wconf 90' lang='lat' dir='ltr'><strong>Collectio</strong></span> <span class='ocrx_word' id='word_1_836' title='bbox 3094 5575 3219 5640; x_wconf 88' lang='lat' dir='ltr'><strong>post</strong></span> <span class='ocrx_word' id='word_1_837' title='bbox 3241 5569 3494 5624; x_wconf 88' lang='lat' dir='ltr'><strong>nomina.</strong></span> 
     </span>
    </p>
   </div>
   <div class='ocr_carea' id='block_1_117' title="bbox 2261 5642 3840 5711">
    <p class='ocr_par' dir='ltr' id='par_1_117' title="bbox 2261 5642 3840 5711">
     <span class='ocr_line' id='line_1_117' title="bbox 2261 5642 3840 5711; baseline -0.004 -11"><span class='ocrx_word' id='word_1_838' title='bbox 2261 5659 2283 5688; x_wconf 78' lang='grc' dir='ltr'><strong>ο</strong></span> <span class='ocrx_word' id='word_1_839' title='bbox 2315 5644 2485 5700; x_wconf 87' lang='lat' dir='ltr'><strong>Addit</strong></span> <span class='ocrx_word' id='word_1_840' title='bbox 2514 5643 2726 5698; x_wconf 74' lang='lat' dir='ltr'><strong>Missale</strong></span> <span class='ocrx_word' id='word_1_841' title='bbox 2753 5642 3052 5697; x_wconf 76' lang='lat' dir='ltr'><strong>Gothicam</strong></span> <span class='ocrx_word' id='word_1_842' title='bbox 3077 5655 3102 5695; x_wconf 76' lang='grc' dir='ltr'><em>τ’</em></span> <span class='ocrx_word' id='word_1_843' title='bbox 3126 5642 3254 5706; x_wconf 75' lang='lat' dir='ltr'><strong>Qua;</strong></span> <span class='ocrx_word' id='word_1_844' title='bbox 3279 5658 3374 5696; x_wconf 85' lang='lat' dir='ltr'><strong>nec</strong></span> <span class='ocrx_word' id='word_1_845' title='bbox 3401 5642 3467 5695; x_wconf 86' lang='lat' dir='ltr'><strong>de</strong></span> <span class='ocrx_word' id='word_1_846' title='bbox 3493 5645 3840 5711; x_wconf 76' lang='lat' dir='ltr'><strong>corruptione</strong></span> 
     </span>
    </p>
   </div>
   <div class='ocr_carea' id='block_1_118' title="bbox 2196 5713 3840 5786">
    <p class='ocr_par' dir='ltr' id='par_1_118' title="bbox 2196 5713 3840 5786">
     <span class='ocr_line' id='line_1_118' title="bbox 2196 5713 3840 5786; baseline -0.002 -17"><span class='ocrx_word' id='word_1_847' title='bbox 2196 5717 2428 5786; x_wconf 79' lang='lat' dir='ltr'><strong>suscepit</strong></span> <span class='ocrx_word' id='word_1_848' title='bbox 2458 5716 2788 5786; x_wconf 76' lang='lat' dir='ltr'><strong>contagium,</strong></span> <span class='ocrx_word' id='word_1_849' title='bbox 2816 5730 2912 5769; x_wconf 88' lang='lat' dir='ltr'><strong>nec</strong></span> <span class='ocrx_word' id='word_1_850' title='bbox 2932 5715 3310 5768; x_wconf 79' lang='lat' dir='ltr'><strong>resolutionem</strong></span> <span class='ocrx_word' id='word_1_851' title='bbox 3325 5713 3558 5783; x_wconf 75' lang='lat' dir='ltr'><strong>pertulit</strong></span> <span class='ocrx_word' id='word_1_852' title='bbox 3582 5715 3641 5769; x_wconf 86' lang='lat' dir='ltr'><strong>in</strong></span> <span class='ocrx_word' id='word_1_853' title='bbox 3661 5714 3840 5783; x_wconf 84' lang='lat' dir='ltr'><strong>sepul-</strong></span> 
     </span>
    </p>
   </div>
   <div class='ocr_carea' id='block_1_119' title="bbox 2195 5785 3277 5858">
    <p class='ocr_par' dir='ltr' id='par_1_119' title="bbox 2195 5785 3277 5858">
     <span class='ocr_line' id='line_1_119' title="bbox 2195 5785 3277 5858; baseline -0.002 -17"><span class='ocrx_word' id='word_1_854' title='bbox 2195 5803 2283 5841; x_wconf 87' lang='lat' dir='ltr'><strong>cro</strong></span> <span class='ocrx_word' id='word_1_855' title='bbox 2309 5810 2326 5843; x_wconf 69' lang='grc' dir='ltr'><strong>,υ</strong></span> <span class='ocrx_word' id='word_1_856' title='bbox 2345 5785 2647 5858; x_wconf 72' lang='lat' dir='ltr'><strong>pollutione</strong></span> <span class='ocrx_word' id='word_1_857' title='bbox 2669 5785 2862 5858; x_wconf 66' lang='lat' dir='ltr'><strong>libera,</strong></span> <span class='ocrx_word' id='word_1_858' title='bbox 2889 5786 3143 5858; x_wconf 75' lang='lat' dir='ltr'><strong>germine,</strong></span> <span class='ocrx_word' id='word_1_859' title='bbox 3168 5788 3277 5858; x_wconf 80' lang='lat' dir='ltr'><strong>etc.</strong></span> 
     </span>
    </p>
   </div>
   <div class='ocr_carea' id='block_1_120' title="bbox 2265 5855 3724 5930">
    <p class='ocr_par' dir='ltr' id='par_1_120' title="bbox 2265 5855 3724 5930">
     <span class='ocr_line' id='line_1_120' title="bbox 2265 5855 3724 5930; baseline -0.002 -17"><span class='ocrx_word' id='word_1_860' title='bbox 2265 5858 2290 5897; x_wconf 74' lang='grc' dir='ltr'><em>ά</em></span> <span class='ocrx_word' id='word_1_861' title='bbox 2322 5855 2418 5913; x_wconf 78' lang='lat' dir='ltr'><strong>Hic</strong></span> <span class='ocrx_word' id='word_1_862' title='bbox 2446 5857 2630 5914; x_wconf 90' lang='lat' dir='ltr'><strong>multa</strong></span> <span class='ocrx_word' id='word_1_863' title='bbox 2647 5855 2963 5930; x_wconf 87' lang='lat' dir='ltr'><strong>supplenda</strong></span> <span class='ocrx_word' id='word_1_864' title='bbox 2987 5860 3122 5914; x_wconf 88' lang='lat' dir='ltr'><strong>sunt</strong></span> <span class='ocrx_word' id='word_1_865' title='bbox 3144 5871 3215 5912; x_wconf 84' lang='lat' dir='ltr'><strong>ex</strong></span> <span class='ocrx_word' id='word_1_866' title='bbox 3246 5855 3446 5913; x_wconf 81' lang='lat' dir='ltr'><strong>Missali</strong></span> <span class='ocrx_word' id='word_1_867' title='bbox 3472 5855 3724 5910; x_wconf 89' lang='lat' dir='ltr'><strong>Gothico.</strong></span> 
     </span>
    </p>
   </div>
  </div>
