4006 6228
183 419 278 475 477

680 423 1290 478 SACRAMENTARIUM
1327 425 1772 481 GALLICANUM.
1819 455 1884 465 ~—-
1926 422 2291 480 LECTIONES
2329 419 2416 474 DE
2455 415 2766 472 ADVENTU
2807 413 3055 468 DOMINI.

3450 415 3554 470 478

184 526 543 598 obsequium,
579 529 781 601 Angeli
837 535 1089 601 cantum,
1145 531 1401 587 Christus
1451 533 1814 606 amplexum,
1839 535 2145 623 ASancto,
2174 532 2236 588 in
2263 529 2494 587 caritate
2539 543 2656 584 non
2699 525 2858 595 ﬁcta,
2898 525 2959 580 in
2996 523 3167 581 verbo
3196 521 3467 593 veritatis,
3494 523 3554 580 in

182 619 340 677 nubis
368 620 674 691 veicolum,
703 623 1025 696 adsumptio
1051 626 1468 697 paradisum,in
1493 627 1678 683 choris
1706 629 1816 684 vir-

185 716 376 785 ginum
410 715 598 785 gloria
624 722 824 773 tenens
854 719 1254 792 principatum,
1276 737 1380 793 per
1397 738 1569 794 quem
1589 722 1820 780 laudant

187 809 397 882 Angeli.

639 899 794 939 MISSA
832 901 1371 946 QUADRAGINSIMALIS.

187 975 352 1027 Lectio
375 976 502 1026 libri
540 978 741 1040 Regum
771 992 884 1042 quae
917 978 1105 1042 legitur
1132 979 1278 1029 initio
1307 980 1745 1044 Quadraginsimm
1773 982 1817 1032 ⁸.

255 1064 531 1134 Tempore
560 1063 678 1130 illo,
713 1064 865 1118 venit
891 1065 1038 1120 Elias
1065 1066 1124 1120 in
1155 1067 1424 1121 Bersabee
1449 1068 1610 1134 Juda,
1641 1072 1697 1121 et
1731 1068 1818 1122 di-

161 1157 330 1238 ’misit
353 1157 431 1212 ibi
462 1175 714 1229 puerum
739 1176 907 1213 suum
931 1203 943 1229 ,
985 1165 1039 1215 et
1067 1161 1315 1232 perrexit
1339 1161 1400 1216 in
1427 1161 1646 1217 deserto
1672 1162 1821 1218 viam

184 1249 345 1306 unius
373 1252 512 1307 diei.
544 1253 800 1325 Cumque
827 1254 1088 1323 venisset,
1112 1259 1166 1309 et
1183 1255 1414 1310 sedisset
1435 1255 1628 1312 subter
1645 1273 1819 1311 unam

176 1345 536 1416 juniperum,
571 1347 768 1419 petivit
792 1349 998 1403 animae
1025 1365 1141 1403 sure
1168 1353 1233 1403 ut
1263 1354 1597 1420 moreretur,
1621 1355 1676 1406 et
1703 1351 1813 1406 ait:

138 1512 150 1524 .
185 1439 392 1496 Sufficit
424 1441 594 1512 mihi,
625 1443 882 1512 Domine,
924 1443 1056 1499 tolle
1095 1444 1347 1499 animam
1392 1461 1601 1500 meam.
1631 1445 1822 1518 Neque

183 1537 330 1592 enim
375 1536 591 1591 melior
614 1554 738 1591 sum
766 1555 937 1608 quam
976 1544 1165 1609 patres
1193 1540 1326 1594 mei.
1365 1539 1713 1611 Projecitque
1741 1557 1819 1608 se,

187 1637 238 1686 et
265 1631 616 1686 obdormivit
653 1632 711 1686 in
742 1633 947 1687 umbra
983 1633 1259 1703 juniperi.
1310 1635 1375 1688 Et
1419 1651 1544 1688 ecce
1589 1635 1825 1705 angelus

185 1725 404 1780 Domini
433 1725 625 1796 tetigit
653 1743 804 1795 eum,
834 1731 888 1780 et.
913 1726 1054 1780 dixit
1087 1727 1168 1780 illi
1202 1745 1214 1782 :
1246 1728 1423 1798 Surge
1445 1771 1458 1797 ,
1490 1733 1545 1783 et
1569 1730 1819 1784 comede.

184 1819 468 1892 Respexit,
503 1824 562 1875 et
588 1837 713 1874 ecce
736 1821 805 1875 ad
832 1825 1000 1892 caput
1026 1837 1192 1875 suum
1215 1821 1618 1876 subcinericius
1640 1823 1820 1894 panis,

1917 631 2126 686 virtute
2156 627 2286 695 Dei;
2328 643 2432 698 per
2468 639 2626 680 arma
2647 621 2883 694 justitiae
2909 639 2942 675 a
2967 618 3180 676 dextris
3206 623 3261 674 et
3292 618 3551 688 sinistris,

1921 742 2022 797 per
2049 722 2288 794 gloriam
2318 725 2374 778 et
2397 717 2835 791 ignobilitatem,
2850 732 2954 788 per
2974 714 3255 771 insaniam
3271 719 3328 769 et
3345 714 3553 770 bonam

1919 821 2152 886 famam,
2184 820 2246 870 ut
2272 815 2591 870 seductores
2620 818 2677 869 et
2703 828 2951 878 veraces;
2983 809 3127 866 sicut
3150 809 3250 881 qui
3280 808 3477 880 ignoti,
3501 812 3558 863 et

1921 912 2164 984 cogniti;
2194 908 2355 982 quasi
2398 909 2726 976 morientes,
2773 911 2830 962 et
2873 923 2997 962 ecce
3045 905 3313 973 vivimus,
3341 907 3406 958 ut
3432 919 3552 957 cas-

1921 1009 2104 1080 tigati,
2134 1011 2191 1062 et
2210 1023 2325 1061 non
2346 1003 2667 1060 mortiﬁcati
2685 1020 2702 1072 ;
2722 1002 2882 1074 quasi
2896 1001 3102 1067 tristes,
3116 1015 3342 1070 semper
3363 1002 3554 1053 autem

1925 1103 2263 1173 gaudentes;
2295 1100 2437 1154 sicut
2457 1102 2686 1169 egentes
2709 1139 2723 1166 ,
2746 1097 2956 1152 multos
2984 1099 3176 1150 autem
3203 1093 3552 1164 locupletan-

1921 1204 2034 1266 tes;
2068 1203 2361 1267 tamquam
2387 1193 2531 1248 nihil
2566 1193 2856 1259 habentes,
2889 1195 2944 1245 et
2970 1189 3162 1245 omnia
3187 1187 3552 1261 possidentes,

1923 1293 1982 1348 in
2005 1292 2228 1347 Christo
2256 1291 2384 1344 Iesu
2411 1287 2646 1342 Domino
2670 1290 2882 1340 nostro.

2082 1385 2255 1436 Lectio
2288 1382 2453 1433 sancti
2476 1379 2744 1443 Evangelii
2763 1377 3050 1428 secundum
3083 1378 3396 1427 Matthteum.

1996 1471 2201 1526 Diebus
2228 1469 2357 1534 illis,
2385 1466 2529 1521 dixit
2556 1462 2828 1518 Dominus
2861 1463 3019 1516 Jesus
3062 1459 3348 1531 discipulis
3391 1459 3507 1514 suis
3536 1476 3552 1516 :

1925 1564 2223 1622 Adtendite
2249 1579 2322 1618 ne
2344 1560 2623 1633 justitiam
2651 1562 2894 1613 vestram
2918 1554 3130 1610 faciatis
3155 1570 3346 1608 coram
3373 1553 3556 1608 homi-

1924 1661 2110 1729 nibus,
2139 1665 2204 1714 ut
2227 1655 2531 1712 videamini
2558 1653 2627 1707 ab
2657 1654 2759 1708 eis.
2789 1649 3049 1721 Alioquin
3090 1648 3409 1702 mercedem
3440 1663 3556 1702 non

1925 1753 2206 1810 habebitis
2234 1752 2387 1823 apud
2411 1752 2630 1805 Patrem
2646 1749 2898 1802 vestrum
2918 1744 3017 1815 qui
3042 1743 3102 1796 in
3121 1740 3270 1796 caelis
3296 1744 3399 1796 est.
3415 1743 3559 1796 Cum

1925 1867 2062 1919 ergo
2104 1848 2240 1902 facis
2284 1847 2700 1914 eleemosynam
2726 1884 2740 1908 ,
2769 1839 2883 1895 noli
2917 1839 3054 1893 tuba
3095 1851 3296 1891 canere
3323 1839 3453 1889 ante
3479 1839 3556 1904 te,

186 1919 237 2014 et
264 1931 362 2014 vas
611 1914 866 1969 Comedit
893 1932 1029 1986 ergo
1047 1958 1060 1982 ,
1092 1919 1148 1970 et
1172 1914 1344 2014 ;
1377 1919 1432 1970 et
1451 1933 1690 2014 rursum
1717 1916 1818 2014 o_b—
1841 1925 1898 1999 B
1922 1914 2065 1998 sic,“
2087 1941 2396 2014 hypocrita,
2435 1939 2651 1992 faciunt
2689 1936 2747 1989 in
2783 1932 3087 2005 synagogis
3121 1936 3177 1986 et
3205 1931 3263 1984 in
3304 1929 3460 1998 vicis,
3495 1932 3560 1982 ut

187 2009 468 2064 dormivit.
505 2010 896 2079 Reversusque
921 2013 1004 2064 est
1031 2010 1267 2081 angelus
1300 2009 1528 2064 Domini
1553 2012 1819 2079 secundo,

187 2108 238 2158 et
278 2103 468 2172 tetigit
515 2119 670 2172 eum,
717 2103 968 2175 dixitque
997 2103 1077 2159 illi
1109 2121 1121 2158 :
1163 2105 1363 2174 Surge,
1409 2105 1638 2175 grandis
1668 2106 1822 2160 enim

187 2197 286 2252 tibi
308 2201 486 2252 restat
511 2197 620 2252 via.
652 2197 758 2261 Qui
792 2214 921 2251 cum
951 2197 1467 2266 surrexit,comedit
1492 2204 1546 2253 et
1570 2198 1739 2266 bibit,
1769 2204 1825 2254 et

188 2291 495 2346 ambulavit
529 2291 586 2346 in
630 2292 961 2346 fortitudine
988 2291 1099 2347 cibi
1127 2291 1276 2347 illius
1301 2292 1677 2364 quadraginta
1702 2293 1824 2347 die-

167 2383 307 2447 ‘bus,
338 2389 394 2440 et
421 2385 804 2456 quadraginta
831 2386 1092 2440 noctibus
1119 2402 1295 2458 usque
1327 2386 1395 2440 ad
1434 2391 1685 2440 montem
1725 2387 1824 2442 Dei

189 2479 350 2533 Oreb.
379 2480 644 2550 Cumque
673 2480 917 2534 venisset
962 2480 1020 2534 in
1063 2480 1330 2551 spelunca
1349 2522 1363 2546 ,
1406 2487 1461 2534 et
1489 2497 1614 2535 ecce
1642 2497 1827 2536 sermo

190 2572 408 2628 Domini
433 2573 510 2628 ad
552 2590 706 2643 eum,
745 2574 997 2645 dixitque
1025 2574 1074 2628 ei
1107 2591 1119 2628 :
1154 2574 1297 2638 Quid
1325 2574 1414 2628 hic
1444 2574 1586 2645 agis,
1621 2574 1827 2630 Helia?

191 2670 255 2722 At
299 2668 390 2722 ille
447 2667 785 2739 respondit:
837 2668 964 2722 Zelo
1009 2669 1214 2722 zelatus
1263 2685 1389 2723 sum
1436 2685 1541 2740 pro
1588 2669 1826 2726 Domino

193 2763 565 2830 exercituum,
597 2762 732 2833 quia
779 2761 1206 2833 dereliquerunt
1249 2762 1347 2816 filii
1395 2763 1559 2817 lsrael
1600 2767 1828 2833 pactum

194 2862 371 2924 tuum,
395 2861 453 2911 et
483 2856 791 2928 prophetas
820 2861 948 2912 tuos
979 2856 1306 2912 occiderunt
1341 2856 1548 2928 gladio,
1581 2861 1636 2911 et
1663 2857 1824 2912 derc-

192 2950 348 3006 lictus
373 2968 507 3005 sum
533 2968 639 3022 ego
666 2952 854 3020 solus;
883 2956 938 3006 et
966 2956 1232 3022 quaerunt
1264 2950 1516 3005 animam
1551 2967 1735 3005 meam
1765 2957 1829 3006 ut

193 3046 447 3100 auferant
475 3062 622 3100 eam.
656 3047 724 3100 Et
751 3047 831 3100 ait
858 3045 909 3100 ei
938 3063 952 3100 :
998 3045 1299 3116 Egredere,
1333 3050 1389 3099 et
1417 3048 1498 3100 sta
1529 3043 1587 3099 in
1635 3050 1827 3101 monte

195 3157 380 3194 coram
408 3140 673 3194 Domino.
706 3141 772 3194 Et
800 3156 927 3194 ecce
954 3139 1226 3195 Dominus
1253 3138 1480 3208 transit,
1516 3143 1571 3193 et
1600 3140 1828 3210 spiritus

197 3235 418 3304 grandis
448 3239 509 3289 et
535 3235 716 3301 fortis,
771 3235 1102 3289 subvertens
1147 3237 1388 3302 montes,
1435 3237 1492 3288 et
1533 3238 1830 3290 conterens

195 3334 374 3399 petras
400 3333 535 3384 ante
582 3329 908 3383 Dominum.
960 3330 1080 3382 Non
1110 3329 1167 3382 in
1197 3328 1394 3399 spiritu
1428 3329 1719 3383 Dominus.
1763 3330 1830 3384 Et

195 3427 315 3493 post
340 3423 610 3496 spiritum
637 3423 944 3477 commotio
974 3439 987 3476 :
1012 3439 1126 3476 non
1153 3423 1212 3476 in
1241 3424 1617 3477 commotione
1645 3422 1831 3477 Domi-

196 3534 318 3572 nus.
349 3520 416 3572 Et
438 3522 570 3590 post
598 3517 1041 3571 commotionem
1069 3517 1217 3588 ignis
1246 3536 1261 3572 :
1294 3533 1409 3571 non
1425 3517 1631 3587 inigne
1647 3517 1830 3572 Domi-

196 3628 320 3666 nus.
344 3614 408 3668 Et
422 3616 555 3683 post
572 3611 764 3681 ignem
787 3611 983 3665 sibilus
1004 3628 1156 3665 aurae
1171 3610 1357 3666 tenuis
1381 3628 1394 3665 :
1423 3611 1502 3665 ibi
1529 3611 1827 3667 Dominus.

198 3705 349 3768 Quod
391 3723 526 3762 cum
573 3705 820 3760 audisset
865 3705 1067 3774 Helias,
1116 3705 1342 3776 operuit
1391 3705 1612 3759 vultum
1662 3722 1830 3760 suum

201 3799 380 3868 pallio,
409 3806 471 3856 et
514 3816 774 3870 egressus
817 3800 970 3854 stetit
1009 3799 1067 3854 in
1097 3800 1238 3854 ostio
1270 3800 1572 3870 spelunca,
1619 3804 1675 3854 et
1703 3816 1830 3856 ecce

198 3909 298 3947 vox
323 3895 393 3948 ad
421 3910 559 3948 eum
590 3893 783 3948 dicens
807 3911 821 3948 :
851 3893 995 3958 Quid
1022 3894 1112 3948 hic
1135 3893 1279 3963 agis,
1307 3893 1501 3948 Helia?
1519 3895 1585 3948 Et
1610 3893 1701 3948 ille
1720 3910 1832 3948 res-

199 3989 390 4058 pondit
422 4005 437 4042 :
469 3988 596 4042 Zelo
639 3989 847 4043 zelatus
872 3973 998 4042 sum
1040 4005 1142 4058 pro
1177 3987 1412 4042 Domino
1454 3989 1828 4057 exercituum,

199 4082 327 4153 quia
353 4083 784 4154 dereliquerunt
808 4086 1036 4153 pactum
1068 4086 1230 4136 tuum
1257 4080 1357 4135 ﬁlii
1400 4082 1590 4136 Israel.
1623 4081 1832 4137 Altaria

198 4180 289 4229 tua
312 4177 738 4246 destruxerunt,
769 4181 824 4230 et
853 4176 1160 4248 prophetas
1186 4181 1313 4230 tuos
1351 4175 1681 4231 occiderunt
1707 4177 1828 4247 gla-

199 4270 318 4339 dio;
350 4275 408 4326 et
436 4271 740 4326 derelictus
755 4287 880 4326 sum
905 4287 1012 4341 ego
1033 4271 1207 4336 solus,
1229 4274 1284 4325 et
1301 4274 1566 4342 quaerunt
1580 4271 1829 4325 animam

201 4381 381 4420 meam
429 4370 494 4420 ut
536 4366 796 4421 auferant
839 4381 989 4420 eam.
1040 4366 1107 4419 Et
1143 4364 1221 4419 ait
1261 4365 1532 4419 Dominus
1556 4365 1626 4420 ad
1653 4382 1829 4421 eum:

199 4459 361 4528 Vade,
413 4465 695 4516 revertere
743 4459 890 4513 viam
934 4462 1093 4513 tuam
1136 4475 1238 4530 per
1283 4459 1569 4516 desertum
1619 4459 1677 4515 in
1721 4460 1830 4514 Da-

203 4569 388 4609 1118.500
398 4595 412 4608 ο

199 4656 425 4754 Epistola
438 4655 585 4707 Pauli
601 4655 821 4720 apostoli
837 4655 901 4706 ad
917 4656 1233 4718 Corinthios,
1248 4657 1300 4706 in
1333 4656 1763 4754 Quadraginsima
1786 4656 1831 4704 b.
1853 4683 1912 4754 D

267 4743 510 4813 Fratres,
540 4759 668 4798 ecce
698 4760 850 4798 nunc
877 4747 1116 4815 tempus"
1129 4743 1500 4814 acceptabile;
1525 4759 1654 4799 ecce
1680 4759 1834 4798 nunc

199 4837 311 4892 dies
353 4838 570 4892 salutis.
618 4837 842 4892 Nemini
886 4838 1084 4893 dantes
1124 4838 1301 4892 ullam
1343 4837 1734 4905 offensionem,
1773 4841 1837 4892 ut

200 4947 307 4986 non
335 4933 691 5003 vituperetur
716 4931 1096 4988 ministerium
1118 4935 1412 4987 nostrum:
1443 4932 1542 4987 sed
1567 4931 1835 4988 exhibea-

200 5041 322 5081 mus
346 5027 407 5082 in
435 5026 701 5082 omnibus
728 5027 1127 5098 nosmetipsos,
1150 5026 1298 5081 sicut
1315 5025 1414 5080 Dei
1442 5025 1751 5095 ministros,
1776 5026 1835 5080 in

202 5121 376 5175 multa
405 5120 701 5193 patientia,
730 5121 789 5175 in
814 5120 1296 5189 tribulationibus,
1313 5119 1373 5175 in
1389 5120 1834 5189 necessitatibus,

202 5213 255 5268 in
283 5215 580 5287 angustiis,
612 5214 670 5269 in
699 5215 904 5286 plagis,
932 5215 992 5270 in
1014 5214 1352 5284 carceribus,
1371 5214 1432 5269 in
1450 5215 1834 5283 seditionibus,

206 5307 257 5362 in
283 5309 592 5377 laboribus,
637 5309 698 5364 in
724 5309 952 5381 vigiliis,
982 5310 1042 5365 in
1062 5308 1326 5381 jejuniis,
1356 5308 1415 5364 in
1441 5309 1692 5365 castitate
1718 5351 1732 5376 ,
1778 5308 1839 5364 in

208 5408 450 5478 scientia,
482 5407 539 5462 in
573 5407 1026 5480 longanimitate,
1069 5409 1129 5463 in
1169 5407 1439 5463 suavitate
1465 5449 1478 5474 ,
1519 5408 1578 5462 in
1624 5407 1838 5479 Spiritu

275 5550 299 5580 '
329 5553 420 5606 Hic
453 5554 926 5623 Quadragz’nsz‘mae
953 5553 1290 5623 vocabulum
1322 5570 1336 5606 :
1381 5558 1438 5607 et
1479 5553 1555 5606 ita
1583 5551 1836 5607 scriben-

209 5623 338 5696 dum
361 5641 517 5679 more
537 5625 690 5678 illius
709 5624 1004 5695 temporis,
1029 5629 1184 5694 patet
1202 5642 1271 5678 ex
1293 5624 1759 5696 sequentibus,et
1770 5639 1840 5696 ex

211 5695 547 5751 [.ectionario
573 5694 911 5751 Luxoviensi
941 5713 1005 5750 ac
1029 5696 1229 5750 Missali
1258 5694 1511 5751 Gothico.
1554 5694 1703 5749 Nihil
1747 5695 1840 5750 hic

212 5766 274 5840 de
327 5767 783 5840 Septuagesima,
823 5768 1188 5840 Sexagesima
1237 5773 1292 5823 et
1338 5766 1837 5840 Quinquagesima.

214 5837 350 5909 lgege
377 5837 643 5894 adnotata
663 5839 732 5894 ad
761 5837 1173 5893 Lectionarium
1197 5837 1543 5894 Luxoviense
1577 5837 1708 5909 pag.
1741 5841 1838 5892 123

221 5906 326 5976 {liti
355 5911 422 5964 de
448 5910 556 5964 Lit.
586 5909 772 5980 (ΞΛΜ.
802 5911 862 5963 In
894 5909 1126 5964 Gothico
1153 5910 1366 5979 pariter
1407 5906 1620 5979 legitur
1651 5906 1677 5962 ε’
1698 5909 1841 5980 Ordo

220 5981 378 6037 missae
402 5984 459 6037 in
486 5983 699 6038 initium
728 5979 1219 6053 Quadraginsz’mz,
1241 5981 1296 6038 id
1321 5984 1404 6039 est
1429 5997 1532 6052 pro
1549 5979 1842 6037 Dominica

1924 2037 2366 2094 honorificentur
2392 2034 2462 2087 ab
2488 2030 2838 2087 hominibus.
2868 2031 3048 2082 Amen
3079 2025 3203 2080 dico
3246 2025 3422 2090 vobis,
3465 2040 3557 2080 re-

1924 2135 2197 2204 ceperunt
2233 2128 2554 2184 mercedem
2603 2141 2784 2179 suam.
2811 2124 2884 2177 Te
2918 2126 3111 2175 autem
3144 2119 3381 2174 faciente
3411 2119 3558 2174 elee-

1924 2242 2239 2298 mosynam,
2283 2221 2496 2279 nesciat
2541 2219 2770 2274 sinistra
2810 2222 2909 2272 tua
2956 2215 3094 2286 quid
3130 2213 3295 2268 faciat
3329 2213 3562 2267 dextera

1926 2328 2044 2390 tua,
2079 2325 2139 2375 ut
2164 2319 2236 2374 sit
2279 2318 2637 2386 eleemosyna
2685 2317 2783 2368 tua
2825 2311 2885 2365 in
2933 2307 3281 2375 abscondito,
3315 2310 3372 2360 et
3399 2307 3563 2360 Pater

1928 2422 2058 2470 tuus
2102 2414 2201 2486 qui
2247 2411 2397 2466 videt
2443 2409 2504 2464 in
2542 2407 2887 2472 abscondito,
2927 2403 3126 2460 reddet
3166 2401 3289 2456 tibi.
3338 2402 3406 2455 Et
3431 2415 3562 2454 cum

1928 2509 2119 2576 oratis,
2146 2523 2261 2562 non
2289 2505 2446 2560 eritis
2468 2503 2612 2558 sicut
2636 2498 2968 2572 hypocrite,
3008 2496 3109 2569 qui
3135 2498 3327 2550 amant
3369 2494 3430 2548 in
3467 2510 3560 2564 sy-

1928 2603 2166 2675 nagogis
2207 2605 2264 2656 et
2307 2600 2364 2654 in
2404 2595 2631 2669 angulis
2676 2595 2996 2666 platearum
3039 2595 3248 2647 stantes
3289 2604 3470 2655 orare,
3499 2591 3565 2642 ut

1930 2704 2226 2758 videantur
2254 2700 2323 2754 ab
2354 2696 2706 2753 hominibus.
2735 2697 2914 2749 Amen
2955 2691 3081 2746 dico
3124 2688 3302 2758 vobis,
3331 2701 3560 2757 recepe-

1928 2801 2064 2852 runt
2090 2795 2411 2850 mercedem
2437 2808 2617 2846 suam.
2640 2791 2722 2844 Tu
2741 2792 2932 2843 autem
2956 2802 3087 2840 cum
3109 2782 3312 2852 orabis,
3333 2782 3482 2836 intra
3505 2779 3565 2834 in

1929 2890 2253 2946 cubiculum
2299 2893 2484 2954 tuum,
2521 2890 2578 2939 et
2619 2885 2807 2938 clauso
2848 2880 2988 2935 ostio
3029 2884 3148 2948 tuo,
3199 2893 3296 2932 ora
3343 2878 3564 2929 Patrem

1931 2992 2093 3040 tuum
2122 2984 2182 3038 in
2220 2981 2580 3047 abscondito;
2611 2981 2667 3033 et
2693 2979 2857 3032 Pater
2879 2979 3012 3030 tuus
3039 2973 3136 3046 qui
3163 2971 3315 3025 videt
3344 2969 3402 3024 in
3434 2967 3563 3021 abs~

1929 3079 2174 3146 condito,
2205 3077 2403 3132 reddet
2431 3073 2554 3128 tibi.
2599 3073 2834 3128 Orantes
2861 3073 3054 3124 autem
3096 3065 3269 3122 nolite
3315 3061 3565 3118 multum

1930 3173 2085 3246 loqui
2110 3173 2253 3226 sicut
2277 3168 2492 3240 hynici,
2533 3170 2738 3239 putant
2761 3163 2916 3220 enim
2941 3161 3094 3234 quod
3120 3161 3181 3214 in
3203 3156 3566 3227 multiloquio

1931 3286 2031 3323 suo
2084 3264 2478 3323 exaudiantur.
2532 3261 2712 3317 Nolite
2764 3275 2902 3328 ergo
2945 3253 3253 3311 adsimilari
3304 3250 3402 3306 eis.
3456 3249 3568 3304 Scit

1931 3363 2084 3418 enim
2115 3364 2279 3416 Pater
2306 3361 2491 3415 vester
2533 3355 2740 3428 quibus
2766 3369 2908 3425 opus
2947 3351 3020 3406 sit
3044 3349 3202 3404 vobis
3219 3389 3233 3417 ,
3261 3351 3566 3416 antequam

1931 3457 2134 3530 petatis
2165 3469 2317 3510 eum.

2542 3537 2733 3577 INCIPIT
2774 3535 2945 3573 MISSA.

2003 3617 2372 3688 Omnipotens
2397 3616 2608 3668 aeterne
2631 3611 2797 3676 Deus,
2826 3613 2892 3663 ut
2920 3603 3436 3679 quadraginsimale
3463 3601 3569 3655 hoc

1923 3713 2210 3785 jejunium
2245 3714 2301 3765 et
2339 3704 2790 3778 competentibus
2817 3702 3149 3756 inchoemus
3181 3695 3485 3768 obsequiis,
3515 3699 3572 3750 et

1931 3807 2033 3861 tibi
2073 3803 2292 3876 placitis
2331 3799 2618 3857 effectibus
2644 3796 2994 3852 celebremus
3015 3837 3028 3863 ,
3062 3790 3304 3847 humani
3343 3787 3568 3861 generis

1930 3898 2202 3957 Conditor
2226 3902 2283 3952 et
2302 3895 2647 3965 Redemptor
2664 3889 2876 3961 largire
2893 3885 3191 3960 propitius,
3206 3889 3263 3940 et
3281 3881 3570 3938 continen-

1930 3996 2068 4050 tiam
2093 3996 2302 4048 nostra:
2333 3987 2528 4044 salutis
2565 3985 2887 4042 misericors
2912 3981 3196 4038 exaudias.
3225 3980 3350 4034 Per.

2002 4177 2031 4212 c
2061 4156 2208 4209 Deus
2236 4148 2608 4216 abstinentiae,
2637 4074 3175 4210 ἷξὲιιξῖέἒίὶωοηίω,
3205 4140 3303 4212 qui
3330 4138 3572 4193 libenter

1925 4247 2315 4320 jejunantium
2341 4243 2660 4300 humilitate
2686 4239 2945 4313 placaris,
2977 4242 3033 4292 et
3058 4233 3486 4291 humiliantium
3513 4247 3573 4285 se

1932 4343 2194 4415 precibus
2218 4340 2504 4411 benignus
2528 4333 2829 4391 inflecteris
2845 4352 2862 4404 ;
2893 4330 3093 4388 exaudi
3131 4345 3325 4402 preces
3354 4331 3572 4382 nostras

1935 4437 1993 4491 in
2019 4437 2124 4492 hac
2147 4435 2423 4490 hodierna
2448 4432 2560 4499 die,
2583 4448 2696 4503 quo
2710 4424 3227 4502 quadraginsimale
3240 4422 3574 4476 inchoamus

1927 4531 2245 4603 jejunium;
2275 4532 2331 4583 et
2357 4527 2707 4583 diversarum
2746 4521 3159 4587 turbationum,
3190 4516 3397 4589 quibus
3439 4530 3571 4585 gra-

1936 4625 2145 4693 dimur,
2177 4624 2510 4692 tempestate
2559 4618 2807 4673 discussa
2833 4658 2846 4682 ,
2887 4612 3296 4669 continentiam
3340 4607 3503 4664 nobis
3542 4624 3574 4660 a

1938 4719 2082 4773 vitiis
2111 4721 2224 4772 tua)
2252 4712 2616 4785 benignitatis
2638 4709 2893 4764 infunde.

2563 4802 2685 4850 Post
2714 4798 2948 4848 nomina.

2007 4877 2332 4935 Unianimes
2373 4878 2543 4946 atque
2586 4869 2889 4925 concordes
2917 4867 3220 4922 Dominum
3265 4867 3442 4920 Deum
3469 4881 3573 4919 no-

1939 4981 2139 5043 strum,
2183 4971 2384 5027 fratres
2429 4963 2725 5033 carissimi,
2755 4964 3146 5033 deprecemur,
3186 4963 3253 5013 ut
3287 4957 3575 5028 jejunium

1939 5077 2197 5128 nostrum
2226 5069 2296 5123 sit
2320 5064 2575 5122 remissio
2592 5062 3042 5135 peccatorum,et
3066 5057 3214 5111 dono
3242 5055 3434 5126 gratiae
3460 5070 3574 5108 sua:

1939 5164 2370 5238 castigationem
2412 5173 2714 5231 corporum
2750 5154 3036 5228 profectus
3060 5147 3340 5205 mentium
3377 5163 3572 5203 conse-

1940 5265 2206 5334 quantur.
2236 5259 2361 5313 Per.

2603 5323 2679 5374 Ad
2710 5334 2912 5386 pacem.

2009 5402 2230 5475 Jejunia
2256 5402 2470 5468 nostra,
2501 5411 2850 5472 quaesumus,
2880 5391 3134 5458 Domine,
3162 5393 3228 5445 ut
3264 5401 3366 5442 nos
3391 5402 3424 5441 a
3460 5400 3576 5441 rea-

1943 5553 2145 5624 prima,
2175 5555 2280 5624 aut
2305 5548 2395 5604 die
2415 5545 2692 5624 sequenti,
2717 5537 3405 5624 ut_co_njicimus:Nnecdum
3421 5537 3576 5624 enim

1940 5611 2384 5693 Quadragesima
2409 5611 2550 5693 tunc
2573 5611 2876 5693 incipiebat
2897 5611 2931 5669 ἐι
2948 5613 3093 5693 feria
3113 5615 3152 5693 fi
3177 5611 3466 5693 cinerum.
3521 5677 3531 5688 ο

2013 5698 2046 5747 b
2088 5685 2295 5749 Eadem
2324 5692 2492 5748 lectio
2538 5690 2628 5745 hic
2655 5685 2712 5744 in
2751 5686 3083 5742 Luxoviensi
3113 5685 3486 5744 Lectionario,
3516 5685 3575 5730 in

1942 5784 2054 5838 quo
2081 5765 2351 5838 deﬁciunt
2375 5780 2440 5818 ea
2463 5779 2592 5835 quae
2614 5761 2900 5833 pertinent
2918 5759 2988 5814 ad
3015 5758 3312 5830 sequentes
3331 5749 3579 5813 Quadra-

1984 5838 2173 5893 esimae
2202 5837 2340 5890 dies.

1946 5857 2173 5910 gemmae
2202 5857 2340 5890 ales.
3125 5899 3134 5908 θ

2013 5925 2040 5958 c
2083 5909 2289 5963 Eadem
2320 5906 2586 5961 Collectio
2624 5905 2683 5959 in
2728 5901 2931 5959 Missali
2975 5901 3225 5963 Gothico,
3267 5892 3587 5961 eademque

1936 5984 2008 6038 .ut
2033 5979 2179 6036 infra
2203 5977 2578 6047 Contestatio;
2609 5977 2840 6047 ibidem,
2873 5989 3018 6047 page
3045 5973 3168 6026 2'20.
