4006 6228
419 379 520 436 479

411 589 693 660 justitiam
731 591 941 646 faciant
983 606 1102 645 esse
1145 589 1498 660 placabilem,
1530 593 1586 644 et
1609 589 1914 645 concordes
1953 606 2056 645 nos

418 684 643 741 vinculo
669 701 773 757 per
795 685 1155 756 complexum
1181 684 1357 738 osculi
1381 687 1627 739 nectant.

1072 777 1408 826 Contestatio.

489 863 626 916 Vere
660 860 898 931 dignum
925 863 982 914 et
1010 859 1235 928 justum
1261 863 1345 913 est
1371 858 1728 929 omnipotens
1759 859 1922 928 Deus,
1954 875 2058 930 per

419 954 704 1010 Christum
734 953 1038 1007 Dominum
1063 955 1344 1007 nostrum.
1372 953 1479 1017 Qui
1497 956 1582 1008 est
1602 952 1754 1008 ﬁlius
1781 957 1915 1008 tuus
1935 953 2056 1008 uni-

417 1049 664 1119 genitus,
709 1062 941 1101 manens
984 1045 1044 1100 in
1075 1046 1252 1117 gloria
1277 1050 1393 1116 tua,
1443 1047 1502 1100 in
1537 1063 1649 1118 quo
1669 1047 2058 1118 jejunantium

416 1139 555 1196 ﬁdes
579 1141 769 1209 alitur,
799 1157 926 1212 spes
950 1140 1301 1211 provehitur,
1331 1141 1531 1195 caritas
1571 1141 1889 1197 roboratur.
1935 1144 2056 1212 Ipse

416 1239 500 1288 est
525 1233 677 1288 enim
705 1234 867 1305 panis
889 1233 1046 1287 vivus
1074 1239 1130 1290 et
1154 1250 1338 1303 verus,
1363 1235 1459 1305 qui
1489 1235 1557 1290 de
1582 1236 1722 1290 caelo
1743 1235 2053 1301 descendit,

418 1332 473 1382 et
504 1328 720 1383 habitat
746 1344 970 1398 semper
996 1328 1056 1382 in
1083 1328 1240 1395 caelo,
1270 1327 1369 1398 qui
1406 1331 1490 1382 est
1533 1329 1844 1384 substantia
1888 1333 2054 1384 teter-

414 1421 624 1491 nitatis,
650 1427 706 1477 et
731 1439 854 1477 esca
872 1422 1112 1476 virtutis.
1130 1422 1379 1476 Verbum
1399 1422 1553 1476 enim
1578 1427 1760 1492 tuum,
1784 1439 1887 1494 per
1906 1423 2058 1494 quod

415 1516 558 1571 facta
587 1520 720 1571 sunt
745 1516 957 1584 omnia,
987 1532 1102 1570 non
1128 1516 1308 1570 solum
1348 1517 1729 1571 humanarum
1753 1517 2055 1585 mentium,

415 1610 512 1664 sed
539 1614 595 1664 et
637 1609 894 1680 ipsorum
937 1626 1163 1681 quoque
1191 1609 1351 1680 panis
1382 1615 1466 1665 est
1495 1611 1850 1682 angelorum.
1881 1611 2058 1680 Hujus

413 1703 576 1774 panis
624 1703 892 1758 alimento
940 1705 1150 1775 Moyses
1195 1704 1443 1759 famulus
1490 1710 1623 1758 tuus
1680 1704 2060 1776 quadraginta

413 1797 610 1852 diebus
639 1800 696 1852 et
739 1797 998 1852 noctibus
1041 1799 1229 1870 legem
1271 1798 1550 1869 accipiens
1587 1799 1863 1869 jejunavit
1889 1839 1902 1864 ,
1935 1802 1992 1852 et
2027 1815 2059 1852 a

413 1890 734 1945 carnalibus
781 1890 937 1960 cibis,
987 1895 1048 1946 ut
1095 1897 1210 1946 tuae
1257 1891 1544 1946 suavitatis
1587 1891 1842 1963 capacior
1888 1883 2134 1961 esset,B

414 1984 717 2050 abstenuit,
748 1985 816 2039 de
841 1984 1012 2038 verbo
1048 1989 1147 2039 tuo
1174 1985 1366 2040 vivens
1403 2001 1416 2039 :
1459 1985 1620 2056 cujus
1646 1985 1944 2040 dulcedine
1974 1985 2056 2040 vi-

415 2078 578 2132 vebat
605 2078 664 2132 in
692 2077 913 2148 spiritu,
945 2083 1000 2132 et
1043 2079 1229 2133 lucem
1253 2077 1562 2149 accipiebat
1601 2079 1661 2132 in
1689 2079 1870 2134 vultu.
1901 2079 2058 2134 Unde

417 2187 521 2226 nec
550 2171 760 2226 famem
789 2171 1042 2242 corporis
1068 2172 1260 2240 sensit,
1286 2176 1343 2227 et
1367 2176 1726 2228 terrenarum
1744 2178 1827 2228 est
1852 2173 2060 2228 oblitus

416 2281 700 2334 escarum;
731 2265 863 2337 quia
877 2265 1040 2320 illum
1070 2266 1266 2337 gloriae
1279 2270 1394 2319 tuas
1409 2265 1752 2322 clariticabat
1777 2271 2056 2339 aspectus,

417 2364 473 2413 et
497 2359 772 2414 inﬂuente
798 2359 999 2430 spiritu
1019 2359 1118 2414 Dei
1132 2375 1318 2413 sermo
1339 2360 1623 2430 pascebat.
1649 2362 1805 2415 Hunc
1827 2377 2055 2432 panem,

417 2453 670 2522 Domine,
719 2453 881 2507 nobis
932 2453 1253 2508 ministrare
1293 2469 1409 2507 non
1461 2453 1683 2508 desinas
1711 2496 1724 2520 ,
1766 2471 1938 2525 quem
1996 2459 2062 2509 ut

415 2547 670 2600 sitiamus
695 2551 719 2580 ⁸
747 2545 1132 2602 indesinenter
1171 2547 1414 2601 hortaris
1446 2564 1458 2600 :
1498 2563 1658 2602 CUJUS
1701 2565 1876 2602 canus
1917 2565 1948 2603 Α
1995 2565 2060 2602 τε

419 2657 528 2695 IPSO
590 2656 966 2696 SANCTIFICATA
1029 2658 1140 2696 θυι
1207 2656 1497 2707 PASCIHUR,
1560 2642 1929 2711 roboramur;
1998 2660 2060 2696 ET

417 2750 688 2789 sanemus
753 2751 861 2789 nun
927 2751 1204 2802 pommus,
1259 2735 1565 2804 abluimur,
1621 2752 1724 2806 per
1774 2735 2061 2792 Christum

421 2827 726 2884 Dominum
751 2833 1031 2884 nostrum.

945 2956 1066 2994 ῙΤΕΜ
1111 2955 1262 2996 MISSA
1301 2956 1519 2995 JEJC-NII.

419 3031 650 3095 Epistola
666 3031 812 3082 Pauli
823 3033 1043 3096 apostoli
1061 3033 1126 3082 ad
1142 3032 1452 3094 Corinthios,
1469 3033 1694 3097 legenda
1713 3033 1766 3083 in
1779 3033 1984 3097 Jejunio
2014 3037 2057 3085 b.

490 3119 730 3186 Fratres,
758 3118 1000 3174 libenter
1026 3118 1292 3188 suﬁ'ertis,
1309 3120 1618 3174 secundum
1640 3120 2060 3192 ignobilitatem

417 3211 562 3280 dico,
595 3211 754 3282 quasi
780 3229 882 3266 nos
908 3213 1123 3266 inﬁrmi
1148 3213 1442 3281 fuerimus,
1476 3213 1535 3267 in
1566 3230 1678 3285 quo
1707 3215 1833 3285 quis
1863 3216 2053 3286 audet,

415 3305 477 3359 in
503 3304 831 3375 insipientia
872 3305 1014 3374 dico,
1064 3307 1244 3361 audeo
1285 3309 1341 3360 et
1377 3323 1503 3377 ego.
1546 3307 1766 3362 Hebraei
1810 3314 1962 3378 sunt,
2001 3313 2058 3364 et

417 3415 523 3469 ego
553 3415 566 3452 :
599 3398 903 3453 Israhelitas
935 3404 1101 3468 sunt,
1132 3403 1186 3454 et
1213 3416 1318 3470 ego
1350 3417 1362 3454 :
1406 3417 1601 3456 semen
1631 3401 1872 3457 Abrahae
1903 3408 2052 3473 sunt,

417 3494 473 3545 et
502 3507 610 3562 ego
639 3509 652 3546 :
683 3492 928 3546 ministri
948 3493 1153 3547 Christi
1179 3499 1331 3560 sunt,
1351 3499 1415 3548 ut
1442 3495 1635 3549 minus
1653 3495 1878 3568 sapiens
1901 3496 2050 3566 dico,

415 3585 544 3657 plus
573 3602 680 3656 ego
709 3603 721 3640 :
752 3587 811 3640 in
836 3586 1125 3641 laboribus
1150 3587 1502 3658 plurimis,in
1534 3589 1852 3644 carceribus
1870 3590 2052 3645 abun-

413 3679 659 3747 dantius,
678 3679 737 3734 in
753 3680 938 3751 plagis
959 3696 1132 3752 supra
1148 3682 1406 3752 modum,
1428 3683 1483 3736 in
1498 3683 1776 3737 mortibus
1790 3683 2053 3755 frequen-

413 3779 517 3829 ter.
567 3777 610 3828 A
654 3774 862 3828 Iudaeis
893 3775 1236 3846 quinquenis
1277 3776 1670 3847 quadragenas
1709 3794 1825 3832 una
1866 3777 2055 3832 minus

410 3867 621 3938 accepi.
668 3869 774 3923 Ter
799 3868 974 3940 virgis
1004 3885 1178 3923 caesus
1207 3886 1363 3939 sum,
1393 3871 1567 3925 semel
1596 3847 1876 3942 lapidatus
1905 3889 2052 3939 sum,

413 3966 498 4016 ter
528 3960 890 4032 naufragium
915 3961 1043 4031 feci,
1076 3967 1240 4018 nocte
1268 3969 1323 4018 et
1354 3964 1443 4019 die
1474 3963 1529 4018 in
1564 3965 1852 4036 profundo
1883 3966 2056 4020 maris

410 4055 513 4109 fui.
545 4056 606 4108 ln
637 4049 934 4110 itineribus
964 4073 1131 4127 saepe,
1151 4057 1413 4128 periculis
1441 4059 1766 4128 ﬂuminum,
1789 4059 2054 4130 periculis

411 4147 718 4218 latronum,
746 4148 1012 4219 periculis
1039 4166 1106 4204 ex
1131 4167 1358 4222 genere,
1381 4151 1652 4223 periculis
1677 4168 1747 4207 ex
1769 4151 2052 4223 gentibus,

410 4241 678 4314 periculis
702 4241 760 4296 in
791 4242 1034 4314 civitate,
1068 4244 1333 4315 periculis
1353 4245 1412 4299 in
1441 4245 1760 4315 solitudine,
1789 4245 2055 4317 periculis

411 4335 471 4390 in
516 4335 680 4406 mari,
723 4336 987 4408 periculis
1033 4337 1092 4392 in
1141 4338 1295 4391 falsis
1338 4338 1626 4392 fratribus.
1677 4341 1738 4393 In
1778 4339 1968 4394 labore
2000 4345 2057 4395 et

410 4445 701 4497 mrumna,
744 4430 805 4484 in
842 4430 1051 4502 vigiliis
1079 4430 1293 4500 multis,
1334 4431 1393 4484 in
1424 4431 1571 4486 fame
1609 4436 1665 4486 et
1690 4432 1801 4499 siti,
1833 4433 1890 4487 in
1909 4433 2056 4504 jeju-

408 4523 516 4578 niis
557 4524 904 4596 frequenter,
958 4524 1014 4578 in
1057 4523 1269 4594 frigore
1307 4528 1364 4578 ct
1406 4525 1694 4596 nuditate;
1735 4527 2054 4583 sollicitudo

407 4617 665 4673 omnium
693 4616 1056 4672 ecclesiarum
1085 4617 1143 4670 in
1168 4617 1391 4672 Christo
1421 4619 1569 4674 Jesu.

577 4710 751 4760 Lectio
775 4709 941 4758 sancti
970 4709 1238 4774 Evangelii
1267 4711 1556 4761 secundum
1584 4713 1898 4764 Matthaaum.

485 4803 506 4831 ε
544 4792 608 4844 D.
649 4792 789 4844 Cum
816 4790 1110 4861 jejunatis,
1137 4790 1314 4846 nolite
1352 4791 1508 4863 ﬁeri,
1539 4794 1684 4849 sicut
1722 4796 2053 4867 hypocritae,

408 4885 613 4940 tristes.
651 4883 1046 4938 Exterminant
1093 4884 1247 4954 enim
1291 4885 1463 4941 facies
1516 4904 1662 4956 suas,
1708 4893 1774 4944 ut
1821 4895 2059 4961 pareant

407 4977 736 5035 hominibus
773 4977 1120 5049 jejunantes.
1154 4982 1334 5034 Amen
1361 4981 1483 5036 dico
1508 4983 1684 5052 vobis,
1718 4989 2059 5056 receperunt

407 5073 728 5127 mercedem
750 5088 931 5127 suam.
956 5074 1038 5127 Tu
1063 5077 1255 5128 autem
1281 5091 1411 5128 cum
1432 5076 1679 5147 jejunas,
1707 5094 1862 5150 unge
1889 5084 2058 5150 caput

404 5172 589 5237 tuum,
619 5170 676 5222 et
720 5165 924 5221 faciem
962 5171 1118 5222 tuam
1167 5169 1310 5235 lava,
1355 5185 1425 5224 ne
1465 5170 1702 5226 videaris
1729 5172 2056 5228 hominibus

394 5261 682 5334 jejunans,
711 5261 809 5316 sed
834 5261 984 5316 Patri
1011 5262 1261 5334 tuo,'qui
1291 5267 1375 5318 est
1399 5263 1459 5318 in
1485 5264 1845 5337 abscondito;
1880 5273 1936 5324 et
1959 5269 2057 5323 Pa-

402 5359 489 5411 ter
513 5361 646 5411 tuus
677 5355 776 5428 qui
801 5354 954 5410 videt
979 5355 1038 5410 in
1069 5356 1420 5427 abscondito,
1448 5358 1648 5415 reddet
1673 5359 1796 5416 tibi.

471 5493 496 5561 ξ
539 5493 705 5548 Forte
734 5492 1063 5561 legendum,
1096 5495 1414 5548 esuriamus.

470 5556 497 5595 δ
537 5556 924 5637 Epistolame
973 5556 1280 5619 in'Ordine
1319 5565 1572 5620 Romano
1605 5565 1817 5637 legitur
1859 5566 2051 5621 Domi-

405 5633 532 5688 nica
559 5635 960 5704 Sexagesimae.

469 5716 492 5778 (ξ
531 5705 590 5778 ld
619 5711 722 5778 est,
752 5708 904 5778 Ducit
924 5709 1184 5778 pampinus
1210 5709 1369 5778 Iesus
1389 5708 1674 5778 discipulis
1712 5709 1846 5763 suis.

468 5775 495 5814 ἀ
533 5777 662 5848 Haec
689 5776 826 5848 item
846 5775 1110 5848 Collectio
1131 5777 1188 5829 in
1210 5777 1446 5832 Gothico
1471 5775 1574 5848 pro
1603 5779 1851 5832 secunda
1872 5778 2048 5834 missa

393 5843 600 5912 jejunii
630 5862 642 5898 :
671 5845 768 5917 ubi
799 5861 917 5899 non
944 5845 1107 5917 aliter
1121 5863 1295 5917 quam
1315 5847 1406 5901 hic
1427 5843 1615 5904 missa:
1636 5848 2046 5917 inscribuntur,

403 5929 537 5985 non,
566 5918 630 5971 ut
655 5913 817 5984 solet,
845 5931 948 5985 pro
976 5913 1264 5974 Dominica
1310 5918 1524 5991 prima,
1566 5919 1832 5993 secunda,
1863 5913 2048 5995 tertia,

1304 379 1642 435 APPENDIX
1684 381 1772 434 AD
1810 380 2035 436 OPERA
2073 382 2127 436 S.
2169 381 2467 441 GERMANI
2505 386 2930 444 PARlSlENSlS.

417 493 566 551 libus
601 499 927 552 nostrorum
977 494 1282 552 criminum
1327 495 1563 564 solvant,
1603 499 1660 550 et
1703 498 1856 550 tuam
1901 495 2062 551 nobis
2084 505 2143 577 Α

3715 391 3828 446 480

2776 517 2974 556 INCIPIT
3011 516 3165 557 MISSA
3175 541 3188 555 .

2228 601 2254 641 ά
2293 603 2660 675 Omnipotens
2691 605 3034 676 sempiterne
3062 605 3227 674 Deus,
3262 605 3361 678 qui
3407 604 3576 661 nobis
3615 604 3680 660 in
3710 603 3825 659 ob-

2157 697 2468 752 servatione
2487 698 2694 769 jejunii
2718 704 2774 754 et
2795 699 3288 771 eleemosynarum
3305 700 3542 770 semine,
3567 698 3828 771 posuisti

2156 795 2480 846 nostrorum
2534 793 2784 848 remedia
2837 799 3220 865 peccatorum,
3275 793 3543 862 concede,
3586 809 3830 865 quaesu-

2157 901 2304 953 mus,
2334 902 2440 940 nos
2465 903 2633 958 opere
2675 887 2881 942 mentis
2916 891 2972 942 et
2999 887 3247 960 corporis
3287 904 3510 960 semper
3536 887 3646 942 tibi
3694 903 3829 943 esse

2157 979 2405 1034 devotos.

2843 1051 3110 1102 Collectio.

2227 1149 2392 1216 Deus,
2427 1147 2526 1219 qui
2571 1147 2643 1200 ad
2689 1146 3010 1201 animarum
3050 1147 3352 1203 medellam
3389 1147 3600 1219 jejunii
3643 1147 3829 1203 devo-

2156 1245 2307 1301 tione
2335 1245 2607 1317 castigare
2635 1262 2868 1316 corpora
2894 1246 3245 1318 praecepisti,
3279 1245 3522 1301 concede
3541 1289 3554 1315 ,
3585 1262 3831 1318 quassu-

2157 1357 2305 1409 mus,
2325 1344 2390 1394 ut
2414 1340 2586 1394 corda
2612 1345 2802 1394 nostra
2830 1339 2904 1394 ita
2929 1340 3152 1412 pietatis
3167 1345 3278 1395 tua:
3299 1341 3519 1395 valeant
3541 1355 3827 1396 exercere

2158 1434 2458 1499 mandata,
2511 1439 2789 1504 quatenus
2823 1434 2892 1488 ab
2943 1434 3205 1488 omnibus
3250 1450 3474 1506 semper
3520 1435 3825 1506 possimus

2158 1528 2453 1583 abstenere
2482 1527 2743 1598 peccatis.

2780 1634 2902 1683 Post
2935 1633 3169 1684 nomina.

2229 1731 2394 1798 Deus,
2429 1728 2684 1784 omnium
2711 1728 2803 1800 pie
2826 1729 3212 1800 jejunantium
3236 1746 3380 1801 spes,
3408 1731 3576 1797 salus,
3603 1729 3820 1802 gloria,

2157 1828 2362 1895 praesta
2386 1827 2452 1878 ut
2480 1823 2743 1894 imposita
2783 1824 3057 1879 altaribus
3083 1823 3194 1879 tuis
3224 1840 3465 1880 munera
3485 1866 3499 1890 ,
3532 1839 3663 1896 quas
3705 1840 3822 1895 pro

2158 1918 2365 1973 nostris
2391 1923 2834 1990 nostrorumque
2865 1918 3105 1989 peccatis
3133 1918 3320 1973 studio
3348 1918 3458 1990 pia:
3486 1918 3818 1973 devotionis

2159 2011 2467 2081 offerimus,
2511 2012 2798 2084 propicius
2839 2018 2896 2066 et
2938 2013 3221 2084 benignus
3265 2012 3526 2084 aspicias,
3577 2012 3821 2068 benedi—

2159 2107 2336 2162 cendo
2364 2107 2686 2176 benedicas,
2716 2111 2772 2162 et
2796 2107 2956 2162 nobis
2985 2107 3323 2162 sanctiﬁcata
3353 2107 3656 2161 custodias.

2829 2218 2904 2268 Ad
2929 2231 3134 2282 pacem.

2231 2315 2394 2381 Deus,
2430 2313 2530 2385 qui
2557 2313 2627 2367 ad
2669 2313 2774 2367 hoc
2803 2312 2965 2368 nobis
3008 2313 3274 2385 dignatus
3314 2329 3374 2368 es
3413 2313 3625 2370 donare
3658 2315 3815 2386 jeju-

2160 2403 2341 2473 nium,
2376 2407 2438 2457 ut
2464 2402 2802 2458 abstinentia
2837 2407 2892 2457 et
2930 2402 3299 2474 castigatione
3338 2403 3547 2457 carnali
3587 2403 3646 2458 in
3692 2403 3813 2461 ﬁde

2161 2494 2519 2550 inveniamur
2566 2493 2809 2560 stabiles,
2857 2493 2917 2547 in
2958 2493 3220 2563 operibus
3257 2493 3546 2561 efﬁcaces;
3583 2494 3816 2565 jejunia

2160 2599 2350 2648 nostra
2386 2592 2725 2662 suscipiens,
2773 2591 2843 2645 da
2889 2591 3051 2645 nobis
3099 2595 3164 2645 ut
3214 2591 3334 2646 sine
3383 2592 3810 2663 disceptationis

2160 2686 2488 2758 impuritate
2514 2694 2534 2720 °
2559 2685 2618 2738 in
2658 2684 2957 2739 dilectione
2985 2684 3223 2754 sinceri,
3255 2701 3457 2740 manus
3481 2690 3700 2740 nostras
3737 2687 3812 2740 ad

2160 2785 2215 2836 te
2244 2797 2415 2852 puras
2445 2780 2626 2834 levare
2655 2778 2956 2850 possimus.

2810 2893 3146 2944 Contestatio.

2232 2993 2370 3046 Vere
2399 2990 2638 3062 dignum
2670 2994 2726 3044 et
2743 2989 2965 3060 justum
2993 2993 3094 3055 est,
3125 2988 3486 3060 omnipotens
3511 2990 3679 3059 Deus,
3703 2990 3813 3045 tibi

2159 3085 2506 3141 sanctiﬁcare
2539 3083 2849 3155 jejunium,
2901 3084 3054 3154 quod
3101 3083 3264 3137 nobis
3299 3083 3368 3138 ab
3413 3082 3574 3137 initio
3614 3084 3811 3139 saeculi

2161 3196 2381 3234 servare
2412 3178 2670 3233 docuisti.
2703 3179 2962 3248 Magnam
2999 3176 3152 3232 enim
3195 3177 3252 3230 in
3287 3177 3391 3231 hoc
3423 3193 3661 3232 munere
3686 3195 3814 3233 cor-

2078 3257 2131 3330 C
2159 3274 2389 3346 poribus
2417 3272 2656 3344 gratiam
2689 3271 2975 3326 contulisti
3008 3288 3020 3324 :
3051 3271 3204 3342 quod
3231 3271 3278 3324 si
3309 3271 3401 3324 illa
3441 3272 3681 3325 humani
3717 3289 3810 3343 ge-

2154 3368 2308 3422 neris
2353 3371 2536 3421 mater
2581 3365 2940 3420 interdictam
2982 3365 3086 3418 sibi
3134 3365 3397 3419 arborem
3451 3366 3806 3435 custodisset,

2157 3460 2647 3516 immortalitatem
2673 3459 2996 3514 retinuisset
3015 3464 3071 3514 et
3091 3458 3351 3530 patriam.
3373 3459 3479 3514 Sed
3508 3463 3808 3530 peccatum

2155 3555 2350 3610 matris
2374 3554 2647 3626 antiquas,
2675 3553 2827 3624 quod
2854 3553 3070 3607 inlicita
3094 3552 3235 3624 ligni
3262 3553 3419 3607 vetiti
3435 3554 3806 3624 usurpatione

2156 3648 2456 3715 commisit,
2491 3652 2548 3704 et
2571 3647 2778 3702 nostris
2806 3663 3036 3701 oramus
3059 3647 3286 3701 absolve
3314 3647 3578 3717 jejuniis;
3614 3653 3678 3703 ut
3705 3649 3805 3720 qui

2156 3745 2224 3798 de
2250 3742 2507 3814 paradiso
2538 3759 2652 3796 non
2679 3741 3014 3796 abstinendo
3040 3740 3348 3796 cecidimus
3369 3783 3382 3809 ,
3425 3741 3624 3796 eodem
3651 3758 3804 3797 nunc

2148 3837 2464 3909 jejunando
2513 3837 2828 3902 redeamus,
2875 3851 2977 3906 per
3014 3834 3306 3890 Christum
3346 3835 3652 3891 Dominum
3701 3853 3800 3891 no-

2156 3937 2358 3987 strum.

2688 4027 2812 4065 ITEM
2857 4025 3011 4065 MISSA
3049 4026 3270 4065 JEJUNll.

2453 4120 2682 4186 Epistola
2707 4120 2850 4171 Pauli
2878 4120 3100 4184 apostoli
3127 4121 3193 4170 ad
3214 4122 3491 4171 Romanos.

2229 4233 2468 4300 Fratres,
2497 4229 2624 4285 vivo
2663 4246 2790 4302 ego,
2836 4229 2970 4284 dicit
3007 4230 3299 4300 Dominus,
3347 4228 3616 4302 quoniam
3659 4231 3801 4287 mihi

2155 4325 2330 4382 ﬂectit
2355 4341 2523 4380 omne
2553 4341 2723 4396 genu,
2750 4327 2806 4379 et
2833 4323 3016 4378 omnis
3042 4324 3240 4396 lingua
3280 4324 3640 4380 conﬁtebitur
3665 4327 3798 4380 Deo.

2157 4421 2347 4490 Itaque
2373 4417 2764 4490 unusquisque
2790 4421 3047 4473 nostrum
3073 4433 3176 4488 pro
3204 4435 3261 4472 se
3288 4419 3566 4472 rationem
3603 4418 3801 4474 reddet

2155 4515 2287 4568 Deo.
2317 4514 2438 4568 Non
2469 4529 2606 4584 ergo
2633 4512 2878 4583 amplius
2918 4511 3162 4566 invicem
3181 4512 3539 4582 judicemus;
3570 4513 3664 4567 sed
3694 4513 3800 4567 hoc

2072 4606 2400 4702 Djudicate
2448 4607 2652 4678 magis,
2684 4622 2756 4660 ne
2798 4605 3022 4677 ponatis
3066 4605 3470 4661 olfendiculum
3511 4605 3675 4660 fratri
3715 4606 3802 4661 vel

2158 4702 2508 4756 scandalum.
2541 4701 2666 4756 Scio
2692 4706 2747 4756 et
2773 4700 2994 4754 conﬁdo
3025 4699 3082 4754 in
3111 4700 3349 4754 Domino
3375 4702 3525 4755 Jesu.
3557 4700 3613 4755 Si
3644 4700 3798 4755 enim

2157 4799 2392 4867 propter
2440 4796 2630 4850 cibum
2680 4796 2854 4850 frater
2896 4800 3026 4849 tuus
3083 4794 3464 4864 contristatur,
3513 4794 3636 4864 jam
3686 4809 3801 4850 non

2159 4891 2472 4945 secundum
2517 4890 2808 4944 caritatem
2855 4889 3131 4943 ambulas.
3181 4888 3304 4942 Noli
3348 4887 3471 4943 cibo
3513 4893 3612 4942 tuo
3639 4887 3802 4942 illum

2157 4985 2413 5056 perdere,
2458 5001 2561 5056 pro
2593 5000 2704 5054 quo
2732 4983 2988 5038 Christus
3032 4986 3292 5036 mortuus
3338 4985 3442 5036 est.
3481 4983 3603 5036 Non
3647 4983 3801 5037 enim

2156 5079 2583 5151 blasphemetur
2607 5078 2823 5132 bonum
2849 5080 3128 5131 nostrum.
3157 5076 3277 5129 Non
3305 5079 3389 5130 est
3415 5091 3662 5146 regnum
3702 5075 3799 5131 Dei

2157 5191 2280 5230 esca
2310 5178 2366 5227 et
2395 5177 2579 5243 potus,
2608 5172 2705 5226 sed
2723 5170 2964 5242 justitia,
2989 5174 3045 5224 et
3061 5187 3189 5242 pax,
3220 5173 3275 5224 et
3297 5169 3572 5241 gaudium
3600 5169 3659 5224 in
3685 5169 3802 5241 Spi-

2157 5269 2268 5322 ritu
2297 5270 2506 5321 sancto.
2537 5265 2643 5329 Qui
2673 5264 2826 5320 enim
2854 5264 3026 5320 servit
3049 5265 3182 5329 Deo,
3210 5263 3484 5335 probatus
3510 5269 3595 5319 est
3623 5263 3802 5318 homi-

2156 5361 2344 5416 nibus.

2155 5501 2286 5564 etc.,
2317 5495 2414 5550 sed
2445 5512 2456 5550 :
2502 5497 2629 5550 item
2657 5495 2774 5549 alia
2798 5497 2962 5549 missa.
2986 5494 3207 5564 Jejunii.
3239 5495 3301 5547 In
3330 5492 3530 5547 eodem
3561 5492 3792 5564 Gothico

2154 5562 2437 5622 habentur
2462 5571 2685 5621 tantum
2712 5583 2809 5620 sex
2836 5565 3022 5619 missa:
3042 5562 3181 5619 ante
3210 5564 3438 5618 missam
3465 5564 3524 5618 in
3551 5562 3795 5635 Symboli

2157 5639 2476 5718 traditione,
2505 5655 2634 5710 quae
2664 5637 2832 5692 ﬁebat
2859 5637 2920 5691 in
2960 5636 3255 5691 Dominica
3283 5636 3607 5691 Palmarum
3650 5651 3663 5688 :
3693 5650 3790 5689 ne—

2155 5727 2264 5783 que
2293 5711 2384 5764 hic
2409 5711 2618 5780 plures.

2225 5791 2247 5862 ξ
2288 5781 2603 5862 Legebatur
2638 5780 2696 5835 in
2731 5779 3071 5862 exemplari,
3102 5781 3788 5862 disceptatignepuritate;

2153 5853 2250 5980 sled
2277 5849 2638 5908 manifestum
2669 5849 2943 5908 mendum
2973 5851 3080 5907 hoc
3108 5849 3276 5908 modo
3316 5849 3548 5907 indubie
3588 5863 3787 5905 sanan-

2193 5940 2316 5980 um.
