4006 6228
117 282 202 336 481

239 386 418 436 Lectio
445 387 612 437 sancti
636 388 906 453 Evangelii
934 390 1223 440 secundum
1250 391 1546 442 Mattheaum
1567 393 1611 440 ⁸.

179 467 371 522 Simile
401 474 490 523 est
516 485 759 540 regnum
786 471 1052 526 caelorum
1078 473 1298 527 homini
1334 474 1744 545 patrifamilias,

113 562 200 633 qui
230 561 364 616 exiit
393 563 582 633 primo
609 580 775 618 mane
800 566 1113 621 conducere
1130 568 1415 638 operarios
1442 569 1500 622 in
1526 569 1750 623 vineam

115 673 282 710 suam.
313 657 703 711 Conventione
723 664 913 713 autem
933 659 1076 713 facta
1102 677 1231 714 cum
1259 662 1531 733 operariis
1562 679 1630 717 ex
1661 663 1750 716 de-

115 749 259 803 nario
288 749 526 817 diurno,
558 752 710 806 misit
735 768 831 806 eos
851 753 912 806 in
938 753 1160 808 vineam
1189 771 1368 810 suam.
1401 758 1467 810 Et
1491 772 1751 827 egressus

115 844 248 898 circa
273 843 482 898 horam
513 844 756 913 tertiam,
789 846 930 900 vidit
954 847 1090 901 alios
1118 851 1327 903 stantes
1367 849 1425 903 in
1452 851 1575 904 foro
1605 849 1746 904 otio-

115 954 216 1003 sos,
246 941 300 990 et
335 937 444 990 illis
488 938 633 992 dixit
669 956 682 992 :
716 940 793 994 ite
842 944 898 994 et
944 957 1038 995 vos
1079 941 1135 995 in
1172 942 1395 997 vineam
1433 960 1643 1012 meam,
1695 949 1751 998 et

117 1031 258 1102 quod
280 1031 507 1101 justum
536 1032 709 1087 fuerit
739 1033 886 1088 dabo
913 1035 1091 1090 vobis.
1125 1035 1210 1090 Illi
1239 1041 1431 1091 autem
1465 1037 1746 1092 abierunt.

116 1126 311 1178 lterum
337 1125 479 1179 exiit
500 1125 649 1180 circa
679 1132 896 1182 sextam
926 1134 981 1183 et
1023 1146 1232 1184 nonam
1268 1131 1489 1198 horam,
1521 1135 1577 1185 et
1619 1131 1751 1185 fecit

115 1218 374 1273 similiter.
415 1219 578 1274 Circa
627 1221 988 1277 undecimam
1027 1240 1160 1277 vero
1215 1225 1369 1294 exiit,
1430 1230 1486 1280 et
1534 1225 1752 1280 invenit

113 1312 238 1366 alios
265 1317 499 1380 stantes,
534 1319 590 1368 et
616 1313 749 1369 dicit
777 1315 884 1370 illis
914 1334 927 1370 :
973 1317 1119 1381 Quid
1159 1317 1250 1372 hic
1291 1319 1446 1373 statis
1501 1324 1616 1374 tota
1659 1318 1750 1373 die

115 1406 309 1460 otiosi?
340 1407 556 1460 Dicunt
580 1408 652 1477 ei,
683 1409 821 1479 quia
841 1426 1009 1464 nemo
1050 1428 1156 1465 nos
1190 1413 1478 1467 conduxit.
1513 1413 1654 1468 Dicit
1682 1412 1746 1466 i1-

114 1499 171 1552 lis
201 1516 213 1553 :
244 1502 322 1554 Ite
349 1505 408 1554 et
433 1517 535 1554 vos
563 1501 624 1555 in
653 1502 896 1558 vineam.
941 1505 1083 1559 Cum
1129 1522 1254 1560 sero
1300 1511 1492 1561 autem
1540 1507 1752 1561 factum

115 1597 262 1661 esset,
302 1592 440 1648 dicit
490 1595 756 1650 dominus
786 1597 963 1652 vineae
1006 1600 1360 1668 procuratori
1411 1618 1513 1655 suo
1561 1617 1574 1654 :
1609 1602 1752 1654 Voca

114 1687 406 1758 cperarios,
439 1692 497 1742 et
524 1690 696 1744 redde
739 1690 850 1744 illis
883 1693 1226 1762 mercedem,
1265 1694 1540 1765 incipiens
1583 1711 1616 1747 a
1655 1711 1752 1748 no-

608 277 1219 337 SACRAMENTARIUM
1257 279 1706 338 GALLICANUM.
1751 307 1818 322 -ι
1857 281 2222 340 LECTIONES
2259 283 2347 341 DE
2384 284 2694 342 ADVENTU
2731 283 2984 342 DOMINI.

3395 285 3500 347 £82

2511 394 2586 444 Ad
2613 408 2819 445 necem.

2511 409 2586 444 Λα
2613 409 2819 457 pacem.

1923 490 1945 516 ο
1979 480 2218 548 Accepta
2265 477 2368 532 tibi
2414 477 2545 545 sint,
2603 477 2859 548 Domine,
2910 493 3260 549 quaesumus,
3316 479 3496 534 nostri

1851 569 1996 623 dona
2017 571 2244 641 jejunii,
2268 588 2395 642 qum
2424 571 2706 643 expiando
2748 589 2850 626 nos
2887 576 3002 627 tuae
3049 575 3243 643 gratiae
3292 573 3495 642 dignos

1851 664 2097 718 efficiant
2125 670 2179 720 et
2204 666 2274 719 ad
2301 666 2645 737 sempiterna
2673 667 2949 737 promissa
2975 667 3307 739 perducant.

2500 755 2833 805 Contestatio.

1923 835 2060 888 Vere
2107 833 2346 906 dignum
2393 840 2448 889 et
2484 835 2704 905 justum
2755 841 2859 908 est,
2913 837 3274 909 omnipotens
3323 837 3494 905 Deus,

1852 926 2181 998 suppliciter
2222 945 2473 998 exorare,
2515 934 2579 983 ut
2631 946 2763 985 cum
2821 931 3160 986 abstinentia
3221 932 3499 1004 corporali

1849 1037 2010 1076 mens
2036 1037 2260 1092 quoque
2280 1027 2470 1076 nostra
2497 1040 2688 1078 sensus
2709 1024 2953 1079 declinet
2974 1025 3253 1095 inlicitos;
3289 1029 3345 1080 et
3367 1041 3495 1096 quae

1851 1121 2093 1170 terrena:
2114 1115 2392 1170 felicitatis
2412 1118 2729 1172 carnalibus
2757 1120 2940 1191 epulis
2983 1119 3352 1190 abnegamus,
3381 1120 3492 1174 hu-

1851 1226 2036 1263 manae
2080 1210 2385 1264 voluntatis
2429 1211 2614 1281 pravis
2653 1212 3063 1268 intentionibus
3106 1217 3493 1285 amputemus,

1850 1304 1928 1358 ud
1946 1304 2016 1358 ad
2049 1304 2248 1384 sancta
2272 1308 2599 1358 sanctorum
2618 1306 2644 1346 ά
2683 1305 2811 1378 [pie]
2838 1307 3193 1378 ﬁdeliterque
3220 1307 3494 1378 capienda

1851 1399 2172 1470 conpetenti
2192 1398 2412 1469 jejunio
2449 1398 2779 1473 [pervenire]
2830 1401 3136 1456 valeamus.
3186 1403 3292 1456 Per
3339 1400 3495 1456 Chri-

1852 1495 2002 1547 stum
2027 1491 2332 1547 Dominum
2357 1498 2634 1548 nostrum.

2383 1614 2508 1652 ITEM
2550 1613 2708 1652 MISSA
2747 1614 2966 1653 JEJUNII.

2154 1675 2383 1740 Epistola
2409 1676 2552 1726 Pauli
2576 1678 2797 1740 apostoli
2817 1677 2882 1726 ad
2907 1679 3186 1727 Romanos.

113 1780 336 1835 vissimis
370 1798 553 1853 usque
592 1783 662 1837 ad
700 1784 934 1854 primos.
975 1789 1118 1840 Cum
1165 1787 1448 1843 venissent
1490 1804 1626 1859 ergo
1652 1783 1864 1859 quiB_
1915 1757 2162 1859 AFraEre‘s’
2210 1759 2460 1859 0913‘“?
2504 1759 2674 1859 “iam
2723 1758 3079 1859 δέἓξθθῖθεηθε
3123 1758 3292 1859 Pono’
3352 1757 3494 1859 ostri.-

116 1875 246 1929 circa
272 1875 639 1930 undecimam
671 1877 869 1932 horam
918 1887 1207 1950 venerant,
1253 1887 1591 1952 acceperunt
1630 1882 1746 1936 sin-

117 1968 263 2040 gulos
288 1969 574 2024 denarios.
611 1971 906 2027 Venientes
933 1979 1125 2029 autem
1164 1979 1220 2030 et
1255 1975 1449 2046 primi,
1493 1976 1748 2030 arbitrati

117 2067 234 2116 sunt
259 2063 411 2135 quod
440 2065 574 2135 plus
600 2070 786 2120 essent
810 2069 1128 2138 accepturi;
1178 2075 1518 2141 acceperunt
1559 2073 1749 2124 autem

116 2161 164 2210 et
185 2156 284 2228 ipsi
319 2157 581 2229 singulos
607 2159 888 2216 donarios.
936 2163 1003 2216 Et
1047 2162 1380 2234 accipientes
1421 2181 1746 2219 murmura-

116 2249 238 2303 bant
278 2251 548 2307 adversus
585 2255 1070 2324 patremfamilias,
1115 2256 1393 2313 dicentes:
1441 2259 1528 2312 Hii
1569 2259 1751 2312 novis-

117 2343 230 2398 simi
254 2361 361 2398 una
388 2346 536 2400 hora
554 2346 829 2417 fecerunt,
868 2353 923 2403 et
965 2367 1127 2420 pares
1174 2351 1338 2405 nobis
1379 2352 1503 2405 illos
1542 2352 1746 2421 fecisti,

119 2439 203 2508 qui
229 2440 580 2509 portavimus
606 2442 827 2512 pondus
847 2441 960 2496 diei
987 2448 1043 2497 et
1071 2448 1260 2498 aestus.
1290 2449 1360 2499 At
1389 2445 1483 2500 ille
1522 2462 1750 2516 respon-

119 2531 240 2586 dens
264 2534 363 2588 uni
392 2550 599 2588 eorum
626 2535 770 2589 dixit
799 2554 812 2589 :
846 2536 1058 2606 Amice,
1111 2555 1225 2592 non
1268 2539 1410 2593 facio
1451 2540 1550 2594 tibi
1596 2540 1747 2610 inju-

119 2626 267 2682 riam.
307 2629 511 2682 Nonne
557 2646 627 2683 ex
669 2629 898 2684 denario
935 2632 1243 2686 convenisti
1284 2650 1510 2688 mecum
1533 2635 1560 2688 ?
1599 2635 1748 2689 Tolle

120 2721 256 2789 quod
281 2725 446 2776 tuum
477 2727 582 2790 est,
607 2727 663 2777 et
691 2723 848 2778 vade.
879 2725 1016 2778 Volo
1058 2731 1251 2780 autem
1293 2732 1349 2781 et
1390 2727 1524 2781 huic
1560 2727 1747 2781 novis-

123 2814 246 2869 simo
267 2816 397 2870 dare
421 2817 573 2872 sicut
601 2821 658 2872 et
682 2817 806 2872 tibi.
829 2821 939 2873 Aut
963 2835 1079 2873 non
1105 2820 1233 2875 licet
1255 2821 1398 2874 mihi
1437 2821 1588 2892 quod
1627 2823 1749 2876 volo

120 2907 285 2964 facere
303 2912 330 2964 ?
352 2913 437 2965 An
471 2912 669 2966 oculus
695 2916 826 2966 tuus
853 2929 1104 2984 nequam
1135 2920 1236 2984 est,
1264 2915 1398 2986 quia
1429 2931 1535 2985 ego
1565 2915 1751 2969 honus

123 3004 272 3057 sum?
300 3004 384 3059 Sic
413 3011 585 3060 erunt
610 3006 900 3061 novissimi
929 3008 1118 3078 primi,
1149 3013 1205 3063 et
1233 3009 1405 3080 primi
1437 3009 1748 3064 novissimi.

120 3095 262 3151 Multi
285 3099 437 3154 enim
464 3105 599 3155 sunt
623 3101 822 3170 vocati,
851 3102 1018 3173 pauci
1045 3119 1176 3156 vero
1199 3102 1389 3158 electi.

633 3262 651 3283 κ
721 3216 921 3255 INCIPIT
961 3216 1140 3256 MISSA.

185 3293 448 3348 Memores
500 3293 809 3348 caelestium
849 3298 1284 3366 praeceptorum,
1336 3296 1537 3350 fratres
1578 3295 1748 3349 caris-

124 3385 260 3456 simi,
289 3391 520 3457 peccata
546 3392 738 3441 nostra
777 3405 967 3442 coram
1011 3389 1251 3443 Domino
1290 3389 1619 3456 defleamus,
1661 3405 1749 3444 se-

125 3484 297 3534 rentes
322 3481 381 3535 in
406 3482 692 3553 lacrymis,
723 3484 874 3553 quod
907 3488 1187 3538 metamus
1214 3484 1272 3538 in
1297 3484 1538 3555 gaudiis.
1566 3483 1753 3539 Simus

126 3572 178 3627 in
203 3575 446 3630 oratione
473 3576 714 3645 adsidui,
744 3577 803 3630 in
826 3577 903 3648 jej
915 3577 1061 3631 uniis
1086 3578 1357 3650 prompti,
1397 3579 1456 3632 in
1505 3579 1750 3633 eleemo-

127 3668 266 3737 syuis
302 3669 532 3739 hilares,
565 3675 625 3724 ut
649 3671 947 3742 promissa:
969 3672 1358 3727 retributionis
1388 3672 1627 3744 gloriam
1653 3673 1750 3726 de-

127 3765 246 3815 vota
269 3763 373 3818 ﬁde
401 3769 455 3819 et
479 3765 675 3819 futura
695 3766 1023 3837 operatione
1044 3783 1388 3822 mereamur.

799 3860 1070 3909 Collectio.

191 3926 421 4000 Tempus
474 3931 585 3985 hoc
632 3932 1095 4002 sacratissimum,
1144 3933 1345 3986 fratres
1381 3932 1751 4000 dilectissimi,

133 4021 434 4078 vehementi
460 4025 756 4080 devotione
785 4044 848 4080 ac
875 4026 1249 4081 sollicitudine
1287 4027 1652 4096 celebremus,
1695 4027 1755 4080 in

133 4130 232 4186 quo
261 4118 528 4174 Dominus
558 4125 750 4175 noster
763 4121 1138 4193 quadraginta
1152 4121 1378 4176 dierum
1397 4121 1483 4175 vel
1505 4119 1756 4175 noctium

135 4225 342 4267 cursum
370 4215 582 4287 absque
620 4218 733 4270 ullo
774 4217 894 4286 ejus
934 4216 1230 4286 juvamine
1274 4217 1376 4270 sub
1420 4217 1755 4271 indumento

135 4308 362 4376 corporis
390 4310 467 4380 jej
481 4310 691 4364 uuavit.
727 4311 867 4364 Nam
905 4311 1048 4365 sicut
1088 4311 1304 4382 reliquo
1329 4311 1459 4365 anni
1501 4316 1756 4381 tempore

128 4395 368 4469 jejunare
386 4404 696 4474 praemium
718 4409 802 4459 est
824 4422 837 4458 :
863 4405 940 4459 ita
960 4405 1018 4459 in
1039 4405 1126 4459 his
1149 4405 1346 4459 diebus
1366 4422 1480 4460 non
1493 4405 1754 4476 jejunare

139 4500 413 4562 peccatum
441 4504 525 4553 est
562 4499 607 4553 ι).
660 4499 755 4553 Illa
801 4499 954 4554 enim
990 4500 1304 4555 voluntaria
1347 4503 1480 4554 sunt
1514 4499 1754 4570 jejunis,

140 4584 231 4640 ista
254 4593 591 4662 necessaria;
626 4593 720 4647 illa
745 4594 814 4648 de
842 4594 1096 4664 arbitrio,
1125 4594 1233 4649 ista
1249 4595 1485 4649 veniunt
1505 4593 1572 4648 de
1594 4610 1757 4647 man-

141 4679 290 4751 dato;
320 4685 389 4738 ad
417 4686 510 4740 illa
536 4687 780 4759 denique
821 4689 1151 4756 invitamur,
1198 4689 1269 4742 ad
1318 4689 1423 4742 ista
1468 4687 1762 4758 compelli-

140 4789 275 4831 mur.
307 4779 606 4836 Precemur
633 4799 771 4854 ergo
803 4783 1129 4850 Dominum,
1152 4787 1218 4838 ut
1242 4782 1406 4837 nobis
1432 4779 1647 4837 tribuat
1671 4797 1760 4838 re-

143 4869 454 4929 missionem
481 4876 894 4947 peccaminum.
925 4880 1050 4932 Per.

755 4968 874 5015 Post
903 4965 1132 5015 nomina.

755 4970 874 5016 Post
903 4970 1132 5016 nomina.

208 5031 483 5090 Efﬁciatur
507 5038 632 5092 haec
658 5039 862 5106 hostia,
890 5040 1148 5106 Domine,
1181 5054 1528 5111 quaesumus,
1551 5036 1769 5091 sollem-

146 5123 296 5179 nibus
317 5135 473 5199 grata
486 5131 720 5202 jejuniis
741 5151 758 5202 ;
789 5139 846 5187 et
871 5138 932 5188 ut
957 5133 1062 5188 tibi
1090 5133 1190 5187 ﬁat
1234 5133 1532 5205 acceptior,
1565 5130 1764 5202 puriﬁ-

148 5219 270 5274 catis
291 5225 569 5280 mentibus
595 5228 941 5283 immoletur.

205 5346 230 5426 ξ
255 5350 754 5428 _Hoc_Evangelium
784 5355 844 5409 in
870 5355 1076 5428 Ordine
1104 5357 1358 5410 Romano
1401 5353 1612 5428 legitur
1655 5353 1767 5428 Do‘

150 5423 338 5498 milites
355 5423 816 5497 Septuagesimze.
852 5426 1006 5481 ldem
1031 5427 1222 5498 ipsum
1266 5423 1628 5498 inAfricana
1665 5425 1766 5476 Ec-

151 5489 296 5569 clesia
321 5489 525 5549 lectum
552 5489 634 5551 est
660 5504 919 5569 tempore
955 5489 1276 5565 vindemias,
1306 5497 1525 5551 vivente
1556 5502 1771 5569 Atlqu-

151 5562 275 5640 iipp,
289 5580 354 5640 ex
375 5583 629 5640 sermone
650 5572 719 5623 ad
744 5562 1017 5640 populum
1035 5572 1122 5624 87.
1144 5562 1393 5640 Itemque
1415 5569 1536 5640 ipso
1557 5562 1774 5620 die'Na-

152 5632 261 5686 talis
289 5635 528 5708 Domini,
561 5656 629 5693 ex
660 5632 924 5695 sermone
959 5642 1044 5695 49.
1080 5641 1186 5696 Sed
1227 5632 1321 5695 11εὲ
1348 5632 1636 5694 Lectiones
1657 5652 1773 5708 non

154 5711 296 5760 erant
323 5706 596 5784 solemnes
621 5729 724 5783 pro
750 5713 921 5767 sacris
946 5713 1247 5784 mysteriis,
1292 5711 1656 5784 scdhtantum
1705 5706 1777 5762 ad

155 5780 406 5857 sermonis
425 5780 720 5857 materiam
747 5801 760 5840 :
790 5785 862 5839 ad
888 5780 1062 5857 quam
1082 5782 1671 5857 continuadlibrorumA
1689 5794 1780 5857 θίξ-

156 5860 363 5908 crorum
381 5854 539 5910 lectio
559 5856 746 5927 ﬂebat,
770 5861 833 5914 ut
853 5849 1009 5930 patet
1031 5872 1099 5913 ex
1121 5853 1480 5914 sermonibus
1504 5853 1626 5918 152,
1654 5849 1776 5922 154,

1774 3169 1828 3242 C

1850 1855 1963 1906 tate
2020 1851 2386 1907 fraternitatis
2443 1852 2684 1907 invicem
2741 1852 3060 1924 diligentes,
3126 1853 3341 1908 honore
3404 1853 3496 1908 in-

1849 1945 2027 2000 vicem
2069 1946 2511 2016 preevenientes,
2561 1946 2939 2002 sollicitudine
2985 1963 3104 2002 non
3149 1947 3330 2018 pigri,
3379 1947 3497 2019 spi-

1831 2039 1964 2100 ritu
1991 2039 2291 2109 ferventes,
2322 2039 2560 2095 Domino
2581 2040 2907 2111 servientes,
2936 2058 3032 2112 spe
3071 2041 3406 2112 gaudentes,
3435 2041 3495 2095 in

1849 2133 2208 2188 tribulatione
2251 2134 2544 2204 patientes,
2598 2134 2837 2188 orationi
2877 2134 3167 2202 instantes,
3206 2133 3496 2190 memoriis

1851 2232 2174 2282 sanctorum
2201 2228 2704 2297 communicantes,
2729 2216 3173 2300 hespitalitatem
3195 2231 3493 2282 sectantes.

1851 2322 2190 2391 Benedicite,
2216 2327 2271 2376 et
2302 2321 2474 2376 nolite
2510 2322 2845 2376 maledicere
2881 2339 2894 2376 :
2927 2323 3172 2393 gaudere
3203 2338 3333 2376 cum
3356 2337 3496 2393 gau-

1851 2415 2133 2485 dentibus,
2167 2417 2302 2470 ﬂere
2328 2433 2458 2470 cum
2483 2416 2747 2470 ﬂentibus
2768 2434 2784 2484 ;
2814 2415 2872 2470 id
2897 2416 3086 2488 ipsum
3105 2416 3348 2471 invicem
3374 2430 3500 2469 sen-

1847 2509 2072 2579 tientes,
2102 2527 2220 2564 non
2263 2511 2374 2563 alta
2417 2510 2718 2581 sapientes,
2765 2509 2861 2565 sed
2904 2510 3216 2566 humilibus
3254 2524 3493 2564 consen-

1850 2603 2052 2658 tientes
2083 2603 2143 2658 in
2173 2603 2416 2658 Christo.

2075 2696 2252 2746 Lectio
2287 2696 2451 2746 sancti
2484 2696 2735 2760 Evangeli
2767 2697 3057 2747 secundum
3092 2699 3299 2748 Lucam.

1922 2778 2130 2832 Diebus
2154 2777 2286 2845 illis,
2321 2777 2540 2832 dicebat
2565 2778 2838 2832 Dominus
2864 2780 3021 2834 Jesus
3060 2778 3387 2850 parabolam
3429 2774 3496 2831 ad

1851 2871 2151 2943 discipulos
2191 2889 2340 2940 suos,
2370 2872 2640 2943 quoniam
2688 2875 2910 2943 oportet
2952 2888 3177 2944 semper
3221 2888 3401 2939 orare,
3444 2876 3502 2924 et

1850 2981 1965 3020 non
1990 2966 2250 3033 deficere,
2285 2964 2476 3019 dicens
2504 2982 2516 3018 :
2549 2964 2723 3019 Judex
2753 2965 2985 3036 quidam
3012 2971 3133 3021 erat
3160 2965 3220 3019 in
3245 2963 3497 3036 quadam

1851 3059 2094 3128 civitate,
2125 3057 2223 3129 qui
2252 3059 2432 3112 Deum
2456 3075 2571 3112 non
2601 3057 2854 3126 timebat,
2880 3064 2936 3113 et
2955 3059 3249 3113 hominem
3277 3073 3396 3111 non
3414 3049 3502 3110 re-

1852 3152 2170 3207 verebatur.
2203 3152 2377 3207 Vidua
2397 3155 2588 3206 autem
2614 3152 2875 3223 quadam
2901 3156 3021 3206 erat
3051 3152 3109 3206 in
3135 3150 3354 3205 civitate
3379 3150 3496 3219 illa,
3552 3225 3558 3230 I

1851 3251 1907 3297 et
1929 3242 2187 3297 veniebat
2214 3242 2284 3296 ad
2315 3258 2468 3311 cum,
2500 3241 2693 3296 dicens
2717 3257 2730 3294 ε
2752 3240 2982 3294 Viudica
3006 3257 3097 3295 me
3135 3240 3204 3295 de
3234 3239 3496 3294 adversa-

1851 3336 1935 3391 rio
1965 3353 2094 3390 meo
2117 3354 2134 3405 ;
2164 3341 2220 3390 et
2249 3335 2477 3390 nolebat
2503 3352 2607 3406 per
2632 3335 2878 3389 multum
2911 3339 3158 3406 tempus.
3206 3335 3332 3388 Post
3376 3333 3500 3387 haec

1853 3434 2045 3485 autem
2073 3428 2216 3485 dixit
2241 3430 2385 3484 intra
2410 3445 2467 3483 se
2493 3448 2505 3484 :
2538 3431 2604 3484 Et
2630 3430 2675 3483 si
2697 3431 2879 3484 Deum
2908 3447 3024 3484 non
3052 3429 3246 3498 timeo,
3277 3444 3380 3482 nec
3401 3427 3498 3481 ho-

1852 3524 2066 3580 minem
2100 3540 2360 3579 revereor
2379 3541 2395 3593 ;
2427 3528 2618 3578 tamen
2656 3523 2789 3594 quia
2814 3524 3049 3580 molesta
3083 3527 3165 3578 est
3208 3521 3352 3576 mihi
3379 3519 3502 3576 haec

1853 3619 2042 3688 vidua,
2066 3617 2357 3672 vindicabo
2377 3617 2555 3686 illam,
2587 3633 2657 3670 ne
2684 3617 2744 3670 in
2770 3617 3074 3671 novissimo
3117 3615 3369 3684 veniens,
3416 3630 3506 3668 su-

1857 3713 2013 3784 gillet
2032 3729 2142 3766 me.
2168 3711 2261 3765 Ait
2283 3713 2476 3766 autem
2498 3710 2800 3764 Dominus:
2826 3710 3028 3764 Audite
3050 3709 3185 3780 quid
3201 3709 3380 3778 judex
3402 3707 3504 3761 ini-

1855 3805 2083 3878 quitatis
2109 3804 2261 3859 dicit.
2291 3806 2439 3860 Deus
2472 3809 2663 3859 autem
2689 3821 2807 3858 non
2833 3802 3000 3857 faciat
3026 3802 3326 3856 vindictam
3357 3800 3498 3855 elec-

1855 3905 2045 3955 torum
2076 3916 2330 3965 suorum,
2361 3898 2727 3953 clamantium
2751 3897 2821 3952 ad
2869 3913 2927 3952 se
2972 3895 3061 3952 die
3108 3913 3172 3950 ac
3215 3901 3396 3966 nocte,
3450 3897 3506 3949 et

1856 3993 2189 4067 patientiam
2235 3993 2466 4047 habebit
2511 3993 2569 4046 in
2615 3992 2769 4046 illis?
2818 3991 2951 4046 Dico
2998 3990 3169 4060 vobis,
3222 3988 3356 4061 quia
3395 3987 3504 4044 cito

1855 4089 2023 4143 faciet
2043 4087 2351 4142 vindictam
2372 4086 2620 4141 illorum.
2645 4088 3046 4141 Verumtamen
3066 4084 3238 4138 Filius
3259 4081 3505 4138 hominis

1856 4183 2107 4252 veniens,
2134 4186 2300 4253 putas
2327 4181 2576 4236 inveniet
2602 4180 2771 4236 ﬁdem
2801 4181 2861 4234 in
2899 4186 3050 4235 terra
3069 4180 3096 4234 Τ
3123 4178 3272 4233 Dixit
3317 4183 3507 4234 autem

1856 4279 1926 4332 ad
1953 4277 2227 4349 quosdam
2252 4276 2522 4331 Dominus
2570 4276 2728 4330 Jesus
2772 4275 2870 4347 qui
2918 4275 2978 4329 in
3023 4291 3080 4329 se
3125 4273 3503 4342 confidebant,

1857 4376 2149 4443 tamquam
2161 4371 2322 4442 justi,
2358 4374 2413 4425 et
2452 4370 2903 4440 aspernabantur
2932 4372 3145 4423 ceteros
3185 4367 3507 4440 parabolam

1858 4467 2054 4521 istam:
2083 4466 2204 4520 Duo
2232 4465 2492 4519 homines
2515 4464 2891 4519 ascenderunt
2913 4463 2971 4516 in
2994 4463 3271 4533 templum
3292 4466 3357 4516 ut
3378 4475 3504 4515 ora—

1778 4548 1838 4620 D
1860 4565 2007 4630 rent,
2040 4577 2189 4614 unus
2211 4559 2551 4622 Phariszeus,
2576 4561 2631 4611 et
2651 4558 2791 4611 alter
2812 4555 3167 4611 Publicanus.
3195 4556 3509 4610 Pharisaeus

1864 4661 2016 4710 stans
2041 4655 2163 4708 harc
2191 4652 2340 4722 apud
2362 4667 2420 4704 se
2446 4650 2701 4704 dicebat:
2751 4651 2919 4717 Deus,
2974 4649 3184 4720 gratias
3230 4666 3337 4720 ago
3380 4649 3504 4716 tibi,

1865 4750 1997 4822 quia
2020 4765 2135 4802 non
2160 4761 2284 4799 sum
2316 4744 2459 4798 sicut
2479 4741 2650 4796 ceteri
2681 4741 3000 4812 hominum,
3033 4747 3304 4814 raptores,
3327 4742 3507 4813 injus-

1864 4845 1929 4910 ti,
1961 4839 2221 4909 adulteri,
2250 4838 2403 4892 velut
2428 4835 2600 4890 etiam
2643 4835 2734 4888 hic
2773 4834 3132 4890 Publicanus.
3185 4836 3382 4906 Jejuno
3425 4836 3511 4891 bis

1867 4939 1926 4993 in
1967 4935 2218 5002 sabbato,
2266 4931 2507 4986 decimas
2555 4929 2626 4983 do
2673 4927 2930 4982 omnium
2974 4945 3103 4999 qum
3131 4930 3412 4999 possideo.
3445 4932 3510 4984 Et

1866 5031 2203 5088 Publicanus
2231 5043 2264 5081 a
2298 5027 2466 5096 longe
2496 5027 2645 5078 stans
2670 5021 2898 5076 nolebat
2921 5037 3024 5076 nec
3063 5022 3251 5075 oculos
3288 5024 3359 5076 ad
3399 5040 3508 5078 ca:-

1867 5127 1988 5182 lum
2032 5125 2242 5191 levare,
2293 5120 2390 5175 sed
2438 5115 2786 5190 percutiebat
2827 5121 3022 5188 pectus
3066 5130 3234 5168 suum
3273 5116 3508 5170 dicens:

1870 5223 2017 5277 Deus
2045 5217 2328 5291 propicius
2358 5218 2476 5270 esto
2519 5212 2661 5267 mihi
2689 5211 2987 5284 peccatori.
3011 5209 3142 5265 Dico
3186 5208 3362 5278 vobis,
3394 5209 3513 5265 des-

1875 5351 2152 5417 155,159,
2189 5347 2380 5420 i_83._.
2443 5413 2456 5420 _
2642 5411 2656 5420 .
2954 5413 2963 5420 ι
3029 5409 3040 5420 ο
3086 5408 3096 5419 ο
3189 5407 3220 5418 ,,

1946 5407 2298 5498 δξΝοςτεέηάυδ
2325 5413 2417 5469 hic
2443 5413 2598 5467 locus
2625 5411 2694 5465 de
2721 5413 3006 5482 praecepto
3019 5407 3227 5480 jejunii
3254 5407 3510 5474 Quadra-

1879 5488 2213 5616 8831311th
2233 5559 2350 5611 fere
2375 5553 2639 5610 Collectio
2668 5552 2727 5607 in
2755 5554 3008 5607 Romano
3040 5550 3181 5605 feria
3230 5555 3260 5606 3
3306 5549 3517 5606 hebdo—

1879 5635 2062 5690 madas
2090 5628 2387 5686 Passionis.

1949 5706 1975 5746 ἀ
2010 5705 2068 5760 ld
2094 5708 2178 5760 est
2210 5695 2626 5757 Eucharistiam
2648 5711 2746 5754 seu
2774 5692 3232 5750 communionem
3278 5691 3514 5749 Pascha-

1877 5778 2012 5835 lem.
