4006 6228
454 275 557 342 I.83

1340 277 1670 335 APPENDIX
1710 276 1797 332 AD
1834 273 2055 329 oram
2092 271 2145 325 s.
2187 265 2486 325 GERMANI
2525 262 2956 321 PARISIENSIS.
3219 258 3222 261 '
3357 258 3608 333 “mg;
3632 258 3658 326 ῖ

3371 260 3394 264 -
3409 257 3514 265 ...α-,ο
3531 256 3583 266 --
3597 253 3609 260 ο
3631 253 3730 262 -ο-νο-

3737 265 3868 320 «18i-

457 394 644 450 cendit
667 392 760 449 hic
771 389 1108 464 justificatus
1134 390 1193 445 in
1220 390 1454 444 domum
1480 404 1643 443 suam
1669 386 1738 440 ab
1788 386 1883 439 illo
1908 403 1920 439 :
1964 385 2099 456 quia
2122 399 2180 470 Α
2199 384 2380 434 strum
2410 378 2782 449 deprecemur
2815 394 2828 430 :
2861 379 2926 430 ut
2945 371 3232 445 jejunium
3263 376 3521 470 nostrum
3551 373 3625 429 sit
3652 376 3871 447 prOpi-

458 489 640 544 omnis
669 487 767 561 qui
787 504 844 543 se
873 487 1101 556 exaltat,
1125 482 1555 551 humiliabitur;
1587 485 1642 536 et
1668 479 1767 552 qui
1817 496 1875 535 se
1915 479 2099 535 humi—

464 583 582 650 liat,
606 583 960 639 exaltabitur.

1071 666 1260 707 INCIPIT
1301 665 1476 704 MISSA.

535 757 702 824 Deus,
733 754 823 808 cui
850 751 1036 806 omnis
1064 754 1322 804 creatura
1349 765 1453 818 pro
1481 763 1582 801 suo
1613 747 1810 801 ordine
1856 745 2102 801 serviens

460 848 770 903 famulatur
797 845 1066 914 subjecta,
1101 843 1158 896 in
1183 842 1286 896 hac
1306 841 1512 912 jejunii
1553 840 1944 895 humiliatione
1980 856 2103 910 pre-

458 960 549 998 ces
574 947 792 998 nostras
820 937 1023 994 exaudi
1049 935 1357 1008 prOpicius.

1149 1038 1419 1088 Collectio.

526 1127 735 1200 Jejunii
761 1126 1148 1182 incurvatione
1169 1142 1275 1197 pro
1308 1123 1517 1179 nostris
1545 1123 1794 1179 reatibus
1814 1129 1870 1179 et
1888 1123 2104 1178 delictis

460 1224 748 1291 miserere,
774 1237 1122 1294 quaesumus,
1149 1219 1402 1286 Domine,
1427 1226 1483 1273 et
1504 1235 1537 1272 a
1551 1218 1837 1273 continuis
1849 1219 1996 1272 vitiis
2017 1235 2105 1272 oc-

456 1323 704 1390 cupatos,
729 1317 800 1372 ad
829 1317 1064 1370 virtutes
1093 1313 1443 1386 propiciatus
1472 1313 1748 1384 respicere
1775 1312 2030 1383 dignare.

1096 1425 1218 1472 Post
1243 1422 1478 1472 nomina.

529 1512 735 1562 Praesta
765 1508 950 1576 nobis,
981 1506 1297 1560 misericors
1325 1508 1490 1572 Deus,
1524 1508 1590 1560 ut
1636 1521 1876 1560 munera
1914 1509 2103 1559 nostra

457 1619 561 1675 pro
580 1602 785 1672 jejunii
813 1599 1251 1655 sanctificatione
1280 1599 1469 1654 oblata
1488 1598 1726 1671 Spiritus
1751 1594 1975 1653 sanctus
2002 1599 2101 1652 ad-

457 1702 663 1763 sumat,
696 1700 751 1749 et
778 1695 846 1750 ad
878 1699 931 1749 te
957 1700 1071 1748 toto
1115 1693 1279 1749 corde
1329 1694 1634 1748 clamantes
1681 1692 2104 1764 propiciationis

457 1797 570 1844 tuae
602 1789 1018 1859 indulgentiam
1041 1804 1471 1859 consequamur.

1121 1889 1197 1939 Ad
1247 1903 1452 1952 pacem.

531 1977 897 2047 Omnipotens
918 1980 973 2029 et
995 1974 1313 2028 misericors
1336 1976 1502 2040 Deus,
1528 1973 1737 2028 exaudi
1756 1989 1951 2045 preces
1964 1971 2108 2044 jeju-

459 2072 718 2126 nantium
745 2069 1215 2135 Christianorum,
1242 2074 1298 2123 et
1317 2068 1723 2123 misericordia:
1744 2073 1855 2122 tuae
1876 2084 2106 2132 munus,

460 2167 614 2221 omni
639 2168 886 2220 cessante
915 2162 1317 2232 fraudulentia,
1373 2163 1661 2234 prapicius
1707 2162 2012 2234 impende;
2047 2163 2112 2217 ut

457 2279 562 2336 per
586 2257 1046 2331 conjunctionem
1076 2257 1230 2330 pacis
1257 2273 1455 2312 omnes
1477 2262 1584 2312 ate
1613 2257 2105 2328 comprehensam,

467 2355 678 2413 securis
705 2353 806 2408 tibi
836 2352 1123 2408 mentibus
1151 2351 1479 2407 serviamus.

1116 2454 1450 2504 Contestatio.

531 2543 555 2571 ⁸
587 2545 724 2598 Vere
755 2540 994 2613 dignum
1021 2545 1077 2594 et
1094 2540 1317 2610 justum
1344 2543 1428 2593 est
1455 2544 1508 2594 te
1553 2544 1840 2594 auctorem
1875 2543 1930 2593 et
1977 2555 2104 2592 san-

462 2638 825 2692 ctificatorem
857 2635 1062 2706 jejunii
1109 2634 1468 2703 conlaudare,
1516 2649 1620 2704 per
1656 2634 1810 2704 quod
1847 2633 2049 2686 liberas
2077 2650 2108 2686 a

459 2737 786 2787 nostrorum
814 2729 1014 2784 debitis
1054 2733 1430 2800 peccatorum.
1464 2729 1612 2798 Ergo
1661 2727 1880 2798 suscipe
1923 2727 2108 2781 libens

451 2825 838 2898 jejunantium
875 2838 1091 2896 preces,
1151 2823 1336 2894 adque
1383 2839 1486 2876 nos
1532 2840 1564 2876 a
1621 2823 1786 2876 malis
1843 2821 2108 2876 omnibus

459 2919 798 2992 propitiatus
824 2918 1028 2989 eripias
1050 2937 1066 2984 ;
1111 2917 1435 2988 iniquitates
1460 2919 1700 2983 nostras,
1730 2915 1935 2987 quibus
1953 2915 2106 2988 juste

459 3012 809 3084 adfligimur,
860 3027 1126 3081 rogamus
1161 3008 1387 3064 absolve
1422 3026 1525 3082 per
1577 3009 1864 3065 Christum
1911 3009 2103 3064 Domi-

463 3122 630 3178 num,
661 3111 766 3162 etc.

991 3193 1116 3231 ITEM
1155 3192 1315 3231 MISSA
1351 3191 1572 3231 JEJL’NII.

632 3270 865 3335 Epistola
896 3269 1041 3319 Pauli
1075 3269 1295 3333 apostoli
1328 3269 1392 3319 ad
1428 3268 1709 3319 duodecim
1741 3269 1925 3320 tribus.

533 3357 778 3426 Fratres,
807 3357 954 3410 Deus
980 3355 1156 3426 elegit
1180 3372 1456 3426 pauperes
1492 3356 1551 3409 in
1595 3357 1700 3410 hoc
1743 3356 1978 3424 mundo,
2027 3355 2106 3410 di-

455 3451 601 3506 vites
629 3451 688 3504 in
715 3450 846 3519 fide,
875 3453 932 3504 et
956 3449 1192 3504 heredes
1217 3450 1401 3521 regni,
1425 3450 1577 3522 quod
1604 3450 1927 3522 repromisit
1956 3450 2104 3505 Deus

460 3544 828 3617 diligentibus
854 3560 911 3598 se
941 3542 988 3598 δ.

609 3647 786 3698 Lectio
821 3647 986 3698 sancti
1020 3646 1286 3711 Evangelii
1321 3645 1609 3698 secundum
1641 3648 1950 3700 Iohannem.

531 3734 739 3790 Diebus
767 3733 896 3802 illis,
921 3733 1063 3789 dixit
1101 3734 1365 3789 dominus
1408 3735 1566 3790 Jesus
1611 3735 1900 3807 discipulis
1943 3735 2098 3790 suis:
2142 3785 2147 3793 .

458 3833 659 3898 Amen,
706 3846 871 3883 amen
918 3829 1042 3883 dico
1087 3828 1260 3900 vobis,
1289 3829 1398 3884 nisi
1440 3847 1682 3902 granum
1705 3831 1977 3886 frumenti
2005 3847 2099 3884 ca-

459 3924 596 3979 dens
625 3924 855 3979 interra
882 3928 1175 3978 mortuum
1193 3924 1386 3994 fuerit,
1410 3923 1602 3996 ipsum
1648 3925 1830 3980 solum
1868 3930 2062 3980 manet
2085 3943 2099 3994 ;

459 4018 505 4072 si
535 4023 725 4072 autem
758 4021 1051 4072 mortuum
1077 4019 1266 4089 fuerit,
1309 4019 1559 4074 multum
1603 4019 1852 4074 fructum
1899 4020 2098 4075 adfert.

459 4111 565 4176 Qui
590 4116 743 4166 amat
767 4111 1017 4166 animam
1057 4130 1240 4182 suam,
1287 4113 1475 4184 perdit
1515 4129 1676 4182 eam;
1728 4113 1827 4185 qui
1868 4113 2095 4187 [autem]

460 4206 580 4261 odit
604 4205 856 4260 animam
881 4223 1042 4262 suam
1061 4207 1120 4263 in
1148 4208 1254 4262 hoc
1281 4207 1516 4278 mundo,
1541 4207 1599 4262 in
1629 4208 1802 4262 vitam
1831 4212 2099 4263 aeternam

459 4301 703 4356 custodit
730 4318 875 4357 eam.
907 4301 965 4356 Si
992 4302 1120 4374 quis
1147 4301 1290 4356 mihi
1319 4300 1741 4372 ministraverit,
1764 4319 1855 4356 me
1899 4319 2101 4373 sequa-

456 4400 588 4466 tur;
622 4400 678 4452 et
703 4396 802 4451 ubi
824 4414 952 4452 sum
980 4413 1106 4468 ego,
1136 4395 1250 4449 illic
1275 4401 1331 4450 et
1368 4395 1628 4450 minister
1667 4412 1827 4451 meus
1871 4397 1997 4452 erit.
2049 4397 2104 4452 Si

457 4490 583 4563 quis
628 4491 771 4546 mihi
814 4491 1244 4557 ministraverit,
1293 4489 1685 4546 honoriﬁcabit
1750 4508 1882 4546 eum
1943 4493 2102 4547 Pater

457 4601 638 4656 meus,
671 4586 770 4658 qui
790 4591 873 4640 est
897 4586 958 4640 in
979 4585 1152 4640 caelis.

1063 4713 1259 4755 INCIPIT
1298 4714 1477 4754 HISSA.

530 4796 830 4852 Dominum
855 4797 1033 4851 Deum
1057 4801 1337 4867 nostrum,
1369 4799 1567 4854 fratres
1586 4799 1885 4869 carissimi,
1909 4800 1968 4855 in
1993 4800 2100 4856 hac

455 4890 634 4948 nostri
681 4890 1080 4946 humiliatione
1109 4892 1318 4964 jejunii
1368 4893 1649 4964 supplices
1693 4893 2096 4966 deprecemur;

455 4992 520 5042 ut
579 4984 1019 5054 observantiam,
1076 5003 1248 5058 quam
1315 4987 1681 5058 corporaliter
1741 4989 2096 5056 exhibemus,

454 5080 740 5138 mentibus
768 5080 941 5136 etiam
967 5081 1258 5137 valeamus
1282 5099 1545 5139 exercere
1591 5083 1844 5152 sinceris,
1891 5090 1948 5139 et
1986 5101 2102 5139 cas-

454 5177 651 5250 tigatio
675 5180 1001 5232 nostrorum
1030 5193 1333 5250 corporum
1354 5176 1631 5249 profectui
1657 5177 1862 5233 militet
1888 5179 2100 5233 anima-

455 5289 605 5328 rum.

1171 5345 1402 5393 Secreta.

523 5428 844 5484 Unianimes
866 5429 1051 5501 adque
1078 5429 1384 5485 concordes
1411 5429 1715 5484 Dominum
1769 5431 1948 5486 Deum
1991 5447 2094 5485 no—

521 5571 546 5646 _‘
575 5573 786 5646 Eadem
814 5573 873 5628 in
903 5573 1108 5629 Missali
1135 5574 1387 5644 Gothico,
1418 5591 1550 5646 pag.
1578 5577 1705 5630 233.

522 5637 548 5676 ι)
583 5644 711 5698 Hazc
737 5646 980 5716 Epistula
1004 5663 1119 5701 non
1145 5637 1384 5702 videtur,
1405 5637 1683 5716 descripta
1729 5646 1899 5700 fuisse
1947 5646 2094 5702 inte-

488 5729 552 5770 ra
571 5716 755 5786 qualis
780 5717 852 5769 ad
878 5716 1108 5772 missam
1138 5723 1271 5772 tunc
1316 5717 1680 5774 recitabatur.
1730 5716 1887 5781 Quod
1929 5719 2097 5772 etiam

485 5801 518 5864 _e
543 5785 889 5858 quibusdam
917 5787 1059 5856 aliis,
1090 5805 1215 5861 quae
1261 5788 1354 5844 hic
1396 5788 1684 5845 breviores
1720 5794 1871 5859 sunt,
1919 5791 2095 5864 conji-

451 5869 654 5911 cimus.

2201 473 2365 528 ciatio
2392 476 2600 540 nostra,
2629 477 2683 525 et
2701 470 2849 525 dono
2871 469 3068 541 gratiae
3095 485 3230 540 suae,
3255 469 3688 540 castigationem
3719 485 3865 523 cor-

2201 583 2405 640 porum
2445 566 2727 637 profectus
2755 563 3037 619 mentium
3065 569 3499 636 consequantur.

2856 661 3190 712 Contestatio.

2276 739 2416 792 Vere
2445 736 2686 807 dignum
2713 741 2768 789 et
2797 736 3018 806 justum
3039 742 3143 790 est.
3175 735 3280 799 Qui
3324 736 3515 791 ﬁdeles
3564 741 3695 791 tuos
3734 752 3866 790 non

2204 832 2392 887 solum
2415 831 2552 885 cibis
2576 829 2958 900 corporalibus
2984 829 3157 900 pacis,
3181 829 3277 883 sed
3299 829 3468 884 etiam
3497 831 3866 902 spiritalibus

2205 926 2386 998 epulis
2413 924 2734 980 misericors
2760 923 2965 990 reficis,
2985 940 3047 977 ac
3074 929 3329 995 praestas,
3351 930 3416 978 ut
3440 926 3538 995 qui
3568 925 3636 978 de
3675 941 3861 996 para-

2204 1021 2324 1076 diso
2350 1021 2410 1074 in
2437 1020 2622 1091 primo
2648 1023 2886 1090 parente
2910 1034 3012 1089 per
3047 1017 3485 1073 inobedientiam
3513 1036 3629 1073 non
3671 1019 3859 1073 absti-

2204 1115 2391 1170 nendo
2410 1113 2739 1182 cecidimus,
2771 1128 2874 1182 per
2892 1111 3095 1166 Christi
3124 1112 3347 1166 Domini
3367 1113 3546 1166 nostri
3572 1113 3859 1166 obedien-

2205 1210 2341 1264 tiam
2361 1210 2437 1280 jej
2447 1208 2673 1262 unando
2701 1207 2996 1261 redeamus
3019 1223 3034 1273 ;
3066 1210 3123 1260 et
3147 1206 3352 1276 quibus
3373 1223 3474 1277 per
3492 1207 3686 1262 cibum
3709 1207 3862 1278 ligni

2206 1304 2377 1358 inlata
2395 1320 2547 1358 mors
2572 1303 2776 1370 fuerat,
2797 1317 2902 1372 per
2949 1301 3128 1354 crucis
3163 1301 3388 1371 lignum
3435 1301 3583 1356 salus
3625 1302 3863 1372 perdita

2205 1397 2558 1452 redderetur.
2584 1398 2764 1460 Quem
2788 1393 2997 1448 merito
3025 1400 3369 1449 venerantur
3396 1394 3576 1465 sedes,
3629 1395 3862 1448 miran-

2205 1496 2299 1546 tur
2323 1491 2534 1558 throni,
2563 1495 2914 1560 cunctusque
2933 1494 3157 1543 senatus
3176 1488 3482 1542 cmlestium
3501 1492 3861 1559 potestatum

2206 1601 2337 1639 cum
2364 1585 2527 1639 beata
2551 1583 2839 1654 seraphim
2865 1582 3256 1653 proclamant;
3291 1583 3558 1638 SANCTL'S.

2694 1681 3009 1732 Contestatio
3027 1681 3092 1730 de
3117 1680 3308 1744 Josepb
3322 1692 3361 1727 ο.

2125 1779 2180 1852 Β
2277 1758 2414 1810 Vere
2439 1755 2679 1827 dignum
2699 1759 2756 1809 et
2776 1755 2998 1825 justum
3021 1758 3105 1808 est
3137 1754 3496 1824 omnipotens
3531 1755 3703 1821 Deus,
3749 1769 3862 1824 per

2209 1851 2499 1905 Christum
2524 1850 2830 1904 Dominum
2856 1854 3136 1903 nostrum.
3184 1848 3354 1918 Cujus
3397 1854 3598 1919 typum
3640 1848 3860 1917 Joseph

2209 1950 2458 2016 portans,
2481 1945 2760 2000 immenso
2781 1959 2973 1999 amore
3001 1961 3034 1997 a
3057 1947 3217 2014 patre
3248 1943 3523 2013 diligitur,
3541 1943 3600 1997 in
3629 1944 3860 1997 occulto

2210 2041 2340 2095 odio
2368 2039 2694 2094 afratribus
2739 2044 3079 2109 reportatur.
3127 2038 3292 2092 Illum
3328 2036 3572 2108 denique
3616 2037 3862 2091 oderant

2209 2137 2410 2190 fratres
2439 2133 2524 2188 sui
2554 2138 2788 2205 propter
2827 2133 3095 2203 mysteria
3142 2132 3532 2201 somniorum;
3579 2137 3635 2186 et
3681 2131 3858 2185 Chri-

2211 2235 2362 2284 stum
2391 2229 2692 2283 Dominum
2718 2227 3202 2298 persequebantur
3218 2226 3398 2280 Judaei
3413 2229 3649 2296 propter
3669 2225 3860 2280 mani-

2209 2324 2565 2379 festationem
2589 2322 2884 2377 virtutum.
2904 2322 2999 2376 Ille
3025 2321 3096 2375 ad
3124 2321 3462 2374 visitandum
3494 2319 3777 2391 populum
3825 2335 3861 2372 a

2211 2419 2326 2473 Deo
2347 2421 2512 2490 patre
2541 2417 2795 2489 piissimo
2815 2416 3162 2484 destinatur;
3192 2415 3285 2469 ille
3328 2415 3553 2469 errabat
3595 2431 3701 2485 per
3746 2415 3854 2469 he-

2209 2529 2462 2582 remum,
2492 2517 2552 2566 ut
2580 2511 2859 2566 inveniret
2881 2511 3102 2579 fratres,
3125 2509 3222 2580 qui
3242 2510 3623 2564 noscebantur
3655 2514 3853 2579 pasto-

2209 2624 2318 2662 res.
2347 2607 2443 2661 Ilic
2467 2606 2718 2661 Christus
2738 2605 3012 2660 Dominus
3037 2605 3380 2676 praedicabat
3411 2605 3472 2658 in
3510 2604 3746 2674 populo,
3790 2608 3858 2657 ut

2208 2701 2277 2754 ab
2305 2717 2495 2756 errore
2529 2705 2882 2755 converteret
2912 2703 3250 2770 peccatores.
3294 2699 3456 2752 Illum
3491 2698 3552 2752 in
3585 2697 3854 2751 Dotahim

2210 2795 2585 2850 vendiderunt
2607 2795 2831 2864 fratres,
2859 2798 2916 2848 et
2951 2793 3205 2848 occidere
3243 2795 3662 2860 tractaverunt;
3697 2792 3855 2846 hunc

2207 2890 2493 2945 Christum
2510 2889 2811 2944 Dominum
2863 2888 3134 2944 Bethania
3175 2888 3444 2942 Lazarum
3479 2887 3852 2941 suscitantem

2209 2985 2513 3039 doluerunt
2543 2983 2744 3052 Judazi,
2787 2988 2845 3038 et
2885 2982 3218 3053 crucifigere
3257 2985 3594 3036 statuerunt.
3646 2982 3744 3035 Ille
3791 2981 3854 3034 in

2208 3079 2449 3132 cisterna
2469 3078 2775 3132 servandus
2797 3082 3128 3150 reputatur;
3183 3077 3274 3132 hic
3299 3076 3566 3131 custodia:
3595 3075 3852 3129 militum

2124 3161 2179 3234 C
2205 3173 2528 3244 deputatur.
2563 3173 2656 3227 Ille
2676 3191 2709 3226 a
2746 3173 3052 3241 fratribus;
3082 3172 3173 3226 hic
3199 3172 3452 3226 Christus
3494 3170 3764 3224 Dominus
3818 3187 3850 3222 a

2202 3267 2409 3322 Judzeis
2427 3267 2686 3322 traditur.
2713 3267 2808 3322 Ille
2838 3266 3132 3322 Ism'aelitis
3151 3265 3385 3336 triginta
3404 3265 3688 3337 argenteis
3707 3279 3845 3319 ven-

2205 3362 2354 3416 ditus
2377 3362 2438 3416 in
2463 3362 2683 3416 deserto
2708 3378 2726 3430 ;
2753 3361 2846 3416 hic
2872 3362 3126 3416 Christus
3167 3361 3438 3415 Dominus
3481 3360 3719 3430 triginta
3760 3375 3849 3413 ar-

2206 3457 2422 3527 genteis
2437 3474 2470 3510 a
2482 3456 2710 3512 Iudaeis.
2727 3457 2890 3510 Illum
2908 3456 3109 3510 fratres
3123 3455 3498 3511 vendiderunt
3511 3455 3843 3526 in'zEgypto;

2205 3551 2356 3606 hunc
2381 3550 2591 3606 milites
2617 3551 3091 3621 exspoliaverunt.
3124 3550 3222 3605 Ille
3249 3549 3530 3605 addicitur
3555 3549 3842 3615 servituti;

2204 3645 2296 3700 hic
2330 3645 2584 3702 Christus
2615 3646 2888 3700 Dominus
2913 3645 3183 3716 adfigitur
3218 3646 3391 3700 cruci.
3414 3645 3508 3699 Ille
3529 3644 3587 3699 in
3608 3645 3847 3715 ngypto

2204 3740 2519 3805 descendit;
2559 3740 2651 3794 hic
2682 3740 2938 3794 Christus
2970 3740 3240 3795 Dominus
3269 3740 3329 3794 in
3363 3740 3520 3810 ligno
3554 3738 3842 3810 pependit.

2204 3837 2346 3889 Cum
2368 3835 2464 3888 illo
2489 3834 2601 3889 duo
2623 3835 2871 3889 damnati
2895 3839 3191 3889 servantur
3213 3835 3271 3888 in
3284 3850 3526 3902 carcere;
3544 3850 3674 3887 cum
3692 3832 3844 3888 Chri-

2204 3935 2288 3983 sto
2308 3929 2548 3983 Domino
2564 3930 2674 3984 duo
2702 3930 2952 3984 latrones
2977 3929 3373 4000 adjunguntur
3396 3929 3456 3982 in
3475 3943 3660 3982 cruce.
3681 3928 3841 3998 losep

2204 4024 2484 4080 damnatis
2513 4024 2732 4078 somnia
2766 4024 3025 4095 exponit;
3057 4024 3309 4079 Christus
3337 4022 3610 4077 Dominus
3637 4022 3840 4076 latroni

2205 4120 2438 4190 praemia
2448 4118 2731 4190 promittit
2745 4122 2976 4173 aeterna.
2989 4119 3194 4190 Ioseph
3205 4119 3274 4172 de
3293 4118 3576 4189 ergastulo
3589 4131 3843 4188 egressus

2203 4213 2598 4286 componitur;
2621 4213 2879 4270 Christus
2902 4213 3176 4268 Dominus
3198 4213 3488 4267 infernum
3510 4212 3843 4283 exspoliatu-

2205 4325 2299 4362 rus
2316 4309 2668 4379 aggreditur.
2688 4309 2780 4363 Ille
2801 4314 2926 4379 post
2951 4307 3374 4362 tribulationem
3388 4307 3647 4378 pervenit
3662 4307 3731 4360 ad
3745 4307 3840 4360 ho-

2204 4419 2422 4472 norem;
2448 4403 2704 4458 Christus
2719 4403 2994 4458 Dominus
3013 4409 3138 4474 post
3151 4401 3625 4457 resurrectionem
3650 4401 3842 4456 trium—

2120 4545 2179 4616 D
2204 4498 2386 4568 phans
2405 4498 2656 4552 ascendit
2680 4499 2751 4554 ad
2785 4499 3034 4553 Patrem.
3083 4498 3176 4552 Ille
3223 4497 3512 4552 frumenta
3557 4495 3841 4550 distribuit

2203 4592 2255 4616 εκ
2297 4593 2519 4616 πη-,-ιη
2548 4611 2562 4616 -
2592 4593 2679 4616 ι-;-
2707 4593 3111 4616 η--ι,-;-ι;-...
3142 4592 3480 4616 --__--_.-..;.
3508 4591 3562 4616 ε..
3607 4590 3814 4616 MM..-

2201 4592 2260 4646 in
2281 4593 2522 4664 Egypto
2547 4611 2562 4662 ;
2590 4593 2681 4646 hic
2707 4593 3116 4647 Eucharistiam
3137 4592 3484 4648 consecravit
3507 4591 3565 4644 in
3606 4590 3835 4645 mundo.

2204 4687 2295 4741 Ille
2320 4704 2353 4741 a
2377 4687 2646 4742 fratribus
2686 4692 2771 4742 est
2795 4687 3059 4742 adoratus
3102 4687 3160 4740 in
3208 4686 3412 4756 terris;
3454 4686 3547 4740 hic
3591 4685 3837 4740 Christus

2200 4781 2469 4836 Dominus
2489 4783 2559 4836 ab
2581 4783 2798 4854 angelis
2818 4781 3037 4853 jugiter
3061 4782 3329 4836 adoratur
3354 4782 3415 4835 in
3441 4780 3614 4835 caelis.
3644 4780 3760 4834 Cui.

2453 4881 2770 4933 Contestatio
2799 4881 3008 4947 quando
3039 4882 3104 4931 de
3136 4895 3324 4931 manna
3349 4880 3598 4946 Iegiturd.

2272 4956 2411 5010 Vere
2439 4956 2680 5026 dignum
2708 4959 2764 5009 et
2779 4956 3001 5025 justum
3029 4960 3131 5022 est,
3156 4955 3515 5026 omnipotens
3542 4955 3718 5009 Deus:
3747 4971 3834 5010 cu-

2193 5048 2289 5120 jus
2310 5050 2476 5120 jussu
2511 5066 2718 5103 manna
2748 5049 2816 5103 de
2846 5050 2982 5103 caelo
3009 5050 3315 5119 descendit,
3345 5046 3632 5121 similique
3675 5050 3834 5105 modo

2201 5143 2269 5198 de
2296 5144 2453 5216 virga
2481 5161 2747 5216 percusso
2775 5145 2924 5200 silice
2951 5161 3098 5217 aqua
3116 5144 3458 5216 parturiens,
3489 5151 3544 5198 et
3581 5144 3827 5198 obduris—

2201 5239 2412 5293 simum
2437 5256 2633 5294 saxum
2663 5240 2722 5293 in
2751 5243 3017 5310 stagnum
3039 5239 3401 5294 manantibus
3421 5239 3554 5293 rivis
3578 5255 3831 5311 spuman-

2201 5333 2352 5388 tibus
2379 5334 2536 5388 unda
2555 5334 2826 5389 sulcabat.
2847 5335 2989 5389 Nam
3008 5338 3158 5389 totus
3177 5334 3283 5389 iste
3308 5334 3580 5405 mundus,
3610 5335 3706 5406 qui
3726 5351 3832 5390 ma-

2199 5428 2561 5484 nifestissime
2605 5429 2715 5484 fuit
2757 5430 3048 5500 heremus,
3091 5429 3248 5485 venit
3290 5429 3361 5485 ad
3400 5421 3720 5503 petrain,id
3751 5433 3831 5486 est

2270 5588 2293 5616 ο
2329 5577 2541 5703 Nemfpe
2562 5578 2788 5650 quando
2812 5578 3016 5650 Ioseph
3039 5578 3373 5650 patriarcha:
3402 5579 3640 5635 historia
3680 5579 3824 5652 lege-

2199 5649 2366 5703 batur
2392 5666 2450 5703 m
2479 5667 2557 5703 ra.

2238 5654 3093 5799 agiflldiiprifglligendumvidetur
3121 5723 3190 5778 de
3217 5724 3543 5799 Evangelio,
3565 5723 3713 5799 quod
3731 5740 3826 5796 pro

2199 5792 2365 5849 tertia
2389 5792 2684 5852 Dominica
2701 5795 3158 5868 Quadragesimte
3183 5792 3505 5871 assignatur
3527 5792 3691 5854 infra.
