4006 6228
141 310 236 370 485

626 308 1238 369 SACRAMENTARIUM
1274 308 1720 369 GALLICANUM.
1763 336 1835 351 -
1871 310 2238 371 LECTIONES
2284 313 2372 371 DE
2408 314 2722 374 ADVENTU
2762 318 3017 377 DOMINI.

3412 286 3513 378 486

142 423 404 482 Christus.
445 420 641 479 Crucis
670 422 831 496 virga
870 439 1203 495 percussum
1241 423 1434 480 lancea
1472 424 1620 480 latus
1657 424 1780 496 ejus
1801 434 1859 508 Α
1882 424 2062 496 gionis
2090 425 2261 499 illius,
2286 431 2342 484 et
2375 430 2528 485 misit
2554 431 2713 486 illum
2738 432 2797 487 in
2826 433 3015 488 villam
3037 449 3198 489 suam
3232 437 3299 491 ut
3322 450 3514 508 pasce-

140 517 369 591 aperuit,
400 534 584 590 aquas
619 518 772 574 vivas
800 518 1071 589 evomuit,
1102 518 1256 574 unde
1292 518 1461 574 simul
1486 517 1629 574 bibit
1654 536 1777 574 om-

141 614 222 669 nis
245 612 553 668 credulitas
584 612 861 685 gentium,
885 612 985 685 qui
1009 628 1325 685 numquam
1352 614 1502 669 sitiet
1530 612 1586 668 in
1613 618 1777 670 aeter-

143 724 290 763 num.
319 707 424 762 Cui
450 707 680 762 merito.

341 829 473 879 Item
497 828 819 880 Contestatio
843 828 898 878 in
919 828 1093 879 medio
1117 828 1575 894 Quadraginsimm.

208 921 339 973 Vere
384 918 635 989 dignum
688 925 745 975 et
781 919 1006 990 justum
1049 924 1151 990 est,
1204 921 1558 993 omnipotens
1607 922 1777 977 Deus-

145 1014 309 1078 Quem
332 1012 533 1067 nullus
562 1013 876 1085 potentiam
904 1014 1214 1084 majestatis
1233 1020 1349 1071 tuae
1378 1015 1626 1071 offensus
1645 1016 1784 1071 etfu-

145 1118 266 1174 gere
295 1105 502 1172 potest,
534 1118 637 1157 nec
672 1107 805 1158 ante
840 1103 1045 1158 faciem
1074 1103 1328 1160 nominis
1354 1106 1437 1160 tui
1466 1106 1784 1178 eriperetur

140 1196 322 1267 laesus;
361 1196 466 1268 qui
507 1213 635 1251 aras
676 1197 919 1252 aedificat
951 1197 1010 1251 in
1050 1200 1472 1255 consecratione
1516 1200 1780 1255 adversa—

144 1290 223 1357 rii,
254 1294 318 1344 ut
352 1290 660 1345 maledicat
698 1290 789 1345 cui
825 1295 889 1346 tu
928 1290 1238 1349 benedicis.
1279 1294 1553 1358 Quasnam
1583 1295 1782 1349 Balaac

142 1383 430 1439 insidiator
465 1385 615 1455 petit
640 1385 851 1456 populo
876 1385 1174 1456 maledici;
1202 1387 1300 1442 sed
1330 1388 1491 1459 jusso
1518 1393 1618 1444 tuo
1649 1405 1778 1461 pro-

141 1478 393 1549 phetatus
421 1478 655 1534 Balaam
683 1479 997 1549 benedixit,
1032 1480 1269 1536 laudans
1302 1482 1665 1539 tabernacula
1689 1484 1780 1538 Ja-

142 1571 254 1641 cob,
282 1576 339 1627 et
367 1572 718 1629 benedicens
748 1574 993 1628 tentoria
1021 1577 1122 1629 tua
1158 1576 1342 1630 Israel.
1372 1577 1529 1632 Unde
1564 1583 1641 1646 te,
1670 1577 1780 1631 Do-

141 1660 283 1716 mine
305 1662 453 1715 Deus
489 1662 872 1733 omnipotens,
909 1662 1307 1734 deprecamur,
1337 1666 1477 1738 quia
1500 1667 1664 1722 caelos
1693 1670 1779 1720 te—

140 1772 251 1822 nes,
291 1760 349 1809 et
389 1754 624 1826 abyssos
663 1755 839 1828 regis,
876 1760 942 1810 ut
981 1756 1142 1829 virga
1172 1775 1304 1830 qua:
1347 1774 1574 1831 egressa
1598 1764 1684 1814 est
1711 1759 1780 1813 de

140 1810 315 1916 Iacob,
347 1853 403 1906 et
429 1810 1033 1921 consurgitude’lsrael,
1068 1810 1628 1909 doniineturocunctis
1647 1869 1781 1924 gen-
1799 1810 1857 1883 B

142 1942 301 2011 tibus,
345 1942 650 1998 benedicat
688 1943 1087 2008 hereditatem,
1134 1961 1311 2017 quam
1356 1963 1460 2003 suo
1501 1947 1781 2018 sanguine

144 2036 435 2109 adquisivit
460 2037 739 2093 Dominus
765 2041 959 2094 noster
976 2039 1136 2095 Jesus
1155 2040 1409 2096 Christus
1434 2041 1605 2097 Filius
1624 2045 1777 2096 tuus.

143 2131 235 2186 Cui
258 2132 485 2187 merito.

144 2245 307 2295 Lectio
331 2244 500 2295 sancti
523 2244 794 2318 Evangelii
818 2246 1110 2297 secundum
1128 2247 1427 2298 Matthaaum
1454 2261 1571 2312 quas
1591 2246 1783 2311 legitur

620 2311 768 2357 initio
802 2308 1242 2373 Quadraginsimaa
1259 2310 1304 2361 ⁸.

207 2394 476 2467 Tempore
514 2394 616 2448 illo
645 2394 847 2449 ductus
885 2399 969 2450 est
1010 2396 1281 2452 Dominus
1317 2396 1474 2452 Jesus
1502 2396 1560 2451 in
1599 2396 1784 2452 deser—

148 2492 258 2543 tum
281 2505 313 2542 a
338 2488 557 2560 Spiritu
586 2492 651 2544 ut
680 2492 1019 2545 temtaretur
1042 2508 1073 2545 a
1106 2490 1351 2546 diabolo.
1383 2492 1452 2546 Et
1476 2507 1607 2545 cum
1627 2490 1780 2561 jeju-

148 2587 324 2639 nasset
344 2584 728 2656 quadraginta
769 2584 968 2640 diebus
1002 2588 1059 2640 et
1094 2584 1470 2657 quadraginta
1502 2584 1780 2655 noctibus,

148 2681 326 2747 postea
363 2677 588 2733 esuriit.
618 2679 685 2733 Et
712 2677 980 2734 accedens
1011 2682 1279 2734 temtator
1310 2678 1453 2735 dixit
1482 2678 1565 2733 illi
1591 2695 1604 2733 :
1629 2677 1685 2734 Si
1712 2678 1781 2732 ﬁ-

148 2770 246 2826 lius
271 2772 369 2827 Dei
395 2789 475 2843 es,
508 2772 601 2828 dic
639 2776 704 2827 ut
744 2773 957 2844 lapides
993 2772 1086 2829 isti
1124 2789 1300 2845 panes
1325 2773 1483 2828 ﬁant.
1514 2772 1621 2837 Qui
1662 2788 1783 2828 res-

148 2864 393 2936 pondens
419 2865 568 2921 dixit
594 2884 608 2921 :
638 2867 923 2938 Scriptum
953 2870 1056 2938 est,
1094 2884 1210 2923 non
1239 2867 1299 2921 in
1324 2882 1472 2939 pane
1510 2866 1626 2921 solo
1652 2864 1788 2920 vivit

147 2958 326 3028 homo,
357 2961 457 3016 sed
482 2961 548 3015 in
572 2959 730 3015 omni
755 2961 950 3030 verbo,
982 2961 1135 3033 quod
1161 2961 1423 3033 procedit
1448 2961 1517 3016 de
1544 2977 1641 3016 ore
1662 2960 1782 3015 Dei.

148 3053 291 3108 Tunc
316 3053 639 3125 adsumpsit
665 3070 799 3109 eum
828 3054 1087 3110 diabolus
1111 3054 1171 3109 in
1199 3058 1452 3110 sanctam
1479 3053 1783 3120 civitatem,

150 3151 201 3202 et
225 3148 419 3204 statuit
446 3164 585 3204 eum
609 3164 784 3220 super
806 3149 1181 3221 pinnaculum
1208 3149 1430 3221 templi,
1462 3153 1519 3203 et
1537 3147 1678 3204 dixit
1693 3147 1781 3203 ei:

150 3239 200 3295 Si
222 3240 369 3296 ﬁlius
386 3242 487 3297 Dei
504 3258 586 3309 es,
608 3241 772 3297 mitte
792 3247 847 3296 te
873 3242 1162 3298 deorsum.
1185 3242 1470 3314 Scriptum
1502 3247 1586 3297 est
1610 3241 1783 3308 enim,

152 3335 295 3406 quod
330 3336 552 3408 angelis
595 3335 709 3391 suis
742 3336 1032 3391 mandavit
1071 3336 1140 3392 de
1169 3340 1245 3407 te,
1286 3338 1354 3391 ut
1378 3335 1643 3390 manibus
1676 3334 1782 3389 tol—

153 3429 262 3485 lant
284 3433 362 3500 te,
408 3445 483 3489 ne
523 3430 669 3485 forte
697 3429 949 3486 offendas
987 3430 1061 3484 ad
1091 3429 1340 3501 lapidem
1364 3430 1568 3502 pedem
1597 3432 1783 3483 tuum.

155 3522 239 3577 Ait
254 3524 332 3579 illi
360 3524 576 3581 iterum
601 3526 762 3582 Iesus
790 3541 805 3579 :
836 3526 1053 3580 Rursus
1078 3524 1352 3597 scriptum
1378 3528 1481 3591 est,
1506 3540 1622 3578 non
1649 3527 1789 3578 tem-

157 3616 290 3672 tabis
316 3619 628 3675 Dominum
656 3621 833 3676 Deum
861 3623 1048 3675 tuum.
1078 3620 1292 3675 lterum
1318 3618 1632 3691 adsumpsit
1655 3631 1787 3672 eum

157 3710 398 3767 diabolus
430 3714 494 3769 in
536 3719 789 3770 montem
829 3713 1119 3769 excelsum
1154 3713 1337 3783 valde,
1366 3716 1423 3767 et
1459 3711 1705 3767 ostendit
1737 3708 1790 3764 ei

160 3807 338 3861 omnia
360 3824 541 3882 regna
574 3808 777 3865 mundi
802 3813 859 3864 et
887 3807 1125 3881 gloriam
1151 3824 1371 3878 eorum,
1403 3812 1461 3862 et
1488 3805 1632 3862 dixit
1663 3804 1744 3859 illi
1772 3819 1786 3859 :

162 3901 279 3957 Haec
322 3902 423 3958 tibi
466 3902 662 3958 omnia
699 3903 865 3970 dabo,
907 3902 955 3957 si
987 3903 1285 3975 procidens
1318 3899 1636 3957 adoraveris
1674 3913 1787 3953 me.

163 3994 302 4049 Tunc
340 3996 475 4051 dicit
505 3997 558 4052 ei
591 3999 748 4052 Jesus
778 4014 791 4051 :
821 3996 971 4051 Vade
1000 4001 1175 4064 retro,
1221 3996 1473 4051 Satanas.
1508 3992 1792 4065 Scriptum

164 4093 241 4144 est
266 4107 279 4144 :
306 4091 611 4146 Dominum
638 4092 819 4146 Deum
842 4095 1008 4146 tuum
1029 4090 1310 4160 adorabis,
1342 4093 1400 4144 et
1428 4088 1509 4143 illi
1537 4086 1644 4143 soli
1674 4102 1787 4142 ser-

163 4183 289 4239 vies.
313 4185 467 4239 Tunc
493 4184 725 4257 reliquit
759 4200 893 4240 eum
920 4183 1210 4255 diabolus;
1241 4186 1299 4239 et
1329 4198 1457 4240 ecce
1480 4178 1676 4253 angeli
1707 4196 1792 4235 ac-

164 4284 455 4350 cesserunt,
488 4281 548 4334 et
572 4277 975 4333 ministrabant
999 4278 1072 4333 ei.

164 4404 328 4458 Lectio
343 4409 509 4462 sancti
522 4407 801 4473 Evangelii
814 4408 1104 4473 secundum
1120 4409 1331 4470 Lucam,
1351 4404 1559 4473 quando
1580 4405 1797 4457 historia

678 4470 743 4521 de
777 4472 976 4535 Joseph
1000 4470 1192 4534 legitur
1217 4472 1263 4520 b.

232 4558 399 4614 Homo
435 4557 671 4632 quidam
701 4558 906 4613 habuit
941 4557 1081 4613 duos
1107 4556 1273 4624 filios,
1304 4560 1362 4612 et
1390 4554 1533 4611 dixit
1571 4554 1789 4611 adoles-
1812 4563 1873 4638 D

168 4651 370 4707 centior
414 4669 488 4709 ex
533 4651 643 4707 illis
694 4652 844 4724 patri
878 4653 1101 4722 :Pater,
1155 4650 1229 4705 da
1273 4650 1419 4705 mihi
1458 4648 1795 4722 portionem

169 4745 484 4803 substantias
510 4762 641 4819 quas
683 4763 778 4802 me
816 4745 1117 4817 contingit.
1172 4745 1242 4801 Et
1288 4743 1481 4801 divisit
1522 4743 1632 4799 illis
1659 4744 1795 4799 sub-

170 4846 440 4901 stantiam.
472 4847 541 4901 Et
563 4862 679 4901 non
702 4849 830 4918 post
846 4843 1061 4900 multos
1082 4843 1220 4913 dies,
1241 4842 1601 4915 congregatis
1620 4841 1800 4899 omni-

171 4937 285 5007 bus,
310 4939 717 4996 adolescentior
745 4939 896 4995 ﬁlius
927 4955 1167 5012 peregre
1191 4938 1477 5011 profectus
1504 4942 1588 4994 est
1620 4937 1682 4991 in
1704 4953 1797 4992 re-

177 5033 391 5105 gionem
432 5036 828 5107 longinquam,
874 5038 932 5089 et
971 5032 1052 5089 ibi
1096 5032 1386 5105 dissipavit
1431 5031 1801 5088 substantiam

175 5140 344 5194 suam,
379 5126 620 5182 vivendo
656 5123 963 5180 luxoriose.
1011 5124 1079 5178 Et
1119 5127 1425 5196 postquam
1452 5121 1645 5178 omnia
1674 5137 1803 5176 cono

178 5225 518 5292 summasset,
548 5220 693 5275 facta
718 5224 802 5275 est
822 5218 1003 5273 fames
1030 5216 1218 5273 valida
1238 5217 1301 5272 in
1336 5217 1570 5289 regione
1599 5215 1715 5286 illa,
1748 5219 1806 5271 et

180 5310 289 5385 ipse
312 5315 480 5389 caepit
509 5330 699 5387 egere.
729 5315 796 5369 Et
820 5312 983 5383 abiit,
1012 5315 1071 5368 et
1092 5311 1332 5367 adhaesit
1354 5311 1456 5367 uni
1488 5311 1697 5367 civium
1719 5325 1805 5365 re-

245 5458 270 5490 ⁸
287 5460 404 5515 Non
418 5476 554 5532 ergo
575 5475 645 5513 ex
674 5457 872 5532 ordine
892 5456 1186 5532 Lectiones
1204 5461 1463 5532 accurate
1482 5456 1586 5532 hic_
1600 5456 1806 5528 despo-

184 5528 313 5601 sitae.
341 5528 510 5586 ldem'
534 5529 904 5601 Evangelium
945 5528 1113 5601 hodie
1160 5544 1387 5601 quoque
1441 5528 1503 5582 in
1554 5529 1808 5601 Romano

185 5598 458 5657 Dominica
488 5602 675 5674 prima
696 5598 1198 5674 Qua‘dragesimae,‘
1210 5598 1527 5674 quaeuinitio
1554 5600 1805 5674 Quadra-

187 5674 383 5738 gesz‘me
412 5669 522 5729 hoc
556 5675 678 5729 loco
707 5669 992 5741 designari
1019 5669 1264 5741 videtur,
1303 5669 1438 5724 olim
1469 5675 1639 5741 caput
1668 5669 1811 5741 Qua—

188 5742 503 5810 dragesima:
537 5746 711 5801 etiam
750 5742 812 5798 in
834 5738 1096 5799 Ecclesia
1122 5738 1392 5810 Romana,
1427 5757 1496 5797 ex
1522 5738 1668 5797 notis
1697 5739 1810 5795 Me-

189 5814 341 5874 nardi
362 5817 537 5875 nostri
564 5817 628 5873 in
651 5814 1193 5887 Sacramentarium,
1223 5829 1359 5887 pag.
1390 5815 1479 5887 52.

254 5887 282 5931 ιδ
306 5889 430 5947 Hac
466 5884 700 5948 historia
731 5903 886 5945 nunc
914 5887 975 5947 in
1008 5881 1264 5947 Roman'o
1291 5881 1502 5959 l'egitur
1526 5881 1599 5941 ad
1631 5883 1810 5941 Matu-

1880 526 1970 577 ret
1994 539 2215 594 porcos,
2244 528 2301 579 et
2328 525 2590 597 cupiebat
2614 526 2853 599 implere
2879 533 3135 584 ventrem
3163 546 3331 585 suum
3359 529 3428 585 de
3450 529 3521 584 si-

1878 616 2049 688 liquis
2078 634 2217 688 quas
2252 617 2409 689 porci
2433 619 2870 691 manducabant,
2899 626 2955 678 et
2993 638 3164 677 nemo
3203 623 3284 678 illi
3328 623 3515 679 dabat.

1879 711 2000 782 Ipse
2032 716 2223 767 autem
2249 728 2506 768 reversus
2532 713 2673 769 dixit
2697 732 2711 769 :
2735 715 2941 781 Quanti
2974 718 3314 773 mercenarii
3341 719 3520 789 patris

1879 804 1994 859 mei
2028 804 2319 860 abundant
2347 807 2608 879 panibus,
2638 826 2745 881 ego
2785 812 2976 866 autem
3013 810 3105 865 hic
3130 811 3282 866 fame
3307 813 3515 883 pereo!

1880 898 2144 969 Surgam,
2174 904 2230 955 et
2269 898 2362 954 ibo
2402 901 2472 956 ad
2507 903 2686 957 Deum
2713 920 2928 972 meum,
2967 906 3023 959 et
3049 904 3234 959 dicam
3260 905 3338 960 illi
3368 922 3381 961 :
3414 907 3519 960 Pa-

1880 997 1988 1062 ter,
2032 993 2259 1064 peccavi
2288 994 2349 1049 in
2377 995 2576 1050 caelum
2605 1001 2661 1051 et
2689 1014 2877 1052 coram
2904 1002 2978 1068 te,
3013 1002 3069 1053 et
3086 999 3209 1069 jam
3237 980 3352 1054 non
3391 1017 3520 1055 sum

1883 1086 2091 1158 dignus
2117 1087 2301 1142 vocari
2328 1088 2477 1144 ﬁlius
2503 1094 2655 1159 tuus,
2678 1090 2765 1145 fac
2788 1108 2879 1146 me
2900 1091 3048 1148 sicut
3073 1108 3257 1147 unum
3276 1092 3344 1149 de
3364 1110 3517 1149 mer-

1882 1180 2120 1236 cenariis
2146 1181 2277 1249 tuis,
2308 1186 2365 1237 et
2386 1198 2625 1254 surgens
2648 1184 2802 1239 venit
2830 1186 2901 1240 ad
2926 1190 3146 1257 patrem
3166 1203 3354 1242 suum.
3377 1189 3521 1243 Cum

1883 1279 2076 1331 autem
2098 1275 2282 1337 adhuc
2302 1276 2475 1347 longe
2505 1283 2667 1348 esset,
2697 1278 2835 1334 vidit
2862 1279 3025 1335 illum
3047 1285 3210 1352 pater
3239 1281 3435 1353 ipsius,
3466 1285 3522 1337 et

1881 1369 2272 1426 misericordia
2299 1375 2488 1426 motus
2517 1376 2601 1426 est
2633 1388 2645 1427 :
2680 1376 2736 1427 et
2763 1372 3071 1429 adcurrens
3112 1375 3316 1431 cecidit
3349 1392 3520 1447 supra

1883 1464 2093 1519 collum
2139 1465 2282 1535 ejus,
2328 1469 2384 1520 et
2423 1465 2703 1520 oscolatus
2748 1469 2832 1521 est
2872 1465 3059 1523 illum.
3091 1469 3356 1540 Dixitque
3383 1469 3437 1523 ei
3460 1469 3523 1523 ﬁ-

1880 1558 1991 1613 lius
2021 1576 2033 1613 :
2062 1560 2246 1629 Pater,
2288 1558 2515 1631 peccavi
2551 1560 2612 1614 in
2649 1560 2856 1615 caelum
2883 1566 2940 1616 et
2969 1578 3161 1617 coram
3201 1568 3278 1629 te,
3311 1567 3367 1617 et
3396 1563 3518 1634 jam

1881 1668 1997 1707 non
2024 1668 2151 1707 sum
2178 1651 2386 1724 dignus
2410 1653 2597 1708 vocari
2622 1651 2772 1708 filius
2799 1658 2951 1709 tuus.
2975 1655 3124 1711 Dixit
3151 1660 3343 1710 autem
3363 1659 3521 1726 pater

1881 1746 1953 1801 ad
2001 1763 2192 1801 servos
2247 1763 2418 1802 suos:
2448 1747 2569 1802 Cito
2613 1748 2861 1818 proferte
2907 1750 3108 1804 stolam
3150 1748 3419 1821 primam,
3467 1753 3523 1803 et

1881 1840 2097 1897 induite
2123 1841 2315 1911 illum;
2349 1846 2404 1897 et
2428 1842 2554 1897 date
2581 1841 2812 1896 anolum
2842 1842 2901 1897 in
2928 1859 3105 1898 manu
3145 1843 3288 1915 ejus,
3327 1847 3383 1898 et
3408 1842 3518 1897 cal-

1880 1940 2171 1991 ceamenta
2198 1935 2258 1989 in
2294 1935 2495 2007 pedes;
2525 1939 2581 1989 et
2603 1934 2865 1990 adducite
2901 1936 3147 1991 vitulum
3178 1936 3517 2008 saginatum,

1882 2034 1939 2084 et
1979 2029 2242 2099 occidite;
2272 2033 2329 2084 et
2365 2028 2795 2099 manducemus,
2828 2034 2885 2085 et
2912 2029 3394 2102 epulemurzquia
3429 2029 3521 2084 hic

1882 2122 2030 2177 ﬁlius
2052 2139 2217 2179 meus
2243 2126 2505 2178 mortuus
2531 2125 2673 2190 erat,
2705 2126 2763 2178 et
2786 2122 3017 2191 revixit;
3048 2124 3317 2195 perierat,
3345 2126 3403 2178 et
3426 2122 3517 2178 in-

1881 2221 2083 2273 ventus
2108 2222 2211 2273 est.

1883 2306 2056 2357 Lectio
2077 2306 2242 2358 sancti
2261 2305 2532 2372 Evangelii
2556 2305 2848 2372 secundum
2866 2305 3181 2369 Johannem,
3200 2319 3316 2371 quas
3332 2304 3523 2371 legitur

2473 2369 2624 2419 tertia
2644 2369 2933 2419 Dominica.

1918 2441 2242 2497 Diebusillis
2253 2442 2547 2513 loquentes
2558 2441 2743 2497 turbas
2753 2441 2823 2496 ad
2836 2440 3143 2496 Dominum
3152 2438 3524 2511 Jesum,dixe-

1883 2540 2019 2590 runt
2044 2551 2057 2590 :
2076 2535 2219 2600 Quid
2231 2535 2501 2592 faciemus
2528 2539 2594 2591 ut
2612 2551 2918 2607 operemur
2932 2551 3105 2608 opera
3118 2534 3214 2590 Dei
3231 2536 3259 2590 τ
3276 2536 3524 2607 Respon-

1885 2631 2135 2687 ditJesus
2151 2635 2207 2685 et
2217 2630 2362 2685 dixit
2375 2630 2454 2685 eis
2473 2646 2487 2684 :
2507 2631 2619 2684 Hoc
2630 2633 2714 2685 est
2725 2646 2867 2701 opus
2879 2628 2976 2684 Dei
2990 2632 3053 2684 ut
3066 2626 3303 2684 credatis
3315 2628 3375 2682 in
3391 2644 3524 2683 eum

1885 2743 2057 2798 quem
2070 2725 2225 2781 misit
2239 2725 2332 2779 ille
2342 2766 2354 2778 .
2370 2724 2645 2779 Dixerunt
2657 2740 2794 2795 ergo
2808 2723 2858 2777 ei
2876 2740 2889 2778 :
2906 2723 3067 2788 Quod
3080 2739 3219 2795 ergo
3228 2725 3293 2776 tu
3306 2721 3443 2776 facis
3458 2720 3527 2776 si-

1888 2837 2089 2892 gnum,
2105 2824 2169 2874 ut
2182 2818 2473 2873 videamus
2497 2822 2554 2873 et
2572 2817 2874 2872 credamus
2901 2816 3048 2872 tibi?
3075 2816 3213 2888 quid
3234 2815 3485 2888 operaris
3499 2814 3527 2869 ?

1884 2916 2077 2969 Patres
2118 2913 2297 2967 nostri
2334 2928 2543 2966 manna
2585 2910 3069 2965 manducaverunt
3098 2911 3159 2963 in
3183 2910 3425 2977 deserto,
3451 2909 3525 2963 si-

1887 3013 1983 3063 cut
2006 3007 2281 3079 scriptum
2314 3010 2400 3061 est
2428 3022 2441 3060 :
2478 3007 2692 3061 Panem
2731 3005 2801 3060 de
2829 3004 2966 3059 caelo
2992 3004 3148 3059 dedit
3174 3003 3255 3057 eis
3279 3003 3523 3058 mandu-

1889 3119 2038 3158 care.
2079 3101 2231 3156 Dixit
2264 3116 2402 3172 ergo
2430 3099 2509 3154 eis
2534 3101 2693 3155 Jesus
2722 3116 2736 3154 :
2764 3101 2947 3154 Amen
2975 3114 3143 3153 amen
3185 3097 3310 3153 dico
3347 3096 3526 3167 vobis,

1806 3183 1861 3259 C
1886 3214 2003 3252 non
2045 3197 2260 3268 Moyses
2299 3193 2454 3249 dedit
2495 3193 2653 3248 vobis
2699 3210 2911 3265 panem
2949 3193 3020 3248 de
3054 3191 3210 3263 caelo,
3242 3190 3340 3247 sed
3366 3192 3531 3246 Pater

1884 3308 2048 3348 meus
2086 3291 2181 3345 dat
2211 3287 2367 3343 vobis
2410 3303 2621 3360 panem
2656 3288 2725 3343 de
2756 3287 2893 3342 caelo
2921 3302 3142 3342 verum.
3174 3285 3339 3340 Panis
3368 3283 3523 3340 enim

1885 3386 1985 3441 Dei
2012 3389 2097 3441 est
2126 3384 2227 3456 qui
2260 3381 2551 3439 descendit
2576 3381 2645 3436 de
2671 3381 2827 3452 caelo,
2866 3384 2924 3436 et
2959 3380 3057 3436 dat
3085 3380 3261 3435 vitam
3290 3378 3528 3435 mundo.

1888 3479 2162 3534 Dixerunt
2196 3493 2333 3550 ergo
2366 3476 2436 3531 ad
2468 3491 2603 3531 eum
2631 3491 2644 3529 :
2679 3474 2937 3542 Domine,
2981 3490 3205 3545 semper
3243 3472 3315 3527 da
3365 3472 3528 3528 nobis

1887 3593 2094 3650 panem
2129 3577 2302 3631 hunc.
2328 3573 2481 3630 Dixit
2504 3577 2696 3629 autem
2727 3573 2808 3629 eis
2832 3574 2992 3628 Jesus
3023 3589 3037 3627 :
3067 3573 3185 3643 Ego
3212 3588 3340 3626 sum
3368 3569 3533 3643 panis

1888 3673 2036 3729 vitae.
2068 3662 2171 3737 Qui
2207 3670 2363 3725 venit
2387 3668 2459 3723 ad
2484 3684 2597 3738 me,
2643 3683 2763 3722 non
2794 3667 3005 3722 esuriet
3019 3684 3037 3736 ;
3063 3670 3119 3721 et
3146 3664 3245 3737 qui
3271 3664 3451 3720 credit
3472 3663 3533 3718 in

1889 3783 2002 3833 me,
2026 3781 2143 3819 non
2156 3764 2305 3819 sitiet
2330 3778 2606 3834 unquam.
2630 3760 2739 3816 Sed
2760 3760 2876 3815 dixi
2902 3757 3078 3826 vobis,
3110 3756 3244 3829 quia
3270 3762 3328 3812 et
3354 3756 3529 3811 vidis-

1890 3862 1961 3918 tis
1989 3876 2102 3931 me,
2142 3864 2199 3913 et
2222 3874 2338 3912 non
2373 3854 2619 3911 creditis.
2664 3855 2845 3910 Omne
2873 3853 3026 3926 quod
3049 3852 3146 3907 dat
3170 3850 3317 3905 mihi
3340 3851 3527 3919 Pater,

1891 3955 1963 4011 ad
1978 3971 2071 4011 me
2089 3952 2242 4009 venit
2259 3969 2272 4019 ;
2291 3955 2346 4007 et
2359 3966 2491 4005 eum
2504 3949 2604 4021 qui
2618 3949 2771 4004 venit
2785 3947 2858 4003 ad
2867 3963 3103 4017 me,non
3118 3944 3341 4017 ejiciam
3356 3943 3541 4030 foras:

1892 4050 2035 4116 Quia
2074 4044 2340 4104 descendi
2377 4045 2447 4100 de
2486 4044 2649 4113 caelo,
2679 4059 2797 4097 non
2836 4045 2900 4097 ut
2936 4041 3143 4096 faciam
3180 4038 3534 4094 voluntatem

1893 4160 2077 4201 meam
2088 4186 2102 4214 ,
2120 4141 2216 4197 sed
2231 4141 2581 4195 voluntatem
2601 4137 2723 4209 ejus
2740 4136 2840 4209 qui
2853 4134 3009 4190 misit
3021 4151 3113 4189 me
3126 4132 3326 4203 Patris;
3344 4136 3409 4187 ut
3421 4148 3538 4187 om-

1893 4256 1965 4295 ne
1980 4237 2132 4311 quod
2150 4235 2306 4292 dedit
2326 4233 2489 4304 mihi,
2504 4249 2619 4288 non
2645 4231 2881 4305 perdam
2900 4247 2971 4285 ex
2986 4245 3073 4299 eo,
3097 4227 3196 4283 sed
3209 4226 3539 4283 resuscitem

1894 4334 2062 4389 illum
2092 4332 2150 4387 in
2183 4329 2490 4387 novissimo
2518 4328 2628 4383 die.
2655 4327 2786 4381 Haec
2811 4329 2896 4381 est
2922 4324 3077 4380 enim
3097 4322 3353 4377 voluntas
3367 4319 3542 4393 patris

1896 4428 2011 4485 mei
2025 4426 2124 4499 qui
2136 4425 2415 4493 misitme,
2433 4427 2497 4478 ut
2525 4421 2710 4478 omnis
2741 4420 2841 4492 qui
2876 4418 3028 4475 videt
3045 4417 3271 4485 Filium,
3294 4419 3350 4471 et
3365 4414 3545 4470 credit

1897 4528 1958 4583 in
1975 4540 2130 4593 eum,
2148 4521 2355 4577 habeat
2365 4518 2539 4573 vitam
2557 4519 2855 4583 aeternam,
2878 4517 2936 4568 et
2960 4511 3305 4568 resuscitabo
3330 4524 3463 4564 eum
3486 4508 3547 4563 in

1894 4618 2198 4679 novissimo
2221 4613 2331 4669 die.
2357 4609 2782 4668 Murmurabant
2811 4622 2951 4678 ergo
2978 4605 3162 4661 Judaei
3181 4606 3251 4661 de
3277 4600 3545 4675 illo,quia

1896 4716 2155 4782 dixisset,
2207 4725 2314 4780 ego
2345 4716 2483 4761 Sum
2523 4700 2689 4775 panis
2724 4699 2825 4772 qui
2859 4699 2930 4754 de
2970 4698 3108 4754 caelo
3148 4696 3447 4766 descendi;
3489 4701 3546 4752 et

1898 4808 2200 4866 dicebant:
2232 4802 2428 4856 Nonne
2467 4797 2563 4853 hic
2609 4798 2695 4850 est
2737 4795 2896 4849 Jesus
2936 4791 3087 4846 ﬁlius
3125 4791 3355 4864 Ioseph,
3383 4791 3545 4863 cujus

1898 4921 2003 4961 nos
2059 4900 2319 4957 novimus
2367 4895 2587 4965 patrem
2626 4892 2684 4943 et
2736 4888 2979 4941 matrem
3007 4886 3035 4941 ?
3072 4885 3364 4950 Quomodo
3407 4898 3545 4956 ergo

1901 4998 2039 5055 dicit
2064 4995 2176 5065 hic,
2221 4989 2356 5063 quia
2398 4984 2467 5041 de
2511 4983 2650 5039 czelo
2695 4979 3005 5037 descendi?
3049 4978 3365 5051 Respondit
3407 4995 3544 5051 ergo

1900 5099 2060 5154 Jesus
2089 5099 2145 5150 et
2170 5090 2315 5147 dixit
2353 5087 2433 5144 eis
2478 5102 2493 5141 :
2542 5082 2719 5138 Nolite
2761 5093 3122 5136 murmurare
3168 5077 3232 5130 in
3277 5076 3543 5133 invicem.

1904 5194 2081 5248 Nemo
2110 5190 2294 5261 potest
2320 5181 2514 5238 venire
2538 5178 2609 5235 ad
2634 5194 2728 5234 me
2744 5218 2759 5248 ,
2785 5173 2897 5231 nisi
2929 5174 3095 5229 Pater
3117 5170 3220 5243 qui
3252 5167 3406 5224 misit
3429 5185 3544 5239 me,

1905 5288 2147 5348 traxerit
2168 5301 2320 5353 eum,
2365 5287 2420 5337 et
2462 5297 2568 5353 ego
2599 5273 2944 5335 resuscitabo
2980 5287 3112 5329 eum
3145 5269 3207 5325 in
3244 5264 3548 5324 novissimo

1906 5435 2056 5493 tinas
2082 5430 2375 5488 Dominica
2398 5426 2563 5485 tertia
2587 5418 3066 5495 Quadragesimaa,
3094 5416 3159 5471 ut
3181 5409 3549 5495 Evangelium

1908 5485 2400 5576 deﬁtiliovprodigo
2443 5485 2681 5576 Sabbato
2724 5485 3138 5576 praEcedentegiz‘
3165 5502 3283 5576 quo
3314 5485 3416 5576 dies:
3428 5497 3550 5576 pro

1908 5553 2391 5652 ἒῇίξῶἶᾳᾜὶξὲἕ
2403 5553 2492 5626 est
2514 5553 2751 5652 eadem;
2768 5560 2995 5652 Iosephi
3027 5553 3551 5652 historialidetur

1912 5624 2530 5717 Eﬁiéiﬁ'ii'c‘légigﬁari
2609 5655 2673 5693 ro
2712 5624 3001 5691 Dominica
3024 5629 3272 5713 secunda
3297 5624 3548 5692 Quadra-

1915 5722 2166 5767 σρςίτηιιι-
2214 5732 2347 5767 nam
2377 5656 2702 5767 praecedens
2727 5712 2810 5767 est
2836 5720 2940 5767 pro
2966 5718 3176 5767 prima,
3203 5699 3548 5767 subsequens

1914 5699 2347 5796 gesimiej‘ﬁnam
2365 5699 2702 5790 praecedens
2727 5712 2810 5767 est
2836 5720 2940 5779 pro
2966 5701 3176 5776 prima,
3203 5699 3550 5781 subsequens

1912 5790 2016 5871 pro
2044 5790 2231 5851 tertia.
