4006 6228
1363 281 1696 340 APPENDIX
1734 281 1822 338 AD
1858 281 2080 338 OPERA

2229 280 2512 339 3ERMANI
2549 279 2976 338 PARISIENSIS.
3775 283 3896 336 488

2638 390 2826 454 Incipit
2855 387 3145 440 secundum
3175 389 3426 440 Marcum.

2286 465 2435 534 Legit
2463 463 2741 518 diaconus.

2284 557 2513 612 Initium
2560 557 2852 629 Evangelii
2897 558 3025 612 Jesu
3095 555 3301 610 Christi
3355 554 3477 609 Filii
3530 552 3654 609 Dei.
3716 553 3889 609 Sicut

2213 650 2484 722 scriptum
2516 655 2600 706 est
2631 653 2690 706 in
2735 651 2892 706 Esaia
2935 650 3210 722 propheta
3245 668 3258 704 :
3298 651 3435 704 Ecce
3477 647 3644 702 mitto
3684 664 3888 720 ange-

2209 745 2330 799 lum
2360 761 2554 799 meum
2579 749 2708 798 ante
2754 744 2954 798 faciem
2979 749 3167 812 tuam,
3201 742 3300 813 qui
3336 741 3688 813 praeparabit
3716 740 3887 795 viam

2212 842 2372 892 tuam
2397 843 2527 893 ante
2549 843 2626 892 te.
2644 839 2760 891 Vox
2787 837 3078 891 clamantis
3105 837 3165 891 in
3193 837 3413 891 deserto
3444 853 3457 890 :
3490 836 3690 890 Parate
3712 835 3884 888 viam

2212 932 2454 1001 Domini,
2483 936 2666 986 rectas
2693 932 2858 987 facite
2888 931 3116 987 semitas
3147 932 3287 1002 ejus.

2284 1029 2522 1096 Erponit
2542 1027 2840 1096 presbyter.

2283 1121 2498 1174 Marcus
2527 1120 2887 1189 Evangelista
2915 1119 3094 1174 leonis
3123 1133 3326 1189 gerens
3351 1117 3598 1188 ﬁguram
3619 1160 3633 1186 ,
3665 1134 3700 1171 a
3725 1119 3871 1173 soli-

2210 1213 2406 1268 tudine
2450 1213 2650 1284 incipit
2697 1213 2882 1267 dicere
2929 1230 2942 1267 :
2985 1214 3103 1266 Vox
3148 1211 3441 1266 clamantis
3481 1211 3541 1265 in
3587 1211 3823 1266 deserto
3860 1229 3876 1265 :

2211 1309 2407 1361 Parata
2436 1306 2587 1360 viam
2617 1307 2865 1361 Domini.
2896 1305 3018 1361 Sive
3051 1305 3184 1376 quia
3213 1309 3414 1376 regnat
3440 1304 3708 1359 invictus.
3743 1306 3877 1359 Hu-

472 279 574 335 487

474 387 582 442 die.
625 383 720 442 Est
744 385 1017 461 scriptum
1047 386 1107 444 in
1133 389 1426 462 Prophetis
1459 409 1471 445 :
1505 394 1570 446 Et
1597 396 1764 446 erunt
1794 407 1992 447 omnes
2019 391 2113 446 do-
2134 404 2190 474 Α

476 481 669 536 cibiles
694 481 815 538 Dei.
847 484 1041 538 Omnis
1070 485 1171 556 qui
1215 484 1427 539 audita
1466 487 1647 552 Patre,
1678 491 1734 540 et
1762 486 1985 552 didicit,
2014 503 2108 540 ve-

473 579 560 633 nit
584 580 654 634 ad
681 597 794 636 me.
828 582 948 636 Non
975 582 1106 653 quia
1134 585 1356 637 Patrem
1400 583 1540 637 vidit
1569 583 1889 655 quisquam,
1929 585 2036 638 nisi
2064 585 2111 638 is

472 673 570 744 qui
599 678 682 727 est
709 692 742 728 a
781 676 918 745 Deo,
965 676 1058 729 hic
1101 676 1240 729 vidit
1283 678 1528 730 Patrem.
1574 680 1752 732 Amen
1790 694 1958 732 amen
1988 678 2111 732 dico

472 764 647 834 vobis,
679 766 776 836 qui
821 767 999 821 credit
1027 767 1086 819 in
1128 783 1240 833 me,
1271 767 1442 821 habet
1473 768 1649 822 vitam
1675 773 1963 823 aeternam.
1995 770 2110 840 Ego

471 876 598 913 sum
628 861 788 930 panis
818 861 965 914 vita).
995 862 1185 914 Patres
1215 862 1386 915 vestri
1413 864 1898 918 manducaverunt
1921 863 1982 917 in
2007 863 2106 917 de-

475 957 622 1008 serto
650 970 876 1023 manna,
911 959 965 1008 et
993 955 1204 1009 mortui
1250 961 1400 1010 sunt.
1429 957 1525 1011 Hic
1566 962 1649 1013 est
1692 957 1852 1028 panis
1880 957 1948 1012 de
1976 958 2110 1011 caelo

473 1045 836 1113 descendens,
865 1052 930 1101 ut
965 1047 1010 1100 si
1054 1049 1181 1118 quis
1225 1065 1292 1104 ex
1336 1051 1458 1121 ipso
1504 1051 1949 1120 manducaverit,
1995 1068 2110 1105 non

470 1140 765 1195 moriatur.
796 1142 912 1212 Ego
939 1158 1065 1195 sum
1095 1144 1255 1213 panis
1283 1143 1440 1198 vivus
1460 1145 1559 1216 qui
1581 1146 1648 1200 de
1671 1146 1804 1200 caelo
1824 1145 2107 1200 descendi.

473 1233 529 1289 Si
557 1233 682 1304 quis
711 1235 1133 1291 manducaverit
1158 1254 1228 1292 ex
1248 1239 1354 1293 hoc
1374 1256 1541 1310 pane,
1566 1239 1713 1294 vivet
1731 1240 1790 1294 in
1808 1244 2106 1307 aeternum;

473 1331 529 1382 et
556 1329 720 1398 panis
757 1346 928 1400 quem
958 1346 1066 1402 ego
1113 1331 1278 1401 dabo,
1311 1349 1439 1386 caro
1478 1349 1604 1387 mea
1641 1338 1724 1387 est
1764 1349 1866 1404 pro
1910 1331 2108 1387 mundi

469 1420 603 1476 vita.
653 1421 971 1494 Litigabant
1015 1441 1150 1496 ergo
1191 1426 1373 1480 Juda3i
1417 1427 1489 1481 ad
1537 1427 1776 1481 invicem
1806 1427 2050 1481 dicentes
2090 1445 2106 1480 :

469 1492 992 1589 Quomodo‘potest
1035 1492 1127 1573 hic
1172 1537 1402 1575 carnem
1446 1538 1608 1576 suam
1645 1521 1810 1576 nobis
1858 1521 1993 1576 dare
2041 1520 2111 1574 ad
2212 1497 2301 1550 cet
2325 1494 2539 1589 dicmm
2563 1493 2747 1589 illud?
2797 1494 2939 1589 Judpa
2984 1493 3361 1589 ﬁliu3_me‘lsi_
3389 1492 3608 1589 03W“
3655 1493 3869 1589 190915,

2204 1401 2300 1471 jus
2324 1400 2502 1454 leonis
2527 1401 2831 1455 multifarie
2861 1399 3180 1454 invenimus
3211 1399 3494 1470 exempla,
3524 1402 3590 1454 ut
3617 1415 3738 1453 non
3767 1415 3874 1452 va-

471 1610 979 1666 manducandum?
1019 1613 1165 1667 Dicit
1211 1630 1348 1686 ergo
1384 1615 1463 1669 eis
1506 1617 1663 1670 Jesus
1691 1634 1704 1669 :
1735 1618 1918 1670 Amen
1943 1631 2111 1669 amen

2213 1589 2282 1642 de
2311 1587 2566 1659 germine
2594 1587 2736 1642 mihi
2761 1587 3037 1643 recubans
3062 1630 3076 1655 ,
3109 1586 3365 1642 dormisti
3395 1591 3460 1642 ut
3502 1587 3590 1642 leo
3635 1591 3694 1642 et
3721 1587 3872 1642 sicut

473 1704 600 1759 dico
641 1704 817 1772 vobis,
864 1706 964 1776 qui
1004 1681 1308 1763 manducat
1354 1725 1543 1764 meam
1581 1726 1831 1778 carnem,
1879 1714 1935 1764 et
1970 1708 2114 1763 bibit
2213 1682 2432 1738 catulus
2459 1681 2666 1778 leonis:
2687 1681 3112 1778 (ῙιξίξθΧοίῐδῙξίί
3139 1681 3311 1778 Elim?

471 1815 666 1853 meum
715 1800 1092 1872 sanguinem,
1133 1802 1307 1858 habet
1353 1803 1524 1857 vitam
1565 1808 1857 1872 aeternam,
1903 1807 1959 1858 et
2006 1779 2188 1874 egoB

474 1893 815 1958 resuscitabo
841 1911 973 1950 eum
1002 1896 1061 1950 in
1087 1896 1389 1951 novissimo
1417 1897 1527 1952 die.

845 2033 1000 2072 MISSA
1041 2034 1092 2074 IN
1135 2035 1358 2073 SYMBOLI
1397 2034 1743 2075 TRADITIONE.

546 2112 609 2164 In
636 2109 946 2178 Symbolum
973 2112 1047 2166 ad
1073 2115 1289 2166 aurium
1316 2115 1647 2183 apertionem
1685 2113 1760 2167 ad
1787 2113 1974 2167 electos
1993 2111 2039 2165 ⁸.

546 2209 811 2281 Aperturi
839 2210 1014 2282 vobis,
1045 2211 1338 2282 carissimi,
1371 2212 1690 2284 Evangelia,
1720 2212 1779 2266 id
1823 2216 1926 2279 est,
1969 2228 2108 2282 gau-

475 2305 566 2359 dia
593 2304 810 2374 divina;
854 2305 1014 2375 prius
1063 2306 1262 2360 ordine
1300 2306 1588 2360 insinuare
1633 2307 1904 2360 debemus
1929 2349 1942 2376 ,
1975 2306 2112 2378 quid

475 2398 844 2469 Evangelium
888 2399 979 2465 sit,
1030 2404 1086 2454 et
1111 2399 1262 2454 unde
1289 2400 1627 2466 descendat;
1670 2403 1726 2454 et
1769 2401 1928 2470 cujus
1955 2401 2014 2454 in
2047 2417 2112 2454 eo

474 2492 644 2547 verba
686 2496 1003 2562 ponantur;
1057 2498 1113 2546 et
1159 2510 1333 2564 quare
1379 2498 1648 2564 quattuor
1689 2493 1801 2548 sint
1845 2494 1945 2564 qui
1991 2494 2112 2548 hzec

479 2591 636 2657 gesta
660 2586 1040 2657 scripserunt;
1071 2586 1159 2640 vel
1188 2587 1286 2657 qui
1327 2592 1458 2642 sunt
1481 2586 1586 2658 ipsi
1614 2587 1655 2641 ii
1684 2592 1968 2660 quattuor,
2015 2587 2114 2660 qui

478 2680 666 2734 divino
705 2680 933 2750 Spiritu,
982 2679 1349 2735 adnuntian'te
1392 2682 1690 2752 propheta,
1740 2687 1870 2737 ante
1909 2682 2116 2753 signati

477 2777 609 2829 Slmt
637 2791 650 2827 :
682 2790 753 2826 ne
795 2774 938 2828 forte
983 2773 1102 2828 sine
1146 2775 1250 2828 hac
1299 2775 1514 2830 ordinis
1554 2777 1772 2830 ratione
1815 2777 1903 2830 vel
1950 2793 2115 2830 causa

476 2872 767 2938 stuporem
802 2867 1208 2938 relinquamus,
1240 2872 1302 2923 ut
1332 2869 1430 2940 qui
1452 2870 1521 2923 ad
1548 2869 1653 2924 hoc
1679 2870 1908 2924 venistis
1937 2875 2000 2924 ut
2019 2887 2115 2924 au-

478 2977 567 3016 res
596 2960 750 3014 vobis
792 2961 1139 3032 aperiantur,
1168 2979 1241 3016 ne
1286 2962 1518 3033 incipiat
1556 2980 1752 3018 sensus
1781 2968 1965 3018 vester
2011 2963 2111 3018 ob-

475 3054 658 3108 tundi.
684 3055 1052 3126 Evangelium
1073 3055 1278 3110 dicitur
1301 3057 1550 3128 proprie,
1574 3057 1721 3112 bona
1740 3057 2110 3112 adnuntiatio.

475 3149 612 3213 Quae
658 3149 854 3220 utique
913 3149 1266 3205 adnuntiatio
1321 3155 1405 3205 est
1453 3152 1582 3206 Jesu
1635 3151 1839 3206 Christi
1893 3151 2189 3230 DominiC

474 3243 672 3298 nostri.
703 3244 999 3297 Descendit
1023 3249 1215 3299 autem
1239 3244 1607 3315 Evangelium
1641 3245 1711 3300 ab
1737 3262 1804 3300 eo
1832 3246 1983 3316 quod
2009 3246 2108 3300 ad-

475 3337 701 3391 nuntiet
726 3341 782 3391 et
812 3337 1110 3405 ostendat,
1143 3339 1295 3409 quod
1322 3338 1368 3392 is
1395 3338 1494 3410 qui
1520 3355 1622 3410 per
1647 3340 1952 3411 prophetas
1983 3357 2112 3394 suos

475 3427 834 3501 loquebatur,
868 3430 1020 3486 venit
1046 3431 1105 3484 in
1134 3448 1300 3486 carne
1325 3475 1338 3500 ,
1368 3432 1510 3487 sicut
1535 3433 1808 3504 scriptum
1835 3439 1919 3488 est
1945 3451 1958 3488 :
2006 3433 2113 3497 Qui

477 3522 751 3596 loquebar
774 3540 899 3579 ecce
920 3525 1138 3580 adsum.
1165 3525 1517 3597 Explicantcs
1538 3543 1676 3605 ergo
1704 3527 1950 3582 breviter
1975 3528 2111 3598 quid

479 3617 550 3672 sit
574 3618 958 3689 Evangelium,
987 3619 1075 3674 vel
1103 3619 1201 3691 qui
1221 3625 1352 3675 sunt
1376 3620 1416 3674 ii
1441 3626 1709 3692 quattuor
1732 3621 1830 3693 qui
1856 3638 1959 3693 per
1987 3639 2113 3693 pro-

476 3711 708 3784 phetam
732 3717 863 3767 ante
893 3713 1192 3768 monstrati
1217 3719 1369 3784 sunt,
1392 3731 1544 3769 nunc
1572 3715 1782 3786 ﬁguras
1812 3720 1979 3787 atque
2006 3733 2108 3770 no-

477 3812 632 3867 mina
651 3812 874 3884 singula
891 3813 1254 3885 adsignemus
1275 3813 1518 3868 indiciis.
1535 3814 1626 3869 Ait
1654 3814 1809 3868 enim
1835 3814 2112 3885 Propheta

477 3906 771 3962 Ezechihel
795 3925 808 3961 :
838 3909 905 3961 Et
930 3907 1240 3962 similitudo
1267 3909 1455 3963 vultus
1482 3925 1680 3963 eorum
1707 3913 1772 3964 ut
1807 3907 1975 3964 facies
2002 3909 2108 3962 ho-

476 4001 666 4070 minis,
692 4005 756 4055 ut
780 4001 951 4058 facies
993 4002 1171 4055 leonis
1198 4019 1232 4055 a
1261 4002 1472 4056 dextris
1501 4003 1686 4072 illius;
1732 4008 1789 4057 et
1831 4003 1997 4057 facies
2029 4003 2109 4056 vi-

479 4095 606 4164 tuli,
635 4100 692 4149 et
733 4095 900 4148 facies
942 4096 1146 4165 aquilae
1172 4112 1205 4148 a
1234 4096 1471 4150 sinistris
1505 4097 1674 4152 illius.
1708 4098 1817 4151 Hos
1845 4101 2114 4168 quattuor

476 4189 578 4243 has
604 4187 815 4259 ﬁguras
844 4187 1117 4243 habentes
1142 4190 1524 4259 Evangelistas
1562 4207 1682 4246 esse
1711 4207 1826 4245 non
1874 4191 2112 4244 dubium

477 4286 583 4338 est.
615 4282 722 4337 Sed
764 4281 996 4336 nomina
1024 4298 1221 4337 eorum
1266 4283 1362 4354 qui
1401 4283 1700 4354 Evangelia
1744 4283 2108 4354 scripserunt,

477 4382 599 4436 haec
625 4384 758 4436 sunt
789 4399 802 4435 :
832 4381 1144 4452 Mattheeus,
1173 4382 1409 4449 Marcus,
1438 4381 1612 4436 Lucas
1631 4423 1644 4447 ,
1672 4382 1972 4437 Johannes.

546 4502 673 4556 Post
700 4501 810 4555 haec
841 4501 969 4569 legit
989 4500 1266 4554 diaconus.

549 4599 714 4654 Liber
761 4598 1139 4670 generationis
1175 4599 1303 4653 Iesu
1347 4598 1552 4654 Christi
1601 4597 1701 4652 ﬁlii
1750 4598 1918 4654 David
1940 4640 1954 4666 ,
2009 4599 2110 4654 ﬁlii

474 4693 778 4749 Abraham.
807 4693 1092 4747 Abraham
1116 4693 1313 4765 genuit
1338 4695 1505 4761 Isaac,
1534 4695 1680 4748 Isaac
1705 4697 1896 4748 autem
1919 4693 2115 4765 genuit

473 4787 662 4856 Jacob,
692 4787 860 4841 Jacob
895 4793 1087 4843 autem
1138 4788 1336 4860 genuit
1376 4788 1578 4843 Judam
1622 4792 1679 4843 et
1723 4787 1923 4843 fratres
1967 4789 2108 4859 ejus.

473 4880 677 4936 Christi
702 4885 894 4937 autem
926 4882 1215 4953 generatio
1242 4883 1319 4938 sic
1352 4888 1495 4939 erat.

544 4997 670 5050 Post
697 4995 806 5049 hac
836 5000 1036 5050 tractat
1062 4995 1088 5036 ι)
1109 4997 1407 5067 presbyter.

547 5093 669 5148 Filii
695 5095 990 5161 carissimi,
1021 5111 1370 5166 exponamus
1393 5093 1551 5149 vobis
1571 5098 1636 5148 ut
1666 5109 1838 5165 quam
1866 5093 2108 5166 ﬁguram

471 5189 864 5262 unusquisque
885 5191 943 5244 in
964 5206 1021 5244 se
1044 5190 1346 5258 contineat,
1371 5192 1428 5243 et
1447 5204 1623 5260 quare
1649 5189 1944 5243 Matthaeus
1965 5190 2109 5261 ﬁgu-

470 5301 593 5339 ram
624 5285 872 5339 hominis
899 5284 1120 5338 habeat.
1151 5283 1289 5347 Quia
1308 5282 1473 5337 initio
1495 5299 1597 5338 suo
1622 5283 1764 5337 nihil
1791 5283 1942 5338 aliud
1966 5283 2105 5355 agit,

470 5378 582 5434 nisi
624 5379 968 5434 nativitatem
1017 5377 1334 5447 Salvatoris,
1368 5376 1522 5448 pleni
1551 5377 1763 5432 ordinis
1789 5378 2104 5449 generatio-

472 5488 574 5527 nes
598 5477 841 5528 enarrat.

541 5623 566 5652 ⁸
605 5626 733 5708 llaec
777 5628 1006 5708 aurium
1057 5626 1272 5708 aperti?
1304 5624 2108 5708 ‘prtemittebaturﬁtraditioni

471 5694 726 5771 Symboli
758 5715 770 5752 :
809 5716 937 5771 quae
965 5694 1190 5771 traditio
1231 5694 1402 5771 ﬁebat
1444 5697 1730 5771 Dominica
1783 5697 2106 5752 Palmarum

473 5781 544 5826 ex
569 5769 715 5824 notis
738 5771 809 5825 ad
825 5768 1251 5826 Lectionarium
1281 5768 1649 5824 Luxoviense.

542 5839 569 5880 δ
609 5839 667 5894 1d
711 5847 796 5894 est
837 5844 1076 5912 emponit.
1107 5840 1248 5896 Hinc
1279 5844 1542 5896 tractatus
1579 5841 1803 5897 Patrum
1842 5841 2106 5916 appellati

2648 1770 2835 1835 Incipit
2862 1769 3152 1820 secundum
3193 1772 3406 1820 Lucam.

2285 1846 2436 1914 Legit
2465 1844 2743 1899 diaconus.

2283 1938 2411 1992 Fuit
2434 1938 2494 1992 in
2521 1938 2718 1993 diebus
2753 1937 2985 1992 Herodis
3031 1935 3182 2007 regis
3224 1935 3380 1990 Iudae
3424 1936 3686 1991 sacerdos
3729 1939 3865 2008 qui-

2213 2033 2366 2101 dam,
2397 2032 2627 2086 nomine
2652 2031 2966 2097 Zacharias,
2997 2031 3066 2084 de
3092 2029 3211 2084 vice
3243 2029 3412 2098 Abia,
3445 2033 3502 2084 et
3528 2046 3678 2085 uxor
3707 2031 3864 2086 illius

2214 2126 2282 2181 de
2311 2125 2533 2180 ﬁliabus
2560 2128 2767 2196 Aaron,
2799 2129 2854 2180 et
2879 2140 3088 2180 nomen
3117 2125 3239 2196 ejus
3269 2123 3577 2180 Elizabeth.

2284 2223 2523 2290 Exponit
2541 2221 2842 2290 presbyter.

2285 2314 2458 2368 Lucas
2497 2314 2843 2384 evangelista
2867 2313 3112 2384 speciem
3139 2312 3300 2368 vituli
3329 2315 3510 2383 gestat
3543 2329 3555 2365 :
3588 2311 3659 2365 ad
3689 2311 3857 2381 cujus

2213 2407 2392 2462 instar
2423 2408 2675 2464 Salvator
2700 2413 2894 2462 noster
2922 2411 3008 2462 est
3049 2407 3396 2462 immolatus.
3428 2407 3495 2460 Et
3523 2405 3648 2460 ideo
3679 2405 3860 2459 Lucas

2211 2502 2389 2558 vitulo
2416 2507 2794 2573 comparatur,
2819 2501 2953 2573 quia
2981 2503 3092 2556 duo
3118 2518 3348 2570 cornua,
3369 2500 3480 2555 duo
3497 2504 3856 2566 testamenta;

2214 2601 2270 2651 et
2295 2601 2566 2666 quattuor
2591 2597 2804 2668 pedum
2828 2595 3072 2667 ungulas
3097 2599 3364 2666 quattuor
3391 2593 3693 2664 Evangelia
3721 2608 3858 2646 con-

2214 2689 2490 2745 tinebant.

2588 2759 2794 2823 [incipit
2816 2757 3107 2809 secundum
3140 2756 3472 2820 Johannem.]

2289 2841 2458 2913 [Legit
2484 2841 2784 2912 diaconus]

2291 2937 2348 2988 In
2374 2935 2654 3006 principio
2683 2939 2803 2990 erat
2841 2935 3088 2989 Verbum
3113 2976 3126 3003 ,
3157 2938 3213 2988 et
3237 2932 3482 2988 Verbum
3530 2935 3650 2986 erat
3694 2929 3846 3002 apud

2216 3030 2412 3096 Deum,
2444 3034 2499 3084 et
2526 3029 2673 3082 Deus
2703 3032 2825 3083 erat
2869 3028 3133 3083 Verbum.
3180 3028 3290 3081 Hoc
3321 3031 3440 3082 erat
3469 3026 3528 3080 in
3573 3024 3853 3097 principio

2214 3124 2365 3195 apud
2411 3124 2612 3178 Deum.
2661 3122 2862 3177 Omnia
2903 3138 3006 3193 per
3048 3121 3238 3192 ipsum
3266 3121 3412 3176 facta
3439 3123 3600 3189 sunt,
3648 3123 3705 3173 et
3731 3117 3853 3172 sine

2215 3218 2338 3290 ipso
2363 3218 2575 3272 factum
2604 3222 2686 3272 est
2711 3216 2874 3271 nihil.

2283 3315 2520 3383 Exponit
2541 3313 2843 3383 presbyter.

2281 3407 2521 3461 Joannes
2561 3406 2734 3460 habet
2754 3404 3189 3460 similitudinem
3215 3403 3418 3475 aquilae
3444 3444 3457 3469 ,
3494 3402 3646 3473 quod
3680 3402 3848 3456 nimis

2211 3501 2324 3554 alta
2352 3501 2599 3572 petierit.
2646 3499 2736 3554 Ait
2779 3499 2930 3554 enim
2969 3499 3143 3553 David
3188 3515 3257 3553 ex
3297 3513 3540 3568 persona
3586 3495 3789 3551 Christi
3831 3512 3843 3549 :

2212 3593 2591 3648 Renovabitur
2630 3594 2774 3647 sicut
2816 3593 3022 3665 aquilae
3061 3593 3331 3662 juventus
3373 3595 3491 3658 tua,
3525 3589 3581 3643 id
3612 3592 3696 3644 est
3723 3590 3849 3644 Jesu

2211 3687 2415 3742 Christi
2444 3687 2668 3742 Domini
2694 3687 2892 3755 nostri,
2924 3687 3022 3759 qui
3050 3701 3350 3758 resurgens
3394 3701 3427 3738 a
3474 3683 3714 3738 mortuis
3759 3700 3846 3737 as-

2211 3781 2402 3836 cendit
2426 3780 2483 3834 in
2512 3781 2698 3835 caelos.
2727 3781 2883 3836 Unde
2915 3781 3037 3850 jam
3085 3780 3241 3834 vobis
3288 3778 3570 3849 conceptis
3605 3793 3850 3848 regnans

2214 3874 2488 3946 gloriatur
2534 3875 2808 3945 Ecclesia,
2855 3891 2999 3930 nova
3045 3874 3273 3930 tendere
3325 3872 3657 3929 Christianae.
3709 3870 3850 3942 legis

2212 3969 2463 4024 exordia.

2281 4066 2478 4134 Incipit
2501 4065 2763 4134 expositio
2789 4065 3032 4133 Symboli
3045 4076 3068 4104 ο
3083 4104 3096 4116 .

2281 4158 2644 4212 Sacramenta
2696 4157 2903 4226 divina,
2957 4158 3160 4212 fratres
3215 4154 3509 4224 carissimi,
3565 4169 3681 4208 non
3731 4158 3844 4208 tam

2212 4251 2564 4306 discutienda
2607 4255 2758 4321 sunt,
2803 4268 2973 4322 quam
3001 4250 3318 4315 credenda;
3350 4254 3538 4304 etnec
3576 4247 3845 4302 credenda

2213 4346 2634 4414 tantummodo,
2685 4345 2782 4401 sed
2824 4350 2879 4400 et
2921 4345 3174 4401 timenda
3220 4362 3232 4398 :
3286 4359 3390 4398 nec
3437 4347 3623 4414 potest
3660 4346 3844 4396 tenere

2210 4438 2341 4493 ﬁdei
2385 4439 2763 4510 disciplinam,
2815 4439 2913 4511 qui
2957 4456 3072 4494 non
3101 4438 3367 4493 habuerit
3413 4437 3842 4492 fundamentum

2094 4533 2428 4610 .Dtimoris
2480 4533 2726 4603 Domini,
2779 4533 2921 4588 sicut
2969 4534 3047 4588 ait
3096 4533 3359 4589 Salomon
3415 4550 3429 4586 :
3477 4530 3708 4585 Initium
3756 4546 3838 4584 sa-

2213 4627 2444 4699 pientia:
2472 4627 2643 4682 timor
2692 4627 2941 4682 Domini.
2991 4627 3095 4692 Qui
3141 4627 3295 4682 enim
3338 4627 3508 4681 timet
3547 4624 3841 4679 Dominum

2213 4728 2273 4781 in
2302 4727 2586 4797 omnibus,
2613 4744 2740 4799 quae
2771 4727 3039 4782 dicuntur
3065 4744 3096 4780 a
3136 4727 3249 4781 Deo
3273 4769 3286 4797 ,
3327 4731 3383 4780 et
3411 4724 3634 4796 sapiens
3661 4727 3759 4790 est,
3787 4729 3841 4778 et

2211 4820 2412 4876 ﬁdelis.
2464 4821 2792 4892 Symbolum
2835 4821 3011 4892 igitur
3050 4821 3218 4876 hodie
3247 4818 3492 4875 audituri
3531 4819 3664 4873 estis
3687 4860 3701 4886 ,
3729 4817 3840 4872 sine

2211 4932 2324 4987 quo
2353 4931 2459 4971 nec
2484 4915 2737 4971 Christus
2761 4915 3083 4971 adnuntiari
3110 4919 3312 4988 potest,
3342 4930 3447 4969 nec
3476 4914 3614 4969 ﬁdes
3644 4913 3839 4980 teneri,

2211 5026 2315 5065 nec
2342 5010 2608 5082 baptismi
2637 5011 2821 5081 gratia
2847 5010 3139 5065 celebrari.
3173 5008 3505 5081 Symbolum
3532 5013 3616 5062 est
3657 5007 3838 5078 signa-

2210 5105 2401 5158 culum
2427 5103 2556 5159 ﬁdei
2583 5105 2894 5174 catholicae,
2925 5108 3346 5159 sacramentum
3373 5102 3665 5176 religionis
3694 5107 3841 5156 acter-

2208 5215 2321 5253 nae.
2372 5200 2476 5252 Vos
2521 5215 2680 5269 ergo,
2727 5204 3130 5270 competentes,
3159 5214 3290 5253 cum
3335 5197 3494 5251 omni
3535 5196 3839 5252 reverentia

2208 5297 2526 5364 praeparate
2572 5310 2768 5348 sensus
2799 5298 3041 5363 vestros;
3073 5292 3262 5346 audite
3288 5290 3656 5363 Symbolum,
3699 5289 3837 5362 quod

2208 5386 2366 5441 vobis
2396 5385 2562 5443 hodie
2609 5392 2865 5444 materno
2894 5405 2990 5446 ore
3021 5391 3212 5442 sancta
3246 5385 3518 5440 catholica
3544 5385 3716 5442 tradit
3742 5385 3836 5441 Ec-

2208 5479 2392 5535 clesia.

2209 5641 2407 5681 eorum
2434 5642 2721 5682 sermones
2746 5625 2815 5681 de
2841 5625 3148 5698 Scriptura.

2279 5711 2300 5739 ο
2327 5699 2530 5770 Confer
2558 5699 2854 5754 homiliam
2879 5696 3057 5770 sancti
3095 5696 3322 5770 Maximi
3353 5697 3608 5770 episcopi
3646 5699 3834 5756 Tauri-

2206 5770 2397 5828 nensis
2423 5769 2491 5826 de
2521 5770 2866 5844 expositione
2896 5768 3165 5842 Symboli.
