4006 6228
110 342 206 401 489

588 341 1198 398 SACRAMENTARIL'M
1236 340 1680 398 GALLICANUM.
1724 369 1793 381 -—
1830 340 2199 399 LECTIONES
2235 340 2321 398 DE
2358 342 2674 399 ADVENTU
2714 342 2971 399 DOMINI.

3361 347 3466 402 490

171 450 342 506 Credo
370 449 431 505 in
460 450 639 505 Deum
664 452 888 506 Patrem
928 452 1395 522 omnipotentem,
1428 456 1735 506 creatorem
1759 462 1818 536 Α
1839 451 2109 524 Spiritum
2130 456 2387 507 sanctum
2417 452 2596 507 Deum
2623 457 2677 507 te
2707 468 2933 508 necesse
2960 455 3044 507 est
3061 452 3339 509 confiteri.
3368 454 3466 510 Hic

110 545 222 600 caeli
246 549 301 599 et
320 549 514 599 terrae.
556 544 733 600 Credo
759 544 819 599 in
857 546 1049 600 Jesum
1076 546 1359 600 Christum
1387 546 1589 600 Filium
1616 545 1737 616 ejus

105 638 459 711 unigenitum
479 638 909 708 sempiternum.
933 640 1276 711 Conceptum
1300 639 1368 694 de
1390 639 1579 710 Spritu
1605 656 1734 693 san-

106 738 204 800 cto,
252 736 453 786 natum
501 748 569 787 ex
613 732 785 787 Maria
831 733 1081 804 virgine;
1125 750 1356 805 passum
1395 733 1499 787 sub
1542 733 1737 787 Pontio

106 826 285 895 Pilato,
315 825 675 894 cruciﬁxum,
721 831 1041 894 mortuum,
1077 831 1132 881 et
1170 826 1474 898 sepultum.
1505 827 1738 881 Descen-

108 920 183 975 dit
199 919 264 973 ad
282 918 530 987 inferna,
562 919 731 974 tertia
750 920 840 974 die
878 919 1188 975 resurrexit
1210 938 1243 974 a
1265 920 1523 975 mortuis.
1540 921 1739 973 Ascen-

108 1013 183 1069 dit
205 1013 268 1067 ad
302 1013 489 1081 caelos,
522 1013 665 1068 sedit
705 1013 775 1067 ad
817 1013 1107 1069 dexteram
1142 1014 1238 1068 Dei
1263 1014 1444 1067 Patris
1480 1013 1736 1084 omnipo-

105 1106 260 1162 tentis
304 1122 317 1161 :
364 1106 500 1161 inde
547 1111 823 1161 venturus
858 1108 1115 1178 judicare
1159 1108 1313 1161 vivos
1359 1111 1415 1162 et
1460 1112 1733 1161 mortuos.

105 1199 266 1255 Credo
324 1200 384 1254 in
439 1198 715 1272 Spiritum
780 1207 1060 1271 sanctum,
1114 1205 1365 1255 sanctam
1435 1200 1737 1255 Ecclesiam

105 1293 446 1362 catholicam,
478 1295 812 1349 Sanctorum
836 1295 1317 1365 communionem,
1347 1294 1736 1349 remissionem

103 1391 473 1459 peccatorum,
507 1388 691 1442 carnis
721 1387 1217 1459 resurrectionem,
1239 1389 1414 1443 vitam
1442 1390 1731 1441 zetcmam.

104 1484 292 1535 Amen.
786 1538 795 1547 ,

167 1575 524 1647 Repetendus
551 1575 708 1630 vobis
736 1578 841 1644 est,
874 1574 1247 1645 dilectissimi,
1279 1590 1464 1630 sermo
1489 1566 1733 1645 Symboli

103 1667 280 1739 hujus,
327 1669 576 1740 qualiter
616 1684 700 1739 ea,
749 1684 877 1740 qua:
923 1668 1187 1738 dicimus,
1240 1667 1439 1723 vestris
1480 1667 1736 1721 sensibus

104 1761 293 1815 melius
320 1761 670 1816 inserantur.
701 1762 869 1817 Credo
901 1764 959 1815 in
983 1766 1171 1817 Deum.
1200 1761 1387 1815 Tertia
1411 1760 1589 1831 igitur
1618 1760 1735 1814 vice

1838 551 1921 602 est
1945 546 2097 601 enim
2125 546 2363 618 Spiritus
2388 552 2630 616 sanctus,
2653 547 2753 619 qui
2774 546 3066 619 egreditur
3092 563 3123 601 a
3150 548 3311 603 Patre
3332 547 3380 618 ⁸,
3397 548 3466 604 de

1837 641 2056 712 quoﬁait
2081 641 2332 696 Salvator
2356 641 2536 696 beatis
2566 641 2836 713 apostolis
2862 640 2978 695 suis
3019 657 3033 695 :
3064 641 3161 709 Ite,
3192 641 3467 713 baptizate

1836 722 2033 789 omnes
2061 739 2255 805 gentes
2299 735 2357 789 in
2395 735 2631 790 nomine
2664 735 2842 789 Patris
2879 740 2934 789 et
2968 735 3090 788 Filii
3138 740 3194 790 et
3229 735 3469 807 Spiritus

1838 828 2031 882 sancti.
2054 828 2176 882 Non
2202 832 2385 899 potest
2411 828 2585 883 videri
2620 828 2948 899 separabilis
2972 828 3200 899 virtute,
3230 829 3329 899 qui
3354 845 3469 884 non

1836 925 2021 993 potest
2044 921 2102 975 in
2131 922 2362 977 nomine
2388 922 2656 993 separari.
2684 924 2941 978 Sanctam
2967 923 3261 977 Ecclesium
3285 924 3469 978 catho-

1839 1016 1997 1070 licam
2020 1018 2383 1070 remissionem
2408 1020 2772 1085 peccatorum,
2801 1019 2983 1070 carnis
3004 1019 3468 1081 resurrectionem,

1836 1111 2004 1163 vitam
2041 1114 2315 1164 aeternam.
2352 1108 2469 1162 Nisi
2513 1109 2813 1163 credideris
2856 1108 3157 1165 Ecclesiam
3206 1110 3305 1164 Dei
3349 1127 3473 1165 san-

1838 1207 2006 1269 ctam,
2034 1220 2151 1257 non
2173 1208 2333 1274 potes
2356 1202 2415 1257 in
2442 1202 2682 1257 Ecclesia
2702 1202 2796 1256 Dei
2818 1202 2964 1257 dona
3000 1203 3312 1275 percipere.
3343 1205 3475 1260 Pro-

1836 1302 1964 1369 pter
1981 1298 2088 1351 hoc
2114 1313 2228 1351 una
2256 1313 2387 1351 cum
2414 1298 2574 1349 Patre
2597 1300 2653 1350 et
2672 1295 2829 1365 Filio,
2852 1301 2907 1351 et
2925 1296 3197 1367 Spiritum
3214 1302 3472 1353 sanctum

1838 1390 2117 1461 professus
2146 1407 2205 1445 es
2232 1391 2445 1459 Deum,
2480 1394 2542 1443 ut
2566 1405 2670 1459 per
2700 1389 2942 1458 gratiam
2973 1390 3239 1461 baptismi
3267 1408 3468 1462 pecca-

1835 1489 2027 1538 torum
2054 1484 2159 1537 tibi
2185 1484 2441 1537 remissio
2468 1483 2827 1550 concedatur,
2857 1486 2913 1536 et
2932 1483 3116 1537 carnis
3141 1487 3252 1538 tum
3280 1500 3469 1540 resur-

1836 1578 2010 1632 rectio
2040 1581 2338 1648 reparetur
2372 1576 2432 1631 in
2480 1581 2779 1631 aeternum.
2818 1576 2932 1630 Nisi
2974 1576 3128 1631 enim
3170 1577 3472 1632 credideris

1834 1671 2063 1725 dimissa
2088 1669 2191 1724 tibi
2220 1675 2445 1741 peccata
2474 1675 2590 1739 tua,
2619 1669 2907 1724 absolutus
2936 1685 3055 1723 esse
3085 1685 3204 1724 non
3238 1670 3469 1741 poteris.

1837 1763 1952 1818 Nisi
1980 1763 2283 1818 credideris
2309 1764 2495 1818 carnis
2538 1762 2951 1818 resurrectione
2992 1763 3379 1833 reparandum
3421 1768 3471 1819 te

103 1858 161 1907 ut
200 1855 268 1909 ad
320 1855 548 1927 reliqua
601 1854 875 1926 capienda
921 1855 1173 1910 ﬁdeliore
1225 1870 1396 1909 cursu
1441 1853 1736 1925 pervenire
1756 1843 1815 1915 B
1838 1873 1958 1913 esse
1988 1862 2115 1928 post
2137 1861 2405 1927 mortem,
2436 1857 2507 1912 ad
2535 1856 2786 1913 fructum
2814 1856 2944 1912 vita:
2971 1861 3261 1928 perpetua:
3281 1857 3471 1913 venire

103 1948 393 2019 possimus,
434 1949 577 2003 ordo
618 1948 869 2020 Symboli
905 1947 1284 2003 recensendus
1310 1952 1394 2001 est
1424 1964 1436 2001 :
1465 1946 1634 2001 Credo
1676 1949 1734 2000 in

105 2045 278 2097 Deum.
307 2043 447 2096 Ecce
490 2042 757 2096 addidisti
786 2044 1219 2112 omnipotentem,
1253 2045 1309 2096 et
1336 2041 1609 2095 veraciter
1632 2040 1731 2095 ad-

106 2134 298 2190 didisti.
329 2135 483 2189 Nihil
515 2136 584 2191 de
609 2135 979 2207 promissione
1010 2135 1253 2204 difﬁdas,
1278 2134 1374 2189 sed
1395 2150 1622 2188 securus
1645 2150 1736 2188 ex-

106 2233 273 2300 pecta,
301 2229 346 2283 si
372 2229 558 2285 credis
588 2229 724 2301 quia
746 2230 1104 2300 omnipotens
1121 2234 1205 2284 est
1220 2228 1320 2300 qui
1346 2227 1646 2300 promittit.
1672 2228 1737 2281 Et

104 2324 157 2376 in
177 2326 349 2377 Iesum
373 2324 651 2381 Christum
675 2324 877 2378 Filium
900 2324 1017 2392 ejus
1044 2326 1284 2386 unicum,
1307 2324 1591 2377 Dominum
1638 2336 1733 2375 no-

105 2421 278 2471 strum.
311 2418 423 2471 Hoc
455 2422 542 2472 est
570 2416 713 2473 illud
758 2423 1178 2473 sacramentum
1223 2416 1374 2471 ﬁdei.
1424 2416 1541 2470 Nisi
1581 2415 1734 2471 enim

107 2510 291 2565 Filium
318 2511 419 2566 Dei
445 2515 571 2565 tota
604 2514 796 2566 mente
824 2511 1152 2579 credideris,
1182 2513 1406 2565 Patrem
1433 2525 1548 2563 non
1576 2514 1735 2580 potes

110 2605 367 2659 conﬁteri.
394 2605 577 2660 Crede
603 2621 739 2676 ergo
766 2605 970 2659 Filium
1005 2604 1105 2660 Dei
1143 2604 1509 2675 unigenitum
1534 2603 1604 2657 ab
1643 2602 1731 2656 in-

110 2699 302 2769 genito,
324 2699 613 2754 viventem
644 2715 678 2753 a
697 2698 939 2768 vivente,
970 2715 1171 2753 verum
1193 2699 1262 2753 de
1292 2714 1443 2752 vero.
1480 2696 1595 2769 Qui
1616 2712 1735 2751 con-

112 2799 280 2863 ceptus
306 2798 385 2848 est
411 2794 480 2848 de
507 2793 723 2863 Spiritu
759 2798 965 2856 sancto,
993 2798 1157 2847 natus
1196 2809 1262 2847 ea:
1296 2793 1480 2847 Maria
1501 2792 1729 2857 virgine.

111 2885 365 2956 Spiritum
391 2892 655 2942 sanctum
681 2886 842 2940 audis
870 2892 1165 2941 auctorem
1205 2903 1219 2939 :
1249 2902 1322 2940 ne
1365 2884 1586 2940 dubites
1627 2883 1733 2936 vir-

112 2974 289 3045 ginem
312 2976 569 3048 potuisse
598 2976 915 3047 concipere.
964 2977 1075 3030 Hoc
1103 2980 1190 3030 est
1216 2975 1369 3047 quod
1394 2974 1475 3028 ait
1498 2974 1733 3045 angelus

109 3067 353 3124 Gabrihel
380 3070 453 3125 ad
478 3070 715 3124 Mariam
743 3069 936 3124 dicens
964 3086 978 3123 :
1007 3069 1248 3141 Spiritus
1284 3071 1511 3123 sanctus
1548 3065 1733 3121 veniet

108 3160 162 3216 in
184 3166 259 3231 te,
283 3168 339 3218 et
359 3163 541 3217 virtus
577 3162 851 3218 Altissimi
894 3163 1256 3219 obumbrabit
1296 3165 1420 3221 tibi.
1466 3168 1579 3222 Cur
1615 3183 1733 3222 non

1834 1968 1950 2006 non
1976 1951 2207 2022 poteris.

1906 2046 2198 2100 REPLETUM
2236 2060 2327 2099 ssr
2357 2043 2403 2097 δ.

1866 2148 2042 2196 Lectio
2064 2146 2207 2197 Isaias
2235 2145 2505 2211 prophetia
2533 2144 2763 2208 legenda
2795 2144 2849 2193 in
2875 2144 3153 2195 traditione
3179 2146 3428 2210 Symboli.

1908 2234 2034 2287 Haec
2082 2232 2217 2286 dicit
2250 2231 2519 2286 Dominus
2547 2246 2563 2281 :
2594 2231 2731 2285 Ecce
2768 2230 2955 2300 justus
2990 2231 3167 2302 perit,
3210 2235 3267 2285 et
3302 2249 3471 2288 nemo

1835 2331 1920 2381 est
1943 2326 2043 2398 qui
2068 2325 2344 2397 recogitet
2370 2324 2429 2378 in
2458 2323 2623 2378 corde
2654 2340 2795 2378 suo:
2840 2328 2896 2379 et
2937 2324 3044 2378 viri
3084 2324 3472 2383 misericordes

1836 2420 2271 2491 excolliguntur,
2320 2419 2453 2490 quia
2488 2434 2605 2472 non
2646 2420 2731 2473 est
2775 2417 2875 2489 qui
2902 2417 3213 2490 intellegat.
3254 2422 3299 2474 Α
3326 2420 3470 2476 facie

1835 2515 1989 2570 enim
2019 2513 2252 2568 malitiae
2278 2512 2542 2567 collectus
2568 2514 2653 2566 est
2671 2511 2881 2582 justus.
2913 2511 3113 2567 Veniat
3136 2529 3266 2583 pax,
3295 2518 3353 2569 et
3378 2530 3469 2569 re-

1834 2608 2084 2679 quiescat
2111 2607 2171 2661 in
2195 2607 2379 2661 cubile
2409 2623 2530 2660 suo.
2563 2606 2668 2659 Vos
2703 2610 2897 2660 autem
2923 2605 3169 2660 accedite
3195 2606 3328 2676 huc,
3368 2607 3471 2662 ﬁlii

1833 2700 2258 2773 auguriatricis,
2300 2716 2497 2754 semen
2533 2698 2776 2753 adulteri
2815 2703 2871 2753 et
2929 2698 3236 2754 fornicarii.
3295 2700 3474 2772 Super

1834 2810 2005 2866 quem
2032 2793 2280 2848 lusistis?
2323 2809 2492 2864 super
2526 2808 2699 2863 quem
2726 2792 2996 2847 dilatastis
3022 2808 3105 2860 os,
3150 2797 3208 2847 et
3234 2793 3474 2864 ejecistis

1831 2888 2126 2959 linguam?
2156 2888 2296 2941 Nam
2327 2887 2427 2958 qui
2459 2885 2724 2941 ﬁduciam
2759 2885 2932 2940 habet
2968 2886 3105 2955 mei,
3134 2885 3476 2949 hereditabit

1832 2985 2064 3050 terram,
2107 2985 2165 3036 et
2196 2979 2507 3051 possidebit
2545 2983 2801 3035 montem
2834 2982 3092 3034 sanctum
3135 2995 3352 3046 meum,
3395 2980 3474 3035 ait

1834 3075 2107 3129 Dominus
2132 3076 2307 3129 Deus.

2144 3176 2374 3240 Epistola
2392 3174 2529 3224 Petri
2550 3173 2773 3238 apostoli
2799 3173 2864 3223 ad
2889 3177 3090 3238 gentes.

130 3214 161 3216 Ἦ
192 3214 258 3231 "I
290 3214 337 3218 "
374 3214 535 3217 “""‘
577 3214 851 3218 “'_"'“——‘
902 3214 958 3217 ‘"
977 3214 1255 3219 ‘__""'"'"
1303 3214 1420 3221 "_"
1472 3214 1571 3222 “'"‘
1616 3214 1733 3222 """
2145 3214 2411 3240 υν⁸“¹”ν⁸“¹”⁸
2433 3214 2529 3224 ν“’⁵⁵
2550 3214 2773 3238 *ιε’νυυνη
2799 3214 2864 3223 ““⁴“
2889 3214 3090 3238 Ο*¹¹’““”“”

109 3254 275 3310 credis
327 3273 463 3312 eum
512 3256 571 3311 in
606 3262 770 3312 utero
818 3256 1056 3328 virginis
1101 3257 1395 3313 hominem
1436 3258 1730 3331 ﬁgurasse,
1752 3214 1807 3289 C
1906 3267 2144 3335 Fratres,
2174 3266 2233 3320 in
2266 3267 2372 3320 hoc
2408 3264 2584 3319 vocati
2614 3264 2769 3333 estis,
2810 3263 2943 3335 quia
2979 3264 3235 3320 Christus
3275 3282 3469 3338 passus

110 3364 269 3420 quem
290 3350 472 3405 credis
497 3350 793 3406 hominem
819 3350 1017 3405 fecisse
1042 3350 1112 3405 de
1138 3356 1289 3406 terra
1306 3353 1332 3407 ?
1369 3354 1479 3419 Nec
1505 3354 1735 3408 Mariam

111 3441 316 3498 dubites
351 3444 640 3515 virginem
689 3444 960 3498 mansisse
998 3449 1126 3514 post
1147 3449 1402 3516 partum,
1430 3447 1582 3518 quod
1605 3452 1735 3502 ante

109 3535 274 3590 multa
297 3540 556 3608 tempora
579 3537 860 3608 propheta
888 3536 1074 3592 Esaias
1101 3537 1322 3609 cecinit,
1346 3539 1537 3594 dicens
1560 3557 1573 3595 :
1599 3542 1735 3596 Ecce

110 3629 257 3701 virgo
283 3630 340 3685 in
365 3636 532 3686 utero
565 3630 821 3701 accipiet,
859 3635 917 3685 et
953 3630 1135 3701 pariet
1176 3631 1378 3688 filium.
1418 3635 1531 3688 Hoc
1561 3633 1734 3688 divini

112 3723 310 3795 eloquii
334 3725 667 3781 auctoritate
691 3724 1041 3779 credendum
1069 3729 1173 3780 est.
1212 3728 1439 3781 Passum
1457 3728 1558 3782 sub
1591 3729 1732 3782 Pon-

116 3818 186 3870 tio
224 3817 410 3883 Pilato,
443 3820 784 3889 cruciﬁxum,
827 3824 1100 3874 mortuum
1145 3825 1196 3873 et
1237 3822 1526 3889 sepultum.
1574 3822 1737 3875 Nulla

113 3917 164 3969 te
190 3916 481 3987 trepidatio
508 3916 577 3972 de
606 3916 833 3970 Domini
857 3916 943 3971 tui
975 3916 1231 3988 passione
1257 3918 1569 3973 confundat
1599 3939 1612 3973 :
1644 3920 1733 3973 ni-

115 4006 189 4062 hil
212 4008 276 4063 de
302 4026 489 4081 cruce,
519 4010 665 4065 nihil
692 4011 762 4065 de
783 4011 1075 4082 sepultura
1098 4011 1366 4067 verearis.
1394 4013 1517 4066 Non
1541 4012 1650 4067 fuit
1677 4012 1735 4067 in

114 4101 200 4157 illo
217 4104 309 4175 qui
337 4107 389 4161 te
414 4105 661 4160 redemit
683 4104 1003 4176 fragilitatis
1029 4104 1347 4176 inﬁrmitas,
1377 4106 1475 4160 sed
1512 4106 1736 4178 pietatis

117 4196 367 4253 officium.
395 4199 549 4253 Crux
575 4199 725 4253 illius
754 4201 919 4253 tuum
946 4215 1193 4270 regnum
1232 4204 1318 4255 est
1346 4216 1361 4251 :
1393 4217 1548 4254 mors
1586 4200 1737 4254 illius

114 4293 201 4343 tua
225 4292 456 4348 estvita.
478 4293 759 4347 Descendit
785 4293 860 4345 ad
878 4294 1118 4360 inferna,
1148 4295 1309 4347 tertia
1330 4294 1417 4347 die
1438 4296 1738 4349 resurrexit

116 4399 146 4435 α
169 4389 385 4441 mortuis
407 4402 423 4438 :
455 4386 702 4441 ascendit
727 4388 784 4439 in
804 4387 980 4452 caelos,
1003 4386 1144 4441 sedit
1164 4387 1239 4440 ad
1258 4387 1537 4443 dexteram
1554 4390 1737 4442 Patris

116 4482 497 4549 omnipotentis.
521 4479 575 4534 Si
595 4483 650 4534 te
673 4479 934 4534 triduana
947 4480 1170 4534 Domini
1191 4480 1274 4535 tui
1291 4482 1581 4552 sepultura
1599 4498 1734 4536 con-

1834 3364 1919 3415 est
1945 3376 2047 3431 pro
2071 3360 2248 3428 vobis,
2280 3360 2606 3430 relinquens
2631 3358 2788 3412 vobis
2815 3359 3165 3429 exemplum,
3192 3362 3258 3413 ut
3280 3376 3475 3434 sequa-

1833 3455 1974 3508 mini
1999 3454 2236 3525 vestigia
2264 3453 2405 3524 ejus.
2435 3452 2543 3516 Qui
2569 3454 2864 3523 peccatum
2896 3468 3017 3507 non
3044 3452 3196 3521 fecit,
3226 3470 3331 3510 nec
3381 3455 3470 3510 in-

1833 3551 2036 3602 ventus
2076 3552 2160 3602 est
2196 3548 2357 3601 dolus
2401 3546 2457 3599 in
2489 3562 2585 3600 ore
2625 3546 2765 3616 ejus.
2794 3545 2899 3609 Qui
2930 3562 3061 3600 cum
3106 3548 3471 3605 maledicere-

1834 3645 1947 3711 tur,
1972 3657 2086 3695 non
2108 3639 2545 3695 remaledicebat
2566 3656 2582 3707 ;
2606 3655 2737 3693 cum
2752 3643 3060 3709 pateretur,
3088 3655 3205 3694 non
3230 3642 3472 3697 commi-

1835 3736 2099 3790 nabatur.
2130 3733 2408 3789 Tradebat
2433 3735 2624 3785 autem
2651 3748 2709 3787 se
2738 3731 3017 3802 judicanti
3037 3744 3059 3772 ο
3092 3732 3321 3803 injuste.
3364 3735 3472 3799 Qui

1834 3833 2060 3901 peccata
2107 3831 2300 3883 nostra
2350 3826 2596 3897 portavit
2640 3826 2700 3880 in
2737 3840 2974 3896 corpore
3035 3842 3136 3879 suo
3191 3843 3363 3898 super
3400 3827 3470 3882 1i-

1838 3939 2017 3995 gnum
2042 3940 2056 3977 :
2082 3928 2143 3977 ut
2166 3920 2408 3992 peccatis
2435 3919 2664 3989 mortui,
2687 3918 2922 3990 justitiaa
2948 3917 3282 3975 viveremus.
3300 3921 3473 3992 Cujus

1833 4016 2007 4071 livore
2033 4016 2212 4070 sanati
2243 4031 2459 4069 sumus.
2493 4013 2673 4068 Eralis
2694 4013 2850 4067 enim
2865 4011 3012 4069 sicut
3029 4028 3161 4068 oves
3180 4018 3467 4072 errantes:

1838 4110 1933 4165 sed
1958 4109 2216 4164 conversi
2254 4109 2386 4164 estis
2428 4124 2581 4163 nunc
2605 4107 2676 4163 ad
2701 4111 2987 4179 pastorem
3027 4111 3084 4162 et
3122 4107 3472 4166 visitatorem

1836 4203 2158 4258 animarum
2181 4206 2520 4258 vestrarum.

1971 4305 2145 4355 Lectio
2172 4303 2337 4354 sancti
2364 4303 2630 4367 Evangelii
2657 4301 2947 4353 secundum
2969 4300 3256 4353 Iohannem
3282 4305 3328 4354 ἁ.

1911 4392 1971 4445 ln
1998 4390 2095 4444 illo
2121 4394 2395 4461 tempore,
2427 4395 2556 4444 ante
2601 4405 2699 4443 sex
2740 4389 2857 4443 dies
2899 4388 3131 4442 Pascha;
3167 4389 3320 4443 venit
3356 4390 3467 4446 Do-

1838 4484 2028 4538 minus
2054 4485 2214 4539 Jesus
2236 4483 2590 4550 Bethaniam,
2613 4482 2712 4536 ubi
2730 4482 2915 4536 fuerat
2934 4481 3171 4536 Lazarus
3190 4487 3470 4554 mortuus,

117 4572 311 4641 turbat,
355 4572 692 4628 resurrectio
745 4573 927 4645 magis
969 4577 1183 4628 aeterna
1217 4574 1531 4630 confirmet.
1574 4575 2013 4660 Quid-unem
2050 4577 2332 4632 suscitavit
2372 4577 2549 4630 Jesus.
2596 4576 2871 4629 Fecerunt
2907 4581 3100 4631 autem
3157 4575 3206 4630 ei
3254 4591 3472 4633 caenam

119 4665 243 4735 quid
281 4667 623 4722 inﬁrmitatis
665 4667 828 4722 audis
872 4668 931 4721 in
975 4667 1221 4740 Christo,
1266 4668 1603 4740 mysterium
1636 4674 1738 4725 est.

121 4757 250 4814 lllud
277 4766 468 4816 tamen
493 4764 716 4832 oportet
740 4760 953 4836 mirari,
984 4763 1136 4834 quod
1162 4763 1234 4832 ei,
1267 4762 1357 4816 cui
1383 4763 1585 4817 caalum
1617 4779 1739 4818 me-

120 4850 220 4907 rito
244 4853 571 4923 debebatur,
596 4871 823 4909 crucem
852 4872 957 4926 pro
981 4860 1037 4911 te
1064 4856 1402 4927 contempsit
1439 4855 1740 4913 sustinere.

122 4944 171 4999 Si
201 4948 376 5003 credis
422 4965 489 5003 ea
535 4965 661 5020 quae
701 4949 803 5004 tibi
835 4949 1117 5020 videntur,
1158 4951 1321 5006 crede
1375 4955 1431 5005 et
1472 4950 1571 5004 illa
1617 4968 1744 5022 quas

123 5053 318 5111 negare
337 5058 456 5097 non
490 5047 672 5113 potest
703 5042 762 5096 in
794 5042 993 5113 gloria.
1029 5044 1164 5100 Inde
1200 5050 1461 5099 venturus
1485 5034 1745 5114 judidare

124 5135 258 5189 vivos
282 5140 329 5190 et
353 5140 611 5191 mortuos.
644 5136 785 5190 Ecce
812 5136 904 5191 ille
929 5137 1027 5208 qui
1054 5139 1124 5192 ab
1166 5138 1376 5210 iniquis
1402 5144 1487 5193 est
1519 5138 1741 5209 judica-

126 5230 208 5280 tus
230 5228 287 5282 in
310 5230 494 5299 terris,
524 5230 593 5284 de
621 5229 751 5284 sede
780 5230 988 5285 caelesti
1011 5232 1367 5301 judicaturus
1414 5232 1660 5287 advenit.
1689 5232 1745 5287 Si

121 5317 423 5388 judicatum
446 5322 971 5394 despicis,judicem
983 5325 1338 5396 pertimesce.
1363 5325 1533 5380 Credo
1551 5328 1612 5379 in
1627 5326 1747 5395 Spi-

128 5415 279 5469 ritum
315 5422 579 5472 sanctum.
613 5416 670 5472 Si
695 5417 979 5485 credidisti
1006 5419 1182 5473 Deum
1224 5420 1450 5474 Patrem
1478 5418 1744 5491 omnipo-

130 5508 347 5581 tentem,
376 5511 515 5565 etin
542 5510 748 5566 Filium
800 5511 923 5582 ejus
946 5510 1312 5583 unigenitum
1339 5529 1445 5585 per
1468 5512 1661 5579 ﬁdem,
1690 5516 1748 5568 et

137 5720 164 5729 ,-
192 5650 216 5680 ⁸
243 5652 400 5729 Nulla
422 5653 513 5729 hic
539 5652 750 5729 mentio
794 5654 873 5729 de
900 5654 1253 5729 processione
1292 5672 1362 5712 ex
1399 5656 1561 5725 Filio,
1589 5655 1747 5712 nulla

132 5723 421 5796 ite_m_infra
442 5725 505 5779 in
529 5726 773 5796 quadam
798 5723 966 5780 missa
990 5726 1342 5783 Dominicali.

137 5792 425 5922 Colailzgrte,
450 5792 741 5869 Enptetum
766 5802 864 5861 est,
904 5798 1056 5872 quod
1082 5798 1262 5855 minio
1289 5799 1640 5871 descriptum
1686 5800 1748 5855 in

438 5966 711 6033 Pauor.
757 5967 993 6034 LXXII.

1841 4671 1939 4739 ibi,
1972 4675 2029 4726 et
2066 4671 2278 4725 Martha
2305 4667 2659 4722 ministrabat
2687 4685 2701 4721 :
2732 4668 2970 4722 Lazarus
3000 4686 3134 4725 vero
3175 4686 3319 4724 unus
3353 4678 3475 4728 erat

1842 4783 1911 4822 ex
1949 4761 2432 4820 discumbentibus
2467 4776 2601 4814 cum
2629 4775 2715 4813 eo.
2753 4760 2922 4814 Maria
2962 4777 3100 4834 ergo
3158 4764 3372 4835 accepit
3413 4764 3477 4820 li-

1841 4861 2003 4915 bram
2058 4854 2336 4927 unguenti
2375 4852 2538 4908 nardi
2571 4851 2757 4923 pistici
2789 4852 3049 4923 preciosi,
3102 4857 3268 4911 unxit
3304 4859 3474 4928 pedes

1843 4952 2063 5009 Domini
2096 4952 2244 5019 .lesu,
2292 4953 2350 5003 et
2383 4946 2618 5001 extersit
2658 4944 2877 5016 capillis
2900 4945 3015 4999 suis
3040 4948 3212 5016 pedes
3245 4951 3388 5021 ejus,
3418 4958 3477 5009 et

1843 5047 2049 5102 domus
2068 5044 2303 5115 impleta
2317 5047 2400 5097 est
2418 5057 2486 5095 ex
2507 5040 2678 5095 odore
2690 5038 2986 5110 unguenti.
3006 5038 3159 5093 Dixit
3177 5057 3314 5111 ergo
3328 5060 3475 5100 unus

1844 5157 1915 5196 ex
1939 5139 2231 5210 discipulis
2255 5136 2377 5208 ejus
2400 5135 2569 5191 Judas
2597 5132 2920 5200 Scariothis,
2943 5131 3043 5203 qui
3067 5136 3189 5186 erat
3212 5149 3347 5189 eum
3366 5142 3477 5192 tm-

1842 5234 2067 5289 diturus
2089 5249 2104 5285 :
2126 5233 2309 5295 Quare
2332 5231 2437 5285 hoc
2464 5232 2822 5301 unguentum
2847 5242 2963 5281 non
2983 5223 3234 5281 vendidit
3260 5230 3476 5284 trecen-

1844 5328 1916 5382 tis
1940 5325 2206 5394 denariis,
2240 5329 2296 5379 et
2320 5324 2517 5378 datum
2545 5328 2629 5378 est
2654 5321 2884 5394 egenis?
2926 5320 3075 5375 Dixit
3112 5323 3302 5373 autem
3344 5321 3472 5390 hoc,

1844 5437 1959 5476 non
1987 5419 2119 5492 quia
2148 5418 2217 5474 de
2245 5417 2442 5489 egenis
2467 5415 2787 5489 pertinebat
2808 5415 2881 5470 ad
2914 5432 3067 5483 eum,
3096 5414 3195 5469 sed
3222 5414 3357 5487 quia
3383 5414 3477 5471 fur

1847 5519 1986 5583 erat,
2012 5518 2068 5570 et
2102 5512 2315 5568 loculos
2351 5511 2585 5577 habens,
2609 5526 2674 5565 ea
2710 5524 2841 5581 quae
2876 5509 3251 5565 mittebantur
3289 5513 3477 5583 porta-

1919 5670 1940 5698 ο
1973 5658 2057 5714 Sic
2086 5657 2147 5711 in
2172 5654 2348 5711 veteri
2378 5651 2709 5725 exemplari,
2741 5654 2803 5705 ut
2840 5650 2901 5706 in
2932 5650 3187 5723 Vulgata,
3227 5668 3342 5709 non
3373 5654 3471 5724 ju.

1846 5736 1944 5799 ste,
1976 5735 2041 5785 ut
2066 5745 2133 5783 ex
2161 5728 2372 5783 Graeco.

1917 5792 1945 5844 ά
1978 5802 2129 5856 Idem
2155 5798 2522 5871 Evangelium
2550 5796 2609 5851 in
2640 5792 2874 5850 Gothico
2898 5809 3003 5867 pro
3033 5794 3203 5851 missa
3228 5793 3291 5851 in
3310 5795 3475 5868 εγω.

1847 5872 1963 5931 boli
1985 5871 2308 5929 traditione.

3087 5969 3159 6030 l6
