4006 6228
503 319 596 380 491

499 457 616 512 bat.
650 455 795 510 Dixit
823 470 960 526 ergo
986 453 1258 509 Dominus
1283 453 1440 506 Jesus
1471 468 1483 504 :
1515 452 1646 506 Sine
1675 451 1848 521 illam,
1870 457 1929 506 ut
1954 453 2012 506 in
2042 453 2130 507 die
2153 443 2210 516 A

500 551 806 621 sepultura:
837 566 980 604 meae
1007 553 1187 603 servet
1214 545 1372 601 illud.
1407 547 1685 615 Pauperes
1711 546 1862 600 enim
1904 562 2129 618 semper

499 644 715 698 habetis
743 643 1050 708 vobiscum,
1079 658 1171 694 me
1202 643 1391 693 autem
1413 655 1527 692 non
1550 655 1774 710 semper
1795 640 2030 694 habetis.
2068 642 2126 695 In

499 737 806 792 crastinum
834 740 1025 790 autem
1053 734 1221 789 turba
1241 734 1422 787 multa
1446 750 1570 804 quae
1593 738 1862 788 venerant
1881 735 1952 788 ad
1975 734 2126 788 diem

498 833 723 900 festum,
779 847 907 884 cum
951 829 1236 882 audissent
1266 827 1397 898 quia
1447 827 1600 882 venit
1655 827 1924 882 Dominus
1969 830 2128 882 Jesus

497 925 961 995 Hierosolymam,
983 925 1322 992 acceperunt
1345 938 1534 975 ramos
1554 923 1897 992 palmarum,
1922 925 1979 976 et
2002 939 2129 993 pro-

497 1024 784 1074 cesserunt
808 1016 1031 1071 obviam
1060 1016 1130 1084 ei,
1163 1021 1218 1070 et
1259 1016 1573 1070 clamabant
1614 1033 1626 1070 :
1669 1017 1911 1085 Osanna,
1949 1017 2125 1071 bene-

496 1113 676 1166 dictus
705 1111 802 1182 qui
828 1110 979 1164 venit
1004 1111 1122 1164 Rex
1153 1110 1338 1164 Israel.
1378 1112 1444 1164 Et
1490 1110 1704 1165 invenit
1737 1111 2010 1165 Dominus
2034 1112 2125 1165 Je-

496 1222 587 1258 sus
613 1205 872 1271 asellum,
901 1207 958 1258 et
977 1204 1118 1258 sedit
1143 1221 1317 1274 super
1341 1221 1495 1272 eum,
1525 1204 1667 1258 sicut
1695 1205 1970 1276 scriptum
1996 1210 2081 1259 est
2111 1221 2123 1258 :

495 1298 618 1352 Noli
653 1298 875 1366 timore,
907 1298 1026 1352 ﬁlia
1052 1298 1206 1366 Sion,
1237 1314 1362 1351 ecce
1405 1299 1524 1352 Rex
1563 1302 1692 1352 tuus
1737 1299 1888 1353 venit
1928 1299 2127 1352 sedens

495 1409 664 1464 super
688 1393 914 1464 pullum
939 1392 1132 1446 asinae.
1163 1393 1291 1445 Haec
1316 1409 1432 1445 non
1455 1398 1839 1462 cognoverunt
1867 1392 2126 1462 discipuli

494 1487 615 1558 ejus
643 1486 928 1556 primum;
975 1485 1068 1538 sed
1104 1485 1328 1556 quando
1361 1485 1701 1554 gloriﬁcatus
1731 1490 1815 1540 est
1858 1486 2128 1540 Dominus

493 1579 670 1648 Jesus,
703 1583 835 1633 tunc
860 1578 1135 1633 recordati
1162 1582 1293 1632 sunt
1321 1579 1452 1650 quia
1480 1580 1601 1633 haec
1629 1583 1791 1633 erant
1814 1578 2022 1650 scripta
2057 1579 2126 1632 de

497 1689 584 1740 eo,
611 1678 670 1727 et
696 1672 1059 1728 crediderunt
1083 1671 1156 1726 ei.

1079 1782 1279 1821 INCIPIT
1319 1782 1474 1821 mssa
1495 1764 1541 1821 ⁸.

568 1859 628 1910 ln
658 1857 910 1928 geminas
933 1860 1122 1927 partes
1162 1855 1312 1909 diem
1353 1855 1506 1908 hunc
1551 1856 1921 1910 excolendum
1970 1872 2126 1910 com-

495 1950 780 2021 plectitur,
800 1950 1057 2015 Domine,
1077 1952 1284 2002 nostrae
1303 1948 1585 2002 servitutis
1611 1949 1923 2019 famulatio,
1953 1950 2039 2004 vel
2059 1949 2128 2005 de

488 2043 694 2114 jejunii
718 2044 869 2097 cultu
902 2048 1134 2111 sacrato,
1165 2043 1250 2095 vel
1278 2042 1347 2096 de
1373 2041 1692 2112 insignibus
1713 2044 1842 2112 tuis,
1873 2061 2002 2115 quae
2028 2045 2129 2098 h0-

495 2137 585 2192 die
623 2137 922 2203 fulserunt,
969 2135 1341 2203 mirabilibus,
1377 2153 1488 2207 quo
1530 2137 1800 2191 Lazarum
1853 2138 2127 2192 reduxisti

491 2235 621 2303 post
644 2235 850 2285 tartara
880 2247 893 2284 :
925 2246 1058 2284 cum
1085 2230 1156 2284 ad
1181 2246 1375 2283 vocem
1417 2236 1596 2300 tuam,
1631 2231 1886 2298 Domine,
1923 2237 2124 2286 tonan-

493 2330 609 2380 tem
633 2325 870 2392 exilivit,
905 2329 959 2379 et
987 2323 1350 2394 quatriduani
1370 2324 1494 2394 jam
1524 2325 1769 2380 fcetentis
1788 2326 1962 2380 funus
1986 2325 2125 2380 vivi-

494 2419 668 2473 ﬁcans
698 2418 989 2486 animasti;
1020 2417 1107 2472 vel
1153 2418 1324 2472 etiam
1361 2434 1525 2471 causa
1563 2418 1822 2472 miraculi
1859 2419 2125 2490 obstupe-

493 2512 638 2567 facta
665 2512 938 2584 plaudens
963 2511 1130 2566 turba
1158 2511 1443 2565 Bethania:
1479 2512 1722 2566 occurrit
1757 2529 1888 2567 cum
1926 2513 2130 2584 palmis

494 2605 598 2661 tibi
624 2604 847 2659 obviam
877 2604 1038 2676 Regi.
1072 2603 1306 2675 [Exaudi
1332 2620 1433 2658 nos
1466 2604 1526 2658 in
1563 2606 1669 2659 hoc
1697 2606 1982 2676 geminato
2017 2624 2130 2662 ser-

492 2699 686 2754 vitutis
709 2703 915 2753 nostra:
943 2697 1228 2770 obsequio]
1258 2703 1313 2752 et
1347 2703 1574 2769 praesta,
1610 2699 1863 2769 Domine,
1901 2717 2126 2771 quaesu-

493 2811 641 2861 mus,
667 2797 734 2848 ut
757 2793 964 2847 animae
989 2797 1200 2846 nostra:
1220 2809 1348 2863 quae
1371 2794 1590 2848 tumulo
1616 2799 1749 2848 sunt
1766 2799 2127 2865 peccatorum

493 2889 792 2956 conclusae,
822 2887 948 2940 tabe
973 2891 1253 2956 corrupta:
1285 2886 1618 2941 reviviseant
1656 2904 1726 2942 ex
1763 2893 1862 2942 tua
1888 2889 2130 2943 interius

491 2982 826 3047 visitatione,
871 2981 1013 3035 sicut
1047 2980 1237 3034 Lazari
1275 2980 1487 3035 viscera
1527 2997 1561 3034 a
1599 2986 1696 3036 tua
1731 2998 1864 3037 voce
1899 2983 2131 3038 fuerunt

490 3077 760 3143 animata,
789 3075 1040 3130 Salvator
1067 3074 1289 3128 mundi.

1179 3157 1446 3208 Collectio.

563 3235 712 3288 Bone
741 3232 1045 3286 Redemtor
1071 3237 1281 3298 noster,
1305 3231 1564 3301 Domine,
1581 3233 1678 3301 qui
1704 3235 1984 3288 mansueti
2011 3233 2127 3288 ani-

491 3327 653 3382 malis
680 3325 837 3380 aselli
865 3330 1026 3396 terga
1054 3325 1336 3393 insedens,
1369 3325 1440 3379 ad
1469 3325 1792 3395 passionem
1827 3327 2127 3384 redemtio-

491 3422 580 3475 nis
627 3425 835 3475 nostrae
889 3423 1228 3490 spontaneus
1293 3418 1774 3490 adpropinquans,
1827 3438 1957 3476 cum
2025 3423 2128 3477 tibi

491 3513 662 3569 ramis
686 3513 954 3568 arborum
984 3511 1240 3567 certatim
1266 3512 1540 3566 sternitur
1572 3512 1676 3580 via,
1708 3517 1763 3567 et
1801 3515 2123 3586 triumpha-

489 3609 720 3663 tricibus
757 3607 961 3679 palmis
990 3623 1122 3661 cum
1149 3622 1281 3660 voce
1307 3605 1502 3660 laudes
1532 3614 1837 3662 occurrunt
1861 3625 1874 3662 :
1899 3615 2121 3680 praesta,

489 3718 837 3774 quaesumus,
864 3701 1212 3771 Majestatem
1240 3705 1418 3770 tuam,
1447 3707 1512 3756 ut
1539 3701 1682 3757 sicut
1704 3702 1785 3757 illi
1812 3703 1869 3756 in
1894 3707 1990 3758 tua
2010 3705 2125 3760 fue-

489 3801 623 3852 runt
646 3795 868 3851 obviam
895 3812 1025 3850 cum
1049 3794 1299 3849 arboreis
1327 3795 1562 3867 virgulis
1582 3797 1813 3867 egressi,
1835 3797 1910 3850 ita
1936 3815 2037 3852 nos
2068 3803 2123 3853 te

489 3892 760 3947 redeunte
803 3890 863 3943 in
908 3889 1154 3944 secundo
1185 3889 1432 3945 adventu
1471 3907 1602 3944 cum
1641 3891 1842 3962 palmis
1879 3891 2124 3948 victoriae

490 4001 812 4040 mereamur
840 4000 1133 4038 occurrere
1158 3983 1296 4038 lmti.

1120 4065 1241 4114 Post
1270 4065 1499 4114 nomina.

563 4141 720 4208 Ecce,
743 4137 998 4202 Domine,
1033 4137 1100 4191 de
1125 4143 1178 4190 te
1200 4138 1424 4208 Caipha:
1463 4138 1744 4208 pontiﬁcis
1773 4142 2120 4213 vaticinium,

491 4235 758 4304 ignarum
788 4229 894 4284 sibi
921 4229 1046 4300 ipsi,
1075 4230 1134 4283 in
1159 4231 1386 4300 populis
1415 4235 1499 4284 est
1527 4231 1833 4302 prolatum,
1863 4237 1927 4288 ut
1978 4253 2124 4290 unus

492 4325 854 4381 occumberes
881 4340 984 4394 pro
1013 4327 1199 4390 gente,
1237 4340 1308 4376 ne
1337 4325 1526 4378 cuncti
1566 4327 1777 4396 pariter
1804 4327 2120 4386 interirent.

494 4423 557 4475 Et
585 4427 646 4474 tu
673 4419 957 4490 singulare
988 4433 1231 4486 granum
1265 4417 1324 4471 in
1370 4422 1519 4472 terra
1562 4421 1799 4474 moreris
1823 4465 1836 4490 ,
1857 4426 1921 4476 ut
1963 4441 2122 4495 seges

491 4515 737 4586 plurima
762 4516 1086 4567 nasceretur
1109 4530 1121 4565 :
1146 4511 1425 4582 supplices
1445 4513 1545 4567 tibi
1575 4514 1679 4585 ipsi
1700 4516 1796 4586 qui
1837 4533 1939 4587 pro
1963 4535 2124 4573 mun-

493 4609 545 4663 di
575 4609 750 4661 salute
795 4624 852 4660 es
900 4605 1082 4659 hostia
1119 4621 1295 4659 caesus
1336 4605 1726 4678 deprecamur,
1759 4615 1818 4664 ut
1864 4611 2026 4666 nobis
2053 4613 2121 4667 de

491 4704 610 4774 ipso
637 4701 858 4755 veniam
887 4701 1058 4754 dones
1087 4699 1132 4754 δ.

1145 4781 1219 4831 Ad
1263 4796 1464 4845 pacem.

567 4856 963 4911 Universorum
988 4854 1108 4925 ipse
1134 4854 1459 4910 Dominator
1482 4857 1578 4928 qui
1609 4859 1885 4929 conditor,
1908 4867 2125 4916 creatu-

495 4968 572 5007 rae
597 4957 709 5005 tute.
742 4948 1075 5020 praestabilis
1095 4954 1332 5016 amator,
1357 4951 1517 5020 cujus
1537 4953 1707 5006 Maria
1725 4955 1897 5024 pedes
1921 4956 2121 5024 abluit,

493 5062 624 5102 eum
669 5061 783 5116 quo
835 5043 1108 5097 redivivus
1151 5044 1390 5098 Lazarus
1431 5045 1724 5115 accubuit;
1754 5047 2011 5104 ministra
2065 5051 2122 5105 in

491 5159 592 5196 nos
618 5140 740 5194 illas
781 5137 1058 5207 lacrimas,
1105 5153 1244 5208 quas
1287 5139 1456 5192 Maria
1501 5139 1571 5192 de
1617 5141 1793 5196 multa
1826 5117 2123 5200 dilectione

491 5234 745 5308 protulit.
784 5233 1054 5304 Fragrare
1103 5231 1268 5286 facito
1308 5236 1559 5286 nostram
1605 5235 1939 5307 orationem,
1980 5239 2124 5294 sicut

491 5333 846 5402 unguentum
881 5326 1146 5397 pisticum
1190 5325 1356 5380 sacris
1397 5327 1604 5397 plantis
1642 5329 1894 5386 infusum
1940 5334 2122 5389 Mariae

488 5423 759 5496 fragravit
791 5439 805 5476 :
834 5427 899 5477 ut
923 5437 1048 5475 eam
1088 5436 1288 5491 pacem
1323 5436 1738 5494 consequamur
1773 5426 1833 5480 in
1870 5432 2120 5498 pectore,

489 5535 662 5590 quam
689 5521 938 5572 assecuta
977 5520 1061 5570 est
1100 5513 1269 5569 Maria
1311 5513 1394 5569 sui
1437 5518 1691 5573 osculans
1729 5520 2123 5592 Redemptoris

488 5611 744 5682 vestigia.

556 5730 580 5757 ⁸
614 5728 822 5806 Eadem
850 5730 1018 5806 missa
1054 5728 1265 5806 legitur
1303 5729 1360 5784 in
1400 5731 1603 5786 Missali
1628 5732 1881 5802 Gothico,
1917 5751 1974 5806 p.
2015 5737 2119 5791 235

489 5801 765 5872 librorum
791 5800 860 5872 de
886 5800 1104 5872 Liturg.
1131 5801 1270 5872 Gali.

558 5872 586 5913 ι)
611 5870 889 5925 Prolixior
924 5870 1076 5926 hasc‘
1101 5871 1352 5927 collectio
1399 5874 1457 5928 in
1510 5874 1708 5930 Missali
1749 5875 2002 5944 Gothico,
2056 5895 2115 5952 p.

1382 319 1712 375 APPENDIX
1750 319 1838 374 AD
1875 319 2096 376 OPERA
2133 320 2188 376 S.
2228 318 2527 376 GERMANI
2565 319 2992 377 PARISIENSIS.

3775 317 3895 372 492

2875 429 3212 480 Contestatio.

2302 501 2440 556 Vere
2471 501 2708 571 dignum
2737 505 2794 556 et
2811 501 3030 572 justum
3059 506 3162 571 est,
3193 499 3552 572 omnipotens
3585 499 3760 568 Deus,
3804 498 3890 552 ab

2227 595 2384 649 omni
2421 612 2578 663 sexu,
2633 601 2818 664 aetate,
2859 602 2914 649 et
2957 612 3124 650 sensu
3169 595 3354 649 dicere
3387 594 3618 648 laudem
3655 593 3715 647 in
3767 592 3887 646 hac

2227 689 2316 743 die
2339 689 2544 759 jejunii
2571 694 2626 742 et
2654 689 2833 743 laudis
2874 694 2984 744 tuas
3027 689 3362 760 triumphali
3402 687 3708 759 praaconio,
3756 703 3887 758 quo

2227 783 2296 836 ab
2327 783 2720 853 Hierosolymis
2747 787 2802 836 et
2829 783 3100 837 Bethania
3126 785 3496 837 occurrerunt
3525 782 3627 836 tibi
3680 782 3881 853 pluri-

2227 894 2337 931 ma:
2386 877 2730 948 populorum
2765 882 3020 946 catervae,
3070 893 3184 932 una
3226 894 3358 932 voce
3396 881 3821 948 perstrepentes
3862 892 3878 928 :

2228 971 2449 1026 Osanna
2476 970 2590 1023 ﬁlio
2619 970 2807 1038 David,
2838 970 3163 1025 benedictus
3206 971 3303 1042 qui
3339 971 3495 1025 venit
3531 971 3592 1025 in
3631 969 3882 1024 nomine

2229 1065 2472 1119 Domini.
2505 1063 2622 1118 Tibi
2649 1065 2804 1118 enim
2843 1081 2973 1117 cum
2999 1064 3192 1134 lingua
3233 1081 3394 1119 coma
3427 1064 3656 1120 servivit
3696 1064 3878 1118 arbo—

2228 1176 2342 1227 rea,
2372 1175 2500 1213 cum
2527 1174 2762 1212 arenosa
2791 1157 2993 1212 itinera
3021 1158 3195 1212 ramis
3223 1158 3878 1229 virueruntcomposita.

2227 1252 2408 1306 Plebis
2431 1269 2656 1323 quoque
2679 1252 3080 1306 indumentum
3101 1253 3208 1306 tuis
3231 1253 3438 1323 plantis
3453 1253 3846 1324 prosternitur
3861 1295 3878 1318 ,

2226 1346 2564 1417 nudatisque
2595 1345 2728 1399 viris
2758 1345 2846 1399 via
2872 1346 3107 1400 vestitur
3135 1363 3147 1400 :
3179 1345 3381 1400 Victori
3430 1363 3577 1400 novo
3623 1347 3878 1417 populus

2225 1443 2457 1512 praestat
2494 1439 2874 1510 triumphum.
2913 1439 3108 1510 Surgit
3142 1445 3290 1494 totus
3327 1441 3538 1494 clamor
3573 1441 3633 1494 in
3675 1439 3870 1510 laude,

2226 1552 2386 1588 voces
2406 1535 2773 1588 clamantium
2798 1538 3099 1604 penetrant
3121 1534 3422 1604 templum,
3448 1535 3701 1589 dicentes
3729 1551 3741 1588 :
3767 1535 3872 1588 Be-

2226 1629 2483 1684 nedictus
2524 1628 2622 1700 qui
2659 1627 2812 1682 venit
2855 1625 2914 1681 in
2940 1627 3169 1682 nomine
3199 1629 3440 1683 Domini.
3472 1630 3629 1698 Ecce,
3661 1628 3866 1683 Hieru-

2225 1725 2418 1793 salem,
2447 1721 2692 1794 qualiter
2717 1721 2818 1775 tibi
2863 1723 2978 1776 Rex
3023 1726 3152 1776 tuus
3195 1721 3394 1776 sedens
3420 1737 3592 1793 super
3635 1721 3870 1786 asinum

2147 1817 2553 1890 Bmansuetus
2610 1815 2855 1870 advenit.
2907 1815 3117 1870 Adveni
3161 1833 3319 1888 ergo,
3370 1833 3658 1888 rogamus,
3708 1821 3762 1871 et
3802 1816 3868 1871 in

2229 1913 2414 1966 medio
2444 1911 2624 1966 nostri
2651 1909 2878 1979 adsiste,
2912 1914 2968 1964 et
2993 1910 3091 1981 qui
3127 1927 3230 1965 nos
3276 1915 3410 1965 tunc
3451 1910 3727 1982 reparasti
3763 1926 3870 1981 per

2228 2023 2452 2062 crucem
2492 2022 2593 2077 per
2622 2005 2794 2059 istum
2820 2020 3138 2060 IMMOLATUH
3180 2021 3354 2060 eum
3387 2019 3409 2047 ο
3446 2022 3508 2060 ετ
3549 2020 3866 2060 saxeum“

2227 2101 2436 2155 iterum
2459 2102 2643 2172 lapsos
2669 2118 2899 2174 repara;
2924 2106 2987 2156 ut
3015 2105 3070 2154 te
3101 2099 3366 2154 advenire
3394 2100 3456 2153 in
3493 2099 3707 2154 nostris
3735 2115 3862 2152 cor-

2229 2193 2392 2249 dibus
2430 2196 2754 2264 sentientes,
2805 2211 3072 2250 exeamus
3097 2192 3321 2248 obviam
3358 2193 3483 2263 tibi,
3506 2197 3563 2247 et
3592 2209 3723 2247 cum
3762 2208 3862 2246 su-

2229 2288 2418 2358 pernis
2445 2289 2556 2343 illis
2580 2289 2882 2345 virtutibus
2921 2289 3230 2343 clamemus
3266 2286 3516 2342 dicentes
3548 2303 3564 2340 :
3597 2286 3858 2342 SANCTUS.

2692 2403 2852 2444 MISSA
2891 2404 2946 2442 IN
2985 2403 3139 2442 CENA
3179 2400 3394 2441 DOMINI.

2273 2477 2502 2542 Epistola
2526 2478 2670 2528 Pauli
2695 2478 2916 2544 apostoli
2943 2477 3008 2589 pd
3035 2476 3330 2588 nginthios
3352 2475 3407 2525 in
3437 2489 3581 2525 caena
3608 2475 3811 2525 Domini

2963 2554 3058 2589 eae
3137 2554 3184 2589 a.

2963 2554 3184 2604 egenaa.

2300 2613 2538 2681 Fratres,
2581 2613 3042 2669 convenientibus
3071 2611 3227 2666 vobis
3265 2611 3324 2665 in
3370 2626 3572 2678 unum,
3597 2609 3717 2681 jam
3743 2625 3864 2664 non

2229 2711 2310 2761 est
2326 2707 2674 2762 Dominicam
2690 2724 2904 2762 caenam
2920 2707 3280 2774 manducare,
3303 2704 3696 2776 unusquisque
3709 2703 3862 2758 enim

2229 2817 2389 2854 suam
2430 2818 2645 2856 caenam
2685 2801 2978 2873 praesumit
3018 2800 3090 2854 ad
3116 2798 3596 2865 manducandum,
3621 2801 3678 2851 et
3717 2797 3862 2851 alius

2228 2895 2458 2966 quidem
2486 2897 2679 2964 esurit,
2711 2896 2850 2950 alius
2878 2899 3068 2950 autem
3095 2894 3284 2948 ebrius
3311 2897 3410 2947 est.
3431 2891 3719 2964 Numquid
3753 2891 3858 2946 do-

2228 3006 2355 3044 mus
2393 3007 2507 3044 non
2539 2990 2755 3044 habetis
2795 2989 2865 3043 ad
2903 2988 3362 3043 manducandum
3401 2992 3455 3041 et
3501 2986 3863 3040 bibendum?

2227 3086 2338 3138 Aut
2383 3084 2670 3139 ecclesiam
2718 3083 2813 3137 Dei
2859 3082 3239 3151 contemnitis,
3285 3086 3340 3135 et
3377 3079 3720 3135 confunditis
3763 3095 3860 3134 eos

2147 3192 2201 3267 C
2227 3178 2326 3249 qui
2352 3195 2467 3232 non
2497 3178 2753 3232 habent?
2776 3177 2919 3241 Quid
2946 3177 3130 3231 dicam
3167 3174 3324 3230 vobis
3341 3176 3370 3230 τ
3406 3174 3598 3229 Laudo
3624 3191 3722 3228 vos
3741 3174 3768 3228 ?
3796 3175 3860 3227 In

2226 3272 2331 3326 hoc
2358 3289 2472 3326 non
2515 3271 2702 3326 laudo.
2735 3273 2850 3342 Ego
2878 3271 3032 3325 enim
3058 3270 3245 3341 accepi
3273 3287 3304 3322 a
3334 3269 3594 3338 Domino,
3623 3268 3775 3339 quod
3801 3273 3860 3321 et.

2225 3366 2430 3420 tradidi
2457 3365 2618 3419 vobis
2645 3365 2951 3437 :quoniam
2974 3365 3248 3418 Dominus
3269 3365 3447 3432 Jesus,
3477 3363 3535 3416 in
3558 3379 3669 3433 qua
3696 3367 3862 3416 nocte

2225 3460 2570 3529 tradebatur,
2599 3459 2813 3531 accepit
2839 3476 3066 3531 panem,
3097 3462 3154 3513 et
3183 3457 3390 3530 gratias
3417 3473 3592 3529 agens
3614 3455 3782 3528 fregit
3801 3460 3864 3510 et

2226 3553 2400 3607 dixit:
2431 3554 2541 3607 Hoc
2571 3558 2654 3607 est
2681 3569 2888 3624 corpus
2915 3569 3109 3606 meum
3137 3568 3241 3623 pro
3285 3551 3440 3605 vobis
3483 3568 3497 3604 :
3546 3550 3654 3604 hoc
3697 3550 3862 3605 facite

2225 3647 2283 3701 in
2310 3663 2498 3701 meam
2536 3648 3155 3702 commemorationem.
3185 3645 3455 3702 Similiter
3500 3649 3557 3699 et
3603 3645 3857 3714 calicem,

2225 3745 2521 3813 postquam
2551 3741 2805 3811 caenavit,
2843 3742 3034 3796 dicens
3073 3759 3085 3796 :
3131 3742 3230 3795 Hic
3265 3740 3407 3795 calix
3444 3755 3657 3794 novum
3698 3744 3862 3794 testa-

2226 3840 2483 3890 mentum
2512 3841 2596 3890 est
2623 3835 2679 3889 in
2709 3852 2837 3891 meo
2864 3835 3141 3907 sanguine
3172 3852 3185 3888 :
3218 3835 3323 3888 hoc
3359 3833 3523 3889 facite
3566 3832 3857 3904 quotiens-

2225 3945 2468 4001 cumque
2493 3929 2697 3984 bibetis
2732 3930 2790 3984 in
2819 3946 3005 3984 meam
3049 3928 3667 3984 commemorationem.
3705 3928 3859 3992 Quo-

2202 4005 2617 4095 ’tienscumque
2645 4024 2798 4078 enim
2827 4023 3238 4079 manducabitis
3254 4038 3466 4094 panem
3494 4023 3668 4090 hunc,
3698 4027 3754 4078 et
3773 4039 3860 4077 ca-

2224 4117 2389 4171 licem
2428 4118 2649 4187 bibetis,
2687 4123 2932 4174 mortem
2960 4116 3183 4172 Domini
3222 4116 3640 4172 adnunciabitis
3682 4115 3857 4172 donec

2225 4211 2430 4281 veniat,
2460 4213 2518 4266 in
2543 4213 2782 4267 Christo.

2383 4305 2557 4354 Lectio
2581 4305 2746 4355 sancti
2775 4306 3042 4369 Evangelii
3071 4305 3360 4356 secundum
3385 4304 3700 4355 Matthteum.

2295 4388 2534 4457 Vespere
2560 4391 2751 4441 autem
2779 4388 2942 4455 facto,
2969 4387 3356 4442 discumbebat
3399 4386 3677 4440 Dominus
3700 4385 3857 4440 Iesus

2225 4497 2354 4533 cum
2368 4481 2664 4536 duodecim
2677 4482 2980 4552 discipulis,
2997 4486 3055 4536 et
3067 4481 3364 4536 edentibus
3375 4480 3660 4534 illisdixit:
3680 4482 3857 4534 Amen

2142 4568 2202 4640 D
2224 4574 2348 4629 dico
2376 4575 2549 4641 vobis,
2581 4576 2715 4646 quia
2745 4592 2892 4629 unus
2917 4581 3168 4630 vestrum
3198 4591 3290 4629 me
3320 4574 3629 4628 traditurus
3659 4580 3761 4628 est.
3795 4575 3854 4627 Et

2225 4668 2536 4723 contristati
2569 4669 2728 4722 valde
2756 4674 3046 4739 cosperunt
3073 4669 3281 4739 singuli
3307 4667 3492 4722 dicere
3520 4685 3535 4721 :
3571 4666 3854 4738 Numquid

2193 4780 2331 4835 ,ego
2360 4779 2508 4829 sum,
2539 4763 2811 4817 Domine?
2836 4766 2904 4818 At
2944 4763 3065 4835 ipse
3110 4762 3456 4834 respondens
3483 4761 3564 4814 ait
3597 4776 3611 4815 :
3637 4760 3743 4825 Qui
3769 4761 3855 4815 in-

2224 4857 2435 4928 tinguit
2459 4872 2684 4911 mecum
2715 4873 2949 4911 manum
2978 4857 3038 4910 in
3061 4856 3377 4927 parapside,
3407 4855 3500 4909 hic
3523 4871 3614 4908 me
3652 4855 3856 4910 tradet.

2226 4951 2395 5005 Filius
2419 4951 2650 5022 quidem
2681 4951 2930 5006 hominis
2953 4951 3134 5020 vadit,
3183 4950 3326 5004 sicut
3375 4950 3651 5021 scriptum
3682 4954 3769 5004 est
3792 4949 3860 5002 de

2224 5025 2360 5098 illo‘:
2391 5061 2477 5098 vae
2502 5050 2691 5099 autem
2719 5045 2936 5099 homini
2958 5045 3057 5113 illi,
3080 5061 3183 5116 per
3211 5061 3381 5116 quem
3405 5044 3580 5099 Filius
3614 5043 3862 5098 hominis

2223 5138 2486 5193 traditur.
2523 5139 2741 5193 Bonum
2770 5144 2892 5193 erat
2919 5139 2970 5192 ei
2995 5139 3041 5192 si
3069 5142 3235 5193 natus
3275 5155 3389 5193 non
3440 5138 3640 5193 fuisset
3688 5139 3858 5192 homo

2224 5232 2340 5287 ille.
2369 5233 2733 5303 Respondens
2759 5236 2952 5287 autem
2977 5233 3146 5287 Judas
3188 5232 3286 5304 qui
3327 5232 3558 5287 tradidit
3598 5247 3732 5287 eum
3773 5232 3854 5286 di-

2224 5326 2342 5381 xit:
2371 5326 2656 5398 Numquid
2683 5344 2790 5399 ego
2815 5344 2942 5382 sum
2971 5327 3150 5382 Rabbi
3167 5327 3195 5381 ‘l
3241 5327 3335 5382 Ait
3361 5326 3445 5381 illi
3471 5325 3742 5381 dominus
3769 5327 3853 5381 Je-

2223 5437 2317 5475 sus
2349 5440 2362 5476 :
2397 5422 2479 5475 Tu
2522 5421 2733 5476 dixisti.
2765 5419 2802 5482 ·Ξ’
2846 5421 3206 5476 Οωηίιηὶίὴιιε
3247 5424 3441 5475 autem
3484 5420 3596 5487 eis,
3646 5420 3856 5492 accepit

2221 5516 2378 5570 Jesus
2402 5531 2631 5588 panem,
2662 5518 2720 5570 et
2743 5515 3033 5570 benedixit
3059 5532 3122 5569 ac
3148 5515 3352 5586 fregit;
3393 5514 3546 5569 dedit
3575 5514 3862 5586 discipulis

2223 5609 2338 5665 suis
2382 5614 2438 5666 et
2480 5610 2598 5666 ait:
2626 5609 2875 5683 Accipite
2919 5613 2975 5665 et
3021 5609 3300 5666 comedite
3328 5627 3343 5665 :
3375 5609 3487 5664 Hoc
3531 5614 3616 5666 est
3659 5625 3858 5682 corpus

2221 5731 2344 5784 235.

2290 5812 2313 5842 ο
2345 5801 2592 5876 Observa
2634 5801 2730 5876 hie
2764 5817 2966 5876 partem
3011 5800 3157 5857 sumi
3207 5817 3314 5876 pro
3362 5815 3601 5876 corpore
3652 5800 3858 5859 Christi

2223 5872 2463 5946 Domini,
2488 5889 2617 5930 cum
2641 5872 2790 5929 infra
2815 5874 2968 5944 legas
2995 5872 3331 5944 sanguinem.
