4006 6228
53 440 144 492 493
556 438 1169 496 ΞΑΟΗΑΜΕΝΤΑΒΙΕΜ
1207 440 1657 498 GALLICANL'M.
1701 471 1768 482 —
1809 443 2177 500 LECTIONES
2215 442 2302 498 DE
2341 442 2653 498 ADVENTU
2695 443 2945 499 DOMINI.

3334 445 3438 498 494

52 561 258 599 meum.
310 546 382 600 Et
429 547 713 619 accipiens
754 549 982 603 calicem
1029 550 1235 621 gratias
1274 551 1410 622 egit,
1457 557 1513 605 et
1549 551 1703 606 dedit
1723 553 1939 638 Adum
1965 554 2230 622 moritur,
2262 552 2454 607 omnia
2482 557 2851 608 surrexerunt
2890 567 2994 623 per
3020 550 3196 623 ipsius
3237 551 3432 623 Majes-

50 639 150 693 illis
176 638 374 693 dicens
406 657 420 692 :
463 642 642 696 Bibite
669 659 738 696 ex
769 659 834 697 eo
862 660 1078 699 omnes.
1119 644 1216 699 Hic
1260 650 1345 699 est
1387 646 1538 700 enim
1566 663 1697 701 san-

56 734 173 804 guis
197 749 366 788 meus
394 736 533 790 novi
559 738 917 808 Testamenti,
937 738 1034 809 qui
1055 755 1159 810 pro
1181 739 1373 793 multis
1393 739 1702 795 effunditur

55 828 106 880 in
132 827 542 884 remissionem
573 837 952 902 peccatorum.
998 833 1129 887 Dico
1161 838 1353 887 autem
1379 833 1557 902 vobis,
1586 851 1702 889 non

52 921 233 974 bibam
261 923 481 977 amodo
510 925 578 979 de
608 925 711 979 hoc
740 926 1028 995 genimine
1073 927 1198 981 vitis
1244 943 1422 999 usque
1466 929 1524 982 in
1551 929 1703 983 diem

56 1015 228 1081 illum,
259 1032 396 1070 cum
424 1018 576 1072 illud
602 1019 790 1073 bibam
820 1037 1032 1074 novum
1059 1021 1120 1074 in
1159 1038 1335 1092 regno
1362 1023 1538 1076 Patris
1566 1023 1700 1077 mei.

56 1110 116 1162 Et
139 1109 352 1179 hymno
382 1111 546 1166 dicto
576 1113 838 1168 exierunt
865 1115 925 1168 in
952 1120 1207 1170 montem
1243 1116 1462 1173 Oliveti.
1489 1127 1527 1188 -θ
1550 1119 1704 1170 Tunc

56 1202 178 1255 dicit
204 1202 315 1256 illis
344 1205 630 1260 Dominus
658 1207 814 1261 Jesus
849 1227 862 1262 :
897 1226 1095 1263 omnes
1125 1227 1220 1263 vos
1247 1211 1570 1265 scandalum
1601 1227 1701 1282 pa-

59 1296 264 1350 tiemini
296 1297 360 1351 in
392 1315 492 1352 me
525 1299 586 1353 in
616 1301 722 1354 ista
747 1308 932 1356 nocte.
967 1303 1251 1375 Scriptum
1273 1311 1355 1359 est
1375 1305 1548 1374 enim,
1567 1306 1701 1359 Per-

57 1391 255 1444 cutiam
283 1392 608 1460 Pastorem,
646 1397 701 1447 et
726 1395 1126 1467 dispergentur
1150 1415 1277 1452 oves
1305 1400 1514 1470 gregis.
1546 1400 1702 1454 Post-

59 1505 219 1559 quam
244 1496 451 1544 autem
482 1509 870 1564 resurrexero,
900 1497 1219 1566 praecedam
1243 1514 1342 1551 vos
1372 1497 1430 1550 in
1458 1497 1702 1552 Galilaaa.

60 1583 424 1653 Respondens
489 1592 682 1640 autem
729 1589 946 1657 Petrus,
996 1590 1074 1643 ait
1122 1591 1199 1644 illi
1259 1609 1270 1644 :
1329 1592 1442 1645 Etsi
1510 1608 1707 1645 omnes

61 1676 410 1733 scandalizati
453 1679 670 1735 fuerint
696 1681 755 1734 in
790 1687 863 1751 te,
894 1699 1002 1754 ego
1030 1701 1348 1756 numquam
1374 1685 1707 1739 scandaliza-

61 1775 170 1828 bor.
199 1776 293 1830 Ait
337 1777 422 1830 illi
473 1778 750 1832 Dominus
781 1781 938 1834 Jesus
969 1799 981 1834 :
1017 1785 1193 1836 Amen
1243 1783 1365 1837 dico
1406 1783 1504 1836 tibi
1532 1827 1544 1855 ,
1575 1783 1708 1854 quia

63 1870 113 1922 in
128 1869 230 1924 hac
247 1873 440 1939 nocte,
465 1877 773 1944 antequam
802 1875 984 1944 gallus
1002 1881 1211 1944 cantet,
1228 1881 1314 1930 ter
1332 1894 1423 1932 me
1445 1878 1702 1948 negabis.

1801 651 1995 717 tatem,
2024 663 2196 719 quem
2225 647 2458 702 laudant
2485 646 2693 718 angeli.

2203 751 2332 800 Item
2356 749 2673 800 Contestatio
2702 747 2889 798 eodem
2919 748 3022 798 die.

1874 836 2011 888 Vere
2043 835 2283 904 dignum
2309 839 2362 889 et
2379 836 2602 906 justum
2631 840 2733 902 est,
2759 835 3116 906 omnipotens
3141 833 3308 902 Deus,
3335 849 3438 905 per

1801 927 2084 982 Christum
2117 929 2421 983 Dominum
2446 934 2725 985 nostrum.
2755 929 2914 994 Quod
2942 945 3046 1000 pro
3072 927 3278 982 nostris
3303 944 3435 1000 pec-

1805 1022 1940 1075 catis
1967 1023 2092 1076 talis
2122 1040 2184 1076 ac
2233 1029 2420 1077 tantus
2459 1024 2698 1079 traditus
2724 1029 2826 1092 est,
2855 1023 3108 1094 quicum
3146 1023 3263 1076 sine
3304 1038 3438 1094 pec-

1805 1120 1928 1170 cato
1956 1121 2118 1182 esset,
2147 1134 2177 1169 a
2216 1122 2270 1171 te
2300 1135 2404 1189 pro
2449 1117 2834 1188 peccatoribus
2861 1117 3101 1172 traditus
3129 1123 3231 1180 est,
3252 1116 3440 1187 justus

1806 1227 1908 1282 pro
1935 1210 2176 1281 injustis,
2226 1210 2352 1281 pius
2382 1229 2485 1282 pro
2513 1211 2701 1283 impiis
2725 1229 2739 1279 ;
2771 1217 2825 1265 et
2862 1227 2991 1266 cum
3021 1211 3210 1265 omnia
3238 1211 3438 1279 sciret,

1808 1305 1983 1359 Deum
2010 1304 2389 1358 nescientibus
2417 1305 2493 1359 sic
2521 1322 2578 1358 se
2606 1305 2875 1374 subdidit,
2905 1310 2969 1358 ut
2995 1321 3097 1359 nos
3125 1305 3351 1376 ignaros
3371 1303 3440 1357 ad

1807 1399 2156 1470 agnitionem
2186 1398 2431 1452 veritatis
2461 1399 2528 1452 de
2555 1399 2672 1453 fece
2697 1399 2934 1465 ultima,
2967 1399 3025 1453 in
3067 1415 3178 1470 qua
3214 1399 3441 1469 jaceba-

1808 1510 1953 1560 mus,
2001 1493 2262 1564 erigeret.
2313 1493 2355 1547 Ο
2401 1493 2697 1547 infelicitas
2745 1492 2938 1546 Judael
2993 1492 3227 1563 cupidus
3273 1508 3444 1563 super

1807 1603 1978 1657 parvo
2005 1604 2240 1641 munere
2267 1587 2498 1640 tradidit
2519 1586 2775 1640 omnium
2799 1586 3096 1639 hominum
3121 1603 3447 1640 remunera-

1808 1686 1985 1734 torem
2017 1697 2028 1734 :
2061 1681 2199 1734 dum
2225 1681 2450 1750 salutat,
2482 1680 2770 1735 vendidit:
2802 1680 2938 1734 dum
2969 1680 3316 1751 obsequitur,
3340 1685 3446 1734 tra-

1808 1778 1907 1832 dit.
1942 1778 1985 1831 Ο
2016 1779 2152 1832 falsa
2176 1779 2352 1833 labia!
2377 1780 2475 1850 qui
2499 1779 2577 1833 sic
2605 1779 2811 1833 conﬁat
2833 1779 3094 1834 incendia
3116 1797 3134 1849 ;
3167 1785 3222 1834 et
3249 1795 3444 1851 pacem

1808 1888 1921 1926 non
1949 1872 2225 1926 dubitavit
2249 1874 2430 1927 facere
2457 1874 2622 1943 bella,
2649 1873 2943 1928 salutando
2987 1873 3212 1927 tradens
3253 1873 3444 1928 Domi-

64 1962 143 2016 Ait
165 1963 246 2016 illi
277 1965 486 2019 Petrus
522 1982 535 2019 :
571 1967 750 2020 Etiam
781 1967 828 2020 si
856 1971 1172 2039 oportuerit
1198 1987 1290 2026 me
1317 1972 1465 2026 mori
1492 1947 1702 2039 tecum,
1726 1947 1783 2019 Β
1807 1983 1946 2020 num
1978 1971 2234 2020 nostrum
2271 1967 2461 2021 Iesum
2500 1967 2789 2022 Christum
2815 2009 2828 2035 ,
2861 1967 3109 2038 complet
3133 1968 3324 2022 osculo
3349 1967 3446 2022 ho-

67 2072 171 2111 non
209 2061 266 2112 te
306 2059 569 2130 negabo.
622 2061 894 2116 Similiter
921 2067 978 2118 et
1023 2080 1218 2119 omnes
1256 2065 1514 2138 discipuli
1545 2066 1702 2121 dixe-

69 2156 207 2204 runt.

691 2244 884 2283 INCIPIT
925 2245 1097 2284 MISSA.

133 2326 507 2399 Omnipotens
537 2330 882 2402 sempiterne
903 2333 1069 2400 Deus,
1092 2332 1182 2403 da,
1210 2350 1560 2406 quaesumus,
1580 2336 1708 2391 uni-

75 2421 231 2476 versis
259 2423 495 2478 famulis
540 2426 673 2495 tuis,
720 2427 942 2498 plenius
969 2432 1137 2498 atque
1172 2429 1476 2500 perfectius
1516 2431 1708 2485 omnia

77 2514 181 2568 festi
226 2517 515 2572 Paschalis
559 2519 795 2575 introire
839 2522 1108 2593 mysteria
1151 2538 1167 2576 :
1209 2527 1273 2577 ut
1315 2522 1710 2581 incunctanter

78 2608 155 2679 pia
177 2611 344 2665 corda
388 2620 779 2685 cognoscant,
813 2622 1090 2688 quantum
1117 2616 1362 2672 debeant
1390 2618 1459 2672 de
1498 2620 1704 2674 contir-

82 2710 216 2758 mata
241 2705 300 2759 in
321 2706 551 2761 Christo
572 2711 987 2764 renascentium
1007 2710 1415 2782 gloriﬁcatione
1437 2689 1705 2782 gaudere.

753 2822 1022 2872 Collectio.

146 2912 391 2968 Concede
445 2914 828 2985 credentibus,
887 2917 1203 2972 misericors
1257 2919 1436 2988 Deus,
1492 2919 1711 2974 salvum

87 3004 232 3059 nobis
273 3007 341 3061 de
368 3008 582 3062 Christi
611 3010 873 3065 Passione
912 3012 1234 3067 remedium
1281 3029 1294 3068 :
1337 3017 1402 3067 ut
1444 3013 1712 3068 humanae

88 3093 395 3166 fragilitatis
425 3099 735 3170 praeterita:
762 3101 943 3172 culpae
969 3101 1199 3172 laqueos
1237 3106 1464 3158 eterna:
1510 3103 1711 3159 suffra-

92 3188 232 3257 gium
253 3192 432 3262 plebis
460 3193 733 3249 absolvat.

713 3306 836 3357 Post
858 3307 1089 3357 nomina.

99 3487 298 3554 generis
324 3506 426 3559 pro
452 3489 622 3544 nobis
645 3489 784 3544 Filio
805 3495 904 3545 tuo
927 3491 1206 3547 moriente
1232 3493 1472 3565 salvasti,
1488 3503 1716 3569 praasta,

98 3595 418 3653 quaesumus,
449 3590 518 3638 ut
559 3583 618 3637 in
645 3584 750 3638 hac
796 3586 991 3657 populi
1031 3586 1115 3640 tui
1161 3587 1461 3643 devotione
1504 3591 1720 3649 fructus

99 3676 369 3742 proveniat
397 3678 764 3748 gaudiorum.

616 3790 867 3840 Collectio
893 3791 958 3840 ad
983 3805 1188 3856 pacem.

167 3884 433 3960 Virtutum
483 3892 794 3948 caelestium
834 3894 1001 3961 Deus,
1048 3893 1117 3948 de
1162 3893 1323 3965 cujus
1368 3895 1567 3966 gratiae
1595 3912 1724 3952 rore

109 3976 369 4038 descendit
393 4029 406 4056 ,
439 3992 506 4042 ut
531 3987 601 4041 ad
630 3988 903 4059 mysteria
933 3993 1029 4042 tua
1068 3989 1327 4060 purgatis
1353 3991 1608 4045 sensibus
1630 4007 1720 4046 ac-

113 4072 368 4148 cedamus,
398 4087 629 4152 prazsta,
649 4099 996 4154 quaesumus,
1021 4089 1085 4138 ut
1111 4083 1172 4138 in
1197 4100 1396 4139 eorum
1421 4085 1725 4141 traditione

114 4167 434 4230 sollemniter
459 4176 769 4243 honorum,
801 4177 901 4230 tibi
931 4177 1204 4248 placitum
1230 4179 1550 4235 deferamus
1571 4180 1727 4236 obse-

115 4261 308 4333 quium,
336 4274 390 4323 et
413 4270 568 4342 pacis
595 4277 823 4326 mternae
850 4276 1083 4344 pactum
1112 4272 1216 4326 tibi
1246 4273 1568 4330 reddamus.

743 4382 1074 4433 Contestatio.

177 4462 301 4521 Vere
327 4469 576 4542 dignum.
594 4477 652 4528 et
667 4473 892 4542 justum
930 4479 1016 4529 est
1042 4475 1401 4546 omnipotens
1431 4477 1598 4543 Deus,
1627 4492 1730 4547 per

121 4552 379 4617 Christum
406 4566 714 4621 Dominum
740 4571 1024 4623 nostrum.
1050 4569 1224 4639 Cujus
1253 4569 1511 4640 passione
1531 4576 1731 4624 cuncta

127 4661 380 4710 Commota
423 4665 577 4730 sunt,
623 4667 679 4715 et
721 4668 988 4717 eventum
1033 4663 1301 4718 dominici
1343 4665 1592 4719 vulneris
1616 4666 1728 4718 ele-

129 4752 295 4800 menta
321 4754 699 4810 tremuerunt.
727 4757 964 4828 Expavit
991 4758 1110 4812 dies
1132 4775 1246 4813 non
1267 4759 1448 4814 solida
1472 4764 1655 4828 nocte,
1678 4763 1734 4813 et

131 4850 236 4892 suas
283 4847 536 4904 tenebras
584 4851 836 4906 mundus
876 4852 1111 4908 invenit.
1160 4853 1327 4908 Stetit
1374 4854 1478 4908 sub
1523 4853 1736 4908 incerto

130 4925 316 4990 1nmine
342 4940 479 5012 dies,
513 4943 774 4998 inclausis
801 4945 972 5000 etiam
999 4947 1099 5000 lux
1138 4947 1264 5018 ipsa
1305 4946 1420 5002 visa
1460 4952 1542 5001 est
1588 4946 1736 5002 mori

134 5037 241 5080 Cum
280 5031 512 5092 Christo.
559 5039 642 5093 Ad
685 5040 791 5094 hoc
821 5041 977 5095 enim
1015 5040 1200 5095 omnis
1229 5041 1448 5096 claritas
1474 5041 1738 5112 migravit

137 5130 184 5169 In
204 5130 427 5200 noctem,
456 5148 527 5186 ne
558 5134 918 5206 sacrilegium
964 5152 1195 5191 cernere
1224 5135 1528 5191 videretur.
1569 5137 1734 5190 Clau-

141 5219 260 5268 serat
283 5221 426 5278 enim
455 5244 586 5281 suos
610 5230 800 5283 oculos
827 5230 1129 5300 saeculum,
1160 5249 1232 5286 ne
1262 5232 1320 5285 in
1344 5247 1509 5285 cruce
1532 5230 1738 5301 aspice-

143 5311 211 5358 ret
233 5310 644 5391 Redemtorem;
692 5329 747 5378 et
790 5325 1037 5379 mundus
1080 5326 1202 5396 ipse
1252 5325 1408 5381 testis
1459 5341 1580 5380 esse
1623 5341 1738 5380 non

143 5407 316 5481 Potuit,
343 5421 404 5468 ut
428 5417 576 5472 solus
601 5417 878 5490 aspiceret
904 5420 1002 5491 qui
1027 5419 1301 5491 percussit
1329 5437 1344 5474 :
1369 5420 1530 5490 cujus
1550 5419 1738 5474 dolore

147 5493 285 5568 Plaga
322 5514 503 5565 nostra
548 5519 741 5566 curata
784 5519 906 5580 est,
959 5519 1015 5569 et
1056 5514 1246 5584 lapsus
1290 5519 1510 5569 nostros
1556 5513 1741 5568 aliena

152 5588 285 5647 ruina
327 5606 582 5676 suscepit.
632 5607 1010 5662 Tremuerunt
1059 5609 1342 5664 elementa
1385 5607 1588 5662 mundi
1637 5607 1741 5661 sub

152 5691 242 5775 ιξηο
265 5705 508 5760 percusso
531 5741 544 5768 ,
576 5701 736 5771 cujus
766 5703 998 5758 vulnere
1033 5704 1325 5775 captivitas
1366 5703 1608 5758 resoluta
1637 5705 1739 5756 est.

1808 2061 2121 2116 micidium.
2157 2062 2216 2114 ln
2244 2061 2461 2115 honore
2491 2063 2718 2116 Paschze
2741 2079 2871 2116 reus
2893 2061 3094 2116 mortis
3119 2061 3441 2129 dimittitur,

1807 2159 1863 2210 et
1888 2155 2158 2210 Dominus
2184 2155 2457 2210 caalorum
2483 2155 2850 2211 interimitur.
2881 2156 3148 2210 Barrabas
3175 2157 3320 2210 latro
3351 2157 3447 2210 do-

1806 2255 1994 2320 natur,
2025 2253 2082 2304 et
2109 2250 2378 2304 innocens
2401 2249 2655 2305 Christus
2682 2249 3052 2321 cruciﬁgitur.
3101 2250 3202 2304 Cui
3243 2251 3445 2306 merito

1808 2361 2003 2400 omnes
2031 2345 2240 2416 angeli.

2254 2454 2543 2496 LECTIONES
2581 2454 2638 2493 IN
2677 2455 2774 2494 PAR
2782 2455 2998 2495 ASCEVE.

1810 2532 1983 2583 Lectio
2002 2533 2167 2583 sancti
2190 2533 2457 2594 Evangelii
2477 2533 3103 2596 secundumJohannem,
3127 2545 3242 2595 qua!
3259 2533 3448 2596 legitur

2278 2597 2333 2645 in
2359 2599 2641 2646 Parasceve
2665 2597 2731 2644 ad
2757 2595 2927 2645 Tertia
2945 2609 2986 2644 α.

1881 2683 2082 2737 Milites
2113 2681 2366 2754 praesidis
2395 2686 2768 2754 susceperunt
2793 2682 3099 2736 Dominum
3130 2682 3320 2736 Jesum
3349 2681 3448 2734 ba-

1803 2778 2085 2849 julantem
2114 2777 2215 2831 sibi
2244 2794 2491 2832 crucem.
2522 2777 2758 2848 Scripsit
2786 2781 2978 2831 autem
3009 2780 3065 2831 et
3099 2776 3330 2830 titulum
3359 2776 3448 2828 Pi-

1811 2871 1976 2940 latus,
2008 2876 2063 2924 et
2099 2871 2286 2941 posuit
2315 2888 2486 2942 super
2515 2887 2765 2925 crucem.
2799 2872 2930 2924 Erat
2956 2874 3145 2924 autem
3177 2870 3450 2940 scriptum

1812 2964 2100 3031 Hebraice,
2143 2966 2332 3019 Graece
2379 2970 2434 3019 et
2482 2965 2676 3018 Latine

1813 3059 2158 3113 Iudaeorum.
2207 3060 2366 3112 Hunc
2413 3075 2549 3129 ergo
2594 3058 2826 3112 titulum
2870 3058 3031 3112 multi
3077 3058 3341 3126 legerunt
3365 3058 3454 3110 Ju-

2724 2981 2737 3018 :
2786 2965 2946 3019 Jesus
2976 2964 3291 3018 Nazarenus
3336 2963 3453 3017 Rex

1815 3153 2093 3207 dmorum.
2144 3152 2408 3206 Dicebant
2455 3168 2592 3223 ergo
2635 3151 2809 3206 Pilato
2876 3151 3168 3222 pontifices
3227 3151 3450 3205 Judan-

1816 3263 1947 3300 rum
1981 3265 1993 3300 :
2023 3247 2144 3301 Noli
2173 3247 2415 3300 scribere
2463 3247 2579 3301 Rex
2625 3246 2973 3316 Iudaeorum,
3019 3246 3117 3299 sed
3163 3244 3293 3315 quia
3336 3245 3454 3315 ipse

298 3394 307 3403 .
393 3399 403 3412 ,
588 3411 591 3412 ν
712 3326 836 3412 ἴσθι
858 3326 1089 3412 nona'
1239 3399 1248 3408 ,
1287 3359 1291 3362 ·
1321 3398 1351 3412 ._
1484 3401 1496 3412 ,
1706 3410 1712 3412 _
1737 3326 1791 3401 C
1817 3341 1992 3396 dixit:
2025 3343 2140 3396 Rex
2169 3359 2295 3396 sum
2315 3341 2664 3395 Judmorum.
2691 3340 3000 3412 Respondit
3027 3339 3233 3393 Pilatus
3259 3355 3272 3392 :
3295 3337 3453 3402 Quod

154 3391 519 3465 Omnipotens
548 3396 891 3466 sempiterne
929 3399 1071 3452 Deus
1094 3440 1108 3467 ,
1154 3399 1253 3470 qui
1281 3398 1453 3454 vitam
1483 3401 1720 3465 humani
1748 3391 1791 3401 ν
1819 3435 2035 3506 scripsi,
2077 3435 2294 3506 scripsi.
2342 3437 2495 3489 Tunc
2541 3434 2748 3489 milites

2796 3433 3052 3506 praesidis
3094 3434 3459 3506 suscipientes

1821 3531 2125 3584 Dominum
2137 3531 2326 3584 Jesum
2342 3529 2400 3582 in
2418 3529 2706 3599 praetorio,
2725 3534 3218 3600 congregaverunt
3235 3529 3303 3582 ad
3326 3544 3458 3583 eum

1820 3624 2140 3678 universam
2189 3624 2502 3688 cohortem,
2550 3628 2607 3676 et
2651 3627 2922 3676 exuentes
2948 3638 3101 3691 eum,
3144 3623 3458 3692 clamydem

1823 3719 2141 3772 coccineam
2169 3717 2666 3770 circumdederunt
2691 3715 2776 3784 ei;
2807 3720 2863 3770 et
2888 3715 3166 3786 plectente
3193 3731 3459 3769 coronam

1823 3812 1892 3866 de
1917 3811 2115 3883 spinis,
2143 3815 2460 3882 posuerunt
2480 3826 2652 3881 super
2681 3815 2851 3881 caput
2877 3810 3020 3880 ejus,
3039 3815 3096 3864 et
3117 3809 3458 3864 arundinem

1824 3906 1885 3960 in
1913 3907 2140 3961 dextera
2173 3905 2293 3976 ejus
2316 3922 2333 3975 ;
2363 3911 2418 3959 et
2449 3921 2600 3976 genu
2625 3905 2771 3959 ﬂexo
2795 3909 2925 3959 ante
2947 3921 3100 3974 eum,
3130 3903 3465 3958 inludebant

1825 4001 1897 4071 ei,
1927 4001 2174 4056 dicentes
2205 4017 2217 4053 :
2246 4001 2416 4069 Ilave,
2447 4001 2565 4054 Rex
2594 3999 2944 4056 Iudaeorum.
2973 4000 3040 4054 Et
3065 4005 3376 4070 expuentes
3401 3998 3462 4053 in

1827 4112 1980 4166 eum,
2023 4097 2360 4166 acceperunt
2400 4095 2761 4163 arundinem,
2791 4099 2848 4149 et
2882 4094 3272 4166 percutiebant
3295 4097 3467 4165 caput

1829 4190 1968 4260 ejus.
1999 4191 2065 4244 Et
2087 4194 2386 4261 postquam
2421 4188 2743 4243 inluserunt
2768 4188 2853 4258 ei,
2880 4193 3163 4244 exuerunt
3187 4204 3319 4243 eum
3346 4189 3462 4243 cla-

1829 4284 2078 4356 mydem,
2107 4288 2163 4339 et
2189 4284 2499 4338 induerunt
2523 4300 2657 4338 eum
2680 4283 3028 4338 vestimentis
3053 4283 3190 4355 suis,
3214 4288 3270 4338 et
3294 4283 3468 4338 duxe-

1829 4382 1966 4434 runt
1992 4395 2123 4433 eum
2166 4383 2226 4432 ut
2249 4378 2668 4450 cruciﬁgerent.
2700 4379 2980 4432 Exeuntes
3015 4383 3206 4434 autem
3230 4377 3459 4434 invene-

1831 4477 1966 4528 runt
1994 4472 2286 4527 hominem
2317 4474 2673 4543 Cyrenaeum,
2701 4472 2934 4526 nomine
2962 4472 3284 4542 Symonem.
3308 4473 3465 4526 Hunc

1830 4567 2269 4640 angariaverunt
2309 4571 2373 4619 ut
2417 4567 2637 4620 tolleret
2663 4581 2893 4619 crucem
2931 4565 3072 4634 ejus.
3119 4566 3469 4636 Sequebatur

1831 4667 2022 4717 autem
2052 4662 2213 4715 illum
2242 4660 2424 4714 multa
2455 4659 2620 4714 turba
2644 4658 2861 4728 pOpuli,
2891 4662 2947 4712 et
2971 4659 3278 4713 mulierum
3299 4701 3312 4728 ,
3339 4675 3465 4730 qua

1833 4755 2177 4829 plangebant
2202 4757 2259 4807 et
2283 4752 2740 4806 lamentabantur
2767 4767 2921 4805 eum.
2944 4751 3255 4806 Conversus
3273 4758 3465 4809 autem

1834 4850 1903 4904 ad
1931 4849 2053 4902 illas
2079 4847 2257 4913 Jesus,
2286 4845 2427 4900 dixit
2457 4861 2470 4898 :
2519 4844 2672 4898 Filiae
2700 4843 3064 4914 Hierusalem,
3112 4845 3284 4901 nolite
3329 4848 3467 4903 ﬂere

1834 4958 2006 5014 super
2031 4958 2143 5012 me,
2186 4940 2284 4995 sed
2311 4955 2483 5010 super
2525 4955 2621 4993 vos
2668 4938 2816 5008 ipsas
2844 4939 2974 4992 tlete
3019 4943 3076 4993 et
3115 4955 3286 5010 super
3322 4941 3467 4998 tilios

1835 5041 2080 5106 vestros;
2113 5033 2384 5108 quoniam
2428 5049 2556 5088 ecce
2601 5031 2830 5087 venient
2855 5033 2994 5102 dies,
3035 5031 3094 5086 in
3132 5033 3337 5104 quibus
3378 5036 3466 5089 di-

1837 5135 1966 5186 cent
1995 5148 2007 5185 :
2043 5132 2225 5185 Beatae
2270 5129 2484 5184 steriles
2514 5133 2569 5184 et
2598 5131 2821 5182 ventres
2845 5126 2947 5198 qui
2979 5143 3094 5181 non
3125 5135 3465 5198 genuerunt,

1839 5233 1894 5281 et
1919 5226 2097 5280 ubera
2123 5241 2252 5296 quae
2280 5240 2395 5277 non
2420 5223 2792 5277 lactaverunt.
2815 5222 2970 5276 Tunc
2995 5220 3265 5292 incipient
3282 5221 3470 5280 dicere

1839 5320 2126 5376 montibus
2159 5335 2172 5372 ε
2203 5317 2392 5371 Cadite
2431 5333 2602 5388 super
2629 5331 2766 5384 nos;
2817 5319 2875 5369 et
2919 5315 3152 5370 collibus
3180 5331 3194 5370 :
3244 5316 3469 5386 Operite

1839 5432 1962 5470 nos.
1994 5413 2134 5478 Quia
2161 5412 2208 5466 si
2235 5413 2294 5466 in
2320 5410 2482 5465 viridi
2504 5410 2661 5482 ligno
2681 5410 2804 5463 haec
2823 5409 3056 5480 faciunt,
3080 5410 3140 5464 in
3157 5411 3316 5466 arido
3335 5411 3472 5481 quid

1839 5510 1980 5564 liet?
2006 5510 2149 5563 Cum
2173 5506 2416 5561 venisset
2441 5509 2632 5559 autem
2659 5503 2729 5558 ad
2756 5504 2968 5574 locum,
2998 5504 3097 5576 qui
3125 5504 3330 5560 dicitur
3353 5505 3474 5562 Gol-

1845 5609 2018 5676 gotta,
2049 5603 2203 5674 quod
2232 5606 2314 5657 est
2337 5599 2600 5654 Calvariaa
2624 5599 2779 5654 locus
2800 5637 2815 5665 ,
2862 5597 3142 5655 dederunt
3185 5601 3238 5656 ei
3280 5601 3475 5658 vinum

1841 5698 2041 5754 bibere
2065 5714 2199 5756 mm
2239 5696 2368 5752 felle
2411 5695 2692 5763 mixtum;
2718 5697 2775 5748 et
2802 5709 2933 5747 cum
2971 5698 3268 5766 gustasset,
3298 5696 3478 5752 noluit

160 5769 276 5834 Dum
298 5790 439 5847 enim
465 5769 738 5850 occiditur
761 5797 1034 5869 Christus,
1067 5769 1269 5853 cuncta
1289 5801 1483 5853 renata
1508 5800 1659 5866 sunt;
1689 5799 1746 5850 et
1845 5792 2057 5848 bibere.

256 5925 308 5984 ῘΠ
350 5934 688 5996 Lectionario
735 5942 1071 5998 Luxoviensi
1123 5943 1408 5999 habentur
1458 5943 1627 5998 etiam
1673 5940 1746 5997 ad

164 5987 721 6076 PrimamTSecu—ndam
729 5987 1746 6086 f‘t’a're'iixi‘iﬁﬁaﬁ?

1848 5953 1959 6013 que
1984 5937 2150 5994 modo
2187 5935 2470 6004 scribitur,
2509 5933 2586 5990 ad
2616 5935 2818 5998 Tertia,
2845 5933 2922 5990 ad
2945 5935 3130 6001 Sexta,
3159 5941 3266 5998 etc.
