4006 6228
498 441 602 494 495

1379 431 1710 487 APPENDIX
1748 431 1834 484 AD
1871 430 2092 486 OPERA
2130 431 2183 486 S.
2223 431 2521 486 GERMANI
2560 431 2983 488 PARISIENSIS.

3762 429 3878 490 496

500 545 676 597 Lectio
702 539 1787 628 sanctiEvangglii‘secpqgnunilohapnem.
1808 552 1922 602 quae
1942 539 2130 602 legitur
2151 540 2673 628 Arevertebantur.
2721 541 2953 596 Stabant
3006 546 3198 597 autem
3259 559 3454 597 omnes
3498 543 3617 598 noti
3660 543 3792 614 ejus
3847 563 3876 598 a

971 602 1215 655 adVSexta
1243 605 1295 652 in
1323 605 1602 651 Parasceve
1617 602 1660 649 ⁸.

569 691 872 760 Postquam
899 687 1298 741 crucilixerunt
1319 684 1624 737 Dominum
1649 683 1857 746 Jesum,
1889 682 2029 737 dixit
2047 683 2129 737 Je-

499 799 594 838 sus
622 799 754 836 voce
785 797 992 850 magna
1016 797 1027 832 :
1054 781 1232 845 Pater,
1249 776 1469 831 dimitte
1485 777 1615 844 illis,
1639 793 1751 830 non
1773 776 1924 831 enim
1945 778 2131 830 sciunt

500 877 636 947 quid
666 876 897 929 faciunt.
929 874 1082 926 Tunc
1113 871 1421 926 diviserunt
1457 871 1790 925 vestimenta
1824 871 1974 939 ejus,
2005 887 2127 923 sor-

497 975 612 1023 tem
644 969 949 1022 mittentes.
999 966 1127 1018 Erat
1171 970 1364 1018 autem
1391 964 1581 1018 tunica
1611 963 1983 1029 inconsutilis,
2027 963 2126 1017 de-

498 1063 945 1132 supercontexta
963 1075 1064 1129 per
1077 1063 1281 1112 totum.
1309 1059 1582 1112 Dixerunt
1608 1075 1744 1126 ergo
1763 1058 1830 1111 ad
1850 1057 2090 1110 invicem
2112 1074 2124 1109 :

496 1155 617 1208 Non
647 1153 966 1206 scindamus
995 1167 1138 1220 eam,
1167 1153 1263 1206 sed
1295 1152 1600 1206 sortiamur
1629 1151 1696 1205 de
1726 1151 1820 1204 illa
1849 1150 2010 1220 cujus
2037 1150 2125 1203 sit.

496 1249 565 1302 Ut
589 1247 865 1316 scriptura
893 1246 1195 1316 impleatur
1223 1246 1413 1300 dicens
1437 1262 1450 1298 :
1489 1245 1808 1299 Diviserunt
1835 1244 1940 1297 sibi
1968 1243 2129 1297 vesti-

495 1345 690 1394 menta
719 1356 864 1408 mea,
895 1345 951 1393 et
976 1340 1033 1392 in
1061 1343 1272 1394 vestem
1303 1356 1488 1393 meam
1512 1339 1788 1392 miserunt
1810 1343 2039 1392 sortem.
2063 1338 2131 1391 Et

494 1434 752 1489 sedentes
782 1433 1076 1488 servabant
1103 1450 1246 1487 eam.
1271 1435 1336 1487 Et
1356 1433 1750 1505 imposuerunt
1770 1449 1940 1502 super
1964 1435 2132 1502 caput

495 1528 618 1599 ejus
647 1543 873 1581 causam
910 1527 1086 1597 ipsius
1124 1527 1393 1597 scriptam
1421 1544 1434 1580 :
1479 1527 1577 1580 Hic
1606 1532 1688 1581 est
1713 1528 1870 1581 Jesus
1904 1541 2002 1579 rex
2031 1526 2127 1579 Ju-

495 1622 770 1676 dteorum.
803 1622 955 1674 Tunc
985 1620 1236 1674 cruciﬁxi
1263 1626 1393 1674 sunt
1433 1637 1562 1674 cum
1607 1637 1672 1674 eo
1713 1621 1824 1673 duo
1867 1619 2126 1688 latrones,

497 1733 645 1770 unus
668 1733 701 1769 a
726 1714 956 1782 dextris,
990 1719 1046 1768 et
1083 1731 1230 1768 unus
1260 1733 1292 1768 a
1331 1714 1592 1768 sinistris.
1631 1715 1696 1767 Et
1721 1713 2024 1784 adimpleta
2050 1718 2132 1767 est

496 1809 782 1880 Scriptura
808 1824 933 1879 qua:
961 1808 1093 1862 dicit
1121 1826 1133 1862 :
1187 1810 1253 1861 Et
1281 1826 1410 1862 cum
1457 1808 1664 1878 iniquis
1709 1812 2000 1878 reputatus
2026 1809 2127 1860 est.

494 1905 903 1958 Praetereuntes
929 1907 1120 1956 autem
1156 1902 1623 1972 blasphemabant
1649 1917 1777 1955 eum
1799 1943 1812 1968 ,
1842 1904 2130 1954 moventes
2151 1942 2207 2013 Β

497 1997 682 2068 capita
725 2013 844 2064 sua,
888 2001 942 2050 et
971 1995 1219 2049 dicentes
1247 2011 1260 2048 :
1293 1995 1411 2048 Vah
1437 1995 1535 2065 qui
1576 1994 1820 2049 destruis
1852 1993 2129 2064 templum

496 2091 615 2158 Dei,
645 2095 702 2145 et
729 2091 786 2143 in
813 2089 1002 2143 triduo
1029 2089 1168 2142 illud
1195 2089 1534 2157 reaediﬁcas,
1568 2088 1717 2141 salva
1743 2088 2127 2158 temetipsum.

497 2184 555 2240 Si
585 2185 757 2238 Filius
785 2184 881 2238 Dei
909 2200 987 2248 es,
1017 2182 1292 2236 descende
1319 2182 1386 2236 de
1408 2198 1592 2236 cruce.
1617 2181 1886 2236 Similiter
1906 2185 1961 2236 et
1979 2179 2132 2252 prin-

496 2279 647 2350 cipes
673 2277 1024 2332 sacerdotum
1055 2276 1375 2330 inludentes
1406 2292 1536 2328 cum
1567 2275 1762 2329 scribis
1793 2280 1848 2330 et
1885 2275 2130 2329 seniori-

495 2372 603 2426 bus
633 2370 888 2425 dicebant
923 2386 936 2423 :
965 2369 1116 2422 Alios
1147 2369 1323 2422 salvos
1349 2368 1499 2434 fecit,
1532 2368 1778 2438 seipsum
1807 2385 1923 2421 non
1951 2372 2134 2438 potest

498 2465 715 2519 salvum
743 2463 924 2516 facere
975 2463 1026 2516 Si
1074 2477 1173 2516 rex
1215 2461 1378 2515 Israel
1414 2466 1514 2529 est,
1545 2461 1847 2515 descendat
1885 2477 2037 2515 nunc
2063 2461 2132 2516 de

500 2573 684 2622 cruce,
729 2561 784 2610 et
830 2554 1113 2609 credimus
1157 2555 1228 2609 ei.
1261 2555 1502 2609 Contidit
1532 2554 1591 2608 in
1631 2555 1901 2622 Domino;
1931 2555 2134 2608 liberet

497 2666 653 2705 nunc
687 2666 818 2704 eum
853 2649 898 2702 si
940 2649 1078 2704 vult.
1113 2648 1264 2702 Dixit
1293 2649 1446 2702 enim
1489 2647 1625 2719 quia
1653 2648 1825 2702 Filius
1856 2648 1952 2702 Dei
1983 2664 2130 2701 sum.

501 2743 751 2814 ldipsum
776 2748 964 2797 autem
996 2749 1051 2797 et
1080 2759 1225 2796 unus
1253 2743 1321 2797 de
1357 2743 1443 2796 his
1470 2742 1564 2813 qui
1608 2742 1930 2812 pendebant
1959 2742 2131 2796 latro-

499 2839 670 2894 nibus
698 2836 1124 2909 blasphemabat
1151 2853 1302 2903 eum,
1333 2836 1524 2890 dicens
1555 2853 1568 2888 :
1599 2835 1653 2890 Si
1681 2841 1744 2889 tu
1771 2853 1829 2889 es
1855 2835 2130 2902 Christus,

500 2934 720 2988 salvum
764 2932 850 2986 fac
889 2931 1254 3001 temetipsum
1281 2935 1336 2984 et
1376 2946 1494 2984 nos.
1539 2929 1902 3000 Respondens
1944 2935 2134 2983 autem
2170 2975 2179 2982 .

499 3028 640 3083 alter
662 3025 990 3096 increpabat
1016 3041 1169 3091 eum,
1199 3023 1391 3078 dicens
1423 3040 1437 3077 :
1467 3023 1647 3085 Miser,
1677 3038 1860 3094 neque
1882 3028 1944 3076 tu
1970 3023 2136 3077 times

499 3121 698 3188 Deum,
741 3119 892 3191 quod
923 3118 982 3172 in
1007 3118 1204 3173 eadem
1238 3118 1599 3172 damnatione
1629 3117 1716 3171 es!
1757 3118 1825 3171 Et
1862 3134 1967 3171 nos
2006 3117 2134 3188 qui-

502 3215 630 3270 dem
651 3215 824 3284 juste,
852 3228 986 3266 nam
1007 3212 1179 3282 digna
1198 3212 1356 3266 factis
1377 3211 1703 3282 recipimus,
1728 3210 1820 3264 hic
1841 3227 1971 3264 vero
1993 3211 2136 3264 nihil

502 3307 644 3362 mali
674 3306 864 3378 gessit.
888 3307 953 3358 Et
979 3305 1196 3359 dicebat
1225 3306 1295 3359 ad
1314 3306 1504 3359 Jesum
1526 3323 1538 3358 :
1564 3304 1822 3372 Domine,
1847 3310 2134 3359 memento
2157 3316 2211 3390 ρ

502 3401 636 3471 mei,
666 3417 796 3454 cum
822 3399 1040 3454 veneris
1069 3398 1128 3452 in
1156 3415 1401 3470 regnum
1431 3403 1616 3452 tuum.
1667 3399 1734 3452 Et
1761 3398 1904 3453 dixit
1930 3399 2014 3454 illi
2043 3401 2133 3454 Je-

503 3511 634 3550 sus:
667 3497 866 3562 Amen,
893 3509 1062 3547 amen
1097 3493 1222 3548 dico
1264 3492 1385 3564 tibi,
1421 3492 1552 3564 quia
1580 3492 1745 3548 hodie
1771 3509 1998 3548 mecum
2027 3493 2137 3548 eris

503 3589 564 3644 in
592 3589 888 3660 paradyso.

504 3688 680 3740 Lectio
699 3689 862 3739 sancti
882 3688 1150 3752 Evangelii
1167 3689 1461 3801 ggcpgggng
1483 3689 1797 3751 Jobanncm,
1817 3701 1931 3752 quae
1952 3687 2140 3750 legitur

578 3829 620 3880 A
648 3827 803 3879 sexta
830 3823 973 3877 hora
1012 3821 1261 3877 tenebrae
1306 3822 1464 3877 factae
1505 3827 1638 3877 sunt
1676 3839 1846 3894 super
1881 3823 2143 3877 universa

507 3925 658 3975 terra
681 3933 861 3989 usque
888 3917 958 3970 ad
984 3917 1183 3970 horam
1199 3932 1432 3971 nonam.
1455 3917 1521 3970 Et
1540 3917 1686 3971 circa
1706 3917 1906 3972 horam
1930 3933 2142 3971 nonam

508 4012 764 4068 clamavit
789 4013 946 4065 Jesus
971 4027 1102 4065 voce
1131 4026 1346 4080 magna
1366 4011 1560 4065 dicens
1590 4027 1602 4064 :
1635 4011 1775 4079 Heli,
1806 4010 1945 4080 Heli,
1977 4010 2140 4065 lima-

511 4104 812 4160 sabactani.
847 4105 957 4158 Hoc
985 4110 1090 4170 est,
1121 4104 1266 4158 Deus
1307 4121 1488 4174 meus,
1518 4105 1663 4159 Deus
1688 4121 1880 4174 meus,
1909 4109 1975 4159 ut
2008 4104 2144 4176 quid

512 4197 857 4269 dereliquisti
924 4199 1062 4251 me?
1127 4197 1368 4261 Quidam
1415 4203 1609 4252 autem
1656 4197 1768 4252 illic
1814 4203 2025 4253 stantes
2068 4198 2146 4253 di-

513 4293 713 4349 cebant
741 4308 754 4345 :
785 4291 1001 4348 Heliam
1030 4295 1188 4345 vocat
1232 4290 1356 4346 iste.
1400 4291 1681 4346 Continuo
1728 4308 1961 4347 currens
1997 4309 2146 4347 unus

513 4405 582 4444 ex
611 4388 711 4456 eis,
742 4390 1031 4456 acceptam
1058 4384 1353 4456 spongiam
1386 4385 1642 4457 implevit
1669 4392 1846 4456 aceto,
1877 4392 1932 4442 et
1961 4389 2148 4458 posuit

519 4482 616 4556 [in]
647 4481 946 4549 arundine,
982 4485 1037 4534 et
1060 4479 1228 4534 dabat
1265 4479 1316 4534 ei
1354 4479 1567 4534 bibere.
1607 4481 1789 4535 Ceteri
1826 4498 1957 4536 vero
1995 4483 2146 4537 dice-

513 4577 654 4632 bant
681 4593 694 4630 :
725 4575 873 4644 Sine,
901 4574 1189 4629 videamus
1217 4590 1290 4628 an
1319 4574 1505 4628 veniat
1531 4575 1710 4629 Helias
1729 4575 1973 4630 liberans
1993 4593 2145 4631 eum.

512 4675 670 4730 Iesus
708 4675 900 4725 autem
947 4669 1156 4723 iterum
1198 4669 1447 4722 clamans
1501 4685 1634 4723 voce
1683 4685 1912 4741 magna,
1963 4670 2150 4724 emisit

517 4767 800 4840 spiritum.
831 4766 898 4818 Et
925 4779 1049 4817 ecce
1075 4763 1262 4816 velum
1293 4763 1487 4833 templi
1533 4763 1767 4816 scissum
1805 4768 1888 4817 est
1925 4763 1984 4817 in
2013 4763 2152 4818 duas

518 4865 726 4934 partes,
753 4876 784 4912 a
809 4874 1031 4911 summo
1056 4873 1238 4928 usque
1272 4857 1531 4912 deorsum
1553 4875 1568 4925 ;
1599 4862 1655 4911 et
1691 4862 1840 4910 terra
1869 4861 2020 4911 mota
2046 4861 2148 4924 est,

520 4960 577 5011 et
595 4959 774 5028 petrae
804 4951 983 5006 scissa:
1012 4955 1164 5018 sunt,
1193 4955 1249 5004 et
1275 4955 1649 5005 monumenta
1678 4955 1872 5020 aperta
1899 4956 2031 5005 sunt
2055 4994 2068 5020 ,
2099 4957 2155 5005 et

520 5050 703 5108 multa
738 5063 970 5118 corpora
1009 5050 1332 5100 sanctorum
1359 5045 1458 5115 qui
1494 5044 1847 5099 dormierant
1889 5062 2151 5102 surrexe-

518 5149 676 5203 runt.
703 5144 768 5198 Et
793 5145 1062 5196 exeuntes
1102 5139 1171 5193 de
1206 5139 1590 5193 monumentis
1633 5144 1758 5209 post
1797 5141 2156 5197 resurrectio-

519 5257 655 5297 nem
682 5238 823 5309 ejus,
849 5238 1128 5290 venerunt
1151 5232 1210 5286 in
1235 5239 1485 5288 sanctam
1510 5233 1796 5290 civitatem
1823 5277 1836 5303 ,
1878 5240 1934 5290 et
1978 5252 2152 5308 appa-

523 5337 765 5392 ruerunt
794 5328 1004 5384 multis.
1035 5326 1301 5382 Centurio
1327 5332 1538 5396 autem,
1567 5333 1622 5382 et
1641 5329 1737 5399 qui
1761 5346 1890 5384 cum
1912 5347 1978 5385 eo
1998 5336 2159 5384 erant

524 5424 904 5484 custodientes
927 5424 1140 5490 Jesum,
1171 5420 1286 5474 viso
1315 5426 1480 5476 terra:
1508 5428 1669 5476 motu
1700 5428 1754 5476 et
1794 5423 1881 5477 his
1910 5440 2037 5495 quas
2065 5424 2159 5477 ﬁe-

524 5523 679 5589 bant,
729 5518 1050 5573 timuerunt
1091 5515 1271 5584 valde,
1317 5515 1565 5571 dicentes
1603 5533 1616 5570 :
1667 5518 1803 5572 Vere
1850 5517 1946 5572 Dei
1991 5517 2161 5571 Filius

528 5620 649 5671 erat
673 5613 796 5668 iste.
827 5613 893 5666 Et
918 5608 1100 5664 omnis
1131 5608 1298 5663 turba
1326 5626 1548 5676 eorum,
1580 5611 1680 5680 qui
1707 5610 1874 5664 simul
1902 5610 2157 5678 aderant,

528 5713 584 5764 et
610 5706 874 5762 videbant
919 5720 1046 5775 quae
1085 5703 1313 5770 ﬁebant,
1360 5704 1742 5774 percutientes
1787 5710 2011 5774 pectora
2062 5720 2163 5758 sua

599 5841 624 5870 "
665 5839 870 5911 Eadem
899 5838 1037 5890 item
1083 5835 1247 5890 lectio
1279 5837 1354 5890 ad
1391 5838 1557 5892 Sexta
1602 5837 1696 5905 (ita
1739 5839 2074 5911 scribebant)
2104 5840 2162 5897 in

534 5908 885 5967 Luxoviensi.

601 5981 630 6021 ι)
661 5981 784 6033 Haec
814 5977 980 6030 lectio
1009 5977 1201 6030 deerat
1241 5975 1299 6030 in
1339 5976 1538 6032 Codice
1566 5980 1764 6034 mutilo
1805 5981 2158 6038 Luxoviensi.

2229 634 2417 705 longe.
2449 635 2619 689 Erant
2639 635 2790 688 enim
2816 635 2892 688 ibi
2913 639 2969 690 et
2985 636 3250 691 mulieres
3273 638 3489 705 multae,
3514 654 3642 708 quae
3658 643 3882 691 secutae

2230 733 2390 782 erant
2413 727 2600 781 Jesum
2629 745 2661 781 a
2689 729 2911 782 Galilzea
2936 771 2949 798 ,
2999 729 3382 784 ministrantes
3409 731 3456 784 ei
3491 747 3503 783 :
3548 732 3699 785 inter
3729 748 3885 802 quas

2229 827 2349 875 erat
2392 821 2559 875 Maria
2600 822 2947 891 Magdalene,
2995 829 3050 877 et
3091 824 3264 878 Maria
3304 825 3514 893 Jacobi,
3562 830 3619 878 et
3660 825 3880 894 Joseph

2229 919 2429 982 mater,
2463 919 2517 968 et
2549 920 2733 968 mater
2755 915 3001 970 filiorum
3023 917 3301 972 Zebedzei.
3327 919 3507 972 Judaei
3534 935 3694 989 ergo,
3733 935 3883 989 quo-

2229 1011 2384 1065 niam
2412 1029 2706 1082 parasceve
2735 1019 2872 1082 erat,
2920 1020 2983 1069 ut
3027 1032 3140 1069 non
3185 1023 3545 1072 remanerent
3594 1017 3651 1071 in
3701 1033 3883 1072 cruce

2229 1125 2462 1180 corpora
2488 1111 2746 1179 Sabbato,
2777 1117 2897 1167 erat
2923 1113 3074 1166 enim
3096 1131 3336 1185 magnus
3357 1115 3475 1169 dies
3496 1115 3590 1170 ille
3612 1116 3877 1185 Sabbati,

2231 1209 2572 1274 rogaverunt
2602 1205 2863 1275 Pilatum,
2893 1212 2958 1261 ut
2987 1207 3389 1279 frangerentur
3427 1226 3624 1264 eorum
3657 1227 3832 1264 crura
3861 1254 3876 1275 ,

2230 1302 2283 1350 et
2309 1297 2659 1352 tollerentur.
2697 1300 2980 1354 Venerunt
3006 1317 3142 1371 ergo
3181 1303 3407 1368 milites,
3440 1308 3496 1356 et
3535 1304 3708 1373 primi
3737 1305 3876 1374 qui-

2231 1390 2359 1444 dem
2387 1391 2679 1462 fregerunt
2724 1410 2909 1463 crura,
2955 1399 3010 1448 et
3051 1395 3282 1450 alterius
3308 1397 3406 1467 qui
3438 1398 3741 1450 crucifixus
3790 1404 3878 1451 est

2231 1501 2361 1537 cum
2390 1500 2476 1538 eo.
2505 1485 2585 1538 Ad
2611 1487 2800 1540 Jesum
2832 1493 3023 1542 autem
3044 1505 3173 1542 cum
3197 1490 3498 1560 venissent,
3524 1496 3578 1544 et
3599 1491 3876 1545 vidissent

2231 1593 2362 1631 eum
2385 1577 2509 1648 jam
2538 1583 2858 1649 mortuum,
2890 1598 3004 1635 non
3044 1583 3340 1654 fregerunt
3367 1585 3488 1652 ejus
3528 1601 3696 1638 crura
3727 1601 3740 1637 :
3775 1585 3880 1638 sed

2232 1691 2378 1728 unus
2405 1675 2647 1730 militum
2681 1677 2871 1732 lancea
2901 1678 3048 1733 latus
3076 1681 3198 1750 ejus
3225 1681 3467 1751 aperuit,
3498 1686 3554 1735 et
3595 1682 3881 1736 continuo

2231 1774 2404 1828 exivit
2432 1776 2660 1846 sanguis
2681 1782 2734 1830 et
2754 1793 2920 1848 aqua.
2948 1779 3010 1831 Et
3030 1779 3128 1849 qui
3154 1779 3311 1844 vidit,
3336 1779 3722 1833 testimonium
3745 1796 3884 1850 per—

2231 1867 2436 1937 hibuit,
2469 1875 2525 1923 et
2569 1886 2765 1924 verum
2811 1876 2895 1925 est
2939 1871 3060 1941 ejus
3106 1873 3512 1927 testimonium.
3553 1874 3619 1927 Et
3645 1873 3738 1927 ille
3769 1873 3882 1927 scit

2233 1962 2364 2033 quia
2397 1978 2528 2016 vera
2559 1963 2710 2031 dicit,
2740 1968 2804 2018 ut
2829 1969 2884 2018 et
2911 1981 3005 2017 vos
3033 1965 3292 2021 credatis.
3342 1967 3505 2020 Facta
3533 1973 3665 2021 sunt
3711 1968 3880 2021 enim

2232 2055 2354 2109 haec
2399 2061 2460 2110 ut
2503 2057 2789 2127 Scriptura
2833 2057 3177 2128 impleatur:
3211 2060 3281 2114 Os
3327 2061 3446 2130 ejus
3484 2077 3600 2114 non
3639 2061 3881 2114 commi-

2232 2150 2418 2203 nuetis
2457 2166 2523 2204 ex
2569 2167 2653 2205 eo.
2696 2152 2761 2205 Et
2791 2152 3000 2206 iterum
3037 2152 3146 2207 alia
3175 2153 3451 2223 scriptura
3478 2154 3613 2208 dicit
3649 2173 3665 2208 :
3696 2155 3874 2207 Vide-

2232 2243 2376 2297 bunt
2402 2243 2461 2298 in
2487 2261 2658 2315 quem
2683 2246 3104 2300 transtixerunt.
3128 2247 3268 2301 Cum
3299 2263 3422 2300 sero
3446 2253 3634 2302 autem
3657 2247 3882 2302 factum

2234 2341 2398 2402 esset,
2430 2337 2584 2391 venit
2604 2338 2835 2408 quidam
2863 2340 3034 2393 homo
3057 2339 3210 2394 dives
3230 2340 3298 2393 ab
3323 2340 3613 2409 Arimatia,
3637 2341 3881 2395 nomine

2230 2431 2456 2500 Joseph,
2491 2431 2590 2502 qui
2617 2437 2671 2486 et
2700 2431 2815 2502 ipse
2846 2432 3152 2503 discipulus
3179 2438 3298 2488 erat
3324 2435 3474 2488 Jesu.
3515 2435 3611 2488 Hic
3639 2435 3884 2488 accessit

2234 2523 2303 2576 ad
2330 2523 2590 2591 Pilatum,
2622 2529 2676 2578 et
2700 2525 2864 2594 petiit
2889 2542 3092 2596 corpus
3119 2528 3264 2581 Jesu.
3289 2528 3444 2580 Tunc
3470 2527 3678 2580 Pilatus
3695 2526 3882 2598 jussit

2235 2615 2392 2670 reddi
2420 2633 2624 2687 corpus
2674 2617 2814 2688 ejus.
2864 2619 3023 2672 Venit
3050 2625 3242 2673 autem
3285 2625 3341 2674 et
3368 2620 3719 2688 Nicodamus,
3769 2621 3878 2691 qui

2235 2714 2466 2764 venerat
2488 2711 2559 2764 ad
2597 2712 2786 2765 Jesum
2816 2717 2978 2766 nocte
3019 2713 3273 2784 primum
3298 2756 3310 2783 ,
3343 2714 3527 2768 ferens
3555 2714 3878 2769 mixturam

2234 2819 2445 2857 murrae
2489 2809 2545 2858 et
2590 2805 2757 2873 aloes,
2808 2806 2968 2876 quasi
3009 2806 3178 2861 libras
3222 2813 3470 2862 centum.
3519 2812 3880 2878 Acceperunt

2236 2913 2372 2967 ergo
2398 2915 2602 2970 corpus
2621 2900 2771 2967 Jesu,
2799 2904 2853 2953 et
2871 2899 3192 2970 ligaverunt
3217 2917 3349 2956 eum
3376 2901 3563 2956 linteis
3589 2917 3718 2956 cum
3746 2917 3881 2955 aro-

2238 2992 2500 3061 matibus,
2536 2998 2592 3047 et
2618 2999 2931 3064 posuerunt
2955 2993 3099 3048 illud
3126 2995 3184 3048 in
3212 3000 3582 3050 monumento
3616 3012 3782 3063 novo,
3811 2995 3876 3049 in

2237 3101 2351 3156 quo
2379 3087 2640 3141 nondum
2670 3088 2973 3158 quisquam
2995 3089 3211 3159 positus
3232 3095 3372 3143 erat.
3397 3090 3462 3143 Et
3485 3090 3877 3160 adposuerunt

2237 3195 2435 3234 saxum
2466 3197 2740 3252 magnum
2757 3182 2827 3236 ad
2848 3182 3100 3236 hostium
3123 3183 3498 3252 monumenti,
3513 3190 3568 3238 et
3585 3183 3874 3238 abierunt.

2240 3273 2366 3327 Erat
2389 3279 2580 3328 autem
2611 3275 2687 3328 ibi
2716 3275 2887 3330 Maria
2915 3277 3258 3347 Magdalene,
3290 3282 3348 3332 et
3371 3277 3545 3332 altera
3570 3277 3759 3346 Maria,
3792 3293 3875 3332 se-

2237 3366 2432 3422 dentes
2457 3374 2652 3423 contra
2675 3370 3062 3441 sepulchrum.

2762 3510 2906 3560 DIE
2943 3510 3339 3563 SABBATO.

2967 3609 3144 3662 Mane.

2311 3697 2498 3753 Altera
2521 3703 2712 3754 autem
2743 3699 2832 3754 die
2858 3741 2871 3766 ,
2899 3717 3028 3772 qua:
3058 3707 3143 3755 est
3166 3705 3294 3772 post
3332 3703 3675 3758 Parasceven
3701 3746 3716 3773 ,
3747 3721 3880 3759 con-

2241 3797 2519 3846 venerunt
2544 3793 2830 3864 principes
2870 3795 3228 3849 sacerdotum
3255 3799 3312 3850 et
3347 3796 3612 3850 Pharistei
3640 3797 3710 3852 ad
3737 3797 3880 3851 Pila-

2243 3891 2385 3955 tum,
2418 3886 2664 3941 dicentes
2689 3904 2702 3940 :
2735 3887 2988 3959 Domine,
3013 3888 3284 3943 recordati
3311 3905 3528 3958 sumus,
3551 3891 3685 3961 quia
3712 3891 3882 3945 sedu-

2245 3985 2364 4034 ctor
2390 3979 2482 4034 ille
2508 3981 2649 4035 dixit
2671 3981 2856 4036 adhuc
2876 3983 3096 4036 vivens:
3116 3983 3243 4037 Post
3269 3988 3384 4037 tres
3409 3983 3526 4038 dies
3556 4001 3876 4056 resurgam.

2245 4074 2384 4127 Jube
2412 4090 2547 4145 ergo
2577 4076 2840 4130 custodiri
2888 4076 3210 4147 sepulcrum
3260 4093 3438 4148 usque
3486 4077 3544 4131 in
3589 4078 3737 4133 diem
3765 4086 3883 4134 ter-

2245 4168 2410 4236 tium,
2428 4185 2498 4222 ne
2519 4169 2662 4224 forte
2677 4169 2904 4225 veniant
2933 4169 3193 4241 discipuli
3218 4171 3364 4240 ejus,
3388 4176 3444 4225 et
3463 4171 3724 4226 furentur
3743 4191 3876 4229 eum

2248 4262 2406 4316 nobis
2433 4262 2863 4333 dormientibus,
2889 4268 2944 4318 et
2969 4263 3155 4318 dicant
3179 4264 3331 4335 plebi
3364 4281 3376 4318 :
3408 4265 3661 4321 Surrexit
3678 4283 3707 4319 ει
3729 4283 3878 4321 mor-

2248 4357 2388 4426 tuis;
2419 4363 2476 4411 et
2516 4357 2624 4411 erit
2662 4357 2998 4412 novissimus
3037 4375 3196 4412 error
3235 4359 3396 4429 pejor
3421 4359 3618 4429 priori.
3650 4360 3736 4414 Ait
3764 4361 3877 4414 illis

2248 4452 2454 4506 Pilatus
2481 4468 2493 4505 :
2527 4451 2746 4505 Habetis
2767 4452 3102 4521 custodiam,
3130 4452 3226 4520 ite,
3251 4454 3525 4508 custodite
3547 4454 3688 4508 sicut
3706 4454 3874 4509 scitis.

2252 4546 2331 4599 Illi
2359 4551 2549 4599 autem
2575 4545 2845 4599 abeuntes
2867 4545 3200 4600 munierunt
3223 4546 3568 4617 sepulcrum,
3592 4547 3877 4618 signantes

2249 4639 2495 4710 lapidem
2518 4655 2649 4693 cum
2675 4639 3020 4693 custodibus.

2651 4746 2836 4809 Incipit
2862 4746 3033 4810 precis
3072 4745 3137 4796 de
3166 4746 3352 4796 eodem
3377 4747 3480 4796 die.

2327 4836 2572 4891 [nsidiati
2614 4842 2745 4890 sunt
2792 4837 2934 4890 mihi
2975 4837 3281 4892 adversarii
3329 4838 3440 4893 mei
3485 4837 3657 4909 Magis
3683 4837 3876 4910 gratis.

2253 4932 2333 4985 Tu
2375 4932 2538 4986 Pater
2579 4936 2769 4984 sancte
2816 4931 3084 4986 miserere
3110 4975 3124 5001 ,
3174 4937 3230 4986 et
3271 4932 3449 4986 libera
3477 4949 3588 4987 me.
3629 4933 3878 4989 Portatus

2253 5043 2400 5092 sum,
2434 5031 2497 5079 ut
2530 5041 2713 5096 agnus
2756 5024 3044 5094 innocens,
3087 5025 3157 5079 ad
3202 5025 3525 5096 victimam;
3575 5032 3767 5098 captus
3805 5029 3876 5084 ab

2255 5119 2516 5188 inimicis,
2546 5125 2610 5174 ut
2632 5119 2747 5173 avis
2774 5119 2833 5172 in
2860 5119 3188 5190 muscipola.
3217 5120 3363 5190 Mag.
3399 5133 3440 5174 ο.

2325 5218 2685 5284 Aperuerunt
2710 5229 2905 5268 omnes
2933 5230 3030 5266 ora
3076 5230 3176 5268 sua
3218 5221 3413 5268 contra
3457 5231 3550 5268 me
3581 5231 3594 5268 :
3631 5214 3881 5270 dentibus

2256 5309 2630 5376 fremuerunt,
2661 5312 2982 5379 quaerentes
3009 5307 3290 5379 deglutire
3321 5324 3434 5362 me.
3463 5308 3753 5363 Sibilantes
3775 5310 3879 5364 cla-

2243 5403 2509 5478 ‘mabant,
2541 5407 2597 5456 et
2635 5401 2936 5456 movebant
2979 5401 3190 5472 capita,
3221 5407 3522 5458 tractantes
3549 5403 3618 5457 de
3649 5418 3735 5457 me
3760 5419 3882 5474 pro-

2259 5498 2407 5552 ferre
2433 5496 2637 5550 falsum
2666 5495 3075 5550 testimonium.
3099 5497 3242 5568 Mag.

2332 5611 2680 5681 Suspensum
2714 5625 2880 5664 cruce
2924 5610 3195 5664 damnant
3240 5609 3418 5664 ﬁxum
3468 5608 3634 5664 clavis
3674 5607 3877 5676 ferreis,

2259 5705 2556 5760 venditum
2581 5721 2614 5758 a
2637 5703 2841 5759 Judasis
2861 5709 3096 5775 prOpter
3120 5704 3352 5776 triginta
3378 5708 3695 5775 argenteos.
3731 5703 3785 5757 ln
3809 5704 3880 5757 la-

2335 5863 2364 5898 c
2405 5841 2680 5912 Repetitio
2710 5844 2790 5894 est
2834 5837 3093 5894 versiculi
3138 5839 3339 5912 primi,
3371 5841 3556 5912 Magia:
3593 5841 3784 5912 gratis,
3827 5847 3878 5895 tu

2268 5909 2649 6038 Patertisﬁincte,
2679 5918 2808 5979 etc.,
2837 5927 2967 5982 quae
2995 5909 3258 5981 repetitio
3287 5910 3500 5982 pluries
3526 5909 3591 5964 ﬁt
3621 5909 3678 5964 in
3701 5926 3880 5968 conse-

2263 5998 2416 6056 quen
2503 5999 2585 6038 us.
