  <div class='ocr_page' id='page_1' title='image "/cluster/home/n/w/nwhite01/storage/ocr_20150623/72/uva.x000827084/350.png"; bbox 0 0 4006 6228; ppageno 0'>
   <div class='ocr_carea' id='block_1_1' title="bbox 125 423 3001 487">
    <p class='ocr_par' dir='ltr' id='par_1_1' title="bbox 125 423 3001 487">
     <span class='ocr_line' id='line_1_1' title="bbox 125 423 3001 487; baseline 0.001 -5"><span class='ocrx_word' id='word_1_1' title='bbox 125 429 212 482; x_wconf 70' lang='lat' dir='ltr'>i9?</span> <span class='ocrx_word' id='word_1_2' title='bbox 616 423 1228 482; x_wconf 76' lang='lat' dir='ltr'>SACRAMENTARIUM</span> <span class='ocrx_word' id='word_1_3' title='bbox 1267 427 1712 482; x_wconf 74' lang='lat' dir='ltr'>GALLICANUM.</span> <span class='ocrx_word' id='word_1_4' title='bbox 1756 454 1824 465; x_wconf 84' lang='lat'>-—</span> <span class='ocrx_word' id='word_1_5' title='bbox 1867 426 2231 483; x_wconf 76' lang='lat' dir='ltr'>LECTIUNES</span> <span class='ocrx_word' id='word_1_6' title='bbox 2269 429 2357 484; x_wconf 81' lang='lat' dir='ltr'>DE</span> <span class='ocrx_word' id='word_1_7' title='bbox 2395 431 2707 487; x_wconf 70' lang='lat' dir='ltr'>ADVENTL’</span> <span class='ocrx_word' id='word_1_8' title='bbox 2748 427 3001 487; x_wconf 81' lang='lat' dir='ltr'>DOMINI.</span> 
     </span>
    </p>
   </div>
   <div class='ocr_carea' id='block_1_2' title="bbox 3396 427 3496 487">
    <p class='ocr_par' dir='ltr' id='par_1_2' title="bbox 3396 427 3496 487">
     <span class='ocr_line' id='line_1_2' title="bbox 3396 427 3496 487; baseline 0.03 -3"><span class='ocrx_word' id='word_1_9' title='bbox 3396 427 3496 487; x_wconf 63' lang='grc'>498</span> 
     </span>
    </p>
   </div>
   <div class='ocr_carea' id='block_1_3' title="bbox 119 535 3501 624">
    <p class='ocr_par' dir='ltr' id='par_1_3' title="bbox 119 535 3501 624">
     <span class='ocr_line' id='line_1_3' title="bbox 119 535 3501 624; baseline 0.001 -29"><span class='ocrx_word' id='word_1_10' title='bbox 119 545 228 595; x_wconf 81' lang='lat' dir='ltr'>tere</span> <span class='ocrx_word' id='word_1_11' title='bbox 255 535 534 592; x_wconf 85' lang='lat' dir='ltr'>confusus</span> <span class='ocrx_word' id='word_1_12' title='bbox 564 537 748 610; x_wconf 88' lang='lat' dir='ltr'>gladio</span> <span class='ocrx_word' id='word_1_13' title='bbox 787 536 1097 594; x_wconf 80' lang='lat' dir='ltr'>honorifico</span> <span class='ocrx_word' id='word_1_14' title='bbox 1119 550 1164 608; x_wconf 77' lang='grc' dir='ltr'>ι,</span> <span class='ocrx_word' id='word_1_15' title='bbox 1196 538 1308 595; x_wconf 91' lang='lat' dir='ltr'>illic</span> <span class='ocrx_word' id='word_1_16' title='bbox 1339 539 1573 595; x_wconf 82' lang='lat' dir='ltr'>confluit</span> <span class='ocrx_word' id='word_1_17' title='bbox 1617 557 1762 613; x_wconf 89' lang='lat' dir='ltr'>aqua</span> <span class='ocrx_word' id='word_1_18' title='bbox 1784 550 1843 624; x_wconf 79' lang='grc' dir='ltr'><strong>Α</strong></span> <span class='ocrx_word' id='word_1_19' title='bbox 1863 541 1921 596; x_wconf 90' lang='lat' dir='ltr'>in</span> <span class='ocrx_word' id='word_1_20' title='bbox 1948 547 2165 598; x_wconf 88' lang='lat' dir='ltr'>sanctos</span> <span class='ocrx_word' id='word_1_21' title='bbox 2195 548 2250 599; x_wconf 93' lang='lat' dir='ltr'>et</span> <span class='ocrx_word' id='word_1_22' title='bbox 2276 544 2446 615; x_wconf 85' lang='lat' dir='ltr'>hujus</span> <span class='ocrx_word' id='word_1_23' title='bbox 2475 546 2667 601; x_wconf 78' lang='lat' dir='ltr'>saeculi</span> <span class='ocrx_word' id='word_1_24' title='bbox 2694 563 2970 618; x_wconf 84' lang='lat' dir='ltr'>pauperes</span> <span class='ocrx_word' id='word_1_25' title='bbox 2995 544 3171 602; x_wconf 76' lang='lat' dir='ltr'>effusa</span> <span class='ocrx_word' id='word_1_26' title='bbox 3196 545 3420 618; x_wconf 81' lang='lat' dir='ltr'>largitio</span> <span class='ocrx_word' id='word_1_27' title='bbox 3438 544 3501 600; x_wconf 89' lang='lat' dir='ltr'>in</span> 
     </span>
    </p>
   </div>
   <div class='ocr_carea' id='block_1_4' title="bbox 118 626 974 700">
    <p class='ocr_par' dir='ltr' id='par_1_4' title="bbox 118 626 974 700">
     <span class='ocr_line' id='line_1_4' title="bbox 118 626 974 700; baseline -0.002 -14"><span class='ocrx_word' id='word_1_28' title='bbox 118 645 241 686; x_wconf 88' lang='lat' dir='ltr'>cum</span> <span class='ocrx_word' id='word_1_29' title='bbox 266 626 560 700; x_wconf 81' lang='lat' dir='ltr'>sanguine</span> <span class='ocrx_word' id='word_1_30' title='bbox 585 627 798 682; x_wconf 82' lang='lat' dir='ltr'>inoxio.</span> <span class='ocrx_word' id='word_1_31' title='bbox 829 629 974 699; x_wconf 85' lang='lat' dir='ltr'>Mag.</span> 
     </span>
    </p>
   </div>
   <div class='ocr_carea' id='block_1_5' title="bbox 185 722 1759 795">
    <p class='ocr_par' dir='ltr' id='par_1_5' title="bbox 185 722 1759 795">
     <span class='ocr_line' id='line_1_5' title="bbox 185 722 1759 795; baseline 0.002 -17"><span class='ocrx_word' id='word_1_32' title='bbox 185 723 396 778; x_wconf 86' lang='lat' dir='ltr'>Omnes</span> <span class='ocrx_word' id='word_1_33' title='bbox 425 722 855 777; x_wconf 88' lang='lat' dir='ltr'>inundaverunt</span> <span class='ocrx_word' id='word_1_34' title='bbox 881 723 1025 778; x_wconf 88' lang='lat' dir='ltr'>sicut</span> <span class='ocrx_word' id='word_1_35' title='bbox 1058 739 1205 795; x_wconf 91' lang='lat' dir='ltr'>aqua</span> <span class='ocrx_word' id='word_1_36' title='bbox 1230 741 1399 795; x_wconf 86' lang='lat' dir='ltr'>super</span> <span class='ocrx_word' id='word_1_37' title='bbox 1427 740 1519 780; x_wconf 87' lang='lat' dir='ltr'>me</span> <span class='ocrx_word' id='word_1_38' title='bbox 1546 725 1759 781; x_wconf 89' lang='lat' dir='ltr'>dimer-</span> 
     </span>
    </p>
   </div>
   <div class='ocr_carea' id='block_1_6' title="bbox 120 816 1593 890">
    <p class='ocr_par' dir='ltr' id='par_1_6' title="bbox 120 816 1593 890">
     <span class='ocr_line' id='line_1_6' title="bbox 120 816 1593 890; baseline 0.002 -19"><span class='ocrx_word' id='word_1_39' title='bbox 120 833 237 874; x_wconf 87' lang='lat' dir='ltr'>sum</span> <span class='ocrx_word' id='word_1_40' title='bbox 262 817 321 871; x_wconf 91' lang='lat' dir='ltr'>in</span> <span class='ocrx_word' id='word_1_41' title='bbox 351 817 708 888; x_wconf 83' lang='lat' dir='ltr'>sepulcrum,</span> <span class='ocrx_word' id='word_1_42' title='bbox 740 816 1123 887; x_wconf 82' lang='lat' dir='ltr'>adposuerunt</span> <span class='ocrx_word' id='word_1_43' title='bbox 1146 817 1414 888; x_wconf 88' lang='lat' dir='ltr'>lapidem.</span> <span class='ocrx_word' id='word_1_44' title='bbox 1449 820 1593 890; x_wconf 86' lang='lat' dir='ltr'>Mag.</span> 
     </span>
    </p>
   </div>
   <div class='ocr_carea' id='block_1_7' title="bbox 187 910 1762 985">
    <p class='ocr_par' dir='ltr' id='par_1_7' title="bbox 187 910 1762 985">
     <span class='ocr_line' id='line_1_7' title="bbox 187 910 1762 985; baseline 0.001 -19"><span class='ocrx_word' id='word_1_45' title='bbox 187 911 441 977; x_wconf 89' lang='lat' dir='ltr'>Intende,</span> <span class='ocrx_word' id='word_1_46' title='bbox 474 910 572 982; x_wconf 89' lang='lat' dir='ltr'>pie</span> <span class='ocrx_word' id='word_1_47' title='bbox 599 911 784 979; x_wconf 89' lang='lat' dir='ltr'>Pater,</span> <span class='ocrx_word' id='word_1_48' title='bbox 808 914 864 965; x_wconf 87' lang='lat' dir='ltr'>et</span> <span class='ocrx_word' id='word_1_49' title='bbox 888 927 1149 966; x_wconf 84' lang='lat' dir='ltr'>succurre</span> <span class='ocrx_word' id='word_1_50' title='bbox 1170 911 1407 978; x_wconf 86' lang='lat' dir='ltr'>miseris,</span> <span class='ocrx_word' id='word_1_51' title='bbox 1429 929 1534 984; x_wconf 95' lang='lat' dir='ltr'>pro</span> <span class='ocrx_word' id='word_1_52' title='bbox 1555 913 1762 985; x_wconf 86' lang='lat' dir='ltr'>quibus</span> 
     </span>
    </p>
   </div>
   <div class='ocr_carea' id='block_1_8' title="bbox 127 1004 1764 1077">
    <p class='ocr_par' dir='ltr' id='par_1_8' title="bbox 127 1004 1764 1077">
     <span class='ocr_line' id='line_1_8' title="bbox 127 1004 1764 1077; baseline 0.001 -17"><span class='ocrx_word' id='word_1_53' title='bbox 127 1011 233 1060; x_wconf 84' lang='lat' dir='ltr'>tam</span> <span class='ocrx_word' id='word_1_54' title='bbox 265 1006 292 1046; x_wconf 70' lang='grc' dir='ltr'>δ</span> <span class='ocrx_word' id='word_1_55' title='bbox 314 1004 543 1058; x_wconf 81' lang='lat' dir='ltr'>acerbis</span> <span class='ocrx_word' id='word_1_56' title='bbox 567 1004 809 1076; x_wconf 87' lang='lat' dir='ltr'>adﬂigor</span> <span class='ocrx_word' id='word_1_57' title='bbox 837 1004 1148 1076; x_wconf 87' lang='lat' dir='ltr'>suppliciis.</span> <span class='ocrx_word' id='word_1_58' title='bbox 1176 1005 1347 1076; x_wconf 84' lang='lat' dir='ltr'>Magis</span> <span class='ocrx_word' id='word_1_59' title='bbox 1375 1006 1548 1077; x_wconf 81' lang='lat' dir='ltr'>gratis</span> <span class='ocrx_word' id='word_1_60' title='bbox 1575 1012 1638 1062; x_wconf 92' lang='lat' dir='ltr'>tu</span> <span class='ocrx_word' id='word_1_61' title='bbox 1666 1008 1764 1062; x_wconf 89' lang='lat' dir='ltr'>Pa-</span> 
     </span>
    </p>
   </div>
   <div class='ocr_carea' id='block_1_9' title="bbox 123 1101 614 1155">
    <p class='ocr_par' dir='ltr' id='par_1_9' title="bbox 123 1101 614 1155">
     <span class='ocr_line' id='line_1_9' title="bbox 123 1101 614 1155; baseline -0.006 0"><span class='ocrx_word' id='word_1_62' title='bbox 123 1105 202 1155; x_wconf 84' lang='lat' dir='ltr'>ter</span> <span class='ocrx_word' id='word_1_63' title='bbox 231 1103 421 1154; x_wconf 86' lang='lat' dir='ltr'>sancte</span> <span class='ocrx_word' id='word_1_64' title='bbox 451 1115 536 1152; x_wconf 89' lang='lat' dir='ltr'>m.</span> <span class='ocrx_word' id='word_1_65' title='bbox 573 1101 614 1152; x_wconf 95' lang='lat' dir='ltr'>l.</span> 
     </span>
    </p>
   </div>
   <div class='ocr_carea' id='block_1_10' title="bbox 605 1195 1287 1246">
    <p class='ocr_par' dir='ltr' id='par_1_10' title="bbox 605 1195 1287 1246">
     <span class='ocr_line' id='line_1_10' title="bbox 605 1195 1287 1246; baseline 0 -1"><span class='ocrx_word' id='word_1_66' title='bbox 605 1197 732 1246; x_wconf 90' lang='lat' dir='ltr'>Item</span> <span class='ocrx_word' id='word_1_67' title='bbox 763 1196 862 1245; x_wconf 87' lang='lat' dir='ltr'>alia</span> <span class='ocrx_word' id='word_1_68' title='bbox 881 1196 944 1246; x_wconf 89' lang='lat' dir='ltr'>de</span> <span class='ocrx_word' id='word_1_69' title='bbox 973 1195 1157 1246; x_wconf 88' lang='lat' dir='ltr'>eadem</span> <span class='ocrx_word' id='word_1_70' title='bbox 1184 1196 1287 1246; x_wconf 88' lang='lat' dir='ltr'>die.</span> 
     </span>
    </p>
   </div>
   <div class='ocr_carea' id='block_1_11' title="bbox 189 1281 1768 1355">
    <p class='ocr_par' dir='ltr' id='par_1_11' title="bbox 189 1281 1768 1355">
     <span class='ocr_line' id='line_1_11' title="bbox 189 1281 1768 1355; baseline 0.003 -20"><span class='ocrx_word' id='word_1_71' title='bbox 189 1281 341 1348; x_wconf 88' lang='lat' dir='ltr'>Vide,</span> <span class='ocrx_word' id='word_1_72' title='bbox 372 1281 642 1349; x_wconf 86' lang='lat' dir='ltr'>Domine,</span> <span class='ocrx_word' id='word_1_73' title='bbox 669 1281 1052 1336; x_wconf 86' lang='lat' dir='ltr'>humilitatem</span> <span class='ocrx_word' id='word_1_74' title='bbox 1076 1300 1260 1338; x_wconf 89' lang='lat' dir='ltr'>meam</span> <span class='ocrx_word' id='word_1_75' title='bbox 1286 1283 1418 1355; x_wconf 87' lang='lat' dir='ltr'>quia</span> <span class='ocrx_word' id='word_1_76' title='bbox 1443 1287 1663 1339; x_wconf 90' lang='lat' dir='ltr'>erectus</span> <span class='ocrx_word' id='word_1_77' title='bbox 1684 1289 1768 1340; x_wconf 90' lang='lat' dir='ltr'>est</span> 
     </span>
    </p>
   </div>
   <div class='ocr_carea' id='block_1_12' title="bbox 121 1376 1763 1446">
    <p class='ocr_par' dir='ltr' id='par_1_12' title="bbox 121 1376 1763 1446">
     <span class='ocr_line' id='line_1_12' title="bbox 121 1376 1763 1446; baseline 0 -14"><span class='ocrx_word' id='word_1_78' title='bbox 121 1376 398 1432; x_wconf 87' lang='lat' dir='ltr'>inimicus.</span> <span class='ocrx_word' id='word_1_79' title='bbox 434 1376 720 1442; x_wconf 82' lang='lat' dir='ltr'>Miserere,</span> <span class='ocrx_word' id='word_1_80' title='bbox 751 1377 914 1431; x_wconf 88' lang='lat' dir='ltr'>Pater</span> <span class='ocrx_word' id='word_1_81' title='bbox 948 1377 1123 1446; x_wconf 89' lang='lat' dir='ltr'>juste,</span> <span class='ocrx_word' id='word_1_82' title='bbox 1167 1381 1223 1432; x_wconf 91' lang='lat' dir='ltr'>et</span> <span class='ocrx_word' id='word_1_83' title='bbox 1270 1377 1535 1432; x_wconf 90' lang='lat' dir='ltr'>omnibus</span> <span class='ocrx_word' id='word_1_84' title='bbox 1575 1378 1763 1433; x_wconf 91' lang='lat' dir='ltr'>indul-</span> 
     </span>
    </p>
   </div>
   <div class='ocr_carea' id='block_1_13' title="bbox 126 1469 572 1542">
    <p class='ocr_par' dir='ltr' id='par_1_13' title="bbox 126 1469 572 1542">
     <span class='ocr_line' id='line_1_13' title="bbox 126 1469 572 1542; baseline -0.002 -17"><span class='ocrx_word' id='word_1_85' title='bbox 126 1470 366 1542; x_wconf 81' lang='lat' dir='ltr'>gentiam</span> <span class='ocrx_word' id='word_1_86' title='bbox 396 1469 572 1524; x_wconf 91' lang='lat' dir='ltr'>dona.</span> 
     </span>
    </p>
   </div>
   <div class='ocr_carea' id='block_1_14' title="bbox 187 1564 1767 1636">
    <p class='ocr_par' dir='ltr' id='par_1_14' title="bbox 187 1564 1767 1636">
     <span class='ocr_line' id='line_1_14' title="bbox 187 1564 1767 1636; baseline 0.001 -18"><span class='ocrx_word' id='word_1_87' title='bbox 187 1568 227 1618; x_wconf 81' lang='grc' dir='ltr'><strong>Α</strong></span> <span class='ocrx_word' id='word_1_88' title='bbox 253 1565 420 1618; x_wconf 85' lang='lat' dir='ltr'>Patre</span> <span class='ocrx_word' id='word_1_89' title='bbox 455 1564 663 1618; x_wconf 90' lang='lat' dir='ltr'>missus</span> <span class='ocrx_word' id='word_1_90' title='bbox 692 1564 817 1618; x_wconf 83' lang='lat' dir='ltr'>veni</span> <span class='ocrx_word' id='word_1_91' title='bbox 857 1564 1106 1635; x_wconf 89' lang='lat' dir='ltr'>perditos</span> <span class='ocrx_word' id='word_1_92' title='bbox 1131 1565 1421 1636; x_wconf 87' lang='lat' dir='ltr'>requirere</span> <span class='ocrx_word' id='word_1_93' title='bbox 1447 1607 1460 1633; x_wconf 94' lang='lat'>,</span> <span class='ocrx_word' id='word_1_94' title='bbox 1508 1570 1564 1620; x_wconf 89' lang='lat' dir='ltr'>et</span> <span class='ocrx_word' id='word_1_95' title='bbox 1608 1565 1767 1620; x_wconf 88' lang='lat' dir='ltr'>hoste</span> 
     </span>
    </p>
   </div>
   <div class='ocr_carea' id='block_1_15' title="bbox 121 1657 1763 1730">
    <p class='ocr_par' dir='ltr' id='par_1_15' title="bbox 121 1657 1763 1730">
     <span class='ocr_line' id='line_1_15' title="bbox 121 1657 1763 1730; baseline 0.001 -18"><span class='ocrx_word' id='word_1_96' title='bbox 121 1658 423 1728; x_wconf 86' lang='lat' dir='ltr'>captivatos</span> <span class='ocrx_word' id='word_1_97' title='bbox 446 1657 726 1729; x_wconf 83' lang='lat' dir='ltr'>sanguine</span> <span class='ocrx_word' id='word_1_98' title='bbox 751 1658 1046 1713; x_wconf 87' lang='lat' dir='ltr'>redimere.</span> <span class='ocrx_word' id='word_1_99' title='bbox 1081 1657 1240 1713; x_wconf 88' lang='lat' dir='ltr'>Plebs</span> <span class='ocrx_word' id='word_1_100' title='bbox 1271 1659 1391 1714; x_wconf 90' lang='lat' dir='ltr'>dira</span> <span class='ocrx_word' id='word_1_101' title='bbox 1418 1658 1624 1730; x_wconf 82' lang='lat' dir='ltr'>abjecit</span> <span class='ocrx_word' id='word_1_102' title='bbox 1651 1676 1763 1714; x_wconf 89' lang='lat' dir='ltr'>me.</span> 
     </span>
    </p>
   </div>
   <div class='ocr_carea' id='block_1_16' title="bbox 123 1751 801 1823">
    <p class='ocr_par' dir='ltr' id='par_1_16' title="bbox 123 1751 801 1823">
     <span class='ocr_line' id='line_1_16' title="bbox 123 1751 801 1823; baseline 0 -17"><span class='ocrx_word' id='word_1_103' title='bbox 123 1751 396 1818; x_wconf 77' lang='lat' dir='ltr'>Miserere,</span> <span class='ocrx_word' id='word_1_104' title='bbox 431 1753 602 1806; x_wconf 89' lang='lat' dir='ltr'>Pater</span> <span class='ocrx_word' id='word_1_105' title='bbox 626 1752 801 1823; x_wconf 89' lang='lat' dir='ltr'>juste.</span> 
     </span>
    </p>
   </div>
   <div class='ocr_carea' id='block_1_17' title="bbox 194 1845 1768 1918">
    <p class='ocr_par' dir='ltr' id='par_1_17' title="bbox 194 1845 1768 1918">
     <span class='ocr_line' id='line_1_17' title="bbox 194 1845 1768 1918; baseline 0.001 -18"><span class='ocrx_word' id='word_1_106' title='bbox 194 1845 507 1900; x_wconf 66' lang='lat' dir='ltr'>Prtedictus</span> <span class='ocrx_word' id='word_1_107' title='bbox 536 1863 568 1899; x_wconf 89' lang='lat' dir='ltr'>a</span> <span class='ocrx_word' id='word_1_108' title='bbox 594 1845 888 1917; x_wconf 87' lang='lat' dir='ltr'>prophetis</span> <span class='ocrx_word' id='word_1_109' title='bbox 913 1851 1078 1900; x_wconf 89' lang='lat' dir='ltr'>natus</span> <span class='ocrx_word' id='word_1_110' title='bbox 1104 1861 1232 1899; x_wconf 89' lang='lat' dir='ltr'>sum</span> <span class='ocrx_word' id='word_1_111' title='bbox 1259 1863 1328 1901; x_wconf 91' lang='lat' dir='ltr'>ex</span> <span class='ocrx_word' id='word_1_112' title='bbox 1358 1846 1591 1918; x_wconf 87' lang='lat' dir='ltr'>Virgine</span> <span class='ocrx_word' id='word_1_113' title='bbox 1621 1863 1634 1901; x_wconf 87' lang='lat'><strong>:</strong></span> <span class='ocrx_word' id='word_1_114' title='bbox 1666 1847 1768 1902; x_wconf 85' lang='lat' dir='ltr'>ad-</span> 
     </span>
    </p>
   </div>
   <div class='ocr_carea' id='block_1_18' title="bbox 130 1924 1847 2012">
    <p class='ocr_par' dir='ltr' id='par_1_18' title="bbox 130 1924 1847 2012">
     <span class='ocr_line' id='line_1_18' title="bbox 130 1924 1847 2012; baseline 0.002 -20"><span class='ocrx_word' id='word_1_115' title='bbox 130 1939 336 2010; x_wconf 88' lang='lat' dir='ltr'>sumpsi</span> <span class='ocrx_word' id='word_1_116' title='bbox 367 1940 617 1994; x_wconf 89' lang='lat' dir='ltr'>formam</span> <span class='ocrx_word' id='word_1_117' title='bbox 653 1939 796 1995; x_wconf 83' lang='lat' dir='ltr'>servi</span> <span class='ocrx_word' id='word_1_118' title='bbox 831 1939 1111 2012; x_wconf 89' lang='lat' dir='ltr'>dispersos</span> <span class='ocrx_word' id='word_1_119' title='bbox 1152 1940 1450 2012; x_wconf 83' lang='lat' dir='ltr'>colligere;</span> <span class='ocrx_word' id='word_1_120' title='bbox 1498 1943 1768 1996; x_wconf 84' lang='lat' dir='ltr'>venantes</span> <span class='ocrx_word' id='word_1_121' title='bbox 1790 1924 1847 1996; x_wconf 88' lang='grc' dir='ltr'><strong>Β</strong></span> 
     </span>
    </p>
   </div>
   <div class='ocr_carea' id='block_1_19' title="bbox 133 2038 546 2104">
    <p class='ocr_par' dir='ltr' id='par_1_19' title="bbox 133 2038 546 2104">
     <span class='ocr_line' id='line_1_19' title="bbox 133 2038 546 2104; baseline 0.002 -17"><span class='ocrx_word' id='word_1_122' title='bbox 133 2038 401 2104; x_wconf 89' lang='lat' dir='ltr'>ceperunt</span> <span class='ocrx_word' id='word_1_123' title='bbox 427 2050 546 2088; x_wconf 88' lang='lat' dir='ltr'>me.</span> 
     </span>
    </p>
   </div>
   <div class='ocr_carea' id='block_1_20' title="bbox 193 2126 1770 2200">
    <p class='ocr_par' dir='ltr' id='par_1_20' title="bbox 193 2126 1770 2200">
     <span class='ocr_line' id='line_1_20' title="bbox 193 2126 1770 2200; baseline 0.003 -20"><span class='ocrx_word' id='word_1_124' title='bbox 193 2126 326 2180; x_wconf 86' lang='lat' dir='ltr'>Mihi</span> <span class='ocrx_word' id='word_1_125' title='bbox 355 2143 462 2198; x_wconf 92' lang='lat' dir='ltr'>pro</span> <span class='ocrx_word' id='word_1_126' title='bbox 492 2127 662 2182; x_wconf 88' lang='lat' dir='ltr'>bonis</span> <span class='ocrx_word' id='word_1_127' title='bbox 689 2127 838 2182; x_wconf 88' lang='lat' dir='ltr'>mala</span> <span class='ocrx_word' id='word_1_128' title='bbox 867 2127 1084 2182; x_wconf 88' lang='lat' dir='ltr'>reddita</span> <span class='ocrx_word' id='word_1_129' title='bbox 1112 2132 1243 2183; x_wconf 88' lang='lat' dir='ltr'>sunt</span> <span class='ocrx_word' id='word_1_130' title='bbox 1267 2129 1517 2200; x_wconf 89' lang='lat' dir='ltr'>plurima</span> <span class='ocrx_word' id='word_1_131' title='bbox 1542 2145 1554 2182; x_wconf 91' lang='lat'><strong>:</strong></span> <span class='ocrx_word' id='word_1_132' title='bbox 1577 2129 1770 2184; x_wconf 87' lang='lat' dir='ltr'>adver-</span> 
     </span>
    </p>
   </div>
   <div class='ocr_carea' id='block_1_21' title="bbox 131 2221 1764 2294">
    <p class='ocr_par' dir='ltr' id='par_1_21' title="bbox 131 2221 1764 2294">
     <span class='ocr_line' id='line_1_21' title="bbox 131 2221 1764 2294; baseline 0.002 -20"><span class='ocrx_word' id='word_1_133' title='bbox 131 2239 216 2275; x_wconf 90' lang='lat' dir='ltr'>sus</span> <span class='ocrx_word' id='word_1_134' title='bbox 244 2237 332 2275; x_wconf 90' lang='lat' dir='ltr'>me</span> <span class='ocrx_word' id='word_1_135' title='bbox 362 2221 565 2292; x_wconf 89' lang='lat' dir='ltr'>iniqua</span> <span class='ocrx_word' id='word_1_136' title='bbox 596 2221 874 2276; x_wconf 90' lang='lat' dir='ltr'>dederunt</span> <span class='ocrx_word' id='word_1_137' title='bbox 909 2221 1141 2275; x_wconf 91' lang='lat' dir='ltr'>consilia</span> <span class='ocrx_word' id='word_1_138' title='bbox 1161 2264 1174 2287; x_wconf 96' lang='lat'>,</span> <span class='ocrx_word' id='word_1_139' title='bbox 1206 2222 1466 2276; x_wconf 88' lang='lat' dir='ltr'>venditus</span> <span class='ocrx_word' id='word_1_140' title='bbox 1506 2223 1764 2294; x_wconf 90' lang='lat' dir='ltr'>pecunia.</span> 
     </span>
    </p>
   </div>
   <div class='ocr_carea' id='block_1_22' title="bbox 198 2315 1766 2388">
    <p class='ocr_par' dir='ltr' id='par_1_22' title="bbox 198 2315 1766 2388">
     <span class='ocr_line' id='line_1_22' title="bbox 198 2315 1766 2388; baseline 0.001 -19"><span class='ocrx_word' id='word_1_141' title='bbox 198 2315 465 2386; x_wconf 88' lang='lat' dir='ltr'>Spineam</span> <span class='ocrx_word' id='word_1_142' title='bbox 499 2332 768 2369; x_wconf 83' lang='lat' dir='ltr'>coronam</span> <span class='ocrx_word' id='word_1_143' title='bbox 807 2319 1120 2386; x_wconf 91' lang='lat' dir='ltr'>posuerunt</span> <span class='ocrx_word' id='word_1_144' title='bbox 1145 2316 1333 2386; x_wconf 88' lang='lat' dir='ltr'>capiti,</span> <span class='ocrx_word' id='word_1_145' title='bbox 1364 2317 1541 2388; x_wconf 89' lang='lat' dir='ltr'>sputis</span> <span class='ocrx_word' id='word_1_146' title='bbox 1585 2315 1766 2370; x_wconf 89' lang='lat' dir='ltr'>sordi-</span> 
     </span>
    </p>
   </div>
   <div class='ocr_carea' id='block_1_23' title="bbox 137 2409 1563 2480">
    <p class='ocr_par' dir='ltr' id='par_1_23' title="bbox 137 2409 1563 2480">
     <span class='ocr_line' id='line_1_23' title="bbox 137 2409 1563 2480; baseline 0 -16"><span class='ocrx_word' id='word_1_147' title='bbox 137 2411 318 2464; x_wconf 86' lang='lat' dir='ltr'>datum</span> <span class='ocrx_word' id='word_1_148' title='bbox 344 2409 674 2464; x_wconf 90' lang='lat' dir='ltr'>inluserunt</span> <span class='ocrx_word' id='word_1_149' title='bbox 701 2409 893 2480; x_wconf 88' lang='lat' dir='ltr'>impie,</span> <span class='ocrx_word' id='word_1_150' title='bbox 926 2409 1214 2464; x_wconf 84' lang='lat' dir='ltr'>adﬂictum</span> <span class='ocrx_word' id='word_1_151' title='bbox 1243 2410 1563 2465; x_wconf 86' lang='lat' dir='ltr'>crudeliter.</span> 
     </span>
    </p>
   </div>
   <div class='ocr_carea' id='block_1_24' title="bbox 193 2503 1767 2576">
    <p class='ocr_par' dir='ltr' id='par_1_24' title="bbox 193 2503 1767 2576">
     <span class='ocr_line' id='line_1_24' title="bbox 193 2503 1767 2576; baseline 0.001 -18"><span class='ocrx_word' id='word_1_152' title='bbox 193 2503 332 2558; x_wconf 88' lang='lat' dir='ltr'>Cum</span> <span class='ocrx_word' id='word_1_153' title='bbox 357 2503 548 2557; x_wconf 90' lang='lat' dir='ltr'>noxiis</span> <span class='ocrx_word' id='word_1_154' title='bbox 573 2503 883 2558; x_wconf 88' lang='lat' dir='ltr'>latronibus</span> <span class='ocrx_word' id='word_1_155' title='bbox 921 2520 1222 2574; x_wconf 89' lang='lat' dir='ltr'>suspensus</span> <span class='ocrx_word' id='word_1_156' title='bbox 1261 2504 1544 2576; x_wconf 90' lang='lat' dir='ltr'>patibulo,</span> <span class='ocrx_word' id='word_1_157' title='bbox 1575 2521 1767 2559; x_wconf 91' lang='lat' dir='ltr'>amaro</span> 
     </span>
    </p>
   </div>
   <div class='ocr_carea' id='block_1_25' title="bbox 138 2596 1634 2670">
    <p class='ocr_par' dir='ltr' id='par_1_25' title="bbox 138 2596 1634 2670">
     <span class='ocr_line' id='line_1_25' title="bbox 138 2596 1634 2670; baseline 0.001 -20"><span class='ocrx_word' id='word_1_158' title='bbox 138 2596 250 2652; x_wconf 90' lang='lat' dir='ltr'>cibo</span> <span class='ocrx_word' id='word_1_159' title='bbox 276 2603 471 2668; x_wconf 90' lang='lat' dir='ltr'>pastus</span> <span class='ocrx_word' id='word_1_160' title='bbox 499 2603 559 2652; x_wconf 92' lang='lat' dir='ltr'>et</span> <span class='ocrx_word' id='word_1_161' title='bbox 586 2597 786 2652; x_wconf 90' lang='lat' dir='ltr'>acerbo</span> <span class='ocrx_word' id='word_1_162' title='bbox 812 2598 1036 2668; x_wconf 90' lang='lat' dir='ltr'>poculo,</span> <span class='ocrx_word' id='word_1_163' title='bbox 1065 2598 1304 2653; x_wconf 91' lang='lat' dir='ltr'>traditus</span> <span class='ocrx_word' id='word_1_164' title='bbox 1329 2598 1634 2670; x_wconf 88' lang='lat' dir='ltr'>suppliciis.</span> 
     </span>
    </p>
   </div>
   <div class='ocr_carea' id='block_1_26' title="bbox 198 2691 1763 2764">
    <p class='ocr_par' dir='ltr' id='par_1_26' title="bbox 198 2691 1763 2764">
     <span class='ocr_line' id='line_1_26' title="bbox 198 2691 1763 2764; baseline 0.001 -19"><span class='ocrx_word' id='word_1_165' title='bbox 198 2691 340 2754; x_wconf 87' lang='lat' dir='ltr'>Quos</span> <span class='ocrx_word' id='word_1_166' title='bbox 366 2693 499 2746; x_wconf 84' lang='lat' dir='ltr'>veni</span> <span class='ocrx_word' id='word_1_167' title='bbox 528 2692 768 2746; x_wconf 88' lang='lat' dir='ltr'>liberare</span> <span class='ocrx_word' id='word_1_168' title='bbox 797 2697 1200 2748; x_wconf 83' lang='lat' dir='ltr'>accusaverunt</span> <span class='ocrx_word' id='word_1_169' title='bbox 1229 2709 1340 2761; x_wconf 92' lang='lat' dir='ltr'>me,</span> <span class='ocrx_word' id='word_1_170' title='bbox 1374 2692 1609 2764; x_wconf 84' lang='lat' dir='ltr'>ﬂagellis</span> <span class='ocrx_word' id='word_1_171' title='bbox 1635 2709 1763 2747; x_wconf 87' lang='lat' dir='ltr'>ver-</span> 
     </span>
    </p>
   </div>
   <div class='ocr_carea' id='block_1_27' title="bbox 138 2784 1768 2858">
    <p class='ocr_par' dir='ltr' id='par_1_27' title="bbox 138 2784 1768 2858">
     <span class='ocr_line' id='line_1_27' title="bbox 138 2784 1768 2858; baseline 0.003 -21"><span class='ocrx_word' id='word_1_172' title='bbox 138 2784 387 2840; x_wconf 87' lang='lat' dir='ltr'>beratum</span> <span class='ocrx_word' id='word_1_173' title='bbox 414 2787 574 2841; x_wconf 88' lang='lat' dir='ltr'>cruci</span> <span class='ocrx_word' id='word_1_174' title='bbox 613 2785 933 2841; x_wconf 86' lang='lat' dir='ltr'>adﬁxerunt</span> <span class='ocrx_word' id='word_1_175' title='bbox 961 2803 1055 2842; x_wconf 91' lang='lat' dir='ltr'>me</span> <span class='ocrx_word' id='word_1_176' title='bbox 1095 2803 1108 2841; x_wconf 87' lang='lat'><strong>:</strong></span> <span class='ocrx_word' id='word_1_177' title='bbox 1148 2787 1338 2841; x_wconf 87' lang='lat' dir='ltr'>lancea</span> <span class='ocrx_word' id='word_1_178' title='bbox 1369 2791 1768 2858; x_wconf 89' lang='lat' dir='ltr'>percusserunt</span> 
     </span>
    </p>
   </div>
   <div class='ocr_carea' id='block_1_28' title="bbox 146 2894 249 2932">
    <p class='ocr_par' dir='ltr' id='par_1_28' title="bbox 146 2894 249 2932">
     <span class='ocr_line' id='line_1_28' title="bbox 146 2894 249 2932; baseline 0 0"><span class='ocrx_word' id='word_1_179' title='bbox 146 2894 249 2932; x_wconf 89' lang='lat' dir='ltr'>me.</span> 
     </span>
    </p>
   </div>
   <div class='ocr_carea' id='block_1_29' title="bbox 205 2973 1768 3042">
    <p class='ocr_par' dir='ltr' id='par_1_29' title="bbox 205 2973 1768 3042">
     <span class='ocr_line' id='line_1_29' title="bbox 205 2973 1768 3042; baseline 0.001 -14"><span class='ocrx_word' id='word_1_180' title='bbox 205 2973 432 3028; x_wconf 86' lang='lat' dir='ltr'>Dimitte</span> <span class='ocrx_word' id='word_1_181' title='bbox 461 2973 572 3028; x_wconf 88' lang='lat' dir='ltr'>illis</span> <span class='ocrx_word' id='word_1_182' title='bbox 598 2990 826 3042; x_wconf 86' lang='lat' dir='ltr'>noxam,</span> <span class='ocrx_word' id='word_1_183' title='bbox 869 2976 1029 3028; x_wconf 89' lang='lat' dir='ltr'>Pater</span> <span class='ocrx_word' id='word_1_184' title='bbox 1053 2973 1487 3030; x_wconf 89' lang='lat' dir='ltr'>clementissime</span> <span class='ocrx_word' id='word_1_185' title='bbox 1517 2991 1530 3029; x_wconf 86' lang='lat'><strong>:</strong></span> <span class='ocrx_word' id='word_1_186' title='bbox 1565 2979 1768 3029; x_wconf 90' lang='lat' dir='ltr'>cuncta</span> 
     </span>
    </p>
   </div>
   <div class='ocr_carea' id='block_1_30' title="bbox 143 3065 1766 3140">
    <p class='ocr_par' dir='ltr' id='par_1_30' title="bbox 143 3065 1766 3140">
     <span class='ocr_line' id='line_1_30' title="bbox 143 3065 1766 3140; baseline 0.001 -20"><span class='ocrx_word' id='word_1_187' title='bbox 143 3065 255 3122; x_wconf 88' lang='lat' dir='ltr'>dele</span> <span class='ocrx_word' id='word_1_188' title='bbox 284 3071 538 3138; x_wconf 87' lang='lat' dir='ltr'>peccata,</span> <span class='ocrx_word' id='word_1_189' title='bbox 571 3072 627 3124; x_wconf 91' lang='lat' dir='ltr'>et</span> <span class='ocrx_word' id='word_1_190' title='bbox 671 3067 862 3123; x_wconf 82' lang='lat' dir='ltr'>relaxa</span> <span class='ocrx_word' id='word_1_191' title='bbox 899 3068 1168 3137; x_wconf 89' lang='lat' dir='ltr'>crimina,</span> <span class='ocrx_word' id='word_1_192' title='bbox 1200 3068 1468 3140; x_wconf 89' lang='lat' dir='ltr'>ignorant</span> <span class='ocrx_word' id='word_1_193' title='bbox 1505 3068 1643 3140; x_wconf 90' lang='lat' dir='ltr'>quid</span> <span class='ocrx_word' id='word_1_194' title='bbox 1682 3069 1766 3122; x_wconf 83' lang='lat' dir='ltr'>fa-</span> 
     </span>
    </p>
   </div>
   <div class='ocr_carea' id='block_1_31' title="bbox 147 3159 309 3216">
    <p class='ocr_par' dir='ltr' id='par_1_31' title="bbox 147 3159 309 3216">
     <span class='ocr_line' id='line_1_31' title="bbox 147 3159 309 3216; baseline 0.025 -4"><span class='ocrx_word' id='word_1_195' title='bbox 147 3159 309 3216; x_wconf 87' lang='lat' dir='ltr'>ciunt.</span> 
     </span>
    </p>
   </div>
   <div class='ocr_carea' id='block_1_32' title="bbox 296 3280 1004 3323">
    <p class='ocr_par' dir='ltr' id='par_1_32' title="bbox 296 3280 1004 3323">
     <span class='ocr_line' id='line_1_32' title="bbox 296 3280 1004 3323; baseline 0 -3"><span class='ocrx_word' id='word_1_196' title='bbox 296 3282 570 3323; x_wconf 73' lang='lat' dir='ltr'>INCIPIUNT</span> <span class='ocrx_word' id='word_1_197' title='bbox 609 3280 908 3322; x_wconf 74' lang='lat' dir='ltr'>ORATIONES</span> <span class='ocrx_word' id='word_1_198' title='bbox 949 3283 1004 3320; x_wconf 83' lang='lat' dir='ltr'>IN</span> 
     </span>
    </p>
   </div>
   <div class='ocr_carea' id='block_1_33' title="bbox 212 3357 1768 3506">
    <p class='ocr_par' dir='ltr' id='par_1_33' title="bbox 212 3357 1768 3506">
     <span class='ocr_line' id='line_1_33' title="bbox 212 3357 1768 3506; baseline 0.002 -17"><span class='ocrx_word' id='word_1_199' title='bbox 212 3436 354 3490; x_wconf 89' lang='lat' dir='ltr'>Inter</span> <span class='ocrx_word' id='word_1_200' title='bbox 394 3435 584 3506; x_wconf 89' lang='lat' dir='ltr'>prima</span> <span class='ocrx_word' id='word_1_201' title='bbox 636 3357 984 3490; x_wconf 69' lang='lat' dir='ltr'>celebrandie</span> <span class='ocrx_word' id='word_1_202' title='bbox 1021 3435 1244 3490; x_wconf 62' lang='lat' dir='ltr'>Pascha:</span> <span class='ocrx_word' id='word_1_203' title='bbox 1274 3435 1585 3505; x_wconf 86' lang='lat' dir='ltr'>sollemnia,</span> <span class='ocrx_word' id='word_1_204' title='bbox 1616 3440 1768 3492; x_wconf 91' lang='lat' dir='ltr'>voto-</span> 
     </span>
    </p>
   </div>
   <div class='ocr_carea' id='block_1_34' title="bbox 147 3528 1771 3600">
    <p class='ocr_par' dir='ltr' id='par_1_34' title="bbox 147 3528 1771 3600">
     <span class='ocr_line' id='line_1_34' title="bbox 147 3528 1771 3600; baseline 0.001 -18"><span class='ocrx_word' id='word_1_205' title='bbox 147 3545 264 3583; x_wconf 85' lang='lat' dir='ltr'>rum</span> <span class='ocrx_word' id='word_1_206' title='bbox 291 3528 638 3584; x_wconf 89' lang='lat' dir='ltr'>consecratio</span> <span class='ocrx_word' id='word_1_207' title='bbox 683 3545 752 3583; x_wconf 87' lang='lat' dir='ltr'>ex</span> <span class='ocrx_word' id='word_1_208' title='bbox 782 3528 1094 3600; x_wconf 88' lang='lat' dir='ltr'>gratiarum</span> <span class='ocrx_word' id='word_1_209' title='bbox 1134 3530 1351 3586; x_wconf 82' lang='lat' dir='ltr'>actione</span> <span class='ocrx_word' id='word_1_210' title='bbox 1394 3535 1579 3585; x_wconf 88' lang='lat' dir='ltr'>sumat</span> <span class='ocrx_word' id='word_1_211' title='bbox 1606 3547 1771 3584; x_wconf 85' lang='lat' dir='ltr'>exor-</span> 
     </span>
    </p>
   </div>
   <div class='ocr_carea' id='block_1_35' title="bbox 148 3621 1774 3696">
    <p class='ocr_par' dir='ltr' id='par_1_35' title="bbox 148 3621 1774 3696">
     <span class='ocr_line' id='line_1_35' title="bbox 148 3621 1774 3696; baseline 0.001 -20"><span class='ocrx_word' id='word_1_212' title='bbox 148 3621 292 3677; x_wconf 87' lang='lat' dir='ltr'>dium</span> <span class='ocrx_word' id='word_1_213' title='bbox 315 3642 328 3678; x_wconf 86' lang='lat'><strong>:</strong></span> <span class='ocrx_word' id='word_1_214' title='bbox 359 3628 422 3678; x_wconf 93' lang='lat' dir='ltr'>ut</span> <span class='ocrx_word' id='word_1_215' title='bbox 455 3639 687 3695; x_wconf 86' lang='lat' dir='ltr'>passum</span> <span class='ocrx_word' id='word_1_216' title='bbox 712 3627 768 3676; x_wconf 87' lang='lat' dir='ltr'>et</span> <span class='ocrx_word' id='word_1_217' title='bbox 793 3623 1152 3678; x_wconf 89' lang='lat' dir='ltr'>immolatum</span> <span class='ocrx_word' id='word_1_218' title='bbox 1179 3640 1282 3696; x_wconf 94' lang='lat' dir='ltr'>pro</span> <span class='ocrx_word' id='word_1_219' title='bbox 1308 3622 1469 3678; x_wconf 89' lang='lat' dir='ltr'>nobis</span> <span class='ocrx_word' id='word_1_220' title='bbox 1486 3623 1774 3678; x_wconf 87' lang='lat' dir='ltr'>Christum</span> 
     </span>
    </p>
   </div>
   <div class='ocr_carea' id='block_1_36' title="bbox 150 3716 1770 3788">
    <p class='ocr_par' dir='ltr' id='par_1_36' title="bbox 150 3716 1770 3788">
     <span class='ocr_line' id='line_1_36' title="bbox 150 3716 1770 3788; baseline 0.001 -20"><span class='ocrx_word' id='word_1_221' title='bbox 150 3716 440 3785; x_wconf 86' lang='lat' dir='ltr'>credentes,</span> <span class='ocrx_word' id='word_1_222' title='bbox 477 3722 531 3771; x_wconf 91' lang='lat' dir='ltr'>et</span> <span class='ocrx_word' id='word_1_223' title='bbox 560 3717 702 3771; x_wconf 89' lang='lat' dir='ltr'>sacri</span> <span class='ocrx_word' id='word_1_224' title='bbox 730 3716 1031 3771; x_wconf 89' lang='lat' dir='ltr'>ministerii</span> <span class='ocrx_word' id='word_1_225' title='bbox 1062 3717 1377 3788; x_wconf 91' lang='lat' dir='ltr'>principem</span> <span class='ocrx_word' id='word_1_226' title='bbox 1419 3717 1770 3787; x_wconf 83' lang='lat' dir='ltr'>conﬁtentes,</span> 
     </span>
    </p>
   </div>
   <div class='ocr_carea' id='block_1_37' title="bbox 155 3824 960 3883">
    <p class='ocr_par' dir='ltr' id='par_1_37' title="bbox 155 3824 960 3883">
     <span class='ocr_line' id='line_1_37' title="bbox 155 3824 960 3883; baseline 0.007 -23"><span class='ocrx_word' id='word_1_227' title='bbox 155 3824 379 3865; x_wconf 89' lang='lat' dir='ltr'>consono</span> <span class='ocrx_word' id='word_1_228' title='bbox 403 3828 502 3866; x_wconf 91' lang='lat' dir='ltr'>ore</span> <span class='ocrx_word' id='word_1_229' title='bbox 530 3827 960 3883; x_wconf 87' lang='lat' dir='ltr'>prosequamur.</span> 
     </span>
    </p>
   </div>
   <div class='ocr_carea' id='block_1_38' title="bbox 156 3907 1773 3973">
    <p class='ocr_par' dir='ltr' id='par_1_38' title="bbox 156 3907 1773 3973">
     <span class='ocr_line' id='line_1_38' title="bbox 156 3907 1773 3973; baseline 0.003 -20"><span class='ocrx_word' id='word_1_230' title='bbox 156 3907 209 3954; x_wconf 90' lang='lat' dir='ltr'>II.</span> <span class='ocrx_word' id='word_1_231' title='bbox 245 3908 406 3958; x_wconf 86' lang='lat' dir='ltr'>Oratio</span> <span class='ocrx_word' id='word_1_232' title='bbox 432 3923 532 3972; x_wconf 89' lang='lat' dir='ltr'>pro</span> <span class='ocrx_word' id='word_1_233' title='bbox 561 3909 643 3973; x_wconf 82' lang='lat' dir='ltr'>his</span> <span class='ocrx_word' id='word_1_234' title='bbox 667 3909 755 3972; x_wconf 90' lang='lat' dir='ltr'>qui</span> <span class='ocrx_word' id='word_1_235' title='bbox 777 3908 1130 3973; x_wconf 84' lang='lat' dir='ltr'>custodiarum</span> <span class='ocrx_word' id='word_1_236' title='bbox 1159 3909 1381 3958; x_wconf 86' lang='lat' dir='ltr'>vinculis</span> <span class='ocrx_word' id='word_1_237' title='bbox 1403 3912 1454 3958; x_wconf 91' lang='lat' dir='ltr'>et</span> <span class='ocrx_word' id='word_1_238' title='bbox 1476 3907 1773 3973; x_wconf 83' lang='lat' dir='ltr'>captivitate</span> 
     </span>
    </p>
   </div>
   <div class='ocr_carea' id='block_1_39' title="bbox 398 3972 1512 4034">
    <p class='ocr_par' dir='ltr' id='par_1_39' title="bbox 398 3972 1512 4034">
     <span class='ocr_line' id='line_1_39' title="bbox 398 3972 1512 4034; baseline -0.001 -13"><span class='ocrx_word' id='word_1_239' title='bbox 398 3972 616 4032; x_wconf 89' lang='lat' dir='ltr'>detenti,</span> <span class='ocrx_word' id='word_1_240' title='bbox 646 3972 840 4021; x_wconf 86' lang='lat' dir='ltr'>Pascha</span> <span class='ocrx_word' id='word_1_241' title='bbox 870 3972 1121 4020; x_wconf 87' lang='lat' dir='ltr'>interesse</span> <span class='ocrx_word' id='word_1_242' title='bbox 1149 3986 1255 4020; x_wconf 92' lang='lat' dir='ltr'>non</span> <span class='ocrx_word' id='word_1_243' title='bbox 1279 3975 1512 4034; x_wconf 86' lang='lat' dir='ltr'>possunt.</span> 
     </span>
    </p>
   </div>
   <div class='ocr_carea' id='block_1_40' title="bbox 215 4055 1771 4128">
    <p class='ocr_par' dir='ltr' id='par_1_40' title="bbox 215 4055 1771 4128">
     <span class='ocr_line' id='line_1_40' title="bbox 215 4055 1771 4128; baseline 0.001 -20"><span class='ocrx_word' id='word_1_244' title='bbox 215 4055 302 4109; x_wconf 91' lang='lat' dir='ltr'>Dei</span> <span class='ocrx_word' id='word_1_245' title='bbox 352 4056 531 4112; x_wconf 85' lang='lat' dir='ltr'>Patris</span> <span class='ocrx_word' id='word_1_246' title='bbox 581 4057 984 4128; x_wconf 87' lang='lat' dir='ltr'>omnipotentis</span> <span class='ocrx_word' id='word_1_247' title='bbox 1035 4056 1424 4123; x_wconf 90' lang='lat' dir='ltr'>clementiam,</span> <span class='ocrx_word' id='word_1_248' title='bbox 1479 4055 1771 4124; x_wconf 88' lang='lat' dir='ltr'>carissimi,</span> 
     </span>
    </p>
   </div>
   <div class='ocr_carea' id='block_1_41' title="bbox 157 4145 1775 4222">
    <p class='ocr_par' dir='ltr' id='par_1_41' title="bbox 157 4145 1775 4222">
     <span class='ocr_line' id='line_1_41' title="bbox 157 4145 1775 4222; baseline 0.002 -23"><span class='ocrx_word' id='word_1_249' title='bbox 157 4145 527 4218; x_wconf 88' lang='lat' dir='ltr'>deprecemur,</span> <span class='ocrx_word' id='word_1_250' title='bbox 556 4156 620 4205; x_wconf 91' lang='lat' dir='ltr'>ut</span> <span class='ocrx_word' id='word_1_251' title='bbox 645 4168 737 4205; x_wconf 91' lang='lat' dir='ltr'>eos</span> <span class='ocrx_word' id='word_1_252' title='bbox 767 4168 905 4222; x_wconf 91' lang='lat' dir='ltr'>quos</span> <span class='ocrx_word' id='word_1_253' title='bbox 926 4150 1147 4204; x_wconf 91' lang='lat' dir='ltr'>invidus</span> <span class='ocrx_word' id='word_1_254' title='bbox 1163 4149 1418 4204; x_wconf 88' lang='lat' dir='ltr'>diabolus</span> <span class='ocrx_word' id='word_1_255' title='bbox 1439 4149 1775 4220; x_wconf 87' lang='lat' dir='ltr'>captivitatis</span> 
     </span>
    </p>
   </div>
   <div class='ocr_carea' id='block_1_42' title="bbox 157 4242 1775 4317">
    <p class='ocr_par' dir='ltr' id='par_1_42' title="bbox 157 4242 1775 4317">
     <span class='ocr_line' id='line_1_42' title="bbox 157 4242 1775 4317; baseline 0.004 -26"><span class='ocrx_word' id='word_1_256' title='bbox 157 4242 359 4297; x_wconf 87' lang='lat' dir='ltr'>servitio</span> <span class='ocrx_word' id='word_1_257' title='bbox 398 4245 629 4317; x_wconf 90' lang='lat' dir='ltr'>premit,</span> <span class='ocrx_word' id='word_1_258' title='bbox 679 4245 776 4298; x_wconf 91' lang='lat' dir='ltr'>Dei</span> <span class='ocrx_word' id='word_1_259' title='bbox 824 4244 1000 4298; x_wconf 88' lang='lat' dir='ltr'>nostri</span> <span class='ocrx_word' id='word_1_260' title='bbox 1044 4243 1430 4298; x_wconf 90' lang='lat' dir='ltr'>misericordia</span> <span class='ocrx_word' id='word_1_261' title='bbox 1474 4243 1531 4298; x_wconf 91' lang='lat' dir='ltr'>in</span> <span class='ocrx_word' id='word_1_262' title='bbox 1564 4247 1775 4297; x_wconf 87' lang='lat' dir='ltr'>statum</span> 
     </span>
    </p>
   </div>
   <div class='ocr_carea' id='block_1_43' title="bbox 159 4333 1255 4409">
    <p class='ocr_par' dir='ltr' id='par_1_43' title="bbox 159 4333 1255 4409">
     <span class='ocr_line' id='line_1_43' title="bbox 159 4333 1255 4409; baseline 0.003 -22"><span class='ocrx_word' id='word_1_263' title='bbox 159 4333 442 4400; x_wconf 85' lang='lat' dir='ltr'>pristinum</span> <span class='ocrx_word' id='word_1_264' title='bbox 474 4338 907 4409; x_wconf 88' lang='lat' dir='ltr'>libertatemque</span> <span class='ocrx_word' id='word_1_265' title='bbox 935 4337 1255 4392; x_wconf 89' lang='lat' dir='ltr'>constituat.</span> 
     </span>
    </p>
   </div>
   <div class='ocr_carea' id='block_1_44' title="bbox 321 4434 1587 4484">
    <p class='ocr_par' dir='ltr' id='par_1_44' title="bbox 321 4434 1587 4484">
     <span class='ocr_line' id='line_1_44' title="bbox 321 4434 1587 4484; baseline 0.001 -1"><span class='ocrx_word' id='word_1_266' title='bbox 321 4435 402 4484; x_wconf 87' lang='lat' dir='ltr'>Ill.</span> <span class='ocrx_word' id='word_1_267' title='bbox 442 4437 541 4484; x_wconf 85' lang='lat' dir='ltr'>Pro</span> <span class='ocrx_word' id='word_1_268' title='bbox 572 4435 930 4484; x_wconf 81' lang='lat' dir='ltr'>sacerdotibus</span> <span class='ocrx_word' id='word_1_269' title='bbox 958 4449 1018 4484; x_wconf 89' lang='lat' dir='ltr'>ac</span> <span class='ocrx_word' id='word_1_270' title='bbox 1045 4434 1294 4484; x_wconf 87' lang='lat' dir='ltr'>ministris</span> <span class='ocrx_word' id='word_1_271' title='bbox 1316 4434 1587 4484; x_wconf 62' lang='lat' dir='ltr'>Ecclesiae.</span> 
     </span>
    </p>
   </div>
   <div class='ocr_carea' id='block_1_45' title="bbox 220 4516 1775 4592">
    <p class='ocr_par' dir='ltr' id='par_1_45' title="bbox 220 4516 1775 4592">
     <span class='ocr_line' id='line_1_45' title="bbox 220 4516 1775 4592; baseline 0.003 -23"><span class='ocrx_word' id='word_1_272' title='bbox 220 4516 386 4574; x_wconf 89' lang='lat' dir='ltr'>Deum</span> <span class='ocrx_word' id='word_1_273' title='bbox 414 4538 478 4575; x_wconf 89' lang='lat' dir='ltr'>ac</span> <span class='ocrx_word' id='word_1_274' title='bbox 507 4521 817 4575; x_wconf 91' lang='lat' dir='ltr'>Dominum</span> <span class='ocrx_word' id='word_1_275' title='bbox 847 4526 1104 4574; x_wconf 91' lang='lat' dir='ltr'>nostrum</span> <span class='ocrx_word' id='word_1_276' title='bbox 1138 4523 1328 4574; x_wconf 88' lang='lat' dir='ltr'>Jesum</span> <span class='ocrx_word' id='word_1_277' title='bbox 1357 4521 1643 4575; x_wconf 89' lang='lat' dir='ltr'>Christum</span> <span class='ocrx_word' id='word_1_278' title='bbox 1671 4537 1775 4592; x_wconf 92' lang='lat' dir='ltr'>pro</span> 
     </span>
    </p>
   </div>
   <div class='ocr_carea' id='block_1_46' title="bbox 158 4613 1776 4682">
    <p class='ocr_par' dir='ltr' id='par_1_46' title="bbox 158 4613 1776 4682">
     <span class='ocr_line' id='line_1_46' title="bbox 158 4613 1776 4682; baseline 0.005 -22"><span class='ocrx_word' id='word_1_279' title='bbox 158 4613 520 4668; x_wconf 84' lang='lat' dir='ltr'>sacerdotibus</span> <span class='ocrx_word' id='word_1_280' title='bbox 544 4631 606 4669; x_wconf 91' lang='lat' dir='ltr'>ac</span> <span class='ocrx_word' id='word_1_281' title='bbox 635 4614 910 4669; x_wconf 86' lang='lat' dir='ltr'>ministris</span> <span class='ocrx_word' id='word_1_282' title='bbox 941 4615 1199 4668; x_wconf 70' lang='lat' dir='ltr'>Ecclesia:</span> <span class='ocrx_word' id='word_1_283' title='bbox 1226 4615 1582 4682; x_wconf 66' lang='lat' dir='ltr'>suae,fratres</span> <span class='ocrx_word' id='word_1_284' title='bbox 1609 4615 1776 4668; x_wconf 90' lang='lat' dir='ltr'>caris-</span> 
     </span>
    </p>
   </div>
   <div class='ocr_carea' id='block_1_47' title="bbox 159 4699 1770 4779">
    <p class='ocr_par' dir='ltr' id='par_1_47' title="bbox 159 4699 1770 4779">
     <span class='ocr_line' id='line_1_47' title="bbox 159 4699 1770 4779; baseline 0.005 -25"><span class='ocrx_word' id='word_1_285' title='bbox 159 4699 290 4773; x_wconf 87' lang='lat' dir='ltr'>simi,</span> <span class='ocrx_word' id='word_1_286' title='bbox 309 4707 588 4779; x_wconf 86' lang='lat' dir='ltr'>supplices</span> <span class='ocrx_word' id='word_1_287' title='bbox 608 4708 984 4779; x_wconf 89' lang='lat' dir='ltr'>deprecemur</span> <span class='ocrx_word' id='word_1_288' title='bbox 1018 4724 1032 4761; x_wconf 90' lang='lat'><strong>:</strong></span> <span class='ocrx_word' id='word_1_289' title='bbox 1062 4713 1125 4762; x_wconf 89' lang='lat' dir='ltr'>ut</span> <span class='ocrx_word' id='word_1_290' title='bbox 1145 4707 1385 4778; x_wconf 88' lang='lat' dir='ltr'>ingressi</span> <span class='ocrx_word' id='word_1_291' title='bbox 1414 4708 1614 4762; x_wconf 89' lang='lat' dir='ltr'>Sancta</span> <span class='ocrx_word' id='word_1_292' title='bbox 1641 4724 1770 4762; x_wconf 89' lang='lat' dir='ltr'>san-</span> 
     </span>
    </p>
   </div>
   <div class='ocr_carea' id='block_1_48' title="bbox 161 4794 1773 4869">
    <p class='ocr_par' dir='ltr' id='par_1_48' title="bbox 161 4794 1773 4869">
     <span class='ocr_line' id='line_1_48' title="bbox 161 4794 1773 4869; baseline 0.006 -28"><span class='ocrx_word' id='word_1_293' title='bbox 161 4794 376 4864; x_wconf 88' lang='lat' dir='ltr'>ctorum,</span> <span class='ocrx_word' id='word_1_294' title='bbox 401 4797 687 4868; x_wconf 85' lang='lat' dir='ltr'>totiusque</span> <span class='ocrx_word' id='word_1_295' title='bbox 715 4797 1016 4869; x_wconf 88' lang='lat' dir='ltr'>participes</span> <span class='ocrx_word' id='word_1_296' title='bbox 1042 4796 1253 4864; x_wconf 87' lang='lat' dir='ltr'>altaris,</span> <span class='ocrx_word' id='word_1_297' title='bbox 1281 4796 1618 4867; x_wconf 80' lang='lat' dir='ltr'>spiritalium</span> <span class='ocrx_word' id='word_1_298' title='bbox 1643 4814 1773 4868; x_wconf 87' lang='lat' dir='ltr'>gra-</span> 
     </span>
    </p>
   </div>
   <div class='ocr_carea' id='block_1_49' title="bbox 160 4882 1773 4962">
    <p class='ocr_par' dir='ltr' id='par_1_49' title="bbox 160 4882 1773 4962">
     <span class='ocr_line' id='line_1_49' title="bbox 160 4882 1773 4962; baseline 0.008 -29"><span class='ocrx_word' id='word_1_299' title='bbox 160 4882 345 4942; x_wconf 90' lang='lat' dir='ltr'>tiarum</span> <span class='ocrx_word' id='word_1_300' title='bbox 370 4891 530 4945; x_wconf 91' lang='lat' dir='ltr'>donis</span> <span class='ocrx_word' id='word_1_301' title='bbox 556 4891 1012 4962; x_wconf 88' lang='lat' dir='ltr'>abundantiaque</span> <span class='ocrx_word' id='word_1_302' title='bbox 1051 4889 1385 4944; x_wconf 88' lang='lat' dir='ltr'>multimoda</span> <span class='ocrx_word' id='word_1_303' title='bbox 1432 4891 1773 4960; x_wconf 89' lang='lat' dir='ltr'>repleamur.</span> 
     </span>
    </p>
   </div>
   <div class='ocr_carea' id='block_1_50' title="bbox 669 4987 1244 5050">
    <p class='ocr_par' dir='ltr' id='par_1_50' title="bbox 669 4987 1244 5050">
     <span class='ocr_line' id='line_1_50' title="bbox 669 4987 1244 5050; baseline 0 -14"><span class='ocrx_word' id='word_1_304' title='bbox 669 4988 757 5036; x_wconf 89' lang='lat' dir='ltr'>IV.</span> <span class='ocrx_word' id='word_1_305' title='bbox 792 4989 890 5037; x_wconf 91' lang='lat' dir='ltr'>Pro</span> <span class='ocrx_word' id='word_1_306' title='bbox 925 4987 1244 5050; x_wconf 86' lang='lat' dir='ltr'>Virginibus.</span> 
     </span>
    </p>
   </div>
   <div class='ocr_carea' id='block_1_51' title="bbox 224 5069 1776 5144">
    <p class='ocr_par' dir='ltr' id='par_1_51' title="bbox 224 5069 1776 5144">
     <span class='ocr_line' id='line_1_51' title="bbox 224 5069 1776 5144; baseline 0.002 -20"><span class='ocrx_word' id='word_1_307' title='bbox 224 5069 386 5128; x_wconf 90' lang='lat' dir='ltr'>Deum</span> <span class='ocrx_word' id='word_1_308' title='bbox 445 5076 667 5129; x_wconf 89' lang='lat' dir='ltr'>Patrem</span> <span class='ocrx_word' id='word_1_309' title='bbox 712 5073 1180 5144; x_wconf 86' lang='lat' dir='ltr'>omnipotentem,</span> <span class='ocrx_word' id='word_1_310' title='bbox 1223 5072 1424 5127; x_wconf 87' lang='lat' dir='ltr'>fratres</span> <span class='ocrx_word' id='word_1_311' title='bbox 1478 5071 1776 5143; x_wconf 89' lang='lat' dir='ltr'>carissimi,</span> 
     </span>
    </p>
   </div>
   <div class='ocr_carea' id='block_1_52' title="bbox 166 5165 1774 5241">
    <p class='ocr_par' dir='ltr' id='par_1_52' title="bbox 166 5165 1774 5241">
     <span class='ocr_line' id='line_1_52' title="bbox 166 5165 1774 5241; baseline 0.001 -23"><span class='ocrx_word' id='word_1_312' title='bbox 166 5165 416 5241; x_wconf 83' lang='lat' dir='ltr'>Supplices</span> <span class='ocrx_word' id='word_1_313' title='bbox 437 5183 692 5222; x_wconf 89' lang='lat' dir='ltr'>oremus:</span> <span class='ocrx_word' id='word_1_314' title='bbox 715 5171 780 5221; x_wconf 92' lang='lat' dir='ltr'>ut</span> <span class='ocrx_word' id='word_1_315' title='bbox 799 5167 858 5221; x_wconf 91' lang='lat' dir='ltr'>in</span> <span class='ocrx_word' id='word_1_316' title='bbox 879 5166 1144 5220; x_wconf 87' lang='lat' dir='ltr'>fratribus</span> <span class='ocrx_word' id='word_1_317' title='bbox 1164 5183 1226 5220; x_wconf 91' lang='lat' dir='ltr'>ac</span> <span class='ocrx_word' id='word_1_318' title='bbox 1244 5167 1529 5221; x_wconf 89' lang='lat' dir='ltr'>sororibus</span> <span class='ocrx_word' id='word_1_319' title='bbox 1548 5167 1774 5232; x_wconf 89' lang='lat' dir='ltr'>nostris,</span> 
     </span>
    </p>
   </div>
   <div class='ocr_carea' id='block_1_53' title="bbox 165 5254 1774 5331">
    <p class='ocr_par' dir='ltr' id='par_1_53' title="bbox 165 5254 1774 5331">
     <span class='ocr_line' id='line_1_53' title="bbox 165 5254 1774 5331; baseline 0.006 -28"><span class='ocrx_word' id='word_1_320' title='bbox 165 5254 248 5319; x_wconf 88' lang='lat' dir='ltr'>qui</span> <span class='ocrx_word' id='word_1_321' title='bbox 273 5265 510 5314; x_wconf 83' lang='lat' dir='ltr'>sanctam</span> <span class='ocrx_word' id='word_1_322' title='bbox 540 5265 594 5314; x_wconf 87' lang='lat' dir='ltr'>et</span> <span class='ocrx_word' id='word_1_323' title='bbox 622 5259 872 5314; x_wconf 85' lang='lat' dir='ltr'>maxime</span> <span class='ocrx_word' id='word_1_324' title='bbox 904 5259 1306 5330; x_wconf 89' lang='lat' dir='ltr'>acceptabilem</span> <span class='ocrx_word' id='word_1_325' title='bbox 1337 5260 1448 5314; x_wconf 90' lang='lat' dir='ltr'>Deo</span> <span class='ocrx_word' id='word_1_326' title='bbox 1475 5259 1774 5331; x_wconf 87' lang='lat' dir='ltr'>virginita-</span> 
     </span>
    </p>
   </div>
   <div class='ocr_carea' id='block_1_54' title="bbox 168 5348 1774 5425">
    <p class='ocr_par' dir='ltr' id='par_1_54' title="bbox 168 5348 1774 5425">
     <span class='ocr_line' id='line_1_54' title="bbox 168 5348 1774 5425; baseline 0.002 -23"><span class='ocrx_word' id='word_1_327' title='bbox 168 5348 265 5401; x_wconf 72' lang='lat' dir='ltr'>tem</span> <span class='ocrx_word' id='word_1_328' title='bbox 293 5352 574 5422; x_wconf 82' lang='lat' dir='ltr'>dicamut,</span> <span class='ocrx_word' id='word_1_329' title='bbox 604 5353 772 5408; x_wconf 71' lang='lat' dir='ltr'>bonae</span> <span class='ocrx_word' id='word_1_330' title='bbox 811 5356 1146 5424; x_wconf 89' lang='lat' dir='ltr'>conceptum</span> <span class='ocrx_word' id='word_1_331' title='bbox 1190 5354 1396 5408; x_wconf 89' lang='lat' dir='ltr'>mentis</span> <span class='ocrx_word' id='word_1_332' title='bbox 1421 5354 1774 5425; x_wconf 89' lang='lat' dir='ltr'>propositum</span> 
     </span>
    </p>
   </div>
   <div class='ocr_carea' id='block_1_55' title="bbox 169 5440 1454 5517">
    <p class='ocr_par' dir='ltr' id='par_1_55' title="bbox 169 5440 1454 5517">
     <span class='ocr_line' id='line_1_55' title="bbox 169 5440 1454 5517; baseline 0.004 -21"><span class='ocrx_word' id='word_1_333' title='bbox 169 5440 414 5516; x_wconf 75' lang='lat' dir='ltr'>tenentes,</span> <span class='ocrx_word' id='word_1_334' title='bbox 446 5447 791 5501; x_wconf 87' lang='lat' dir='ltr'>immaculati</span> <span class='ocrx_word' id='word_1_335' title='bbox 823 5447 1044 5517; x_wconf 86' lang='lat' dir='ltr'>jugiter</span> <span class='ocrx_word' id='word_1_336' title='bbox 1073 5454 1454 5517; x_wconf 87' lang='lat' dir='ltr'>perseverent.</span> 
     </span>
    </p>
   </div>
   <div class='ocr_carea' id='block_1_56' title="bbox 427 5543 1492 5608">
    <p class='ocr_par' dir='ltr' id='par_1_56' title="bbox 427 5543 1492 5608">
     <span class='ocr_line' id='line_1_56' title="bbox 427 5543 1492 5608; baseline 0 -16"><span class='ocrx_word' id='word_1_337' title='bbox 427 5545 486 5594; x_wconf 86' lang='lat' dir='ltr'>V.</span> <span class='ocrx_word' id='word_1_338' title='bbox 526 5546 625 5594; x_wconf 89' lang='lat' dir='ltr'>Pro</span> <span class='ocrx_word' id='word_1_339' title='bbox 655 5543 734 5593; x_wconf 85' lang='lat' dir='ltr'>his</span> <span class='ocrx_word' id='word_1_340' title='bbox 769 5543 858 5607; x_wconf 90' lang='lat' dir='ltr'>qui</span> <span class='ocrx_word' id='word_1_341' title='bbox 894 5544 1251 5608; x_wconf 87' lang='lat' dir='ltr'>cleemosynas</span> <span class='ocrx_word' id='word_1_342' title='bbox 1281 5543 1492 5594; x_wconf 78' lang='lat' dir='ltr'>faciunt.</span> 
     </span>
    </p>
   </div>
   <div class='ocr_carea' id='block_1_57' title="bbox 231 5624 1781 5702">
    <p class='ocr_par' dir='ltr' id='par_1_57' title="bbox 231 5624 1781 5702">
     <span class='ocr_line' id='line_1_57' title="bbox 231 5624 1781 5702; baseline 0.002 -22"><span class='ocrx_word' id='word_1_343' title='bbox 231 5624 388 5683; x_wconf 89' lang='lat' dir='ltr'>Deum</span> <span class='ocrx_word' id='word_1_344' title='bbox 411 5632 632 5685; x_wconf 87' lang='lat' dir='ltr'>Patrem</span> <span class='ocrx_word' id='word_1_345' title='bbox 657 5629 1060 5685; x_wconf 69' lang='lat' dir='ltr'>misericordiae</span> <span class='ocrx_word' id='word_1_346' title='bbox 1082 5630 1412 5702; x_wconf 90' lang='lat' dir='ltr'>suppliciter</span> <span class='ocrx_word' id='word_1_347' title='bbox 1433 5645 1659 5684; x_wconf 90' lang='lat' dir='ltr'>oremus</span> <span class='ocrx_word' id='word_1_348' title='bbox 1682 5645 1694 5683; x_wconf 91' lang='lat'>:</span> <span class='ocrx_word' id='word_1_349' title='bbox 1715 5632 1781 5683; x_wconf 89' lang='lat' dir='ltr'>ut</span> 
     </span>
    </p>
   </div>
   <div class='ocr_carea' id='block_1_58' title="bbox 1053 3278 1594 3321">
    <p class='ocr_par' dir='ltr' id='par_1_58' title="bbox 1053 3278 1594 3321">
     <span class='ocr_line' id='line_1_58' title="bbox 1053 3278 1594 3321; baseline 0.002 -2"><span class='ocrx_word' id='word_1_350' title='bbox 1053 3281 1268 3320; x_wconf 82' lang='lat' dir='ltr'>VIGILIIS</span> <span class='ocrx_word' id='word_1_351' title='bbox 1308 3283 1516 3321; x_wconf 66' lang='lat' dir='ltr'>PASCBE</span> <span class='ocrx_word' id='word_1_352' title='bbox 1553 3278 1594 3320; x_wconf 74' lang='grc' dir='ltr'>ο.</span> 
     </span>
    </p>
   </div>
   <div class='ocr_carea' id='block_1_59' title="bbox 233 5755 1426 5836">
    <p class='ocr_par' dir='ltr' id='par_1_59' title="bbox 233 5755 1426 5836">
     <span class='ocr_line' id='line_1_59' title="bbox 233 5755 1426 5836; baseline 0 -16"><span class='ocrx_word' id='word_1_353' title='bbox 233 5755 254 5836; x_wconf 56' lang='grc' dir='ltr'><strong><em>ξ</em></strong></span> <span class='ocrx_word' id='word_1_354' title='bbox 284 5761 499 5836; x_wconf 64' lang='lat' dir='ltr'>Legend</span> <span class='ocrx_word' id='word_1_355' title='bbox 511 5782 604 5820; x_wconf 88' lang='lat' dir='ltr'>um</span> <span class='ocrx_word' id='word_1_356' title='bbox 636 5769 913 5833; x_wconf 81' lang='lat' dir='ltr'>confossus</span> <span class='ocrx_word' id='word_1_357' title='bbox 945 5765 1130 5836; x_wconf 78' lang='lat' dir='ltr'>gladio</span> <span class='ocrx_word' id='word_1_358' title='bbox 1160 5765 1426 5835; x_wconf 82' lang='lat' dir='ltr'>horriﬁco.</span> 
     </span>
    </p>
   </div>
   <div class='ocr_carea' id='block_1_60' title="bbox 234 5826 1778 5908">
    <p class='ocr_par' dir='ltr' id='par_1_60' title="bbox 234 5826 1778 5908">
     <span class='ocr_line' id='line_1_60' title="bbox 234 5826 1778 5908; baseline -0.001 -21"><span class='ocrx_word' id='word_1_359' title='bbox 234 5826 541 5908; x_wconf 15' lang='lat' dir='ltr'>bAScrvihitur</span> <span class='ocrx_word' id='word_1_360' title='bbox 567 5838 627 5891; x_wconf 90' lang='lat' dir='ltr'>in</span> <span class='ocrx_word' id='word_1_361' title='bbox 658 5826 1003 5908; x_wconf 78' lang='lat' dir='ltr'>exemplari,</span> <span class='ocrx_word' id='word_1_362' title='bbox 1033 5839 1268 5902; x_wconf 81' lang='lat' dir='ltr'>acervis,</span> <span class='ocrx_word' id='word_1_363' title='bbox 1308 5826 1366 5891; x_wconf 82' lang='lat' dir='ltr'>et</span> <span class='ocrx_word' id='word_1_364' title='bbox 1402 5849 1602 5904; x_wconf 87' lang='lat' dir='ltr'>supra,</span> <span class='ocrx_word' id='word_1_365' title='bbox 1645 5833 1778 5888; x_wconf 77' lang='lat' dir='ltr'>sivi-</span> 
     </span>
    </p>
   </div>
   <div class='ocr_carea' id='block_1_61' title="bbox 181 5895 1708 5983">
    <p class='ocr_par' dir='ltr' id='par_1_61' title="bbox 181 5895 1708 5983">
     <span class='ocr_line' id='line_1_61' title="bbox 181 5895 1708 5983; baseline 0.022 -29"><span class='ocrx_word' id='word_1_366' title='bbox 181 5895 341 5983; x_wconf 60' lang='grc' dir='ltr'>ιαῃεςξ,</span> <span class='ocrx_word' id='word_1_367' title='bbox 367 5914 420 5983; x_wconf 82' lang='lat' dir='ltr'>et</span> <span class='ocrx_word' id='word_1_368' title='bbox 447 5895 845 5983; x_wconf 39' lang='lat' dir='ltr'>aliasimilia.‘</span> <span class='ocrx_word' id='word_1_369' title='bbox 1206 5979 1216 5983; x_wconf 91' lang='lat'><strong>_</strong></span> <span class='ocrx_word' id='word_1_370' title='bbox 1255 5895 1265 5902; x_wconf 25' lang='lat' dir='ltr'><em>r</em></span> <span class='ocrx_word' id='word_1_371' title='bbox 1351 5978 1385 5983; x_wconf 62' lang='lat'>_-</span> <span class='ocrx_word' id='word_1_372' title='bbox 1455 5895 1488 5983; x_wconf 40' lang='grc' dir='ltr'>,ι</span> <span class='ocrx_word' id='word_1_373' title='bbox 1559 5895 1599 5983; x_wconf 34' lang='grc' dir='ltr'>μ’</span> 
     </span>
    </p>
   </div>
   <div class='ocr_carea' id='block_1_62' title="bbox 237 5974 1781 6048">
    <p class='ocr_par' dir='ltr' id='par_1_62' title="bbox 237 5974 1781 6048">
     <span class='ocr_line' id='line_1_62' title="bbox 237 5974 1781 6048; baseline 0.001 -20"><span class='ocrx_word' id='word_1_374' title='bbox 237 5981 255 6008; x_wconf 79' lang='grc' dir='ltr'><strong>ο</strong></span> <span class='ocrx_word' id='word_1_375' title='bbox 286 5975 602 6048; x_wconf 84' lang='lat' dir='ltr'>Ilujusmodi</span> <span class='ocrx_word' id='word_1_376' title='bbox 629 5980 908 6037; x_wconf 87' lang='lat' dir='ltr'>orationes</span> <span class='ocrx_word' id='word_1_377' title='bbox 937 5979 1171 6036; x_wconf 90' lang='lat' dir='ltr'>totidem</span> <span class='ocrx_word' id='word_1_378' title='bbox 1203 5979 1307 6035; x_wconf 87' lang='lat' dir='ltr'>hac</span> <span class='ocrx_word' id='word_1_379' title='bbox 1335 5978 1423 6035; x_wconf 89' lang='lat' dir='ltr'>die</span> <span class='ocrx_word' id='word_1_380' title='bbox 1451 5979 1510 6034; x_wconf 89' lang='lat' dir='ltr'>in</span> <span class='ocrx_word' id='word_1_381' title='bbox 1551 5974 1781 6032; x_wconf 86' lang='lat' dir='ltr'>Gothico</span> 
     </span>
    </p>
   </div>
   <div class='ocr_carea' id='block_1_63' title="bbox 1863 637 3502 717">
    <p class='ocr_par' dir='ltr' id='par_1_63' title="bbox 1863 637 3502 717">
     <span class='ocr_line' id='line_1_63' title="bbox 1863 637 3502 717; baseline 0.007 -27"><span class='ocrx_word' id='word_1_382' title='bbox 1863 637 2167 692; x_wconf 67' lang='lat' dir='ltr'>czelestium</span> <span class='ocrx_word' id='word_1_383' title='bbox 2195 639 2517 694; x_wconf 87' lang='lat' dir='ltr'>divitiarum</span> <span class='ocrx_word' id='word_1_384' title='bbox 2546 657 2680 712; x_wconf 89' lang='lat' dir='ltr'>opes</span> <span class='ocrx_word' id='word_1_385' title='bbox 2707 641 2926 707; x_wconf 86' lang='lat' dir='ltr'>reﬂuat,</span> <span class='ocrx_word' id='word_1_386' title='bbox 2961 645 3016 697; x_wconf 91' lang='lat' dir='ltr'>et</span> <span class='ocrx_word' id='word_1_387' title='bbox 3042 642 3353 699; x_wconf 88' lang='lat' dir='ltr'>carnalium</span> <span class='ocrx_word' id='word_1_388' title='bbox 3374 662 3502 717; x_wconf 83' lang='lat' dir='ltr'>par-</span> 
     </span>
    </p>
   </div>
   <div class='ocr_carea' id='block_1_64' title="bbox 1863 730 3498 808">
    <p class='ocr_par' dir='ltr' id='par_1_64' title="bbox 1863 730 3498 808">
     <span class='ocr_line' id='line_1_64' title="bbox 1863 730 3498 808; baseline 0.006 -24"><span class='ocrx_word' id='word_1_389' title='bbox 1863 730 2112 802; x_wconf 87' lang='lat' dir='ltr'>ticipatio</span> <span class='ocrx_word' id='word_1_390' title='bbox 2161 733 2480 789; x_wconf 90' lang='lat' dir='ltr'>societatem</span> <span class='ocrx_word' id='word_1_391' title='bbox 2537 735 2712 806; x_wconf 89' lang='lat' dir='ltr'>possit</span> <span class='ocrx_word' id='word_1_392' title='bbox 2764 752 3069 790; x_wconf 89' lang='lat' dir='ltr'>munerum</span> <span class='ocrx_word' id='word_1_393' title='bbox 3121 737 3498 808; x_wconf 88' lang='lat' dir='ltr'>spiritualium</span> 
     </span>
    </p>
   </div>
   <div class='ocr_carea' id='block_1_65' title="bbox 1864 826 2197 896">
    <p class='ocr_par' dir='ltr' id='par_1_65' title="bbox 1864 826 2197 896">
     <span class='ocr_line' id='line_1_65' title="bbox 1864 826 2197 896; baseline 0.009 -18"><span class='ocrx_word' id='word_1_394' title='bbox 1864 826 2197 896; x_wconf 89' lang='lat' dir='ltr'>promereri.</span> 
     </span>
    </p>
   </div>
   <div class='ocr_carea' id='block_1_66' title="bbox 2205 920 3158 987">
    <p class='ocr_par' dir='ltr' id='par_1_66' title="bbox 2205 920 3158 987">
     <span class='ocr_line' id='line_1_66' title="bbox 2205 920 3158 987; baseline 0.004 -19"><span class='ocrx_word' id='word_1_395' title='bbox 2205 920 2290 970; x_wconf 90' lang='lat' dir='ltr'>VI.</span> <span class='ocrx_word' id='word_1_396' title='bbox 2327 921 2542 970; x_wconf 89' lang='lat' dir='ltr'>Oremus</span> <span class='ocrx_word' id='word_1_397' title='bbox 2567 937 2662 986; x_wconf 91' lang='lat' dir='ltr'>pro</span> <span class='ocrx_word' id='word_1_398' title='bbox 2691 923 3158 987; x_wconf 81' lang='lat' dir='ltr'>peregrinantibus.</span> 
     </span>
    </p>
   </div>
   <div class='ocr_carea' id='block_1_67' title="bbox 1935 999 3504 1080">
    <p class='ocr_par' dir='ltr' id='par_1_67' title="bbox 1935 999 3504 1080">
     <span class='ocr_line' id='line_1_67' title="bbox 1935 999 3504 1080; baseline 0.006 -26"><span class='ocrx_word' id='word_1_399' title='bbox 1935 999 2257 1055; x_wconf 65' lang='lat' dir='ltr'>Caelestium</span> <span class='ocrx_word' id='word_1_400' title='bbox 2286 1006 2342 1057; x_wconf 91' lang='lat' dir='ltr'>et</span> <span class='ocrx_word' id='word_1_401' title='bbox 2377 1005 2728 1058; x_wconf 90' lang='lat' dir='ltr'>terrestrium</span> <span class='ocrx_word' id='word_1_402' title='bbox 2759 1006 2936 1059; x_wconf 90' lang='lat' dir='ltr'>Deum</span> <span class='ocrx_word' id='word_1_403' title='bbox 2966 1007 3193 1061; x_wconf 88' lang='lat' dir='ltr'>Patrem</span> <span class='ocrx_word' id='word_1_404' title='bbox 3221 1008 3504 1080; x_wconf 85' lang='lat' dir='ltr'>supplices</span> 
     </span>
    </p>
   </div>
   <div class='ocr_carea' id='block_1_68' title="bbox 1865 1090 3504 1169">
    <p class='ocr_par' dir='ltr' id='par_1_68' title="bbox 1865 1090 3504 1169">
     <span class='ocr_line' id='line_1_68' title="bbox 1865 1090 3504 1169; baseline 0.005 -25"><span class='ocrx_word' id='word_1_405' title='bbox 1865 1090 2239 1160; x_wconf 82' lang='lat' dir='ltr'>deprecemur</span> <span class='ocrx_word' id='word_1_406' title='bbox 2265 1109 2278 1144; x_wconf 90' lang='lat'><strong>:</strong></span> <span class='ocrx_word' id='word_1_407' title='bbox 2309 1096 2373 1144; x_wconf 90' lang='lat' dir='ltr'>ut</span> <span class='ocrx_word' id='word_1_408' title='bbox 2401 1107 2595 1145; x_wconf 92' lang='lat' dir='ltr'>omnes</span> <span class='ocrx_word' id='word_1_409' title='bbox 2624 1093 2826 1148; x_wconf 85' lang='lat' dir='ltr'>fratres</span> <span class='ocrx_word' id='word_1_410' title='bbox 2855 1097 3096 1163; x_wconf 87' lang='lat' dir='ltr'>nostros,</span> <span class='ocrx_word' id='word_1_411' title='bbox 3125 1096 3223 1166; x_wconf 91' lang='lat' dir='ltr'>qui</span> <span class='ocrx_word' id='word_1_412' title='bbox 3252 1099 3504 1169; x_wconf 87' lang='lat' dir='ltr'>peregri-</span> 
     </span>
    </p>
   </div>
   <div class='ocr_carea' id='block_1_69' title="bbox 1866 1183 3502 1258">
    <p class='ocr_par' dir='ltr' id='par_1_69' title="bbox 1866 1183 3502 1258">
     <span class='ocr_line' id='line_1_69' title="bbox 1866 1183 3502 1258; baseline 0.006 -21"><span class='ocrx_word' id='word_1_413' title='bbox 1866 1183 2159 1238; x_wconf 88' lang='lat' dir='ltr'>nationum</span> <span class='ocrx_word' id='word_1_414' title='bbox 2206 1184 2628 1238; x_wconf 85' lang='lat' dir='ltr'>necessitatibus</span> <span class='ocrx_word' id='word_1_415' title='bbox 2667 1186 2976 1257; x_wconf 88' lang='lat' dir='ltr'>subjacent,</span> <span class='ocrx_word' id='word_1_416' title='bbox 3015 1189 3265 1258; x_wconf 89' lang='lat' dir='ltr'>potentia</span> <span class='ocrx_word' id='word_1_417' title='bbox 3303 1191 3502 1248; x_wconf 83' lang='lat' dir='ltr'>auxilii</span> 
     </span>
    </p>
   </div>
   <div class='ocr_carea' id='block_1_70' title="bbox 1867 1277 2758 1350">
    <p class='ocr_par' dir='ltr' id='par_1_70' title="bbox 1867 1277 2758 1350">
     <span class='ocr_line' id='line_1_70' title="bbox 1867 1277 2758 1350; baseline 0.002 -19"><span class='ocrx_word' id='word_1_418' title='bbox 1867 1277 1952 1331; x_wconf 91' lang='lat' dir='ltr'>sui</span> <span class='ocrx_word' id='word_1_419' title='bbox 1978 1281 2246 1349; x_wconf 89' lang='lat' dir='ltr'>protegat</span> <span class='ocrx_word' id='word_1_420' title='bbox 2280 1281 2449 1350; x_wconf 88' lang='lat' dir='ltr'>atque</span> <span class='ocrx_word' id='word_1_421' title='bbox 2475 1278 2758 1333; x_wconf 87' lang='lat' dir='ltr'>defendat.</span> 
     </span>
    </p>
   </div>
   <div class='ocr_carea' id='block_1_71' title="bbox 2431 1381 2935 1444">
    <p class='ocr_par' dir='ltr' id='par_1_71' title="bbox 2431 1381 2935 1444">
     <span class='ocr_line' id='line_1_71' title="bbox 2431 1381 2935 1444; baseline 0.006 -16"><span class='ocrx_word' id='word_1_422' title='bbox 2431 1381 2540 1430; x_wconf 87' lang='lat' dir='ltr'>VII.</span> <span class='ocrx_word' id='word_1_423' title='bbox 2577 1383 2677 1430; x_wconf 87' lang='lat' dir='ltr'>Pro</span> <span class='ocrx_word' id='word_1_424' title='bbox 2711 1382 2935 1444; x_wconf 63' lang='lat' dir='ltr'>aegrotis.</span> 
     </span>
    </p>
   </div>
   <div class='ocr_carea' id='block_1_72' title="bbox 1941 1466 3507 1542">
    <p class='ocr_par' dir='ltr' id='par_1_72' title="bbox 1941 1466 3507 1542">
     <span class='ocr_line' id='line_1_72' title="bbox 1941 1466 3507 1542; baseline 0.005 -21"><span class='ocrx_word' id='word_1_425' title='bbox 1941 1466 2221 1521; x_wconf 64' lang='lat' dir='ltr'>Universae.</span> <span class='ocrx_word' id='word_1_426' title='bbox 2252 1467 2445 1521; x_wconf 90' lang='lat' dir='ltr'>salutis</span> <span class='ocrx_word' id='word_1_427' title='bbox 2474 1468 2780 1522; x_wconf 89' lang='lat' dir='ltr'>Dominum</span> <span class='ocrx_word' id='word_1_428' title='bbox 2803 1468 3172 1538; x_wconf 91' lang='lat' dir='ltr'>deprecemur</span> <span class='ocrx_word' id='word_1_429' title='bbox 3193 1487 3296 1542; x_wconf 90' lang='lat' dir='ltr'>pro</span> <span class='ocrx_word' id='word_1_430' title='bbox 3323 1473 3507 1529; x_wconf 84' lang='lat' dir='ltr'>fratri-</span> 
     </span>
    </p>
   </div>
   <div class='ocr_carea' id='block_1_73' title="bbox 1868 1560 3500 1633">
    <p class='ocr_par' dir='ltr' id='par_1_73' title="bbox 1868 1560 3500 1633">
     <span class='ocr_line' id='line_1_73' title="bbox 1868 1560 3500 1633; baseline 0.004 -19"><span class='ocrx_word' id='word_1_431' title='bbox 1868 1560 1972 1614; x_wconf 89' lang='lat' dir='ltr'>bus</span> <span class='ocrx_word' id='word_1_432' title='bbox 2001 1566 2058 1615; x_wconf 90' lang='lat' dir='ltr'>et</span> <span class='ocrx_word' id='word_1_433' title='bbox 2089 1561 2376 1615; x_wconf 81' lang='lat' dir='ltr'>sororibus</span> <span class='ocrx_word' id='word_1_434' title='bbox 2401 1562 2632 1630; x_wconf 86' lang='lat' dir='ltr'>nostris,</span> <span class='ocrx_word' id='word_1_435' title='bbox 2662 1562 2759 1633; x_wconf 90' lang='lat' dir='ltr'>qui</span> <span class='ocrx_word' id='word_1_436' title='bbox 2789 1563 3100 1618; x_wconf 91' lang='lat' dir='ltr'>secundum</span> <span class='ocrx_word' id='word_1_437' title='bbox 3131 1565 3313 1619; x_wconf 87' lang='lat' dir='ltr'>carnis</span> <span class='ocrx_word' id='word_1_438' title='bbox 3341 1566 3500 1621; x_wconf 78' lang='lat' dir='ltr'>infir-</span> 
     </span>
    </p>
   </div>
   <div class='ocr_carea' id='block_1_74' title="bbox 1869 1654 3502 1727">
    <p class='ocr_par' dir='ltr' id='par_1_74' title="bbox 1869 1654 3502 1727">
     <span class='ocr_line' id='line_1_74' title="bbox 1869 1654 3502 1727; baseline 0.004 -19"><span class='ocrx_word' id='word_1_439' title='bbox 1869 1654 2126 1709; x_wconf 88' lang='lat' dir='ltr'>mitatem</span> <span class='ocrx_word' id='word_1_440' title='bbox 2143 1655 2377 1709; x_wconf 88' lang='lat' dir='ltr'>diversis</span> <span class='ocrx_word' id='word_1_441' title='bbox 2390 1655 2798 1727; x_wconf 69' lang='lat' dir='ltr'>aagritudinum</span> <span class='ocrx_word' id='word_1_442' title='bbox 2811 1661 3085 1710; x_wconf 89' lang='lat' dir='ltr'>vexantur</span> <span class='ocrx_word' id='word_1_443' title='bbox 3100 1657 3502 1715; x_wconf 85' lang='lat' dir='ltr'>incommodis:</span> 
     </span>
    </p>
   </div>
   <div class='ocr_carea' id='block_1_75' title="bbox 1873 1748 3504 1821">
    <p class='ocr_par' dir='ltr' id='par_1_75' title="bbox 1873 1748 3504 1821">
     <span class='ocr_line' id='line_1_75' title="bbox 1873 1748 3504 1821; baseline 0.006 -20"><span class='ocrx_word' id='word_1_444' title='bbox 1873 1752 1932 1801; x_wconf 87' lang='lat' dir='ltr'>ut</span> <span class='ocrx_word' id='word_1_445' title='bbox 1958 1748 2004 1802; x_wconf 90' lang='lat' dir='ltr'>is</span> <span class='ocrx_word' id='word_1_446' title='bbox 2034 1750 2132 1820; x_wconf 89' lang='lat' dir='ltr'>qui</span> <span class='ocrx_word' id='word_1_447' title='bbox 2161 1751 2310 1804; x_wconf 90' lang='lat' dir='ltr'>solus</span> <span class='ocrx_word' id='word_1_448' title='bbox 2338 1753 2542 1821; x_wconf 90' lang='lat' dir='ltr'>potest,</span> <span class='ocrx_word' id='word_1_449' title='bbox 2566 1767 2669 1821; x_wconf 90' lang='lat' dir='ltr'>pro</span> <span class='ocrx_word' id='word_1_450' title='bbox 2683 1766 2782 1804; x_wconf 90' lang='lat' dir='ltr'>sua</span> <span class='ocrx_word' id='word_1_451' title='bbox 2802 1749 3008 1821; x_wconf 87' lang='lat' dir='ltr'>pietate</span> <span class='ocrx_word' id='word_1_452' title='bbox 3027 1751 3294 1806; x_wconf 89' lang='lat' dir='ltr'>omnibus</span> <span class='ocrx_word' id='word_1_453' title='bbox 3313 1753 3504 1810; x_wconf 85' lang='lat' dir='ltr'>adesse</span> 
     </span>
    </p>
   </div>
   <div class='ocr_carea' id='block_1_76' title="bbox 1871 1842 2158 1913">
    <p class='ocr_par' dir='ltr' id='par_1_76' title="bbox 1871 1842 2158 1913">
     <span class='ocr_line' id='line_1_76' title="bbox 1871 1842 2158 1913; baseline 0 -17"><span class='ocrx_word' id='word_1_454' title='bbox 1871 1842 2158 1913; x_wconf 76' lang='lat' dir='ltr'>dignetur.</span> 
     </span>
    </p>
   </div>
   <div class='ocr_carea' id='block_1_77' title="bbox 2342 1914 3029 1965">
    <p class='ocr_par' dir='ltr' id='par_1_77' title="bbox 2342 1914 3029 1965">
     <span class='ocr_line' id='line_1_77' title="bbox 2342 1914 3029 1965; baseline 0.004 -3"><span class='ocrx_word' id='word_1_455' title='bbox 2342 1915 2473 1964; x_wconf 89' lang='lat' dir='ltr'>VIII.</span> <span class='ocrx_word' id='word_1_456' title='bbox 2511 1915 2608 1964; x_wconf 86' lang='lat' dir='ltr'>Pro</span> <span class='ocrx_word' id='word_1_457' title='bbox 2638 1914 3029 1965; x_wconf 77' lang='lat' dir='ltr'>Posnitentibus.</span> 
     </span>
    </p>
   </div>
   <div class='ocr_carea' id='block_1_78' title="bbox 1942 1999 3500 2073">
    <p class='ocr_par' dir='ltr' id='par_1_78' title="bbox 1942 1999 3500 2073">
     <span class='ocr_line' id='line_1_78' title="bbox 1942 1999 3500 2073; baseline 0.004 -21"><span class='ocrx_word' id='word_1_458' title='bbox 1942 1999 2116 2053; x_wconf 90' lang='lat' dir='ltr'>Deum</span> <span class='ocrx_word' id='word_1_459' title='bbox 2145 2000 2265 2070; x_wconf 88' lang='lat' dir='ltr'>spei</span> <span class='ocrx_word' id='word_1_460' title='bbox 2291 2004 2518 2068; x_wconf 69' lang='lat' dir='ltr'>nostrae,</span> <span class='ocrx_word' id='word_1_461' title='bbox 2541 2000 2742 2054; x_wconf 90' lang='lat' dir='ltr'>fratres</span> <span class='ocrx_word' id='word_1_462' title='bbox 2767 2000 3062 2069; x_wconf 90' lang='lat' dir='ltr'>carissimi,</span> <span class='ocrx_word' id='word_1_463' title='bbox 3087 2001 3461 2073; x_wconf 89' lang='lat' dir='ltr'>deprecemur</span> <span class='ocrx_word' id='word_1_464' title='bbox 3484 2021 3500 2059; x_wconf 90' lang='lat'><strong>:</strong></span> 
     </span>
    </p>
   </div>
   <div class='ocr_carea' id='block_1_79' title="bbox 1869 2079 3506 2163">
    <p class='ocr_par' dir='ltr' id='par_1_79' title="bbox 1869 2079 3506 2163">
     <span class='ocr_line' id='line_1_79' title="bbox 1869 2079 3506 2163; baseline 0.004 -17"><span class='ocrx_word' id='word_1_465' title='bbox 1869 2097 1932 2147; x_wconf 93' lang='lat' dir='ltr'>ut</span> <span class='ocrx_word' id='word_1_466' title='bbox 1958 2098 2247 2147; x_wconf 69' lang='lat' dir='ltr'>temeratze</span> <span class='ocrx_word' id='word_1_467' title='bbox 2279 2093 2673 2163; x_wconf 83' lang='lat' dir='ltr'>praeceptionis</span> <span class='ocrx_word' id='word_1_468' title='bbox 2702 2109 2847 2161; x_wconf 87' lang='lat' dir='ltr'>reos,</span> <span class='ocrx_word' id='word_1_469' title='bbox 2877 2110 3131 2148; x_wconf 88' lang='lat' dir='ltr'>reversos</span> <span class='ocrx_word' id='word_1_470' title='bbox 3153 2095 3212 2149; x_wconf 91' lang='lat' dir='ltr'>in</span> <span class='ocrx_word' id='word_1_471' title='bbox 3243 2079 3396 2150; x_wconf 74' lang='lat' dir='ltr'>viam</span> <span class='ocrx_word' id='word_1_472' title='bbox 3420 2113 3506 2152; x_wconf 81' lang='lat' dir='ltr'>re-</span> 
     </span>
    </p>
   </div>
   <div class='ocr_carea' id='block_1_80' title="bbox 1869 2186 3508 2261">
    <p class='ocr_par' dir='ltr' id='par_1_80' title="bbox 1869 2186 3508 2261">
     <span class='ocr_line' id='line_1_80' title="bbox 1869 2186 3508 2261; baseline 0.004 -22"><span class='ocrx_word' id='word_1_473' title='bbox 1869 2191 2039 2253; x_wconf 81' lang='lat' dir='ltr'>ctam,</span> <span class='ocrx_word' id='word_1_474' title='bbox 2070 2187 2141 2240; x_wconf 91' lang='lat' dir='ltr'>ab</span> <span class='ocrx_word' id='word_1_475' title='bbox 2170 2192 2397 2257; x_wconf 86' lang='lat' dir='ltr'>aspectu</span> <span class='ocrx_word' id='word_1_476' title='bbox 2423 2186 2739 2241; x_wconf 88' lang='lat' dir='ltr'>serenitatis</span> <span class='ocrx_word' id='word_1_477' title='bbox 2765 2203 2882 2241; x_wconf 81' lang='lat' dir='ltr'>suae</span> <span class='ocrx_word' id='word_1_478' title='bbox 2919 2203 3035 2242; x_wconf 91' lang='lat' dir='ltr'>non</span> <span class='ocrx_word' id='word_1_479' title='bbox 3060 2187 3294 2257; x_wconf 88' lang='lat' dir='ltr'>rejiciat,</span> <span class='ocrx_word' id='word_1_480' title='bbox 3322 2205 3508 2261; x_wconf 87' lang='lat' dir='ltr'>neque</span> 
     </span>
    </p>
   </div>
   <div class='ocr_carea' id='block_1_81' title="bbox 1868 2279 3507 2351">
    <p class='ocr_par' dir='ltr' id='par_1_81' title="bbox 1868 2279 3507 2351">
     <span class='ocr_line' id='line_1_81' title="bbox 1868 2279 3507 2351; baseline 0.003 -18"><span class='ocrx_word' id='word_1_481' title='bbox 1868 2279 1927 2334; x_wconf 92' lang='lat' dir='ltr'>in</span> <span class='ocrx_word' id='word_1_482' title='bbox 1952 2279 2198 2334; x_wconf 89' lang='lat' dir='ltr'>adventu</span> <span class='ocrx_word' id='word_1_483' title='bbox 2227 2296 2326 2334; x_wconf 92' lang='lat' dir='ltr'>suo</span> <span class='ocrx_word' id='word_1_484' title='bbox 2349 2297 2382 2333; x_wconf 92' lang='lat' dir='ltr'>a</span> <span class='ocrx_word' id='word_1_485' title='bbox 2407 2279 2571 2350; x_wconf 87' lang='lat' dir='ltr'>regni</span> <span class='ocrx_word' id='word_1_486' title='bbox 2599 2279 2833 2335; x_wconf 80' lang='lat' dir='ltr'>caelestis</span> <span class='ocrx_word' id='word_1_487' title='bbox 2851 2280 3029 2351; x_wconf 89' lang='lat' dir='ltr'>janua</span> <span class='ocrx_word' id='word_1_488' title='bbox 3046 2281 3507 2338; x_wconf 84' lang='lat' dir='ltr'>condemnandos</span> 
     </span>
    </p>
   </div>
   <div class='ocr_carea' id='block_1_82' title="bbox 1869 2373 2146 2428">
    <p class='ocr_par' dir='ltr' id='par_1_82' title="bbox 1869 2373 2146 2428">
     <span class='ocr_line' id='line_1_82' title="bbox 1869 2373 2146 2428; baseline 0 0"><span class='ocrx_word' id='word_1_489' title='bbox 1869 2373 2146 2428; x_wconf 82' lang='lat' dir='ltr'>excludat.</span> 
     </span>
    </p>
   </div>
   <div class='ocr_carea' id='block_1_83' title="bbox 2324 2442 3048 2494">
    <p class='ocr_par' dir='ltr' id='par_1_83' title="bbox 2324 2442 3048 2494">
     <span class='ocr_line' id='line_1_83' title="bbox 2324 2442 3048 2494; baseline 0.003 -2"><span class='ocrx_word' id='word_1_490' title='bbox 2324 2444 2405 2493; x_wconf 88' lang='lat' dir='ltr'>1x.</span> <span class='ocrx_word' id='word_1_491' title='bbox 2437 2443 2536 2492; x_wconf 90' lang='lat' dir='ltr'>Pro</span> <span class='ocrx_word' id='word_1_492' title='bbox 2570 2442 2762 2493; x_wconf 90' lang='lat' dir='ltr'>unitate</span> <span class='ocrx_word' id='word_1_493' title='bbox 2783 2443 3048 2494; x_wconf 67' lang='lat' dir='ltr'>Ecclesiae.</span> 
     </span>
    </p>
   </div>
   <div class='ocr_carea' id='block_1_84' title="bbox 1943 2529 3506 2597">
    <p class='ocr_par' dir='ltr' id='par_1_84' title="bbox 1943 2529 3506 2597">
     <span class='ocr_line' id='line_1_84' title="bbox 1943 2529 3506 2597; baseline 0.002 -13"><span class='ocrx_word' id='word_1_494' title='bbox 1943 2531 2229 2584; x_wconf 90' lang='lat' dir='ltr'>Bonorum</span> <span class='ocrx_word' id='word_1_495' title='bbox 2254 2529 2513 2583; x_wconf 90' lang='lat' dir='ltr'>omnium</span> <span class='ocrx_word' id='word_1_496' title='bbox 2541 2530 2776 2597; x_wconf 90' lang='lat' dir='ltr'>fontem,</span> <span class='ocrx_word' id='word_1_497' title='bbox 2805 2535 3092 2586; x_wconf 90' lang='lat' dir='ltr'>auctorem</span> <span class='ocrx_word' id='word_1_498' title='bbox 3119 2530 3386 2585; x_wconf 63' lang='lat' dir='ltr'>humanae</span> <span class='ocrx_word' id='word_1_499' title='bbox 3415 2549 3506 2587; x_wconf 85' lang='lat' dir='ltr'>sa-</span> 
     </span>
    </p>
   </div>
   <div class='ocr_carea' id='block_1_85' title="bbox 1869 2623 3512 2694">
    <p class='ocr_par' dir='ltr' id='par_1_85' title="bbox 1869 2623 3512 2694">
     <span class='ocr_line' id='line_1_85' title="bbox 1869 2623 3512 2694; baseline 0.002 -17"><span class='ocrx_word' id='word_1_500' title='bbox 1869 2623 2003 2678; x_wconf 91' lang='lat' dir='ltr'>lutis</span> <span class='ocrx_word' id='word_1_501' title='bbox 2051 2623 2356 2678; x_wconf 88' lang='lat' dir='ltr'>Dominum</span> <span class='ocrx_word' id='word_1_502' title='bbox 2397 2623 2770 2694; x_wconf 89' lang='lat' dir='ltr'>deprecemur</span> <span class='ocrx_word' id='word_1_503' title='bbox 2800 2642 2813 2678; x_wconf 89' lang='lat'><strong>:</strong></span> <span class='ocrx_word' id='word_1_504' title='bbox 2846 2627 2913 2677; x_wconf 94' lang='lat' dir='ltr'>ut</span> <span class='ocrx_word' id='word_1_505' title='bbox 2941 2624 3215 2678; x_wconf 90' lang='lat' dir='ltr'>unitatem</span> <span class='ocrx_word' id='word_1_506' title='bbox 3252 2625 3512 2681; x_wconf 61' lang='lat' dir='ltr'>Ecclesia;</span> 
     </span>
    </p>
   </div>
   <div class='ocr_carea' id='block_1_86' title="bbox 1868 2718 3511 2791">
    <p class='ocr_par' dir='ltr' id='par_1_86' title="bbox 1868 2718 3511 2791">
     <span class='ocr_line' id='line_1_86' title="bbox 1868 2718 3511 2791; baseline 0.002 -20"><span class='ocrx_word' id='word_1_507' title='bbox 1868 2718 2192 2772; x_wconf 87' lang='lat' dir='ltr'>inviolatam</span> <span class='ocrx_word' id='word_1_508' title='bbox 2222 2718 2501 2772; x_wconf 91' lang='lat' dir='ltr'>custodire</span> <span class='ocrx_word' id='word_1_509' title='bbox 2529 2719 2818 2787; x_wconf 82' lang='lat' dir='ltr'>dignetur,</span> <span class='ocrx_word' id='word_1_510' title='bbox 2855 2722 2914 2771; x_wconf 89' lang='lat' dir='ltr'>ut</span> <span class='ocrx_word' id='word_1_511' title='bbox 2938 2718 2998 2772; x_wconf 91' lang='lat' dir='ltr'>in</span> <span class='ocrx_word' id='word_1_512' title='bbox 3031 2719 3299 2789; x_wconf 67' lang='lat' dir='ltr'>praesenti</span> <span class='ocrx_word' id='word_1_513' title='bbox 3327 2724 3511 2791; x_wconf 89' lang='lat' dir='ltr'>prote-</span> 
     </span>
    </p>
   </div>
   <div class='ocr_carea' id='block_1_87' title="bbox 1871 2811 3508 2884">
    <p class='ocr_par' dir='ltr' id='par_1_87' title="bbox 1871 2811 3508 2884">
     <span class='ocr_line' id='line_1_87' title="bbox 1871 2811 3508 2884; baseline 0.002 -19"><span class='ocrx_word' id='word_1_514' title='bbox 1871 2812 2135 2881; x_wconf 90' lang='lat' dir='ltr'>ctionem,</span> <span class='ocrx_word' id='word_1_515' title='bbox 2165 2817 2222 2866; x_wconf 92' lang='lat' dir='ltr'>et</span> <span class='ocrx_word' id='word_1_516' title='bbox 2247 2812 2306 2866; x_wconf 91' lang='lat' dir='ltr'>in</span> <span class='ocrx_word' id='word_1_517' title='bbox 2331 2812 2522 2867; x_wconf 90' lang='lat' dir='ltr'>futuro</span> <span class='ocrx_word' id='word_1_518' title='bbox 2549 2811 2814 2882; x_wconf 89' lang='lat' dir='ltr'>perennis</span> <span class='ocrx_word' id='word_1_519' title='bbox 2844 2812 2969 2867; x_wconf 71' lang='lat' dir='ltr'>vita:</span> <span class='ocrx_word' id='word_1_520' title='bbox 2997 2812 3277 2884; x_wconf 90' lang='lat' dir='ltr'>stipendia</span> <span class='ocrx_word' id='word_1_521' title='bbox 3308 2829 3508 2869; x_wconf 85' lang='lat' dir='ltr'>conse-</span> 
     </span>
    </p>
   </div>
   <div class='ocr_carea' id='block_1_88' title="bbox 1870 2905 2340 2977">
    <p class='ocr_par' dir='ltr' id='par_1_88' title="bbox 1870 2905 2340 2977">
     <span class='ocr_line' id='line_1_88' title="bbox 1870 2905 2340 2977; baseline 0.002 -18"><span class='ocrx_word' id='word_1_522' title='bbox 1870 2905 1968 2977; x_wconf 91' lang='lat' dir='ltr'>qui</span> <span class='ocrx_word' id='word_1_523' title='bbox 1998 2921 2340 2960; x_wconf 89' lang='lat' dir='ltr'>mereamur.</span> 
     </span>
    </p>
   </div>
   <div class='ocr_carea' id='block_1_89' title="bbox 2259 3001 3123 3068">
    <p class='ocr_par' dir='ltr' id='par_1_89' title="bbox 2259 3001 3123 3068">
     <span class='ocr_line' id='line_1_89' title="bbox 2259 3001 3123 3068; baseline 0.002 -16"><span class='ocrx_word' id='word_1_524' title='bbox 2259 3004 2320 3052; x_wconf 85' lang='lat' dir='ltr'>X.</span> <span class='ocrx_word' id='word_1_525' title='bbox 2358 3006 2457 3053; x_wconf 87' lang='lat' dir='ltr'>Pro</span> <span class='ocrx_word' id='word_1_526' title='bbox 2484 3018 2613 3068; x_wconf 91' lang='lat' dir='ltr'>pace</span> <span class='ocrx_word' id='word_1_527' title='bbox 2638 3001 2816 3067; x_wconf 89' lang='lat' dir='ltr'>populi</span> <span class='ocrx_word' id='word_1_528' title='bbox 2843 3007 2895 3053; x_wconf 86' lang='lat' dir='ltr'>et</span> <span class='ocrx_word' id='word_1_529' title='bbox 2921 3017 3123 3067; x_wconf 86' lang='lat' dir='ltr'>regum.</span> 
     </span>
    </p>
   </div>
   <div class='ocr_carea' id='block_1_90' title="bbox 1941 3075 3508 3160">
    <p class='ocr_par' dir='ltr' id='par_1_90' title="bbox 1941 3075 3508 3160">
     <span class='ocr_line' id='line_1_90' title="bbox 1941 3075 3508 3160; baseline 0.001 -17"><span class='ocrx_word' id='word_1_530' title='bbox 1941 3091 2123 3144; x_wconf 90' lang='lat' dir='ltr'>Deum</span> <span class='ocrx_word' id='word_1_531' title='bbox 2166 3105 2229 3142; x_wconf 89' lang='lat' dir='ltr'>ac</span> <span class='ocrx_word' id='word_1_532' title='bbox 2274 3089 2489 3160; x_wconf 82' lang='lat' dir='ltr'>Regem</span> <span class='ocrx_word' id='word_1_533' title='bbox 2531 3089 2803 3143; x_wconf 66' lang='lat' dir='ltr'>universae</span> <span class='ocrx_word' id='word_1_534' title='bbox 2841 3075 3176 3144; x_wconf 80' lang='lat' dir='ltr'>conditionis</span> <span class='ocrx_word' id='word_1_535' title='bbox 3202 3089 3508 3145; x_wconf 91' lang='lat' dir='ltr'>Dominum</span> 
     </span>
    </p>
   </div>
   <div class='ocr_carea' id='block_1_91' title="bbox 1869 3183 3508 3255">
    <p class='ocr_par' dir='ltr' id='par_1_91' title="bbox 1869 3183 3508 3255">
     <span class='ocr_line' id='line_1_91' title="bbox 1869 3183 3508 3255; baseline 0.001 -18"><span class='ocrx_word' id='word_1_536' title='bbox 1869 3183 2197 3255; x_wconf 88' lang='lat' dir='ltr'>suppliciter</span> <span class='ocrx_word' id='word_1_537' title='bbox 2223 3199 2448 3237; x_wconf 90' lang='lat' dir='ltr'>oremus</span> <span class='ocrx_word' id='word_1_538' title='bbox 2480 3200 2492 3236; x_wconf 95' lang='lat'>:</span> <span class='ocrx_word' id='word_1_539' title='bbox 2521 3188 2585 3237; x_wconf 90' lang='lat' dir='ltr'>ut</span> <span class='ocrx_word' id='word_1_540' title='bbox 2613 3184 2842 3255; x_wconf 89' lang='lat' dir='ltr'>regibus</span> <span class='ocrx_word' id='word_1_541' title='bbox 2860 3200 2922 3238; x_wconf 90' lang='lat' dir='ltr'>ac</span> <span class='ocrx_word' id='word_1_542' title='bbox 2951 3183 3316 3255; x_wconf 81' lang='lat' dir='ltr'>potestatibus</span> <span class='ocrx_word' id='word_1_543' title='bbox 3336 3183 3508 3254; x_wconf 87' lang='lat' dir='ltr'>hujus</span> 
     </span>
    </p>
   </div>
   <div class='ocr_carea' id='block_1_92' title="bbox 1792 3277 3511 3374">
    <p class='ocr_par' dir='ltr' id='par_1_92' title="bbox 1792 3277 3511 3374">
     <span class='ocr_line' id='line_1_92' title="bbox 1792 3277 3511 3374; baseline 0.001 -42"><span class='ocrx_word' id='word_1_544' title='bbox 1792 3301 1846 3374; x_wconf 65' lang='grc' dir='ltr'>Ο</span> <span class='ocrx_word' id='word_1_545' title='bbox 1873 3277 2093 3343; x_wconf 91' lang='lat' dir='ltr'>mundi,</span> <span class='ocrx_word' id='word_1_546' title='bbox 2123 3293 2432 3348; x_wconf 88' lang='lat' dir='ltr'>eorumque</span> <span class='ocrx_word' id='word_1_547' title='bbox 2454 3277 2747 3347; x_wconf 90' lang='lat' dir='ltr'>ministris,</span> <span class='ocrx_word' id='word_1_548' title='bbox 2763 3277 3079 3350; x_wconf 90' lang='lat' dir='ltr'>supplicem</span> <span class='ocrx_word' id='word_1_549' title='bbox 3104 3277 3254 3332; x_wconf 91' lang='lat' dir='ltr'>inter</span> <span class='ocrx_word' id='word_1_550' title='bbox 3279 3293 3338 3332; x_wconf 89' lang='lat' dir='ltr'>se</span> <span class='ocrx_word' id='word_1_551' title='bbox 3359 3293 3511 3333; x_wconf 81' lang='lat' dir='ltr'>amo-</span> 
     </span>
    </p>
   </div>
   <div class='ocr_carea' id='block_1_93' title="bbox 1875 3371 2792 3443">
    <p class='ocr_par' dir='ltr' id='par_1_93' title="bbox 1875 3371 2792 3443">
     <span class='ocr_line' id='line_1_93' title="bbox 1875 3371 2792 3443; baseline 0 -17"><span class='ocrx_word' id='word_1_552' title='bbox 1875 3388 1995 3427; x_wconf 90' lang='lat' dir='ltr'>rem</span> <span class='ocrx_word' id='word_1_553' title='bbox 2025 3376 2080 3426; x_wconf 89' lang='lat' dir='ltr'>et</span> <span class='ocrx_word' id='word_1_554' title='bbox 2111 3371 2472 3426; x_wconf 87' lang='lat' dir='ltr'>concordiam</span> <span class='ocrx_word' id='word_1_555' title='bbox 2499 3371 2792 3443; x_wconf 89' lang='lat' dir='ltr'>largiatur.</span> 
     </span>
    </p>
   </div>
   <div class='ocr_carea' id='block_1_94' title="bbox 2247 3471 3129 3536">
    <p class='ocr_par' dir='ltr' id='par_1_94' title="bbox 2247 3471 3129 3536">
     <span class='ocr_line' id='line_1_94' title="bbox 2247 3471 3129 3536; baseline -0.002 -14"><span class='ocrx_word' id='word_1_556' title='bbox 2247 3474 2332 3522; x_wconf 85' lang='lat' dir='ltr'>XI.</span> <span class='ocrx_word' id='word_1_557' title='bbox 2368 3475 2468 3522; x_wconf 90' lang='lat' dir='ltr'>Pro</span> <span class='ocrx_word' id='word_1_558' title='bbox 2494 3473 2760 3536; x_wconf 88' lang='lat' dir='ltr'>spiritibus</span> <span class='ocrx_word' id='word_1_559' title='bbox 2785 3471 3129 3536; x_wconf 86' lang='lat' dir='ltr'>pausantium.</span> 
     </span>
    </p>
   </div>
   <div class='ocr_carea' id='block_1_95' title="bbox 1944 3557 3509 3630">
    <p class='ocr_par' dir='ltr' id='par_1_95' title="bbox 1944 3557 3509 3630">
     <span class='ocr_line' id='line_1_95' title="bbox 1944 3557 3509 3630; baseline 0 -17"><span class='ocrx_word' id='word_1_560' title='bbox 1944 3561 2122 3613; x_wconf 92' lang='lat' dir='ltr'>Deum</span> <span class='ocrx_word' id='word_1_561' title='bbox 2179 3561 2401 3613; x_wconf 90' lang='lat' dir='ltr'>Patrem</span> <span class='ocrx_word' id='word_1_562' title='bbox 2445 3558 2917 3630; x_wconf 88' lang='lat' dir='ltr'>omnipotentem,</span> <span class='ocrx_word' id='word_1_563' title='bbox 2971 3558 3171 3613; x_wconf 88' lang='lat' dir='ltr'>fratres</span> <span class='ocrx_word' id='word_1_564' title='bbox 3212 3557 3509 3628; x_wconf 86' lang='lat' dir='ltr'>carissimi,</span> 
     </span>
    </p>
   </div>
   <div class='ocr_carea' id='block_1_96' title="bbox 1875 3651 3506 3723">
    <p class='ocr_par' dir='ltr' id='par_1_96' title="bbox 1875 3651 3506 3723">
     <span class='ocr_line' id='line_1_96' title="bbox 1875 3651 3506 3723; baseline 0 -17"><span class='ocrx_word' id='word_1_565' title='bbox 1875 3669 1975 3723; x_wconf 91' lang='lat' dir='ltr'>pro</span> <span class='ocrx_word' id='word_1_566' title='bbox 1987 3652 2527 3707; x_wconf 90' lang='lat' dir='ltr'>commemoratione</span> <span class='ocrx_word' id='word_1_567' title='bbox 2543 3652 2940 3706; x_wconf 89' lang='lat' dir='ltr'>defunctorum</span> <span class='ocrx_word' id='word_1_568' title='bbox 2955 3651 3236 3722; x_wconf 89' lang='lat' dir='ltr'>supplices</span> <span class='ocrx_word' id='word_1_569' title='bbox 3249 3667 3506 3706; x_wconf 90' lang='lat' dir='ltr'>oremus:</span> 
     </span>
    </p>
   </div>
   <div class='ocr_carea' id='block_1_97' title="bbox 1875 3739 3510 3817">
    <p class='ocr_par' dir='ltr' id='par_1_97' title="bbox 1875 3739 3510 3817">
     <span class='ocr_line' id='line_1_97' title="bbox 1875 3739 3510 3817; baseline 0 -17"><span class='ocrx_word' id='word_1_570' title='bbox 1875 3752 1938 3800; x_wconf 90' lang='lat' dir='ltr'>ut</span> <span class='ocrx_word' id='word_1_571' title='bbox 1961 3739 2168 3801; x_wconf 84' lang='lat' dir='ltr'>eisdem</span> <span class='ocrx_word' id='word_1_572' title='bbox 2203 3746 2498 3815; x_wconf 90' lang='lat' dir='ltr'>Dominus,</span> <span class='ocrx_word' id='word_1_573' title='bbox 2527 3744 2841 3800; x_wconf 88' lang='lat' dir='ltr'>adtenuatis</span> <span class='ocrx_word' id='word_1_574' title='bbox 2885 3761 3012 3816; x_wconf 72' lang='lat' dir='ltr'>qum</span> <span class='ocrx_word' id='word_1_575' title='bbox 3059 3744 3263 3798; x_wconf 90' lang='lat' dir='ltr'>merito</span> <span class='ocrx_word' id='word_1_576' title='bbox 3309 3761 3510 3817; x_wconf 90' lang='lat' dir='ltr'>aspera</span> 
     </span>
    </p>
   </div>
   <div class='ocr_carea' id='block_1_98' title="bbox 1875 3837 3508 3911">
    <p class='ocr_par' dir='ltr' id='par_1_98' title="bbox 1875 3837 3508 3911">
     <span class='ocr_line' id='line_1_98' title="bbox 1875 3837 3508 3911; baseline -0.001 -18"><span class='ocrx_word' id='word_1_577' title='bbox 1875 3846 2006 3894; x_wconf 89' lang='lat' dir='ltr'>sunt</span> <span class='ocrx_word' id='word_1_578' title='bbox 2037 3839 2216 3911; x_wconf 64' lang='lat' dir='ltr'>culpa:</span> <span class='ocrx_word' id='word_1_579' title='bbox 2253 3839 2514 3911; x_wconf 89' lang='lat' dir='ltr'>piaculis,</span> <span class='ocrx_word' id='word_1_580' title='bbox 2555 3838 2990 3893; x_wconf 91' lang='lat' dir='ltr'>clementissime</span> <span class='ocrx_word' id='word_1_581' title='bbox 3016 3837 3364 3893; x_wconf 89' lang='lat' dir='ltr'>remissionis</span> <span class='ocrx_word' id='word_1_582' title='bbox 3390 3854 3508 3892; x_wconf 63' lang='lat' dir='ltr'>sum</span> 
     </span>
    </p>
   </div>
   <div class='ocr_carea' id='block_1_99' title="bbox 1876 3933 2489 4006">
    <p class='ocr_par' dir='ltr' id='par_1_99' title="bbox 1876 3933 2489 4006">
     <span class='ocr_line' id='line_1_99' title="bbox 1876 3933 2489 4006; baseline 0.002 -19"><span class='ocrx_word' id='word_1_583' title='bbox 1876 3933 2170 4004; x_wconf 87' lang='lat' dir='ltr'>refrigeria</span> <span class='ocrx_word' id='word_1_584' title='bbox 2194 3934 2489 4006; x_wconf 89' lang='lat' dir='ltr'>largiatur.</span> 
     </span>
    </p>
   </div>
   <div class='ocr_carea' id='block_1_100' title="bbox 2340 4034 3036 4098">
    <p class='ocr_par' dir='ltr' id='par_1_100' title="bbox 2340 4034 3036 4098">
     <span class='ocr_line' id='line_1_100' title="bbox 2340 4034 3036 4098; baseline -0.003 -12"><span class='ocrx_word' id='word_1_585' title='bbox 2340 4037 2445 4086; x_wconf 84' lang='lat' dir='ltr'>XII.</span> <span class='ocrx_word' id='word_1_586' title='bbox 2479 4037 2576 4086; x_wconf 90' lang='lat' dir='ltr'>Pro</span> <span class='ocrx_word' id='word_1_587' title='bbox 2603 4034 3036 4098; x_wconf 85' lang='lat' dir='ltr'>competentibus.</span> 
     </span>
    </p>
   </div>
   <div class='ocr_carea' id='block_1_101' title="bbox 1949 4119 3507 4193">
    <p class='ocr_par' dir='ltr' id='par_1_101' title="bbox 1949 4119 3507 4193">
     <span class='ocr_line' id='line_1_101' title="bbox 1949 4119 3507 4193; baseline 0 -19"><span class='ocrx_word' id='word_1_588' title='bbox 1949 4121 2047 4175; x_wconf 92' lang='lat' dir='ltr'>Dei</span> <span class='ocrx_word' id='word_1_589' title='bbox 2073 4122 2251 4176; x_wconf 90' lang='lat' dir='ltr'>Patris</span> <span class='ocrx_word' id='word_1_590' title='bbox 2277 4122 2724 4176; x_wconf 89' lang='lat' dir='ltr'>misericordiam</span> <span class='ocrx_word' id='word_1_591' title='bbox 2746 4138 2849 4193; x_wconf 88' lang='lat' dir='ltr'>pro</span> <span class='ocrx_word' id='word_1_592' title='bbox 2875 4119 3330 4192; x_wconf 90' lang='lat' dir='ltr'>competentibus</span> <span class='ocrx_word' id='word_1_593' title='bbox 3348 4161 3362 4188; x_wconf 93' lang='lat'>,</span> <span class='ocrx_word' id='word_1_594' title='bbox 3391 4119 3507 4174; x_wconf 88' lang='lat' dir='ltr'>fra-</span> 
     </span>
    </p>
   </div>
   <div class='ocr_carea' id='block_1_102' title="bbox 1874 4214 3511 4289">
    <p class='ocr_par' dir='ltr' id='par_1_102' title="bbox 1874 4214 3511 4289">
     <span class='ocr_line' id='line_1_102' title="bbox 1874 4214 3511 4289; baseline -0.001 -19"><span class='ocrx_word' id='word_1_595' title='bbox 1874 4220 1990 4270; x_wconf 90' lang='lat' dir='ltr'>tres</span> <span class='ocrx_word' id='word_1_596' title='bbox 2017 4216 2322 4285; x_wconf 89' lang='lat' dir='ltr'>carissimi,</span> <span class='ocrx_word' id='word_1_597' title='bbox 2365 4217 2646 4289; x_wconf 88' lang='lat' dir='ltr'>supplices</span> <span class='ocrx_word' id='word_1_598' title='bbox 2676 4217 3068 4287; x_wconf 90' lang='lat' dir='ltr'>deprecemur,</span> <span class='ocrx_word' id='word_1_599' title='bbox 3099 4220 3161 4270; x_wconf 92' lang='lat' dir='ltr'>ut</span> <span class='ocrx_word' id='word_1_600' title='bbox 3197 4231 3291 4270; x_wconf 91' lang='lat' dir='ltr'>eos</span> <span class='ocrx_word' id='word_1_601' title='bbox 3317 4214 3511 4269; x_wconf 90' lang='lat' dir='ltr'>Domi-</span> 
     </span>
    </p>
   </div>
   <div class='ocr_carea' id='block_1_103' title="bbox 1875 4309 3513 4382">
    <p class='ocr_par' dir='ltr' id='par_1_103' title="bbox 1875 4309 3513 4382">
     <span class='ocr_line' id='line_1_103' title="bbox 1875 4309 3513 4382; baseline 0 -18"><span class='ocrx_word' id='word_1_602' title='bbox 1875 4326 1982 4364; x_wconf 90' lang='lat' dir='ltr'>nus</span> <span class='ocrx_word' id='word_1_603' title='bbox 2013 4310 2372 4381; x_wconf 89' lang='lat' dir='ltr'>omnipotens</span> <span class='ocrx_word' id='word_1_604' title='bbox 2396 4311 2463 4366; x_wconf 90' lang='lat' dir='ltr'>ad</span> <span class='ocrx_word' id='word_1_605' title='bbox 2481 4312 2694 4366; x_wconf 87' lang='lat' dir='ltr'>fontem</span> <span class='ocrx_word' id='word_1_606' title='bbox 2713 4326 2827 4365; x_wconf 65' lang='lat' dir='ltr'>sua?</span> <span class='ocrx_word' id='word_1_607' title='bbox 2845 4309 3296 4382; x_wconf 86' lang='lat' dir='ltr'>regenerationis</span> <span class='ocrx_word' id='word_1_608' title='bbox 3315 4311 3513 4365; x_wconf 88' lang='lat' dir='ltr'>euntes</span> 
     </span>
    </p>
   </div>
   <div class='ocr_carea' id='block_1_104' title="bbox 1877 4404 3363 4476">
    <p class='ocr_par' dir='ltr' id='par_1_104' title="bbox 1877 4404 3363 4476">
     <span class='ocr_line' id='line_1_104' title="bbox 1877 4404 3363 4476; baseline 0 -19"><span class='ocrx_word' id='word_1_609' title='bbox 1877 4404 2030 4458; x_wconf 89' lang='lat' dir='ltr'>omni</span> <span class='ocrx_word' id='word_1_610' title='bbox 2056 4404 2292 4460; x_wconf 83' lang='lat' dir='ltr'>caelestis</span> <span class='ocrx_word' id='word_1_611' title='bbox 2313 4404 2710 4460; x_wconf 74' lang='lat' dir='ltr'>misericordize</span> <span class='ocrx_word' id='word_1_612' title='bbox 2735 4405 2945 4460; x_wconf 86' lang='lat' dir='ltr'>auxilio</span> <span class='ocrx_word' id='word_1_613' title='bbox 2967 4407 3363 4476; x_wconf 90' lang='lat' dir='ltr'>prosequatur.</span> 
     </span>
    </p>
   </div>
   <div class='ocr_carea' id='block_1_105' title="bbox 2565 4505 2836 4557">
    <p class='ocr_par' dir='ltr' id='par_1_105' title="bbox 2565 4505 2836 4557">
     <span class='ocr_line' id='line_1_105' title="bbox 2565 4505 2836 4557; baseline -0.007 0"><span class='ocrx_word' id='word_1_614' title='bbox 2565 4505 2836 4557; x_wconf 77' lang='lat' dir='ltr'>Collectio.</span> 
     </span>
    </p>
   </div>
   <div class='ocr_carea' id='block_1_106' title="bbox 1949 4587 3514 4657">
    <p class='ocr_par' dir='ltr' id='par_1_106' title="bbox 1949 4587 3514 4657">
     <span class='ocr_line' id='line_1_106' title="bbox 1949 4587 3514 4657; baseline 0.001 -17"><span class='ocrx_word' id='word_1_615' title='bbox 1949 4590 2159 4641; x_wconf 88' lang='lat' dir='ltr'>Auctor</span> <span class='ocrx_word' id='word_1_616' title='bbox 2200 4587 2583 4642; x_wconf 88' lang='lat' dir='ltr'>universitatis</span> <span class='ocrx_word' id='word_1_617' title='bbox 2610 4604 2673 4640; x_wconf 90' lang='lat' dir='ltr'>ac</span> <span class='ocrx_word' id='word_1_618' title='bbox 2704 4587 2934 4641; x_wconf 92' lang='lat' dir='ltr'>Domine</span> <span class='ocrx_word' id='word_1_619' title='bbox 2970 4591 3024 4640; x_wconf 91' lang='lat' dir='ltr'>te</span> <span class='ocrx_word' id='word_1_620' title='bbox 3058 4587 3428 4657; x_wconf 90' lang='lat' dir='ltr'>deprecamur</span> <span class='ocrx_word' id='word_1_621' title='bbox 3457 4591 3514 4641; x_wconf 90' lang='lat' dir='ltr'>et</span> 
     </span>
    </p>
   </div>
   <div class='ocr_carea' id='block_1_107' title="bbox 1793 4676 3506 4750">
    <p class='ocr_par' dir='ltr' id='par_1_107' title="bbox 1793 4676 3506 4750">
     <span class='ocr_line' id='line_1_107' title="bbox 1793 4676 3506 4750; baseline 0.001 -17"><span class='ocrx_word' id='word_1_622' title='bbox 1793 4676 1852 4748; x_wconf 89' lang='lat' dir='ltr'>D</span> <span class='ocrx_word' id='word_1_623' title='bbox 1876 4697 2222 4750; x_wconf 82' lang='lat' dir='ltr'>quaesumus,</span> <span class='ocrx_word' id='word_1_624' title='bbox 2254 4685 2314 4734; x_wconf 93' lang='lat' dir='ltr'>ut</span> <span class='ocrx_word' id='word_1_625' title='bbox 2343 4680 2704 4734; x_wconf 78' lang='lat' dir='ltr'>mortificatos</span> <span class='ocrx_word' id='word_1_626' title='bbox 2745 4679 2986 4733; x_wconf 89' lang='lat' dir='ltr'>terrenis</span> <span class='ocrx_word' id='word_1_627' title='bbox 3012 4679 3159 4734; x_wconf 90' lang='lat' dir='ltr'>vitiis</span> <span class='ocrx_word' id='word_1_628' title='bbox 3196 4679 3256 4734; x_wconf 90' lang='lat' dir='ltr'>in</span> <span class='ocrx_word' id='word_1_629' title='bbox 3295 4696 3506 4735; x_wconf 89' lang='lat' dir='ltr'>novum</span> 
     </span>
    </p>
   </div>
   <div class='ocr_carea' id='block_1_108' title="bbox 1878 4771 3511 4844">
    <p class='ocr_par' dir='ltr' id='par_1_108' title="bbox 1878 4771 3511 4844">
     <span class='ocr_line' id='line_1_108' title="bbox 1878 4771 3511 4844; baseline 0.001 -18"><span class='ocrx_word' id='word_1_630' title='bbox 1878 4773 2169 4827; x_wconf 90' lang='lat' dir='ltr'>hominem</span> <span class='ocrx_word' id='word_1_631' title='bbox 2213 4771 2310 4826; x_wconf 89' lang='lat' dir='ltr'>tibi</span> <span class='ocrx_word' id='word_1_632' title='bbox 2365 4772 2572 4826; x_wconf 87' lang='lat' dir='ltr'>servire</span> <span class='ocrx_word' id='word_1_633' title='bbox 2621 4772 2847 4843; x_wconf 86' lang='lat' dir='ltr'>patiaris</span> <span class='ocrx_word' id='word_1_634' title='bbox 2901 4789 3003 4843; x_wconf 93' lang='lat' dir='ltr'>per</span> <span class='ocrx_word' id='word_1_635' title='bbox 3042 4779 3436 4844; x_wconf 87' lang='lat' dir='ltr'>resurgentem</span> <span class='ocrx_word' id='word_1_636' title='bbox 3477 4792 3511 4828; x_wconf 91' lang='lat' dir='ltr'>a</span> 
     </span>
    </p>
   </div>
   <div class='ocr_carea' id='block_1_109' title="bbox 1879 4864 3280 4922">
    <p class='ocr_par' dir='ltr' id='par_1_109' title="bbox 1879 4864 3280 4922">
     <span class='ocr_line' id='line_1_109' title="bbox 1879 4864 3280 4922; baseline 0.001 -2"><span class='ocrx_word' id='word_1_637' title='bbox 1879 4866 2114 4922; x_wconf 89' lang='lat' dir='ltr'>mortuis</span> <span class='ocrx_word' id='word_1_638' title='bbox 2141 4864 2444 4920; x_wconf 91' lang='lat' dir='ltr'>Dominum</span> <span class='ocrx_word' id='word_1_639' title='bbox 2475 4869 2731 4919; x_wconf 91' lang='lat' dir='ltr'>nostrum</span> <span class='ocrx_word' id='word_1_640' title='bbox 2755 4866 2945 4918; x_wconf 85' lang='lat' dir='ltr'>Jesum</span> <span class='ocrx_word' id='word_1_641' title='bbox 2972 4865 3280 4922; x_wconf 88' lang='lat' dir='ltr'>Christum.</span> 
     </span>
    </p>
   </div>
   <div class='ocr_carea' id='block_1_110' title="bbox 1951 4991 3434 5045">
    <p class='ocr_par' dir='ltr' id='par_1_110' title="bbox 1951 4991 3434 5045">
     <span class='ocr_line' id='line_1_110' title="bbox 1951 4991 3434 5045; baseline 0 -11"><span class='ocrx_word' id='word_1_642' title='bbox 1951 4994 2262 5036; x_wconf 78' lang='lat' dir='ltr'>BENEDICTIO</span> <span class='ocrx_word' id='word_1_643' title='bbox 2298 4993 2448 5032; x_wconf 81' lang='lat' dir='ltr'>CEREI</span> <span class='ocrx_word' id='word_1_644' title='bbox 2487 4992 2670 5032; x_wconf 82' lang='lat' dir='ltr'>SANCTI</span> <span class='ocrx_word' id='word_1_645' title='bbox 2709 4991 2994 5031; x_wconf 78' lang='lat' dir='ltr'>AUGUSTINI</span> <span class='ocrx_word' id='word_1_646' title='bbox 3034 4991 3285 5045; x_wconf 79' lang='lat' dir='ltr'>EPISCOPI,</span> <span class='ocrx_word' id='word_1_647' title='bbox 3328 4995 3434 5035; x_wconf 77' lang='lat' dir='ltr'>CUM</span> 
     </span>
    </p>
   </div>
   <div class='ocr_carea' id='block_1_111' title="bbox 2058 5049 3318 5114">
    <p class='ocr_par' dir='ltr' id='par_1_111' title="bbox 2058 5049 3318 5114">
     <span class='ocr_line' id='line_1_111' title="bbox 2058 5049 3318 5114; baseline -0.003 -8"><span class='ocrx_word' id='word_1_648' title='bbox 2058 5066 2234 5106; x_wconf 76' lang='lat' dir='ltr'><strong>ADHUC</strong></span> <span class='ocrx_word' id='word_1_649' title='bbox 2272 5065 2538 5104; x_wconf 77' lang='lat' dir='ltr'>DIACONUS</span> <span class='ocrx_word' id='word_1_650' title='bbox 2579 5063 2756 5114; x_wconf 83' lang='lat' dir='ltr'>ESSET,</span> <span class='ocrx_word' id='word_1_651' title='bbox 2796 5062 3022 5112; x_wconf 76' lang='lat' dir='ltr'>CECINIT,</span> <span class='ocrx_word' id='word_1_652' title='bbox 3063 5062 3246 5102; x_wconf 76' lang='lat' dir='ltr'>DICENS</span> <span class='ocrx_word' id='word_1_653' title='bbox 3271 5049 3318 5102; x_wconf 66' lang='grc' dir='ltr'>δ.</span> 
     </span>
    </p>
   </div>
   <div class='ocr_carea' id='block_1_112' title="bbox 1955 5147 3513 5223">
    <p class='ocr_par' dir='ltr' id='par_1_112' title="bbox 1955 5147 3513 5223">
     <span class='ocr_line' id='line_1_112' title="bbox 1955 5147 3513 5223; baseline -0.002 -16"><span class='ocrx_word' id='word_1_654' title='bbox 1955 5155 2174 5207; x_wconf 86' lang='lat' dir='ltr'>Exultet</span> <span class='ocrx_word' id='word_1_655' title='bbox 2195 5153 2318 5223; x_wconf 89' lang='lat' dir='ltr'>jam</span> <span class='ocrx_word' id='word_1_656' title='bbox 2345 5151 2597 5222; x_wconf 86' lang='lat' dir='ltr'>angelica</span> <span class='ocrx_word' id='word_1_657' title='bbox 2625 5150 2789 5205; x_wconf 90' lang='lat' dir='ltr'>turba</span> <span class='ocrx_word' id='word_1_658' title='bbox 2815 5149 3080 5204; x_wconf 72' lang='lat' dir='ltr'>caelorum</span> <span class='ocrx_word' id='word_1_659' title='bbox 3110 5164 3123 5201; x_wconf 91' lang='lat'><strong>:</strong></span> <span class='ocrx_word' id='word_1_660' title='bbox 3147 5147 3405 5203; x_wconf 88' lang='lat' dir='ltr'>exultent</span> <span class='ocrx_word' id='word_1_661' title='bbox 3430 5151 3513 5204; x_wconf 81' lang='lat' dir='ltr'>di-</span> 
     </span>
    </p>
   </div>
   <div class='ocr_carea' id='block_1_113' title="bbox 1880 5241 3510 5316">
    <p class='ocr_par' dir='ltr' id='par_1_113' title="bbox 1880 5241 3510 5316">
     <span class='ocr_line' id='line_1_113' title="bbox 1880 5241 3510 5316; baseline 0 -18"><span class='ocrx_word' id='word_1_662' title='bbox 1880 5247 2008 5299; x_wconf 87' lang='lat' dir='ltr'>vina</span> <span class='ocrx_word' id='word_1_663' title='bbox 2039 5246 2323 5316; x_wconf 85' lang='lat' dir='ltr'>mysteria,</span> <span class='ocrx_word' id='word_1_664' title='bbox 2353 5251 2408 5300; x_wconf 93' lang='lat' dir='ltr'>et</span> <span class='ocrx_word' id='word_1_665' title='bbox 2434 5262 2538 5316; x_wconf 93' lang='lat' dir='ltr'>pro</span> <span class='ocrx_word' id='word_1_666' title='bbox 2565 5244 2708 5299; x_wconf 81' lang='lat' dir='ltr'>tanti</span> <span class='ocrx_word' id='word_1_667' title='bbox 2739 5245 2905 5316; x_wconf 83' lang='lat' dir='ltr'>Regis</span> <span class='ocrx_word' id='word_1_668' title='bbox 2939 5241 3170 5298; x_wconf 90' lang='lat' dir='ltr'>victoria</span> <span class='ocrx_word' id='word_1_669' title='bbox 3197 5242 3333 5296; x_wconf 87' lang='lat' dir='ltr'>tuba</span> <span class='ocrx_word' id='word_1_670' title='bbox 3357 5241 3510 5298; x_wconf 88' lang='lat' dir='ltr'>into-</span> 
     </span>
    </p>
   </div>
   <div class='ocr_carea' id='block_1_114' title="bbox 1881 5335 3510 5394">
    <p class='ocr_par' dir='ltr' id='par_1_114' title="bbox 1881 5335 3510 5394">
     <span class='ocr_line' id='line_1_114' title="bbox 1881 5335 3510 5394; baseline -0.002 0"><span class='ocrx_word' id='word_1_671' title='bbox 1881 5343 1976 5394; x_wconf 89' lang='lat' dir='ltr'>net</span> <span class='ocrx_word' id='word_1_672' title='bbox 2003 5339 2312 5394; x_wconf 86' lang='lat' dir='ltr'>salvatoris.</span> <span class='ocrx_word' id='word_1_673' title='bbox 2339 5339 2587 5394; x_wconf 86' lang='lat' dir='ltr'>Gaudeat</span> <span class='ocrx_word' id='word_1_674' title='bbox 2612 5356 2670 5393; x_wconf 92' lang='lat' dir='ltr'>se</span> <span class='ocrx_word' id='word_1_675' title='bbox 2699 5339 2870 5393; x_wconf 89' lang='lat' dir='ltr'>tantis</span> <span class='ocrx_word' id='word_1_676' title='bbox 2905 5337 3056 5392; x_wconf 91' lang='lat' dir='ltr'>illius</span> <span class='ocrx_word' id='word_1_677' title='bbox 3096 5335 3369 5390; x_wconf 72' lang='lat' dir='ltr'>inradiata</span> <span class='ocrx_word' id='word_1_678' title='bbox 3398 5336 3510 5391; x_wconf 89' lang='lat' dir='ltr'>ful-</span> 
     </span>
    </p>
   </div>
   <div class='ocr_carea' id='block_1_115' title="bbox 1883 5430 3511 5505">
    <p class='ocr_par' dir='ltr' id='par_1_115' title="bbox 1883 5430 3511 5505">
     <span class='ocr_line' id='line_1_115' title="bbox 1883 5430 3511 5505; baseline -0.002 -18"><span class='ocrx_word' id='word_1_679' title='bbox 1883 5433 2134 5505; x_wconf 89' lang='lat' dir='ltr'>goribus,</span> <span class='ocrx_word' id='word_1_680' title='bbox 2163 5432 2359 5486; x_wconf 69' lang='lat' dir='ltr'>teterni</span> <span class='ocrx_word' id='word_1_681' title='bbox 2387 5433 2556 5504; x_wconf 85' lang='lat' dir='ltr'>Regis</span> <span class='ocrx_word' id='word_1_682' title='bbox 2575 5433 2866 5503; x_wconf 87' lang='lat' dir='ltr'>splendore</span> <span class='ocrx_word' id='word_1_683' title='bbox 2895 5433 3148 5498; x_wconf 90' lang='lat' dir='ltr'>lustrata,</span> <span class='ocrx_word' id='word_1_684' title='bbox 3175 5431 3344 5484; x_wconf 89' lang='lat' dir='ltr'>totius</span> <span class='ocrx_word' id='word_1_685' title='bbox 3361 5430 3511 5484; x_wconf 89' lang='lat' dir='ltr'>orbis</span> 
     </span>
    </p>
   </div>
   <div class='ocr_carea' id='block_1_116' title="bbox 1881 5525 3517 5597">
    <p class='ocr_par' dir='ltr' id='par_1_116' title="bbox 1881 5525 3517 5597">
     <span class='ocr_line' id='line_1_116' title="bbox 1881 5525 3517 5597; baseline -0.001 -15"><span class='ocrx_word' id='word_1_686' title='bbox 1881 5544 1938 5582; x_wconf 90' lang='lat' dir='ltr'>se</span> <span class='ocrx_word' id='word_1_687' title='bbox 1969 5527 2171 5582; x_wconf 87' lang='lat' dir='ltr'>sentiat</span> <span class='ocrx_word' id='word_1_688' title='bbox 2201 5526 2452 5581; x_wconf 84' lang='lat' dir='ltr'>amisisse</span> <span class='ocrx_word' id='word_1_689' title='bbox 2477 5526 2798 5597; x_wconf 89' lang='lat' dir='ltr'>caliginem.</span> <span class='ocrx_word' id='word_1_690' title='bbox 2839 5525 3084 5580; x_wconf 85' lang='lat' dir='ltr'>Laetetur</span> <span class='ocrx_word' id='word_1_691' title='bbox 3117 5529 3300 5579; x_wconf 90' lang='lat' dir='ltr'>mater</span> <span class='ocrx_word' id='word_1_692' title='bbox 3337 5525 3517 5580; x_wconf 90' lang='lat' dir='ltr'>Eccle-</span> 
     </span>
    </p>
   </div>
   <div class='ocr_carea' id='block_1_117' title="bbox 1882 5617 3513 5690">
    <p class='ocr_par' dir='ltr' id='par_1_117' title="bbox 1882 5617 3513 5690">
     <span class='ocr_line' id='line_1_117' title="bbox 1882 5617 3513 5690; baseline -0.002 -14"><span class='ocrx_word' id='word_1_693' title='bbox 1882 5621 1962 5676; x_wconf 86' lang='lat' dir='ltr'>sia</span> <span class='ocrx_word' id='word_1_694' title='bbox 1981 5621 2122 5676; x_wconf 90' lang='lat' dir='ltr'>tanti</span> <span class='ocrx_word' id='word_1_695' title='bbox 2147 5621 2379 5676; x_wconf 90' lang='lat' dir='ltr'>luminis</span> <span class='ocrx_word' id='word_1_696' title='bbox 2390 5624 2584 5674; x_wconf 88' lang='lat' dir='ltr'>ornata</span> <span class='ocrx_word' id='word_1_697' title='bbox 2598 5619 2753 5690; x_wconf 85' lang='lat' dir='ltr'>fulgo</span> <span class='ocrx_word' id='word_1_698' title='bbox 2761 5635 2839 5686; x_wconf 90' lang='lat' dir='ltr'>re,</span> <span class='ocrx_word' id='word_1_699' title='bbox 2859 5624 2915 5673; x_wconf 90' lang='lat' dir='ltr'>et</span> <span class='ocrx_word' id='word_1_700' title='bbox 2937 5617 3160 5689; x_wconf 85' lang='lat' dir='ltr'>magnis</span> <span class='ocrx_word' id='word_1_701' title='bbox 3175 5619 3513 5690; x_wconf 89' lang='lat' dir='ltr'>populorum</span> 
     </span>
    </p>
   </div>
   <div class='ocr_carea' id='block_1_118' title="bbox 1882 5754 3510 5828">
    <p class='ocr_par' dir='ltr' id='par_1_118' title="bbox 1882 5754 3510 5828">
     <span class='ocr_line' id='line_1_118' title="bbox 1882 5754 3510 5828; baseline -0.004 -13"><span class='ocrx_word' id='word_1_702' title='bbox 1882 5760 2074 5815; x_wconf 91' lang='lat' dir='ltr'>itidem</span> <span class='ocrx_word' id='word_1_703' title='bbox 2106 5759 2408 5827; x_wconf 87' lang='lat' dir='ltr'>habentur,</span> <span class='ocrx_word' id='word_1_704' title='bbox 2436 5756 2532 5812; x_wconf 91' lang='lat' dir='ltr'>sed</span> <span class='ocrx_word' id='word_1_705' title='bbox 2559 5755 2726 5828; x_wconf 90' lang='lat' dir='ltr'>paulo</span> <span class='ocrx_word' id='word_1_706' title='bbox 2763 5754 2998 5810; x_wconf 85' lang='lat' dir='ltr'>diversae</span> <span class='ocrx_word' id='word_1_707' title='bbox 3036 5755 3106 5809; x_wconf 91' lang='lat' dir='ltr'>ab</span> <span class='ocrx_word' id='word_1_708' title='bbox 3136 5754 3224 5810; x_wconf 88' lang='lat' dir='ltr'>his</span> <span class='ocrx_word' id='word_1_709' title='bbox 3250 5771 3376 5826; x_wconf 67' lang='lat' dir='ltr'>quae</span> <span class='ocrx_word' id='word_1_710' title='bbox 3405 5755 3510 5809; x_wconf 90' lang='lat' dir='ltr'>hoc</span> 
     </span>
    </p>
   </div>
   <div class='ocr_carea' id='block_1_119' title="bbox 1882 5831 2371 5886">
    <p class='ocr_par' dir='ltr' id='par_1_119' title="bbox 1882 5831 2371 5886">
     <span class='ocr_line' id='line_1_119' title="bbox 1882 5831 2371 5886; baseline -0.004 -2"><span class='ocrx_word' id='word_1_711' title='bbox 1882 5831 2003 5886; x_wconf 93' lang='lat' dir='ltr'>loco</span> <span class='ocrx_word' id='word_1_712' title='bbox 2029 5831 2371 5886; x_wconf 86' lang='lat' dir='ltr'>referuntur.</span> 
     </span>
    </p>
   </div>
   <div class='ocr_carea' id='block_1_120' title="bbox 1952 5896 3509 5966">
    <p class='ocr_par' dir='ltr' id='par_1_120' title="bbox 1952 5896 3509 5966">
     <span class='ocr_line' id='line_1_120' title="bbox 1952 5896 3509 5966; baseline -0.004 -8"><span class='ocrx_word' id='word_1_713' title='bbox 1952 5904 1976 5942; x_wconf 77' lang='grc' dir='ltr'>ἀ</span> <span class='ocrx_word' id='word_1_714' title='bbox 2010 5904 2162 5958; x_wconf 89' lang='lat' dir='ltr'>Idem</span> <span class='ocrx_word' id='word_1_715' title='bbox 2188 5901 2386 5957; x_wconf 90' lang='lat' dir='ltr'>titulus</span> <span class='ocrx_word' id='word_1_716' title='bbox 2422 5900 2480 5954; x_wconf 90' lang='lat' dir='ltr'>in</span> <span class='ocrx_word' id='word_1_717' title='bbox 2515 5899 2769 5956; x_wconf 88' lang='lat' dir='ltr'>Gothico.</span> <span class='ocrx_word' id='word_1_718' title='bbox 2793 5899 2962 5954; x_wconf 85' lang='lat' dir='ltr'>Multa</span> <span class='ocrx_word' id='word_1_719' title='bbox 2986 5896 3076 5953; x_wconf 91' lang='lat' dir='ltr'>hic</span> <span class='ocrx_word' id='word_1_720' title='bbox 3097 5897 3388 5966; x_wconf 89' lang='lat' dir='ltr'>mendosa,</span> <span class='ocrx_word' id='word_1_721' title='bbox 3413 5896 3509 5952; x_wconf 90' lang='lat' dir='ltr'>sed</span> 
     </span>
    </p>
   </div>
   <div class='ocr_carea' id='block_1_121' title="bbox 1885 5971 2637 6030">
    <p class='ocr_par' dir='ltr' id='par_1_121' title="bbox 1885 5971 2637 6030">
     <span class='ocr_line' id='line_1_121' title="bbox 1885 5971 2637 6030; baseline -0.001 0"><span class='ocrx_word' id='word_1_722' title='bbox 1885 5975 2056 6030; x_wconf 89' lang='lat' dir='ltr'>cuivis</span> <span class='ocrx_word' id='word_1_723' title='bbox 2081 5973 2241 6028; x_wconf 90' lang='lat' dir='ltr'>facile</span> <span class='ocrx_word' id='word_1_724' title='bbox 2266 5971 2637 6029; x_wconf 89' lang='lat' dir='ltr'>emendanda.</span> 
     </span>
    </p>
   </div>
  </div>
