4006 6228
442 386 547 443 499

445 590 646 646 fratres
671 590 966 661 carissimi,
992 590 1064 645 ad
1088 595 1205 645 tam
1228 588 1436 646 miram
1464 590 1639 646 sancti
1659 590 1832 663 hujus
1850 593 2081 649 luminis

446 685 758 742 claritatem
790 701 903 739 una
925 700 1170 754 mecum,
1192 700 1404 755 quaeso,
1421 684 1518 740 Dei
1536 685 1944 758 omnipotentis
1964 687 2079 742 mi-

448 779 810 834 sericordiam
835 779 1121 847 invocato;
1144 782 1209 832 ut
1234 778 1331 849 qui
1357 794 1459 833 nos
1488 779 1754 851 dignatus
1781 785 1864 836 est
1883 781 2083 853 adgre-

448 889 605 946 gare,
650 872 886 928 luminis
926 871 1015 926 sui
1055 871 1299 943 gratiam
1341 872 1696 943 infundente,
1726 874 1874 929 cerei
1911 875 2083 947 hujus

447 968 675 1023 laudem
700 967 939 1038 implere
960 966 1257 1037 percipiat.
1279 967 1517 1023 Sursum
1541 967 1730 1023 corda.
1761 968 2013 1040 Dignum
2030 975 2085 1026 et

440 1062 663 1134 justum
689 1064 773 1114 est
794 1060 1136 1116 invisibilem
1162 1061 1492 1131 Dominum,
1520 1062 1968 1134 omnipotentem
1988 1066 2085 1118 Pa;

442 1160 616 1225 trem,
648 1154 965 1226 Filiumque
990 1154 1357 1226 unigenitum
1386 1156 1691 1211 Dominum
1715 1160 1979 1212 nostrum
2000 1159 2085 1214 Je—

447 1266 576 1305 sum
593 1248 903 1319 Christum,
936 1252 1056 1305 toto
1087 1250 1272 1305 cordis
1303 1267 1366 1305 ac
1394 1251 1603 1305 mentis
1623 1250 1827 1306 affectu
1853 1256 1910 1307 et
1933 1252 2083 1307 vocis

449 1342 768 1399 ministerio
812 1359 1134 1415 personare.
1183 1344 1290 1408 Qui
1331 1360 1435 1415 pro
1477 1344 1639 1399 nobis
1678 1349 1891 1400 aeterno
1934 1346 2085 1400 Patri

435 1438 583 1494 Adae
609 1436 867 1493 debitum
893 1436 1087 1506 solvit;
1117 1442 1173 1493 et
1196 1438 1400 1492 veteris
1414 1437 1623 1509 piaculi
1644 1438 1965 1493 cantionem
1984 1440 2083 1511 pio

444 1548 651 1589 cruore
679 1530 930 1587 detersit.
958 1532 1088 1587 Hinc
1116 1535 1250 1586 sunt
1282 1531 1438 1587 enim
1478 1532 1623 1587 festa
1664 1532 1952 1588 Paschalia
1976 1575 1989 1602 ,
2026 1533 2085 1588 in

442 1626 657 1699 quibus
682 1640 847 1681 verus
885 1624 983 1680 ille
1011 1628 1208 1696 Agnus
1251 1626 1547 1695 occiditur,
1592 1627 1829 1698 ejusque
1854 1627 2087 1699 sanguis

445 1720 705 1793 postibus
734 1722 1113 1789 consecratur,
1139 1719 1200 1774 in
1221 1736 1333 1791 qua
1353 1720 1607 1791 primum
1626 1720 1768 1776 scire
1784 1727 2011 1792 tempus
2031 1724 2088 1775 et

448 1815 670 1883 horam,
699 1814 760 1868 in
785 1830 899 1885 qua
911 1812 1165 1867 Christus
1187 1814 1257 1867 ab
1271 1814 1464 1868 inferis
1484 1815 1808 1871 resurrexit.
1834 1816 1963 1870 Haec
1974 1830 2086 1870 nox

450 1912 554 1979 est,
589 1909 658 1964 de
683 1924 795 1979 qua
820 1906 1093 1978 scriptum
1124 1911 1241 1962 est:
1275 1908 1343 1962 Et
1366 1924 1481 1963 nox
1497 1912 1563 1963 ut
1583 1909 1703 1964 dies
1728 1888 2089 1964 inluminabi-
2108 1891 2164 1965 Β

449 2004 563 2072 tur,
592 2007 649 2059 et
672 2018 789 2058 nox
817 2000 1174 2056 inluminatio
1201 2017 1329 2057 mea
1372 2002 1434 2056 in
1461 2001 1679 2057 deliciis
1712 2004 1874 2059 meis.
1904 2004 2082 2075 Hujus

442 2096 628 2169 igitur
655 2094 1020 2151 sanctiﬁcatio
1044 2094 1225 2150 noctis
1253 2096 1415 2168 fugat
1441 2096 1649 2150 scelera
1668 2139 1680 2163 ,
1703 2097 1893 2168 culpas
1919 2097 2086 2164 lavat,

453 2195 509 2246 et
532 2189 717 2247 reddit
742 2187 1125 2244 innocentiam
1143 2189 1331 2262 lapsis,
1364 2189 1577 2244 maestis
1597 2189 1855 2245 laetitiam
1885 2207 1898 2245 :
1929 2191 2091 2261 fugat

451 2284 596 2352 odia,
626 2283 983 2339 concordiam
1008 2288 1210 2354 parat,
1240 2289 1297 2339 et
1322 2288 1517 2339 curvat
1543 2284 1801 2356 imperia.
1835 2286 1893 2339 ln
1920 2284 2092 2355 hujus

453 2379 629 2451 igitur
652 2378 832 2433 noctis
876 2380 1118 2450 gratiam
1143 2377 1363 2450 suscipe
1383 2420 1397 2448 ,
1430 2382 1619 2433 sancte
1658 2380 1844 2448 Pater,
1880 2377 2093 2434 incensi

450 2473 625 2543 hujus
667 2472 1005 2527 sacriﬁcium
1041 2472 1453 2544 vespertinum,
1498 2471 1651 2545 quod
1694 2471 1756 2527 in
1793 2472 1901 2527 hac
1947 2472 2092 2528 cerei

446 2565 733 2633 oblatione
761 2566 1021 2621 sollemni
1047 2583 1153 2639 per
1178 2565 1573 2621 ministrorum
1594 2582 1796 2621 manus
1816 2566 1885 2621 de
1913 2566 2092 2638 operi-

449 2661 558 2716 bus
584 2676 758 2731 apum
795 2665 1144 2716 sacrosancta
1188 2659 1374 2716 reddit
1412 2660 1674 2716 Ecclesia.
1705 2660 1813 2715 Sed
1834 2661 1957 2731 jam
1995 2677 2089 2715 co-

450 2754 663 2809 lumnae
675 2754 846 2826 huius
861 2753 1145 2826 praeconia
1168 2753 1451 2822 novimus,
1477 2770 1649 2826 quam
1676 2753 1736 2808 in
1754 2754 1975 2809 honore
1994 2754 2091 2810 Dei

454 2849 691 2905 rutilans
728 2847 880 2919 ignis
915 2848 1191 2903 accendit.
1238 2848 1343 2912 Qui
1372 2847 1502 2902 licet
1545 2847 1755 2903 divisus
1783 2847 1844 2902 in
1880 2853 2091 2920 partes,

453 2942 699 2999 mutuati
726 2941 963 2999 luminis
978 2941 1318 2997 detrimenta
1342 2957 1459 2996 non
1478 2941 1654 2996 novit.
1676 2941 1861 2996 Alitur
1875 2942 2095 3013 liquan-

455 3037 608 3094 tibus
637 3036 800 3104 ceris,
832 3052 974 3109 quas
1012 3036 1072 3091 in
1111 3035 1421 3091 substantia
1457 3034 1723 3106 preciosae
1753 3035 1927 3107 hujus
1950 3036 2093 3090 lam-

452 3131 613 3204 padis
639 3130 760 3202 apis
785 3136 968 3186 mater
994 3130 1210 3186 eduxit.
1251 3129 1386 3201 Apis
1440 3129 1639 3183 ceteris
1683 3146 1811 3201 quas
1848 3129 2097 3201 subjecta

448 3228 589 3293 sunt
615 3224 841 3281 homini
866 3223 1251 3279 animantibus
1278 3222 1730 3290 antecellit,cum
1757 3224 1830 3278 sit
1858 3224 2097 3279 minima

1302 386 1634 442 APPENDIX
1670 387 1758 442 AD
1795 389 2018 445 UPERA
2053 390 2108 446 S.
2147 392 2450 451 GERMANI
2486 394 2911 454 PARlSlENSlS.

444 494 673 552 vocibus
720 494 842 552 haec
887 494 1017 552 aula
1055 494 1309 552 resultet.
1355 496 1474 560 Qua
1514 495 1864 553 adstantibus
1900 497 2077 570 vobis,
2100 513 2161 587 Α

3719 402 3838 457 500

2559 522 2629 560 AD
2676 518 3041 564 CERIBﬂANUI
3080 522 3389 566 FACIBNDUU
3408 518 3455 564 ⁸.

2256 610 2403 663 Deus
2427 607 2669 665 caritatis
2696 610 2868 664 totius
2908 610 3272 667 conﬂrmator
3304 615 3362 667 et
3397 612 3680 682 conditor,
3725 615 3836 687 qui

2182 701 2431 757 maculas
2457 703 2657 758 mundi
2676 705 2920 760 mortem
2945 705 3256 778 fugandam
3282 705 3481 775 fecisti,
3505 712 3562 764 te
3591 720 3837 764 oramus

2184 801 2241 851 et
2267 811 2613 868 quaesumus,
2640 801 2707 852 ut
2728 797 3006 855 custodias
3032 798 3283 856 animam
3309 800 3508 856 famuli
3532 800 3617 857 tui
3641 801 3726 858 ill.
3762 805 3840 858 ut

2183 891 2399 946 calcato
2448 890 2669 946 diabolo
2715 893 3050 949 conrobores
3075 910 3238 965 eum;
3266 897 3333 950 ut
3368 894 3540 967 primi
3568 896 3835 968 parentis

2184 985 2419 1040 detersis
2445 986 2692 1041 tenebris
2713 1029 2727 1057 ,
2754 987 3126 1044 christianum
3150 1005 3361 1045 nomen
3386 989 3497 1045 ﬁde
3522 990 3828 1063 percipiat.

2868 1109 2997 1158 Item
3033 1109 3150 1160 alia.

2255 1200 2398 1253 Deus
2442 1198 2540 1271 qui
2579 1198 2801 1272 perdita
2846 1216 3095 1272 repares,
3122 1206 3179 1256 et
3204 1206 3459 1274 reparata
3486 1219 3828 1274 conservas;

2186 1292 2334 1347 Deus
2361 1292 2457 1364 qui
2485 1294 2855 1366 opprobrium
2878 1294 3204 1367 gentilitatis
3224 1294 3448 1369 signare
3469 1297 3573 1353 sub
3588 1296 3835 1354 titulum

2185 1385 2431 1441 nominis
2456 1386 2539 1441 tui
2578 1388 2917 1460 praecepisti,
2948 1392 3013 1443 ut
3037 1389 3107 1444 ad
3143 1389 3361 1446 fontem
3391 1391 3660 1464 baptismi
3688 1409 3830 1465 per-

2185 1480 2380 1535 venire
2402 1485 2748 1537 mereantur.

2863 1572 2992 1622 Item
3020 1570 3136 1622 alia.

2261 1668 2497 1725 Domine
2527 1675 2715 1725 sancte
2739 1671 2904 1725 Pater
2920 1671 3277 1743 omnipotens
3297 1677 3507 1731 aeterne
3535 1676 3702 1744 Deus,
3727 1676 3834 1748 qui

2186 1763 2363 1818 fecisti
2390 1764 2590 1819 caelum
2632 1769 2688 1819 et
2715 1768 2947 1835 terram,
2987 1782 3140 1822 mare
3176 1770 3232 1822 et
3272 1768 3463 1824 omnia
3500 1785 3631 1841 quae.
3658 1768 3719 1825 in
3747 1769 3833 1825 eis

2190 1856 2352 1927 sunt;
2381 1857 2663 1929 respicere
2690 1859 2943 1931 digneris
2984 1860 3054 1915 ad
3094 1877 3288 1933 preces
3317 1861 3656 1918 humilitatis
3680 1879 3831 1919 mea

2189 1968 2293 2023 pro
2336 1951 2552 2007 famulo
2592 1955 2693 2007 tuo
2733 1952 2837 2023 ill.,
2884 1970 2988 2025 per
3020 1954 3430 2011 invocationem
3467 1956 3714 2012 nominis
3741 1958 3831 2014 tui

2190 2045 2489 2101 conﬁrmes
2516 2063 2649 2101 eum
2668 2089 2682 2114 ,
2714 2046 3017 2103 inlumines
3041 2048 3259 2104 vultum
3299 2050 3564 2106 claritatis
3591 2057 3703 2107 tute
3728 2070 3827 2107 su-

2191 2155 2295 2210 per
2337 2156 2489 2194 eum.
2539 2138 2875 2197 Benedicere
2903 2145 2959 2196 et
2992 2142 3334 2198 sanctiﬁcare
3362 2143 3654 2216 digneris;
3682 2146 3833 2202 sicut

2188 2232 2530 2289 benedixisti
2558 2233 2791 2289 domum
2821 2234 3128 2305 Abraham,
3160 2237 3327 2304 Isaac,
3363 2242 3419 2293 et
3441 2239 3629 2295 Jacob.
3661 2240 3828 2297 Adsi-

2196 2345 2308 2399 gna
2348 2328 2400 2383 ei
2444 2329 2713 2400 angelum
2758 2327 2932 2401 pacis,
2978 2329 3249 2401 angelum
3278 2330 3701 2404 misericordiae,
3729 2335 3833 2408 qui

2194 2438 2326 2476 eum
2354 2421 2623 2494 perducat
2652 2422 2723 2477 ad
2751 2422 2921 2477 vitam
2950 2427 3221 2478 aeternam
3242 2467 3255 2494 ,
3286 2425 3587 2497 adjuvante
3614 2428 3835 2500 Spiritu

2194 2518 2404 2583 sancto,
2434 2518 2491 2570 et
2510 2516 2577 2571 de
2602 2515 2857 2570 faucibus
2884 2516 3101 2572 inimici
3128 2518 3331 2574 liberes
3357 2536 3508 2589 eum,
3537 2525 3594 2576 et
3620 2537 3725 2593 per
3750 2521 3829 2576 si—

2198 2626 2377 2681 gnum
2409 2611 2537 2665 Jesu
2580 2610 2788 2666 Christi
2813 2615 3039 2684 tempus
3065 2612 3193 2667 vitae
3225 2629 3340 2669 sua:
3388 2614 3653 2686 religiose
3690 2632 3832 2671 con-

2196 2701 2369 2757 sistat.
2401 2702 2525 2757 Per.

2271 2833 2418 2887 Deus
2444 2832 2540 2904 qui
2570 2850 2649 2903 es,
2676 2837 2732 2889 et
2754 2835 2855 2907 qui
2880 2850 3003 2891 eras
3021 2878 3035 2905 ,
3070 2841 3125 2891 et
3151 2853 3450 2908 permanes
3478 2855 3654 2911 usque
3678 2838 3740 2894 in
3760 2838 3831 2894 ﬂ-

2152 2932 2159 2937 ‘
2195 2942 2331 2983 nem
2355 2926 2569 2997 saeculi,
2599 2928 2763 3000 cuius
2787 2929 2951 3002 origo
2981 2930 3250 2999 nescitur,
3278 2947 3383 2988 nec
3412 2931 3541 2987 ﬁnis
3564 2948 3832 3006 compre-

2192 3021 2447 3078 hendere
2470 3026 2683 3094 potest;
2734 3027 2788 3079 te
2827 3041 3061 3080 oramus
3086 3029 3144 3080 et
3170 3042 3514 3098 quesumus,
3551 3032 3618 3083 ut
3642 3033 3831 3084 custo-

2197 3116 2316 3170 dias
2359 3115 2613 3172 animam
2656 3118 2861 3172 famuli
2899 3118 2984 3173 tui
3024 3118 3104 3173 ill.
3146 3136 3319 3191 quem
3346 3120 3597 3176 liberasti
3638 3122 3709 3177 de
3736 3138 3837 3180 ore

2198 3210 2520 3282 gentilium,
2539 3215 2597 3266 et
2611 3228 2645 3266 a
2670 3212 3092 3268 conversatione
3116 3214 3378 3285 pessima.
3399 3214 3644 3288 Dignare
3663 3233 3838 3272 exau-

457 3263 589 3281 πω
615 3263 841 3281 non...“
866 3263 1251 3279 ....................
1278 3263 1730 3290 .......w....,.......
1757 3263 1830 3278 νη
1859 3263 2097 3279 ............
2199 3263 2231 3282 ο
2547 3263 2594 3266 -κ
2615 3263 2644 3266 —
2678 3263 2798 3267 ππ
2819 3263 3089 3268 -η-η-νη
3116 3263 3378 3285 επη--η
3399 3263 3644 3288 mou—ﬂ
3666 3263 3812 3272 ----

457 3318 707 3390 corporis
732 3318 1026 3389 parvitate,
1044 3317 1305 3388 ingentes
1332 3315 1551 3371 animas
1575 3322 1816 3388 augusto
1831 3324 2016 3374 versat
2038 3320 2097 3374 in
2118 3263 2172 3338 C
2199 3304 2319 3360 dire
2349 3321 2505 3376 eum:
2538 3306 2637 3377 (Ιῑιί
2662 3306 2761 3360 tibi
2785 3305 3027 3363 ceI‘Vice‘
3045 3324 3173 3362 suas
3188 3308 3450 3364 humili“
3470 3313 3527 3365 et
3545 3311 3839 3382 Perveni”-

458 3416 705 3484 pectore,
739 3410 954 3465 viribus
996 3409 1297 3479 inbecillis,
1346 3410 1443 3465 sed
1481 3410 1642 3465 fortis
1670 3411 1923 3482 ingenio.
1971 3414 2097 3467 Haec

459 3505 750 3578 explorata
774 3509 1099 3577 temporum
1122 3502 1262 3575 vice,
1278 3520 1409 3561 cum
1434 3504 1701 3560 canitiem
1726 3505 1997 3576 pruinosa
2015 3507 2099 3561 hi-

454 3582 634 3657 berna
657 3603 990 3672 posuerunt,
1024 3603 1081 3655 et
1110 3598 1340 3671 glaciale
1384 3598 1607 3654 senium
1637 3600 1797 3655 verni
1824 3600 2096 3672 temporis

456 3694 747 3752 moderata
791 3693 1106 3762 deterserit,
1146 3693 1339 3748 statim
1381 3693 1697 3765 prodeundi
1743 3695 1815 3749 ad
1842 3695 2097 3751 laborem

460 3806 597 3847 cura
621 3787 907 3844 succendit
928 3806 945 3842 :
970 3788 1351 3861 dispersasque
1378 3804 1482 3859 per
1501 3804 1667 3860 agros
1694 3788 1947 3844 libratim
1966 3805 2101 3860 pau-

459 3883 640 3939 lulum
664 3881 954 3953 pinnibus,
986 3881 1247 3936 cruribus
1286 3881 1572 3953 suspensis
1615 3881 1889 3953 insidunt,
1939 3888 2100 3954 parte

462 3993 559 4031 ore
592 3976 783 4047 legere
825 3974 1108 4041 ﬂosculos,
1140 3974 1385 4029 oneratis
1426 3974 1763 4031 victualibus
1807 3977 1877 4031 ad
1920 3981 2101 4032 castra

462 4072 754 4137 remeant;
784 4068 979 4139 ibique
1005 4067 1130 4122 aliae
1165 4068 1551 4124 inaestimabili
1576 4074 1717 4139 arte,
1757 4070 1985 4126 cellulas
2013 4075 2098 4125 te-

461 4162 587 4221 naci
615 4160 835 4234 glutino
864 4161 1170 4217 instruunt.
1203 4161 1339 4217 Alias
1374 4162 1647 4234 liquentia
1673 4164 1845 4218 mella
1869 4164 2097 4235 stipant,

461 4257 588 4314 aliae
618 4259 845 4312 vertunt
870 4256 1038 4312 ﬂores
1063 4255 1122 4310 in
1148 4272 1366 4325 ceram,
1393 4256 1519 4312 alia:
1541 4274 1638 4313 ore
1665 4262 1825 4313 natos
1852 4258 2098 4328 tingunt,

462 4352 583 4407 alia:
609 4350 852 4407 collectis
879 4367 909 4406 e
937 4348 1088 4405 foliis
1124 4354 1317 4406 nectar
1357 4350 1674 4407 includunt.
1706 4352 1748 4406 Ο
1776 4368 1906 4406 vere
1940 4351 2103 4407 beata

465 4451 523 4501 et
548 4445 821 4501 mirabilis
848 4445 1000 4517 apis,
1030 4445 1192 4515 cujus
1218 4461 1322 4500 nec
1367 4462 1567 4501 sexum
1603 4445 1837 4501 masculi
1867 4444 2098 4515 violant,

463 4556 569 4597 nec
593 4539 695 4596 tilii
723 4539 1026 4595 destruunt
1052 4537 1367 4594 castitatem
1399 4556 1412 4594 :
1444 4540 1591 4594 sicut
1627 4543 1817 4594 sancta
1845 4538 2105 4610 concepit

464 4634 657 4704 Maria,
689 4633 849 4705 virgo
892 4631 1132 4705 peperit,
1180 4637 1236 4688 et
1284 4633 1448 4705 virgo
1495 4632 1826 4705 permansit.
1884 4633 1927 4688 Ο
1972 4641 2182 4713 vereD

465 4729 631 4784 beata
646 4744 758 4783 nox
778 4727 790 4781 l
814 4743 944 4799 quae
965 4727 1271 4799 expoliavit
1285 4727 1593 4799 Egyptios,
1609 4726 1805 4783 ditavit
1824 4727 2102 4783 Hebrteos.

466 4824 605 4888 Nox,
636 4821 694 4875 in
723 4838 835 4893 qua
859 4821 1101 4877 terrenis
1127 4820 1369 4876 caelestia
1386 4820 1732 4892 junguntur.
1760 4822 2001 4878 Oramus
2027 4826 2111 4892 te,

467 4913 726 4984 Domine,
754 4919 815 4970 ut
840 4932 1035 4971 cereus
1061 4916 1165 4970 iste
1189 4915 1250 4969 in
1274 4915 1557 4971 honorem
1588 4915 1842 4971 nominis
1868 4916 1951 4972 tui
1979 4932 2107 4972 con-

465 5013 736 5078 sacratus,
763 5009 833 5064 ad
860 5009 1042 5065 noctis
1066 5008 1240 5079 hujus
1269 5009 1542 5081 caligines
1561 5010 1931 5067 destruendas
1952 5010 2108 5065 inde-

466 5104 657 5161 ﬁciens
684 5103 743 5159 in
769 5104 1003 5158 odorem
1029 5102 1323 5158 suavitatis
1356 5109 1618 5177 acceptus
1647 5104 1908 5176 supernis
1931 5104 2105 5160 lumi-

466 5198 697 5254 naribus
708 5196 1029 5264 misceatur,
1046 5195 1415 5270 ﬂammasque
1428 5198 1549 5270 ejus
1561 5198 1785 5254 Lucifer
1794 5197 2107 5253 matutinus

464 5292 736 5348 inveniat.
770 5290 867 5345 Ille
895 5290 1130 5362 inquam
1176 5291 1418 5359 Lucifer,
1463 5292 1562 5364 qui
1606 5292 1785 5348 nescit
1822 5308 2103 5348 occasum.

466 5387 563 5442 Ille
590 5385 689 5458 qui
714 5400 1004 5456 regressus
1026 5384 1096 5439 ab
1124 5383 1338 5454 inferis,
1370 5386 1623 5441 humano
1656 5386 1853 5458 generi
1874 5403 2107 5443 serenus

464 5479 690 5535 inluxit.
725 5480 1029 5534 Precamur
1082 5496 1242 5551 ergo,
1296 5478 1553 5542 Domine,
1600 5484 1667 5534 ut
1712 5497 1817 5535 nos
1862 5480 2106 5535 famulos

466 5577 613 5642 tuos,
662 5587 894 5627 omnem
945 5572 1182 5644 clerum,
1224 5580 1281 5629 et
1334 5574 1761 5630 devotissimum
1804 5573 2102 5644 populum,

467 5665 655 5739 quiete
682 5669 1006 5736 temporum
1035 5684 1325 5738 concessa,
1359 5667 1419 5722 in
1462 5668 1551 5723 his
1591 5665 1943 5739 paschalibus
1970 5681 2102 5720 con-

468 5773 690 5814 servare
722 5757 995 5829 digneris.

540 5890 571 5923 ει
608 5862 769 5928 Idem‘
789 5871 984 5927 titulus
1008 5874 1179 5929 etiam
1205 5874 1263 5930 in
1291 5874 1548 5945 Gothico,
1581 5876 1677 5931 sed
1707 5875 1988 5932 orationes
2015 5875 2102 5930 di-

472 5956 664 5996 versas.

2190 3399 2269 3453 ad
2291 3398 2639 3470 baptismum
2667 3399 2840 3455 fontis
2880 3401 3314 3473 regeneratione
3341 3420 3409 3459 ex
3436 3420 3584 3476 aqua
3623 3408 3679 3459 et
3704 3405 3834 3477 Spi-

2200 3492 2315 3547 ritu
2340 3498 2552 3563 sancto,
2584 3493 2682 3566 qui
2709 3511 2839 3550 cum
2866 3497 3030 3551 Patre
3062 3501 3119 3552 et
3149 3497 3285 3552 Filio
3311 3498 3445 3553 vivit
3469 3501 3527 3554 et
3549 3504 3772 3571 regnat.

2277 3625 2426 3679 Facis
2449 3625 2664 3695 signum
2693 3627 2732 3690 τι
2760 3628 2819 3681 in
2843 3642 2963 3682 eum
2990 3633 3039 3683 et
3059 3628 3198 3684 dices
3223 3630 3554 3699 Symbolum.

2273 3745 2476 3816 Accipe
2497 3744 2727 3817 signum
2745 3747 2929 3803 crucis
2942 3750 3062 3802 tam
3075 3748 3134 3804 in
3146 3749 3352 3819 fronte,
3371 3767 3548 3821 quam
3564 3751 3625 3808 in
3643 3755 3813 3811 corde

2201 3839 2438 3910 Semper
2483 3844 2602 3894 esto
2634 3839 2835 3896 ﬁdelis.
2867 3842 3168 3913 Templum
3198 3843 3298 3899 Dei
3326 3843 3660 3915 ingredere;
3686 3847 3842 3906 idola

2202 3932 2551 4003 derelinque.
2595 3934 2728 3989 Cole
2771 3936 2951 3990 Deum
3000 3938 3222 3992 Patrem
3267 3938 3751 4013 omnipotentem,
3779 3948 3840 3998 et

2200 4022 2390 4081 Jesum
2417 4026 2707 4081 Christum
2734 4028 2937 4084 Filium
2965 4030 3087 4102 ejus
3107 4073 3121 4101 ,
3149 4031 3249 4103 qui
3275 4038 3545 4089 venturus
3574 4040 3659 4090 est
3676 4036 3833 4107 judi-

2203 4136 2330 4175 care
2358 4120 2508 4175 vivos
2529 4125 2586 4176 et
2609 4127 2863 4178 mortuos
2880 4166 2894 4194 ,
2930 4128 2986 4179 et
3010 4126 3283 4180 saeculum
3308 4143 3410 4199 per
3451 4126 3647 4199 ignem
3664 4173 3679 4201 ,
3707 4147 3836 4187 cum

2205 4214 2419 4286 Spiritu
2443 4218 2635 4270 sancto
2663 4216 2725 4271 in
2746 4217 2952 4272 saecula
2975 4219 3333 4275 smculorum.

2274 4346 2405 4400 Post
2439 4346 2547 4402 haec
2571 4348 2881 4417 insufflabis
2902 4351 2961 4402 in
2989 4364 3043 4403 os
3085 4348 3197 4419 ejus
3221 4354 3321 4413 ter,
3348 4356 3400 4408 et
3423 4352 3564 4408 dices
3591 4371 3608 4406 :
3640 4353 3835 4425 Accipe

2206 4438 2483 4509 Spiritum
2509 4443 2788 4509 sanctum,
2812 4446 2868 4497 et
2893 4441 2953 4497 in
2979 4442 3146 4499 corde
3175 4446 3387 4500 teneas.

2688 4605 2884 4645 INCIPIT
2922 4606 3066 4647 οιωο
3101 4608 3167 4647 ΒΔ
3174 4608 3349 4647 ΡΤΙΞΠῙ
3359 4634 3371 4646 .

2280 4718 2570 4775 Exorcidio
2596 4719 2623 4762 ι)
2647 4723 2727 4791 te,
2757 4724 3014 4776 creatura
3038 4738 3200 4793 aquae
3217 4763 3230 4790 ,
3259 4722 3320 4777 in
3343 4722 3577 4780 nomine
3602 4722 3701 4779 Dei
3733 4725 3831 4779 Pa-

2206 4813 2307 4868 tris
2333 4814 2756 4886 omnipotentis,
2787 4818 2844 4870 et
2880 4814 2939 4869 in
2975 4815 3207 4871 nomine
3244 4816 3469 4872 Domini
3506 4817 3690 4872 nostri
3711 4818 3838 4874 Jesu

2198 4902 2415 4963 Christi
2441 4907 2565 4961 Filii
2592 4907 2734 4978 ejus,
2763 4912 2819 4964 et
2843 4908 3084 4981 Spiritus
3110 4909 3290 4965 sancti
3312 4952 3326 4980 ,
3357 4914 3423 4965 ut
3454 4910 3639 4965 omnis
3666 4911 3838 4967 virtus

2206 5001 2531 5069 adversarii,
2547 5017 2744 5057 omnes
2774 5003 3053 5059 exercitus
3083 5003 3316 5075 diaboli,
3341 5020 3540 5060 omnes
3562 5004 3831 5075 incursus,

2206 5112 2374 5151 omne
2401 5094 2679 5151 fantasma
2705 5097 2988 5153 eradicare
3016 5102 3073 5154 et
3098 5098 3350 5171 effugere
3376 5099 3445 5153 ab
3462 5099 3567 5155 hac
3588 5102 3839 5155 creatura

2205 5206 2389 5264 aquae,
2418 5193 2484 5246 ut
2509 5190 2582 5245 sit
2609 5190 2894 5261 omnibus,
2925 5192 3025 5264 qui
3066 5193 3127 5247 in
3156 5209 3284 5247 eam
3319 5193 3645 5249 descensuri
3688 5198 3831 5263 sunt,

2205 5286 2332 5340 fons
2359 5300 2523 5357 aqua:
2552 5285 2811 5340 salutaris
2836 5285 2900 5341 in
2923 5285 3097 5341 vitam
3126 5290 3399 5342 aeternam
3430 5304 3443 5342 :
3476 5292 3540 5343 ut
3577 5303 3705 5343 cum
3739 5287 3831 5342 ba-

2206 5379 2446 5451 ptizatus
2470 5379 2531 5434 in
2559 5395 2627 5435 ea
2650 5380 2905 5453 quisquis
2931 5380 3123 5452 fuerit,
3172 5382 3269 5436 ﬁat
3300 5382 3584 5455 templum
3608 5381 3705 5438 Dei
3729 5381 3835 5436 vivi

2206 5474 2265 5529 in
2288 5473 2622 5530 remissione
2652 5478 3016 5546 peccatorum
3042 5474 3100 5530 in
3126 5475 3365 5531 nomine
3391 5476 3493 5531 Dei
3523 5476 3701 5531 Patris
3725 5492 3836 5531 om-

2206 5569 2531 5641 nipotentis,
2560 5572 2617 5625 et
2639 5568 2846 5624 Christi
2870 5569 2999 5625 Jesu
3026 5569 3151 5624 Filii
3188 5569 3311 5639 ejus
3338 5575 3396 5625 et
3436 5570 3681 5641 Spiritus
3708 5587 3832 5626 san-

2206 5663 2299 5731 cti,
2332 5663 2430 5735 qui
2451 5663 2809 5735 judicaturus
2831 5667 2915 5718 est
2940 5663 3211 5719 saeculum
3237 5680 3341 5735 per
3363 5664 3579 5736 ignem,
3604 5680 3705 5736 per
3729 5665 3827 5720 hoc

2206 5756 2559 5833 signaculum
2586 5757 2736 5829 quod
2767 5762 3062 5829 permanet
3085 5757 3147 5813 in
3174 5757 3381 5814 saecula
3405 5757 3763 5814 saeculorum.

2237 5942 2247 5954 ο
2276 5876 2303 5915 b
2337 5874 2416 5926 ιω
2439 5872 2610 5997 ἓξὲξ]
2637 5873 2848 5944 legitur
2873 5874 2933 5931 in
2961 5875 3135 5931 veteri
3164 5873 3365 5931 Missali
3405 5874 3683 5932 Gallicano
3718 5891 3833 5949 pas-

2237 5959 2315 5997 im
2338 5960 2372 5996 a
2397 5959 2453 5997 τι.
2587 5980 2601 5996 .

2206 5959 2315 5998 31m
2338 5960 2372 5996 a
2397 5959 2453 6015 p.
2478 5959 2601 5997 .502.
