4006 6228
150 304 244 358 501

907 415 1098 467 Oratio.

682 304 1296 366 SACRAMENTARIUM
1332 308 1776 367 GALLICANUM.
1820 335 1888 350 --
1925 309 2293 368 LECTIONES
2328 311 2419 368 DE
2454 311 2768 370 ADVENTU
2808 310 3063 370 DOMINI.

3454 272 3561 369 502‘

1844 430 1904 508 Α
1926 434 2071 491 quos
2098 419 2169 476 de
2197 420 2453 477 tenebris
2472 419 2546 477 ad
2570 420 2757 477 lucem
2786 415 3224 493 redirejussisti,
3255 416 3444 478 nullus
3461 417 3557 478 de-

215 485 636 560 Omnipotens
682 489 1027 562 sempiterna
1076 491 1224 545 Deus
1240 498 1290 561 ι,
1347 490 1539 548 adesto
1595 507 1823 564 magna:

1958 514 2168 587 ipiatur
2198 514 2493 572 fraudibus
2518 514 2754 572 inimici.

148 581 380 655 pietatis
410 587 542 640 tum
570 584 880 657 mysteriis,
908 585 1100 641 adesto
1127 585 1510 655 sacramentis,
1540 589 1599 642 et
1621 602 1820 643 creau-

150 676 235 733 dis
256 676 430 732 novis
460 679 730 750 papulis,
758 696 901 753 quos
914 679 1019 736 tibi
1034 679 1161 736 fons
1186 679 1542 752 baptismatis
1555 680 1819 753 parturit,

148 770 426 844 spiritum
455 772 800 846 adoptionis
828 774 1053 844 emitte;
1084 778 1149 830 ut
1170 775 1321 847 quod
1350 774 1688 830 humilitatis
1714 792 1819 830 no-

153 871 285 923 stris
316 868 664 939 gerendum
687 874 770 925 est
792 869 1127 939 ministerio,
1158 873 1270 926 tuae
1298 868 1523 926 virtutis
1546 870 1823 942 complea-

156 966 253 1017 tur
285 961 529 1018 eti’ectu.
568 965 721 1020 Deus
748 964 848 1036 qui
888 965 1155 1021 invisibili
1182 965 1435 1038 potentia
1453 969 1823 1020 sacramento-

151 1072 284 1111 rum
314 1058 578 1113 tuorum
999 1060 1252 1132 operaria
1288 1059 1583 1129 effectum,
1612 1062 1670 1114 et
1692 1059 1823 1114 licet

152 1167 256 1206 nos
278 1150 468 1207 tantis
500 1152 796 1224 mysteriis
838 1154 1212 1226 exsequendis
1250 1154 1427 1210 simus
1460 1152 1714 1226 indigni,
1758 1157 1823 1208 tu

153 1251 349 1301 tamen
380 1247 604 1317 gratim
631 1252 747 1304 tua:
774 1248 924 1304 dona
947 1264 1063 1305 non
1088 1250 1354 1306 deserens
1371 1291 1385 1319 ,
1413 1249 1585 1305 etiam
1609 1249 1678 1303 ad
1712 1264 1821 1303 no-

152 1345 299 1397 stras
319 1356 544 1413 preces
570 1358 740 1399 aures
767 1347 883 1398 ture
912 1342 1140 1415 pietatis
1184 1343 1411 1399 inclina.
1456 1345 1632 1413 Deus,
1662 1342 1824 1414 cujus

153 1434 396 1505 spiritus
423 1452 619 1507 super
640 1453 815 1509 aquas
839 1436 991 1493 inter
1023 1438 1146 1509 ipsa
1169 1438 1484 1509 primordia
1515 1437 1820 1506 ferebatur,

156 1533 219 1584 ut
242 1528 430 1585 etiam
459 1532 612 1586 tunc
637 1531 908 1588 virtutem
929 1530 1388 1587 sanctiﬁcationis
1414 1547 1694 1604 aquarum
1719 1547 1821 1588 na-

155 1627 287 1678 tura
315 1624 684 1697 conciperet.

750 1696 999 1748 Collectio
1026 1696 1276 1760 sequitur.

2011 635 2198 701 Incipit
2226 637 2551 688 exorcismus
2574 636 2818 701 hominis,
2848 640 3125 702 antequam
3161 637 3467 703 baptizatur.

1995 727 2290 782 Exorcidio
2315 731 2392 796 te,
2408 728 2639 800 spiritus
2653 728 2956 797 inmundo,
2990 745 3093 801 per
3116 729 3299 784 Deum
3324 730 3555 786 Patrem

1924 820 2405 892 omnipotentem,
2442 822 2541 893 qui
2570 824 2705 878 fecit
2732 824 2935 879 caelum
2963 826 3022 878 et
3042 825 3283 892 terram,
3310 840 3472 880 mare
3498 827 3559 879 et

1924 914 2122 970 omnia
2143 932 2271 986 quae
2296 915 2355 970 in
2395 916 2477 970 eis
2506 919 2638 971 sunt
2670 934 2683 973 :
2719 921 2780 971 ut
2809 934 3013 973 omnes
3051 916 3332 984 incursus,
3379 930 3557 975 omne

1922 1009 2215 1063 fantasma
2233 1009 2559 1065 eradicetur
2582 1026 2647 1065 ac
2664 1011 2898 1082 fugetur
2922 1011 2996 1066 ab
3023 1012 3133 1067 hoc
3164 1013 3468 1083 plasmate,
3496 1015 3562 1068 ut

1922 1102 2024 1158 fiat
2070 1104 2356 1174 templum
2400 1103 2502 1158 Dei
2543 1107 2826 1171 sanctum,
2878 1104 2936 1159 in
2988 1105 3224 1161 nomine
3252 1106 3351 1161 Dei
3375 1105 3558 1161 Patris

1925 1197 2340 1267 omnipotentis
2371 1200 2429 1251 et
2453 1199 2586 1252 Iesu
2614 1196 2825 1253 Christi
2854 1197 2976 1253 Filii
3020 1199 3163 1269 ejus,
3211 1197 3308 1270 qui
3333 1198 3556 1270 judica-

1924 1294 2084 1345 turus
2113 1293 2201 1345 est
2228 1291 2501 1345 saeculum
2529 1307 2635 1363 per
2654 1290 2851 1362 ignem
2886 1290 2947 1346 in
2990 1291 3204 1362 Spiritu
3251 1294 3452 1348 sancto
3499 1292 3557 1348 in

1924 1385 2130 1439 saecula
2153 1385 2512 1439 saeculorum.
3530 1450 3537 1457 ,

1999 1481 2196 1546 Tangis
2242 1494 2425 1540 nares,
2467 1478 2664 1533 deinde
2708 1479 2891 1533 dicis:
2940 1478 3171 1546 Eti'ecta,
3222 1478 3423 1534 effecta
3473 1484 3561 1535 est

1924 1570 2108 1627 hostia
2134 1571 2196 1626 in
2226 1572 2465 1627 odorem
2491 1571 2803 1626 suavitatis.

2003 1667 2171 1737 Ungis
2202 1682 2320 1722 eum
2342 1666 2408 1720 de
2436 1667 2548 1722 oleo
2572 1668 2930 1737 sanctiﬁcato,
2958 1666 3140 1723 dicens
3166 1685 3184 1721 :
3219 1666 3383 1738 Ungo
3406 1667 3462 1722 te
3491 1665 3563 1723 de

230 1770 410 1837 Deus,
471 1770 583 1842 qui
634 1770 888 1825 nocentis
936 1757 1136 1825 mundi
1189 1769 1427 1825 crimina
1468 1785 1572 1841 per
1618 1785 1825 1841 aquam
1846 1813 1900 1842 η
1927 1761 2053 1815 oleo
2075 1760 2445 1827 sanctificato,
2474 1760 2621 1815 sicut
2651 1760 2812 1815 unxit
2846 1759 3125 1815 Samuhel
3156 1757 3332 1816 David
3370 1760 3430 1815 in
3456 1761 3562 1829 fre-

230 1813 410 1837 υν““’9
473 1813 583 1842 Ἱ¹¹⁴⁸
634 1813 888 1825 υννν⁵⁴““¹¹’
936 1813 1136 1825 ⁶⁶³“¹⁵⁵⁸“¹⁸⁶
1189 1813 1427 1825 ν⁵⁶⁶⁵¹⁸⁸⁸⁵⁸⁹
1470 1813 1563 1841 [³⁸⁸⁵
1618 1813 1825 1841 “⁶“·ι“⁴““¹⁵“⁵⁵⁸
1940 1813 1974 1815 ή⁷
2029 1813 2041 1815 ψ
2078 1813 2089 1814 ”
2110 1813 2199 1815 “’7’
2219 1813 2315 1815 '7’"
2351 1813 2379 1814 Ἡ
2402 1813 2413 1815 ⁷
2433 1813 2444 1827 ¹
2482 1813 2513 1814 Π

159 1863 425 1933 abluens,
462 1863 922 1936 regenerationis
950 1864 1199 1935 speciem
1228 1862 1287 1919 in
1312 1863 1435 1935 ipsa
1459 1862 1654 1919 diluvii
1681 1863 1825 1919 effu-
1846 1813 1904 1886 B
1930 1870 2064 1925 86m
2091 1858 2147 1909 et
2174 1854 2538 1926 Propheta"!-

162 1958 322 2014 sione
350 1957 640 2030 signasti;
671 1958 849 2013 libera
870 1957 941 2013 ab
963 1958 1117 2012 omni
1140 1957 1555 2029 impugnatoris
1573 1957 1825 2026 incursu,

164 2057 220 2107 et
243 2052 432 2107 totius
461 2052 747 2125 nequitiae
775 2056 1033 2124 purgatae
1077 2050 1342 2107 discessu.
1383 2051 1464 2107 Sit
1507 2050 1645 2106 vivis
1682 2067 1830 2123 aqua

166 2162 559 2219 regenerans,
588 2146 740 2201 unda
764 2144 1067 2217 purificans
1088 2164 1103 2200 :
1128 2150 1193 2200 ut
1210 2145 1469 2200 homines
1486 2145 1594 2200 hoc
1612 2145 1830 2200 lavacro

166 2240 414 2295 salutem
443 2240 511 2296 in
542 2240 626 2295 eis
653 2240 871 2311 Spiritu
894 2244 1087 2294 sancto
1112 2238 1414 2310 purificati,
1442 2239 1707 2311 perfecta;
1728 2255 1831 2311 pu-

171 2333 517 2390 rificationis
544 2333 962 2406 indulgentiam
1001 2336 1439 2404 consequantur.
1471 2333 1628 2388 Unde
1652 2330 1827 2388 bene-

170 2429 296 2483 dico
340 2432 426 2496 te,
481 2434 746 2484 creatura
792 2444 978 2500 aquae,
1027 2443 1132 2499 per
1175 2426 1419 2490 Deum-l-
1454 2442 1683 2494 verum,
1727 2443 1832 2499 per

175 2524 362 2579 Deum
391 2523 435 2586 -ι-
462 2526 729 2579 sanctum
749 2564 763 2593 ,
792 2522 891 2595 qui
916 2525 972 2577 te
1002 2521 1061 2576 in
1090 2520 1369 2593 principio
1406 2521 1576 2576 verbo
1604 2537 1827 2593 separa-

175 2618 252 2672 vit
279 2618 354 2672 ab
381 2617 573 2686 arida,
591 2621 648 2673 et
660 2617 722 2671 in
737 2620 1005 2689 quattuor
1019 2615 1274 2671 ﬂuminis
1291 2620 1461 2671 teme
1481 2616 1669 2688 rigare
1688 2633 1831 2688 prte-

178 2711 358 2784 cepit;
390 2711 497 2783 qui
523 2715 581 2766 te
611 2710 672 2765 in
709 2711 928 2766 deserto
954 2726 1217 2765 amarum
1246 2710 1515 2765 suavitate
1544 2710 1721 2765 indita
1745 2711 1829 2765 fe-

179 2805 253 2860 cit
280 2821 406 2860 esse
435 2804 772 2877 potabilem,
801 2809 858 2859 et
882 2804 1107 2860 sitiente
1147 2805 1355 2876 populo
1391 2804 1460 2860 de
1502 2808 1664 2877 petra
1707 2821 1833 2876 pro-

182 2899 381 2970 duxit;
412 2909 454 2973 -ι-
477 2899 759 2955 benedico
807 2904 861 2954 te
899 2914 1004 2972 per
1046 2899 1238 2954 Iesum
1272 2897 1593 2966 Christum,
1625 2898 1831 2954 Filium

182 2995 305 3065 ejus
324 2993 576 3050 unicum
605 2992 911 3049 Dominum
937 2998 1199 3048 nostrum
1226 2993 1325 3065 qui
1354 2997 1408 3048 te
1434 2991 1495 3047 in
1521 2993 1713 3048 Chana
1736 2993 1835 3047 Ga-

182 3091 356 3162 lileza,
390 3093 629 3162 signum
654 3100 692 3164 -ί-
716 3090 1072 3160 admirabile,
1088 3107 1190 3145 sua
1208 3091 1459 3162 potentia
1481 3091 1758 3147 convertit
1774 3090 1834 3146 in

2006 1949 2208 2016 Tangis
2231 1963 2412 2009 nares,
2440 1953 2492 2002 et
2514 1962 2691 2009 aures,
2720 1951 2772 2002 et
2784 1952 2990 2018 pectus.
3020 1948 3274 2019 Operare
3301 1950 3565 2003 creatura

1932 2041 2063 2107 olei,
2096 2057 2355 2112 operare,
2379 2044 2444 2094 ut
2490 2056 2610 2095 non
2642 2041 2818 2095 lateat
2851 2041 2943 2095 hic
2978 2040 3298 2097 inmundus
3334 2040 3566 2113 spiritus

1933 2151 2037 2189 nec
2069 2134 2127 2189 in
2155 2134 2453 2201 membris,
2483 2150 2590 2188 nec
2627 2134 2687 2188 in
2719 2134 3009 2202 medullis,
3031 2151 3142 2189 nec
3185 2135 3245 2189 in
3284 2152 3399 2191 uno
3438 2152 3568 2190 con-

1930 2229 2144 2300 pagine
2198 2227 2634 2293 membrorum;
2690 2228 2792 2282 sed
2837 2230 3108 2299 operetur
3159 2227 3220 2282 in
3279 2230 3335 2283 te
3389 2227 3566 2283 virtus

1931 2321 2137 2377 Christi
2163 2320 2284 2376 Filii
2306 2320 2407 2376 Dei
2431 2320 2695 2376 altissimi
2716 2324 2773 2377 et
2788 2320 3032 2393 Spiritus
3048 2321 3228 2377 sancti
3248 2337 3353 2393 per
3372 2320 3567 2377 omnia

1933 2416 2156 2471 saecula.

2001 2512 2313 2578 Interrogas
2338 2510 2684 2578 nomenejus
2729 2509 2956 2564 dicens:
2998 2507 3136 2574 Quis
3175 2507 3384 2564 dicitur
3408 2507 3438 2563 τ
3482 2510 3563 2564 Ill.

1929 2603 2322 2659 Abrenuncias
2347 2607 2583 2671 satana,
2610 2602 2841 2675 pompis
2869 2602 3011 2675 ejus,
3042 2601 3276 2658 luxuriis
3308 2601 3442 2670 suis,
3470 2617 3568 2657 sm-

1933 2699 2059 2753 culo
2085 2697 2218 2752 huic
2237 2696 2266 2752 ?

2002 2794 2158 2862 Resp.
2187 2788 2597 2847 Abrenunciat.
2627 2792 2738 2846 Hoc
2762 2794 2844 2845 ter
2873 2790 3035 2846 dices.

2004 2888 2309 2953 Interrogas
2334 2900 2524 2939 nomen
2547 2885 2667 2953 ejus
2696 2897 2712 2933 :
2748 2883 2885 2949 Quis
2913 2883 3122 2938 dicitur
3140 2883 3169 2938 ?
3195 2884 3277 2939 Ill.

2005 2978 2201 3032 Credit
2220 2978 2280 3033 in
2312 2978 2497 3032 Deum
2545 2978 2772 3031 Patrem
2816 2976 3308 3049 omnipotentem,
3352 2980 3571 3033 creato-

1934 3089 2060 3128 rem
2089 3071 2213 3126 casli
2244 3073 2303 3126 et
2336 3070 2546 3127 terrae?
2567 3073 2722 3142 Resp.
2755 3070 2983 3126 Credat.

183 3186 415 3256 vinum;
450 3186 557 3259 qui
599 3162 839 3257 pedibus
872 3200 1043 3256 super
1072 3188 1126 3239 te
1153 3184 1498 3253 ambulavit,
1543 3188 1602 3241 et
1640 3185 1711 3240 ab
1736 3186 1832 3240 ,Ιο-
1855 3188 1910 3262 C
1944 3261 1949 3262 γ
2008 3165 2205 3262 (ἶνέάίί
2231 3168 2287 3219 et
2309 3164 2368 3219 in
2385 3167 2574 3220 Iesum
2603 3162 2893 3220 Chrismm
2919 3163 3125 3262 Filii"?
3155 3166 3280 3262 Bilis
3315 3165 3569 3235 “nicum.

185 3279 378 3335 mne
422 3258 486 3335 id
529 3280 771 3335 Iordane
817 3279 1131 3351 baptizatus
1177 3283 1290 3347 est;
1329 3279 1427 3350 qui
1461 3283 1517 3333 te
1554 3295 1670 3334 una
1705 3296 1835 3333 cum
1872 3258 1908 3262 ν
1936 3259 2251 3315 Dominum
2277 3261 2560 3328 nostrum,
2594 3261 2938 3330 conceptum
2976 3258 3046 3313 de
3095 3259 3309 3330 Spiritu
3352 3263 3571 3329 sancto,

189 3373 470 3446 sanguine
506 3375 577 3430 de
619 3374 795 3429 latere
837 3390 940 3427 suo
968 3372 1257 3445 produxit,
1289 3377 1346 3427 et
1386 3372 1679 3444 discipulis
1722 3372 1837 3427 suis

162 3468 370 3538 .jussit,
417 3473 487 3524 ut
532 3468 940 3523 credentes.....
986 3467 1336 3539 baptizantes
1363 3482 1461 3522 eos
1505 3466 1563 3521 in
1604 3466 1836 3523 nomine

194 3561 371 3616 Patris
396 3565 457 3619 et
497 3561 624 3616 Filii
663 3565 721 3617 et
745 3561 985 3632 Spiritus
1018 3561 1212 3630 sancti,
1243 3560 1342 3632 qui
1368 3560 1506 3615 vivit
1529 3563 1585 3616 et
1609 3564 1833 3633 regnat.

267 3655 507 3711 Sursum
527 3655 716 3711 corda.
737 3654 986 3727 Dignum
1015 3658 1072 3709 et
1092 3654 1314 3725 justum
1344 3658 1445 3724 est,
1479 3654 1838 3725 omnipotens

204 3749 347 3803 Deus
377 3769 393 3804 :
420 3749 525 3822 qui
561 3746 835 3821 aperuisti
863 3748 1029 3803 nobis
1069 3748 1288 3803 fontem
1333 3748 1461 3803 vitae
1505 3752 1753 3817 mternas,
1782 3750 1840 3803 et

198 3858 543 3914 regenerans
567 3860 671 3898 nos
709 3859 814 3914 per
851 3842 1124 3914 Spiritum
1150 3845 1317 3897 tuum
1346 3845 1600 3897 sanctum
1622 3883 1636 3909 ,
1666 3858 1838 3913 quem

200 3934 398 3992 ducem
427 3954 550 3993 esse
582 3936 753 4007 hujus
778 3936 954 3990 sancti
982 3936 1187 3991 lavacri
1216 3936 1275 3990 in
1301 3935 1631 3991 remissione
1650 3952 1840 4008 pecca-

200 4032 409 4100 torum,
439 4036 499 4087 et
522 4030 645 4087 fieri
668 4032 952 4086 lavacrum
969 4047 1134 4103 aquae
1158 4030 1220 4085 in
1241 4030 1458 4102 Spiritu
1478 4032 1671 4085 sancto
1697 4049 1711 4086 :
1736 4047 1841 4102 per

203 4138 370 4194 quem
419 4141 655 4182 omnem
692 4124 974 4180 maculam
1016 4124 1222 4180 tollens
1254 4140 1289 4178 a
1311 4124 1475 4180 nobis
1498 4167 1513 4194 ,
1542 4123 1703 4179 emis
1737 4140 1840 4180 nos

203 4222 465 4288 mortem,
495 4223 552 4274 et
576 4217 764 4273 induis
788 4234 893 4273 nos
918 4217 1093 4273 vitam
1123 4235 1137 4273 :
1167 4218 1270 4273 tibi
1297 4218 1622 4273 adsistentis
1639 4217 1699 4272 in
1727 4219 1841 4290 glo-

205 4310 286 4364 ria
313 4312 613 4368 laudamus
638 4314 863 4369 Patrem
891 4328 1117 4384 semper
1141 4312 1201 4367 in
1224 4312 1374 4367 caelis
1398 4354 1412 4381 ,
1444 4316 1500 4367 et
1520 4310 1841 4383 recipientis

208 4419 272 4459 ex
289 4405 455 4463 initio
476 4406 743 4462 virtutem
758 4422 861 4478 per
882 4406 1185 4461 Dominum
1202 4409 1460 4461 nostrum
1478 4406 1668 4461 Iesum
1685 4405 1841 4461 Chri-

210 4500 376 4555 stum.
402 4502 511 4556 Per
538 4517 709 4574 quem
736 4504 791 4554 te
819 4501 995 4555 Deum
1018 4501 1239 4556 Patrem
1267 4499 1715 4572 omnipotentem
1738 4499 1833 4556 de-

1938 3355 2137 3409 natum
2160 3369 2226 3406 ex
2255 3351 2430 3407 Maria
2450 3351 2691 3424 virgine,
2715 3369 2947 3423 passum
2973 3352 3077 3406 sub
3120 3352 3324 3408 Pontio
3368 3354 3572 3422 Pilato,

1937 3447 2269 3502 cruciﬁxum
2291 3449 2349 3500 et
2370 3446 2677 3517 sepultum.
2701 3445 3009 3501 Descendit
3029 3445 3101 3500 ad
3126 3445 3376 3515 inferna,
3406 3447 3578 3504 tertia

1938 3541 2033 3596 die
2052 3540 2362 3613 resurrexit
2389 3557 2422 3594 a
2438 3539 2681 3593 mortuis
2712 3555 2726 3593 :
2760 3538 3019 3593 ascendit
3038 3539 3096 3593 in
3115 3541 3303 3607 caelos,
3335 3539 3483 3595 sedit
3502 3540 3575 3596 ad

1939 3634 2235 3690 dexteram
2256 3633 2359 3689 Dei
2384 3632 2568 3688 Patris
2591 3632 3011 3704 omnipotentis
3038 3632 3172 3687 inde
3192 3635 3465 3689 venturus
3487 3634 3576 3705 ju-

1940 3728 2131 3783 dicare
2164 3727 2317 3782 vivos
2342 3744 2406 3781 ac
2428 3728 2687 3782 mortuos
2704 3725 2731 3779 ?
2757 3729 2917 3796 Resp.
2950 3725 3179 3781 Credat.

2011 3820 2205 3877 Credit
2227 3821 2285 3875 in
2316 3820 2596 3901 Spiritum
2641 3821 2927 3888 sanctum,
2969 3822 3227 3874 sanctam
3263 3820 3575 3876 Ecclesiam

1941 3915 2306 3983 catholicam,
2358 3917 2688 3971 sanctorum
2728 3913 3229 3981 communionem,
3283 3913 3576 3970 remissio-

1942 4027 2078 4064 nem
2136 4013 2525 4080 peccatorum,
2585 4007 2773 4063 carnis
2829 4006 3337 4076 resurrectionem,
3398 4007 3578 4065 vitam

1941 4104 2156 4159 habere
2184 4105 2315 4175 post
2340 4104 2611 4171 mortem,
2643 4102 2704 4157 in
2735 4101 2983 4174 gloriam
3003 4101 3211 4157 Christi
3236 4102 3578 4174 resurgere?

1940 4202 2100 4269 Resp.
2129 4197 2359 4254 Credat.

2012 4294 2268 4363 Baptizas
2305 4307 2446 4355 eum,
2475 4295 2525 4347 et
2555 4291 2692 4348 dicis
2724 4311 2740 4347 :
2765 4289 2996 4364 Baptizo
3025 4292 3082 4345 te
3110 4289 3170 4345 in
3202 4291 3441 4347 nomine
3470 4292 3577 4348 Pa-

1943 4386 2045 4441 tris
2074 4390 2132 4440 et
2160 4385 2284 4441 Filii
2312 4388 2369 4439 et
2390 4384 2634 4457 Spiritus
2663 4384 2865 4454 sancti,
2901 4401 3077 4440 unam
3109 4384 3423 4441 habentem
3453 4385 3581 4441 sub-

1943 4480 2239 4546 stantiam,
2286 4480 2350 4532 ut
2388 4479 2601 4533 habeas
2644 4478 2821 4534 vitam
2861 4482 3163 4548 aeternam,
3193 4483 3419 4551 partem
3448 4498 3579 4537 cum

208 4607 523 4664 precamur,
553 4562 620 4649 ut
642 4593 736 4649 hic
775 4592 1047 4666 Spiritum
1077 4596 1334 4649 sanctum
1370 4562 1662 4665 manuam
1692 4594 1836 4650 hanc
1856 4562 1915 4634 D
1938 4573 2180 4630 δδηοῖίει

210 4700 373 4757 super
398 4688 626 4744 mittere
650 4687 904 4759 digneris
923 4730 937 4755 ,
965 4692 1029 4743 ut
1054 4703 1444 4760 quoscumque
1470 4686 1839 4760 baptizaveri-

210 4793 335 4835 mus
360 4781 420 4837 in
458 4781 688 4837 nomine
716 4786 814 4836 tuo
842 4786 898 4837 et
924 4780 1046 4837 Filii
1082 4781 1168 4837 tui
1194 4780 1292 4836 Dei
1318 4798 1382 4836 ac
1408 4779 1633 4836 Domini
1664 4781 1843 4838 nostri

212 4872 333 4929 Iesu
356 4875 564 4932 Christi
591 4879 647 4930 et
672 4874 914 4947 Spiritus
957 4875 1156 4943 sancti,
1186 4873 1491 4947 puriﬁcans
1517 4892 1580 4931 ac
1611 4891 1845 4948 regene-

213 4980 335 5023 rans
356 4968 597 5042 accipias
623 4985 717 5024 eos
756 4968 817 5023 in
846 4985 1088 5025 numero
1125 4968 1462 5025 Sanctorum
1488 4974 1722 5025 tuorum
1747 5011 1761 5040 ,
1790 4973 1846 5024 et

216 5074 563 5118 consummes
589 5062 649 5118 in
692 5061 906 5134 Spiritu
932 5066 1032 5119 tuo
1057 5066 1253 5119 sancto
1280 5062 1342 5118 in
1368 5062 1541 5119 vitam
1571 5067 1845 5118 aeternam

216 5150 271 5207 in
294 5156 497 5210 seacula
523 5156 881 5211 saeculorum.

283 5250 479 5305 Deinde
501 5252 559 5304 in
584 5251 735 5315 fonte
768 5250 1001 5305 chrisma
1030 5250 1341 5305 decurrente
1361 5292 1376 5313 ,
1407 5252 1622 5319 signum
1646 5258 1683 5321 +
1706 5251 1847 5317 facis

221 5344 266 5394 et
303 5344 434 5398 dicis
477 5356 495 5392 :
536 5342 747 5398 lnfusio
798 5342 1061 5398 chrisma:
1100 5342 1362 5398 salutaris
1404 5344 1629 5399 Domini
1666 5343 1847 5399 nostri

221 5433 339 5490 Iesu
363 5436 592 5506 Christi,
624 5440 691 5491 ut
714 5436 814 5491 fias
838 5436 963 5491 fons
990 5452 1156 5510 aquae
1193 5436 1333 5491 vivae
1360 5436 1611 5493 salientis
1635 5435 1850 5493 cunctis

221 5530 566 5586 venientibus
590 5528 650 5584 in
676 5529 853 5585 vitam
880 5534 1174 5587 aeternam.

288 5626 407 5680 Post
440 5626 550 5681 hac
577 5625 719 5681 dices
746 5642 764 5680 :
794 5624 1039 5680 Admitte
1058 5667 1072 5695 ,
1098 5641 1460 5698 quaesumus,
1492 5625 1852 5698 omnipotens

234 5713 386 5785 Deus,
413 5717 686 5774 familiam
717 5722 876 5773 tuam
911 5719 983 5773 ad
1016 5720 1235 5775 fontem
1272 5719 1469 5774 salutis
1496 5723 1758 5791 aeterne;
1787 5724 1851 5785 ut

294 5869 316 5899 ⁸
352 5870 426 5928 ita
454 5872 514 5929 in
547 5870 828 5928 Gallicano
854 5870 1074 5945 Missali,
1101 5889 1160 5945 p.
1192 5873 1314 5927 362.

2016 4665 2305 4736 Suffundis
2326 4664 2561 4720 chrisma
2585 4666 2643 4717 in
2660 4666 2844 4731 fronte
2870 4666 3010 4734 ejus,
3040 4665 3225 4721 dicens
3255 4687 3271 4722 :
3296 4668 3444 4723 Deus
3473 4671 3576 4725 Pa-

1945 4764 2033 4816 ter
2058 4757 2291 4815 Domini
2310 4756 2493 4812 nostri
2521 4757 2651 4811 Iesu
2696 4755 2924 4823 Christi,
2971 4757 3069 4829 qui
3117 4760 3172 4812 te
3217 4761 3582 4832 regeneravit

1945 4872 2050 4927 per
2075 4868 2284 4926 aquam
2314 4853 2369 4904 et
2395 4850 2673 4921 Spiritum
2712 4852 2998 4917 sanctum,
3028 4849 3302 4923 quicquid
3327 4854 3430 4909 tibi
3480 4855 3577 4910 de-

1947 4948 2049 5019 dit,
2082 4944 2483 5003 remissionem
2496 4947 2865 5016 peccatorum
2892 4962 2997 5018 per
3016 4947 3308 5002 lavacrum
3336 4966 3580 5021 regene-

1949 5041 2185 5098 rationis
2231 5042 2289 5094 et
2337 5037 2702 5110 sanguinem,
2730 5043 2768 5107 ιι-
2806 5038 2926 5110 ipse
2962 5041 3020 5094 te
3066 5038 3233 5094 liniat
3271 5041 3581 5098 chrismate

1948 5154 2050 5191 suo
2071 5137 2269 5190 sancto
2297 5133 2356 5189 in
2382 5133 2560 5188 vitam
2589 5134 2890 5189 aeternam.

2020 5228 2391 5300 Superindues
2410 5242 2529 5281 eum
2546 5226 2759 5282 dicens:
2786 5225 2992 5299 Accipe
3011 5227 3224 5281 vestem
3247 5226 3579 5297 candidam,

1948 5339 2125 5394 quam
2154 5321 2590 5377 immaculatam
2620 5321 2881 5392 perferas
2907 5323 3040 5376 ante
3071 5319 3321 5375 tribunal
3349 5320 3579 5379 Christi.

2323 5431 2572 5483 Collectio
2598 5432 2664 5483 ad
2691 5431 2852 5497 pedes
2878 5432 3126 5483 lavandos
3142 5431 3186 5481 ι).

2024 5529 2143 5602 Ego
2170 5525 2274 5583 tibi
2305 5526 2435 5583 labo
2478 5525 2675 5599 pedes,
2708 5525 2852 5581 sicut
2887 5527 3167 5582 Dominus
3197 5529 3394 5582 noster
3423 5527 3584 5584 Iesus

1952 5623 2209 5679 Christus
2234 5620 2373 5677 fecit
2395 5620 2689 5693 discipulis
2717 5618 2854 5687 suis,
2882 5619 2961 5676 ita
2978 5621 3039 5675 tu
3064 5619 3243 5676 facias
3266 5619 3586 5691 hospitibus

1955 5720 2013 5772 et
2036 5714 2373 5789 peregrinis.

2029 5869 2056 5909 ι’
2085 5867 2263 5941 Hujus
2292 5868 2434 5924 item
2463 5867 2716 5939 lotionis,
2731 5868 2832 5925 sed
2852 5870 2982 5942 post
2997 5867 3141 5924 alba
3167 5861 3336 5922 vestis
3351 5861 3593 5937 imposi-
