4006 6228
416 305 534 369 ‘503

1306 311 1639 368 APPENDIX
1675 311 1764 365 AD
1800 308 2022 364 UPERA
2058 307 2112 362 S.
2153 309 2455 367 GERMANI
2492 311 2918 368 PARISIENSIS.

3700 310 3809 365 504

503 421 782 478 Dominus
836 426 1034 478 noster
1061 424 1221 477 Jesus
1269 418 1524 474 Christus
1565 416 1635 471 de
1679 416 1895 471 linteo'
1947 432 2059 487 quo
2085 426 2142 500 Α
2164 418 2403 473 consilio
2425 422 2680 490 accepto,
2704 418 3011 490 pecuniam
3024 418 3320 490 copiosam
3337 417 3629 474 dederunt
3646 416 3811 473 mili-

431 521 558 572 erat
581 517 937 588 praecinctus,
970 515 1131 570 tersit
1157 513 1334 585 pedes
1366 511 1779 583 discipulorum
1801 527 2057 579 suorum,

430 615 489 666 et
514 627 621 682 ego
650 611 797 665 facio
828 610 932 665 tibi
966 626 978 665 :
1013 613 1073 663 tu
1099 607 1273 662 facies
1302 604 1623 677 peregrinis
1648 604 1968 677 hospitibus
2003 607 2063 659 et

429 705 795 777 pauperibus.

1001 773 1120 822 Post
1142 771 1477 833 baptismum.

499 861 721 915 Laudes
748 862 805 913 ct
830 856 1041 927 gratias
1067 855 1310 909 Domino
1347 856 1689 920 referamus,
1731 854 1937 907 fratres
1972 851 2057 906 di-

427 953 740 1020 lectissimi,
783 949 935 1022 quod
975 966 1186 1020 augere
1230 949 1499 1019 dignatus
1536 952 1622 1002 est
1650 947 1912 1001 Ecclesiae
1944 962 2060 1000 sua:

427 1046 941 1119 congregationem
960 1059 1064 1114 per
1086 1060 1249 1097 caros
1277 1046 1521 1109 nostros,
1547 1042 1644 1113 qui
1663 1041 1839 1095 modo
1870 1039 2057 1111 bapti-

428 1141 536 1197 zati
567 1143 715 1194 sunt.
747 1140 1015 1193 Petamus
1046 1153 1184 1208 ergo
1207 1137 1276 1191 de
1298 1136 1530 1190 Domini
1552 1134 1969 1201 misericordia,
1999 1136 2062 1187 ut

424 1233 777 1306 baptismum
823 1234 1086 1286 sanctum
1128 1230 1284 1301 quod
1317 1232 1680 1300 acceperunt,
1730 1228 2058 1294 inlibatum,

427 1327 789 1392 inviolatum,
836 1330 894 1380 et
938 1326 1374 1381 immaculatum
1432 1324 1729 1394 perferant
1784 1324 1918 1376 ante
1965 1321 2061 1374 tri-

426 1421 603 1478 bunal
630 1421 856 1476 Christi.
1196 1480 1205 1489 δ

1114 1491 1239 1540 Item
1266 1489 1384 1539 alia.

495 1574 740 1631 Domine
789 1574 939 1627 Deus
993 1571 1379 1641 omnipotens,
1424 1570 1671 1623 famulos
1721 1572 1867 1634 tuos,
1919 1583 2061 1637 quos

419 1668 638 1742 jussisti
668 1666 893 1722 renasci
922 1683 989 1720 ex
1019 1682 1171 1736 aqua
1192 1668 1249 1719 et
1279 1663 1495 1735 Spiritu
1526 1665 1744 1729 sancto,
1788 1677 2061 1716 conserva

425 1763 485 1819 in
509 1763 593 1816 eis
620 1761 975 1834 baptismum
998 1763 1258 1814 sanctum
1284 1758 1439 1830 quod
1486 1759 1851 1828 acceperunt,
1897 1758 1956 1810 et
2002 1754 2057 1808 in

429 1856 682 1912 nominis
724 1855 809 1908 tui
846 1852 1359 1908 sanctificationem
1396 1851 1671 1922 perficere
1704 1850 1976 1921 dignare;
2000 1851 2063 1903 ut

426 1949 690 2022 proficiat
708 1949 765 2004 in
787 1949 913 2003 illos
932 1947 1118 2018 gratia
1146 1950 1237 2000 tua
1266 1962 1515 2016 semper,
1545 1948 1602 1998 et
1642 1943 1797 2015 quod
1839 1946 1895 1996 te
1926 1945 2061 1996 ante

429 2042 683 2098 donante
698 2039 1224 2112 susceperunt,vitze
1238 2055 1354 2093 sua:
1367 2038 1701 2108 integritate
1714 2035 2059 2091 custodiant.

841 2168 1000 2208 MISSA
1038 2168 1091 2207 IN
1129 2166 1347 2206 VIGILIIS
1384 2164 1629 2205 PASCILE.

683 2240 913 2304 Epistola
935 2239 1079 2289 Pauli
1098 2239 1323 2303 apostoli
1349 2237 1414 2288 ad
1439 2236 1732 2288 Corinthios
1748 2248 1793 2287 ι).

498 2320 742 2384 Fratres,
789 2316 946 2372 bona
992 2315 1260 2387 gloriatio
1304 2316 1493 2368 vestra
1535 2313 1595 2367 in
1643 2311 1867 2367 Christo
1908 2312 2059 2365 Jesu.

424 2411 663 2468 Nescitis
704 2409 839 2481 quia
874 2408 1166 2463 modicum
1210 2408 1565 2461 fermentum
1608 2409 1792 2459 totam
1814 2421 2064 2461 massam

426 2503 784 2575 corrumpit?
836 2504 1160 2573 Expurgate
1199 2504 1361 2555 vetus
1406 2501 1784 2567 fermentum,
1838 2504 1901 2554 ut
1943 2500 2063 2553 sitis

426 2614 576 2654 nova
602 2595 953 2666 consparsio,
985 2595 1131 2650 sicut
1152 2594 1287 2648 estis
1318 2593 1525 2665 azymi.
1575 2593 1803 2648 Etenim
1853 2593 2064 2663 pascha

427 2693 690 2746 nostrum
719 2689 1029 2743 immolatus
1051 2691 1138 2742 est
1163 2688 1436 2743 Christus.
1465 2690 1663 2759 Itaque
1707 2686 2060 2741 sollemnita-

427 2789 547 2841 tem
568 2783 944 2849 celebremus,
974 2799 1092 2837 non
1122 2782 1180 2837 in
1203 2783 1493 2836 fermento
1533 2780 1732 2847 veteri,
1781 2796 1969 2850 neque
2003 2778 2063 2832 in

428 2880 715 2935 fermento
743 2876 980 2931 malitia:
1014 2880 1071 2930 et
1092 2876 1383 2947 nequitiae,
1415 2874 1515 2929 sed
1547 2874 1604 2928 in
1638 2873 1853 2944 azymis
1878 2872 2061 2927 since-

428 2972 612 3029 ritatis
639 2975 696 3026 et
723 2970 981 3026 veritatis
1012 2970 1069 3024 in
1102 2969 1326 3025 Christo
1356 2971 1509 3023 Jesu.

582 3064 758 3114 Lectio
792 3063 957 3113 sancti
980 3062 1243 3124 Evangelii
1276 3062 1565 3112 secundum
1593 3060 1907 3111 Matthaaum.

2162 512 2331 580 tibus,
2356 512 2643 568 dicentes:
2690 512 2868 568 Dicite
2894 512 3030 584 quia
3061 512 3321 585 discipuli
3347 513 3470 584 ejus
3501 516 3672 568 nocte
3705 529 3807 568 ve-

2163 610 2392 673 nerunt,
2430 611 2487 661 et
2507 607 2682 661 furati
2705 611 2838 662 sunt
2855 623 2988 661 eum
3013 607 3181 662 nobis
3192 607 3638 662 dormientibus.
3661 607 3735 661 Et
3760 608 3809 663 si

2163 702 2271 756 hoc
2286 700 2549 755 auditum
2576 702 2751 756 fuerit
2769 718 2802 755 a
2820 702 3084 773 preside,
3106 718 3236 768 non_
3247 702 3622 756 suadebimus
3648 701 3725 767 ei,
3749 706 3811 756 et.

2162 811 2392 850 securos
2416 811 2516 849 vos
2533 796 2830 850 faciemus.
2845 796 3007 850 Atilii
3030 799 3264 868 accepta
3276 795 3519 867 pecunia
3537 796 3811 850 fecerunt

2162 889 2306 944 sicut
2332 893 2499 944 erant
2529 890 2738 957 edocti,
2769 894 2826 944 et
2857 890 3227 960 devulgatum
3257 893 3343 944 est
3368 890 3610 944 verbum
3649 889 3808 944 istud

2163 983 2561 1053 apudJudzeos
2588 1000 2769 1055 usque
2797 984 2857 1038 in
2906 984 3253 1039 hodiernum
3297 984 3473 1039 diem.
3515 983 3802 1038 Uudecim

2162 1082 2355 1132 autem
2382 1077 2644 1149 discipuli
2671 1079 2937 1133 abierunt
2964 1079 3023 1132 in
3045 1078 3361 1145 Galilaeam,
3390 1079 3449 1132 in
3474 1081 3679 1133 monte
3708 1077 3806 1132 ubi

2162 1171 2537 1226 constituerat
2574 1172 2684 1226 illis
2724 1173 2998 1227 Dominus
3035 1175 3213 1227 Jesus.
3257 1173 3326 1226 Et
3359 1171 3623 1227 videntes
3667 1188 3805 1226 eum

2162 1264 2568 1333 adoraverunt,
2609 1266 2843 1337 quidam
2873 1270 3070 1320 autem
3101 1266 3525 1321 dubitaverunt.
3546 1266 3617 1320 Et
3637 1281 3802 1320 acce-

2163 1358 2305 1412 dens
2331 1359 2611 1413 Dominus
2640 1361 2802 1414 Jesus
2833 1361 3055 1414 locutus
3076 1363 3163 1414 est
3186 1360 3268 1414 eis
3296 1360 3526 1414 dicens:
3558 1362 3701 1414 Data
3717 1363 3806 1413 est

2162 1452 2307 1509 mihi
2349 1453 2540 1507 omnis
2592 1457 2848 1524 potestas
2886 1452 2946 1508 in
2986 1455 3122 1509 caelo
3173 1457 3232 1508 et
3274 1454 3334 1508 in
3378 1457 3549 1508 terra.
3582 1454 3802 1508 Euntes

2164 1564 2301 1616 ergo
2322 1546 2525 1601 docete
2553 1564 2759 1601 omnes
2784 1551 3006 1618 gentes,
3053 1547 3410 1618 baptizantes
3453 1563 3552 1602 eos
3598 1547 3663 1601 in
3705 1563 3805 1601 no-

2164 1640 2321 1694 mine
2352 1641 2534 1695 Patris
2555 1645 2613 1696 et
2640 1641 2760 1695 Filii
2788 1644 2845 1695 et
2875 1641 3118 1712 Spiritus
3147 1641 3347 1709 sancti,
3391 1641 3669 1697 docentes
3704 1656 3804 1696 eos

2163 1750 2386 1788 servare
2420 1735 2619 1789 omnia
2644 1751 3023 1805 quaecumque
3054 1735 3327 1790 mandavi
3357 1735 3533 1790 vobis.
3569 1736 3640 1788 Et
3670 1750 3805 1789 ecce

2081 1802 2138 1873 B
2164 1844 2271 1898 ego
2301 1828 2596 1883 vobiscum
2625 1846 2752 1882 sum
2786 1829 3055 1883 omnibus
3092 1828 3292 1883 diebus
3331 1845 3509 1899 usque
3555 1827 3631 1882 ad
3672 1843 3803 1883 con-

2163 1922 2616 1977 summationem
2644 1922 2853 1976 saeculi.

2776 2066 2975 2107 INCIPIT
3014 2066 3191 2107 MISSA.

2238 2162 2618 2234 Omnipotens
2646 2163 2999 2234 sempiterne
3031 2164 3198 2231 Deus,
3232 2163 3330 2234 qui
3357 2164 3506 2219 hanc
3532 2165 3799 2220 sacratis-

2164 2258 2374 2312 simam
2402 2262 2634 2313 noctem
2670 2274 2774 2328 per
2799 2257 3064 2311 universa
3085 2256 3290 2311 mundi
3321 2258 3505 2328 spatia
3536 2258 3805 2329 gloriosas

2166 2351 2478 2407 Dominicee
2496 2350 3235 2418 resurrectionisinlustras,
3264 2367 3538 2406 conserva
3563 2352 3621 2406 in
3656 2368 3805 2407 nova

2167 2446 2396 2500 familiae
2418 2449 2527 2499 tute
2551 2445 2826 2517 progenie
2849 2444 3316 2499 sanctificationis
3340 2445 3602 2516 spiritum
3625 2462 3802 2516 quem

2166 2539 2395 2607 dedisti,
2435 2544 2496 2594 ut
2534 2555 2773 2610 corpore
2817 2543 2875 2593 et
2911 2542 3109 2593 mente
3137 2539 3417 2605 renovati,
3449 2556 3659 2610 puram
3698 2539 3801 2594 tibi

2165 2632 2421 2687 animam
2454 2636 2511 2687 et
2536 2650 2743 2704 purum
2773 2636 2971 2704 pectus
2992 2650 3223 2705 semper
3247 2632 3575 2689 exhibeant.

2844 2752 3113 2803 Collectio.

2236 2852 2401 2916 Deus,
2444 2849 2541 2920 qui
2572 2848 2721 2903 hanc
2770 2848 3212 2903 sacratissimam
3259 2852 3491 2905 noctem
3537 2850 3806 2923 gloriosa

2166 2942 2469 2999 dominicae
2500 2943 2937 2997 resurrectionis
2964 2944 3252 3012 inlustras,
3286 2961 3561 3000 conserva
3594 2945 3653 2999 in
3701 2961 3803 2999 no-

2163 3054 2235 3092 va
2264 3037 2499 3091 familiae
2522 3040 2634 3090 tute
2665 3037 2943 3108 progenie
2974 3037 3303 3109 adoptionis
3326 3038 3590 3110 spiritum
3625 3055 3803 3110 quem

498 3141 744 3251 lVlespere
790 3142 983 3251 autem
1007 3137 1272 3251 sabbati,
1294 3153 1445 3251 ‘quae
1490 3136 1723 3251 lpcescit
1878 3135 2065 3239 prima
2084 3176 2140 3251 Ο
2166 3130 2398 3251 dedisti1
2425 3134 2486 3184 ut
2506 3146 2745 3201 corpore
2780 3134 2836 3184 et
2867 3134 3065 3185 mente
3096 3147 3302 3203 puram
3348 3132 3450 3186 tibi
3496 3131 3807 3187 exhibeant

428 3232 670 3300 sabbati,
697 3232 856 3286 venit
882 3231 1058 3287 Maria
1084 3231 1444 3301 Magdalene,
1478 3234 1536 3284 et
1564 3231 1745 3284 altera
1776 3229 1951 3284 Maria
1981 3229 2061 3282 vi-

430 3327 568 3383 dere
587 3327 933 3397 sepulcrum.
949 3326 1092 3379 Ecce
1110 3328 1279 3379 terrae
1294 3327 1484 3380 motus
1498 3325 1679 3379 factus
1700 3328 1785 3378 est
1797 3340 2061 3394 magnus.

428 3422 682 3492 Angelus
698 3419 856 3474 enim
879 3418 1111 3476 Domini
1125 3418 1419 3474 descendit
1436 3420 1506 3473 de
1525 3419 1682 3485 caelo,
1713 3421 1769 3471 et
1787 3417 2065 3471 accedens

429 3513 669 3571 revolvit
697 3512 970 3586 lapidem,
995 3517 1052 3569 et
1079 3513 1313 3568 sedebat
1340 3529 1511 3583 super
1531 3529 1686 3567 eum.
1710 3512 1845 3565 Erat
1869 3515 2064 3566 autem

431 3610 695 3679 aspectus
715 3608 837 3679 ejus
863 3608 1008 3662 sicut
1027 3608 1239 3678 fulgur,
1271 3610 1328 3660 et
1349 3605 1753 3663 vestimentum
1779 3606 1901 3676 ejus
1924 3606 2068 3659 sicut

434 3702 547 3758 nix.
576 3703 695 3757 Prae
719 3701 929 3757 timore
956 3704 1153 3756 autem
1183 3700 1307 3772 ejus
1338 3700 1589 3755 exterriti
1618 3702 1750 3754 sunt
1780 3699 2062 3767 custodes,
2119 3740 2125 3746 .

432 3800 490 3852 et
502 3796 637 3855 facti
658 3795 1201 3851 suntvelutmortui.
1224 3794 1601 3866 Respondens
1616 3797 1809 3847 autem
1825 3794 2065 3864 angelus

433 3891 573 3947 dixit
596 3890 969 3946 mulieribus:
996 3890 1178 3945 Nolite
1202 3888 1407 3942 timere
1426 3904 1541 3941 vos.
1572 3887 1696 3942 Scio
1724 3887 1880 3941 enim
1910 3886 2066 3958 quod

433 3986 747 4058 quilesum
773 3985 1070 4041 crucifixus
1102 3985 1187 4036 est
1212 3980 1487 4052 quaeritis.
1520 3982 1643 4036 Non
1692 3984 1777 4034 est
1812 3981 2065 4049 hic,sur-

430 4080 577 4135 rexit
601 4080 747 4134 sicut
772 4078 910 4132 dixit
939 4075 1175 4132 :Venite
1205 4078 1263 4129 et
1287 4074 1475 4129 videte
1511 4075 1697 4129 locum
1728 4074 1823 4128 ubi
1848 4075 2067 4146 positus

434 4178 559 4229 erat
598 4172 903 4235 Dominus;
945 4174 1003 4224 et
1040 4169 1151 4224 cito
1180 4170 1381 4222 euntes
1406 4168 1577 4223 dicite
1605 4168 1894 4240 discipulis
1923 4169 2064 4239 ejus,

434 4267 571 4338 quia
594 4265 837 4320 surrexit
863 4268 920 4319 et
939 4263 1215 4335 praecedit
1240 4278 1339 4316 vos
1368 4262 1426 4316 in
1447 4263 1685 4330 Galilea,
1717 4262 1793 4316 ibi
1826 4278 1957 4316 eum
1983 4262 2063 4314 vi-

433 4359 658 4415 debitis.
695 4361 833 4413 Ecce
856 4358 971 4413 dixi
996 4355 1173 4411 vobis.
1203 4357 1271 4410 Et
1298 4356 1559 4411 exierunt
1600 4356 1711 4409 cito
1743 4355 1812 4409 de
1862 4372 2065 4409 monu-

434 4457 632 4509 mento
654 4469 783 4507 cum
803 4451 1011 4506 timore
1032 4454 1089 4505 et
1109 4467 1325 4522 magno
1345 4450 1577 4522 gaudio,
1604 4451 1896 4503 currentes
1924 4466 2068 4503 nun-

2167 3225 2520 3278 servitutem.

2786 3295 2908 3345 Post
2933 3296 3165 3346 nomina.

2238 3392 2404 3457 Deus,
2444 3390 2605 3460 cujus
2638 3407 2882 3445 munere
2927 3391 3224 3446 adoranda
3266 3390 3632 3463 baptismatis
3676 3396 3809 3447 sunt

2167 3484 2483 3553 adimpleta
2508 3484 2807 3554 mysteria,
2830 3486 3082 3540 concede
3109 3486 3322 3556 populo
3353 3488 3452 3541 tuo
3508 3484 3808 3557 originalis

2167 3577 2360 3632 delicti
2378 3594 2574 3632 errore
2591 3578 2894 3659 mundato,
2925 3581 3054 3650 post
3079 3579 3533 3634 sacratissimum
3561 3581 3802 3645 fontem,

2166 3676 2381 3725 terram
2423 3674 2535 3725 tuae
2567 3672 2966 3743 promissionis
3008 3673 3244 3740 intrare,
3289 3676 3351 3727 ut
3396 3674 3587 3728 dulcia
3615 3690 3801 3729 sacra-

2166 3767 2498 3820 mentorum
2532 3769 2765 3821 tuorum
2793 3765 3068 3820 alimenta
3097 3765 3435 3838 percipiant.

2839 3875 2915 3927 Ad
2939 3890 3143 3941 pacem.

2240 3970 2493 4043 Suscipe,
2524 3971 2789 4040 Domine,
2824 3988 3023 4044 preces
3054 3972 3250 4044 populi
3282 3971 3364 4026 tui
3398 3987 3530 4025 cum
3568 3971 3811 4027 oblatio-

2170 4063 2336 4117 nibus
2373 4066 2693 4121 hostiarum
2724 4070 2789 4120 ut
2826 4066 3193 4121 Paschalibus
3226 4064 3449 4119 initiata
3497 4065 3806 4137 mysteriis,

2169 4156 2241 4209 ad
2254 4160 2593 4214 aeternitatis
2612 4160 2778 4215 nobis
2790 4159 3087 4214 medillam
3102 4163 3156 4212 te
3177 4163 3455 4230 operante
3477 4158 3801 4231 proﬁciant.

2817 4270 3153 4320 Contestatio.

2238 4363 2383 4416 Vere
2413 4362 2655 4435 dignum
2681 4368 2737 4417 et
2755 4364 2977 4435 justum
3006 4368 3110 4431 est,
3148 4366 3519 4437 omnipotens
3550 4367 3720 4433 Deus,
3752 4371 3805 4422 te

2172 4454 2407 4526 quidem
2432 4455 2590 4511 omni
2614 4460 2893 4529 tempore,
2911 4459 3011 4512 sed
3032 4458 3091 4512 in
3114 4459 3221 4514 hac
3233 4459 3595 4531 potissimum
3614 4464 3801 4528 nocte,

431 4548 583 4602 ciare
606 4546 896 4617 discipulis
919 4546 1059 4616 ejus.
1084 4546 1152 4599 Et
1173 4562 1303 4600 ecce
1335 4544 1612 4599 Dominus
1636 4545 1794 4598 Jesus
1824 4542 2069 4598 occurrit
2087 4555 2146 4627 D
2172 4549 2955 4619 gloriosiuspraadicare,cum
2967 4553 3185 4606 Pascha
3199 4556 3458 4607 nostrum
3474 4554 3808 4609 immolatus

431 4642 539 4697 illis
553 4639 1091 4696 dicenszAveteJllze
1104 4643 1301 4694 autem
1319 4640 1679 4693 accesserunt
1692 4640 1748 4691 et
1760 4641 2071 4693 tenuerunt

430 4736 609 4808 pedes
647 4735 789 4806 ejus,
830 4738 887 4788 et
923 4733 1332 4789 adoraverunt.
1370 4733 1525 4789 Tunc
1551 4731 1631 4786 ait
1654 4730 1767 4785 illis
1794 4731 2071 4787 Dominus

425 4832 625 4885 Jesus:
655 4828 837 4885 Nolite
868 4829 1094 4896 timere,
1125 4828 1201 4882 ite
1230 4825 1503 4881 nunciate
1529 4825 1802 4880 fratribus
1832 4826 1979 4880 meis
2008 4830 2072 4881 ut

428 4928 568 4980 eant
589 4924 648 4978 in
667 4923 918 4991 Galilaea;
934 4922 1010 4977 ibi
1028 4940 1121 4976 me
1142 4920 1437 4975 videbunt.
1464 4920 1600 4984 Quae
1623 4935 1752 4974 cum
1773 4920 2065 4988 abiissent,

427 5035 558 5074 ecce
582 5017 816 5090 quidam
840 5017 911 5071 de
942 5015 1275 5071 custodibus
1296 5017 1580 5069 venerunt
1600 5004 1656 5068 in
1681 5013 1991 5082 civitatem,
2012 5016 2071 5067 et

425 5112 845 5167 nunciaverunt
875 5110 1230 5182 principibus
1275 5108 1635 5163 sacerdotum
1683 5107 1879 5165 omnia
1910 5124 2064 5179 quaa-

424 5224 671 5279 cumque
686 5207 841 5261 facta
858 5205 1111 5259 fuerant.
1130 5204 1198 5257 Et
1215 5201 1553 5276 congregati
1571 5218 1703 5256 cum
1723 5201 2065 5269 senioribus,

424 5370 669 5437 tionem,
698 5366 919 5422 mentio
941 5366 1097 5421 estin
1113 5364 1318 5437 Missali
1336 5364 1575 5437 Gothico
1595 5367 1652 5419 et
1672 5364 1731 5418 in
1746 5363 2063 5437 Gallicana;

422 5458 529 5495 nec
552 5435 669 5495 non
703 5440 761 5494 in
792 5438 1017 5494 duobus
1044 5435 1271 5491 Caesarii
1302 5435 1553 5506 episcopi
1575 5435 1926 5490 Arelatensis
1955 5453 2067 5491 ser-

424 5511 716 5592 monibus,
746 5511 847 5592 qui
878 5506 1521 5592 inhappehnudiceltomiy
1540 5506 2068 5592 Augustinianiuha-

422 5582 636 5635 bentur
663 5577 868 5637 ordine
898 5577 1079 5635 l68'et
1098 5583 1223 5645 257,
1248 5581 1419 5649 atque
1453 5577 1511 5631 in
1542 5594 1809 5632 sermone
1834 5578 1905 5631 ad
1928 5578 2067 5632 Neo-

463 5654 647 5722 hytos,
672 5654 855 5707 relato
876 5653 936 5706 in
960 5650 1349 5722 appendicem
1377 5649 1519 5722 tomi
1539 5650 1629 5722 _VI,
1653 5649 2065 5722 col.__2_9l;H_a3c

463 5668 647 5719 nvtos,
672 5668 855 5707 relato
876 5669 936 5706 in
960 5668 1343 5722 appendicem
1377 5668 1519 5704 torni
1551 5668 1629 5715 γι,
1653 5668 1760 5702 001.
1789 5668 1911 5702 2:11.
1936 5668 2065 5703 uaso

420 5668 562 5796 Fotio
596 5724 751 5796 apud
782 5723 1062 5796 Hispanos
1089 5722 1371 5796 abrogata
1400 5720 1509 5796 f_uit
1535 5719 1594 5773 in
1623 5719 1864 5796 concilio
1885 5720 2067 5796 Elibe-

418 5792 651 5871 ri_tanof
679 5811 794 5871 nec
827 5792 1005 5847 fiebat
1039 5792 1377 5871 in__ecclesi_a
1408 5792 1671 5871 Romana
1700 5793 1761 5843 ut
1797 5794 1957 5871 patet
1990 5808 2065 5871 ex

423 5864 568 5919 libro
591 5860 652 5922 In
673 5864 743 5921 de
763 5862 1173 5933 Sacrameutis,
1203 5863 1361 5936 quod
1386 5878 1529 5935 opus
1544 5860 1849 5918 Ambrosio
1860 5861 2059 5918 tribui-

2173 4647 2257 4697 est
2282 4643 2568 4698 Christus:
2595 4643 2715 4714 ipse
2745 4645 2903 4699 enim
2922 4663 3088 4700 verus
3101 4649 3186 4700 est
3204 4648 3421 4717 Agnus,
3448 4647 3545 4718 qui
3578 4647 3810 4702 abstulit

2172 4739 2406 4806 peccata
2438 4735 2661 4803 mundi,
2691 4738 2789 4809 qui
2819 4742 3071 4793 mortem
3097 4743 3355 4793 nostram
3386 4740 3691 4796 moriendo
3715 4740 3809 4795 de-

2172 4830 2392 4897 struxit,
2427 4835 2483 4884 et
2519 4830 2695 4885 vitam
2746 4832 3103 4904 resurgendo
3142 4834 3450 4904 reparavit.
3496 4836 3811 4906 Propterea

2172 4922 2415 4993 profusis
2447 4924 2807 4994 paschalibus
2840 4926 3065 4997 gaudiis
3087 4930 3239 4981 totus
3267 4928 3325 4981 in
3355 4928 3493 4982 orbe
3518 4932 3808 4983 terrarum

2170 5017 2422 5071 mundus
2442 5018 2674 5072 exultat.
2702 5020 2813 5073 Sed
2845 5023 2903 5074 et
2929 5038 3192 5093 supernas
3220 5021 3458 5075 virtutes
3491 5025 3664 5093 atque
3706 5039 3807 5075 an-

2171 5110 2370 5181 gelicas
2407 5109 2720 5165 concinunt
2760 5116 3095 5183 potestates,
3142 5115 3425 5187 hymnum
3456 5114 3653 5186 gloria:
3687 5115 3807 5170 sine

2170 5203 2489 5258 cessatione
2517 5203 2792 5259 dicentes.

2167 5369 2261 5443 tur
2278 5364 3043 5443 :_inAfricanarveroAﬂebat
3063 5367 3156 5443 die
3175 5371 3379 5443 Caenea,
3405 5388 3477 5443 ex
3501 5372 3810 5443 Augustini

2168 5437 2424 5509 epistolis
2450 5438 2517 5490 54
2547 5440 2605 5490 et
2635 5439 2985 5509 55.7Ecclesia
3007 5440 3299 5496 Gallicana
3325 5442 3434 5497 hoc
3464 5442 3524 5496 in
3546 5437 3659 5497 ritu
3677 5461 3812 5500 cou-

2168 5508 2578 5583 veniebatcum
2600 5508 3027 5583 Mediolanensi,
3048 5511 3116 5566 de
3140 5530 3251 5583 qua
3270 5513 3398 5568 vide
3435 5514 3809 5572 Ambrosium

2168 5580 2226 5635 in
2253 5580 2349 5634 lib.
2388 5580 2457 5635 de
2486 5580 2763 5651 Mysteriis
2794 5598 2917 5652 cap.
2943 5586 2993 5637 6.

2237 5653 2261 5728 ᾗ
2293 5655 2353 5728 In
2381 5652 2695 5728 exemplari
2713 5657 3048 5728 constanter
3076 5656 3347 5728 scriptum
3373 5658 3562 5713 Ienteo.

2166 5794 2205 5848 Ρ
2236 5722 2389 5849 ζῗω
2420 5724 2698 5780 lectiones
2718 5727 2850 5779 sunt
2876 5741 2979 5796 pro
3012 5722 3481 5800 missa-sequente
3510 5729 3582 5785 de
3606 5729 3811 5803 Vigilia

2209 5812 2242 5849 a
2274 5811 2300 5848 c
2349 5812 2415 5849 a2.

2209 5811 2415 5850 3.501183.
