4006 6228
107 393 191 446 505
566 386 1178 443 SACRAMENTABJUM
1217 388 1666 445 GALLICANUM.
1704 417 1772 430 -—-
1812 391 2179 447 LECTIONES
2214 391 2307 448 DE
2343 392 2654 448 ADVENTU
2698 393 2945 449 DOMINI.

502 510 661 551 MISSA
701 510 867 553 PRIHA
904 512 992 551 DIE
1031 511 1265 552 PASCHE.

248 584 418 637 Lectio
437 585 744 649 Apocalysis
771 586 935 637 sancti
955 586 1206 637 Johannis
1231 585 1464 650 Apostoli
1482 586 1528 636 ⁸.

159 668 432 726 Revelatio
457 670 591 723 Jesu
609 668 817 724 Christi
837 685 1011 739 quam
1037 666 1197 722 dedit
1227 666 1309 722 illi
1335 668 1485 722 Deus
1510 667 1704 740 palam

100 769 259 822 facere
285 763 458 817 servis
488 763 623 830 suis,
660 780 787 834 quae
822 765 1049 834 oportet
1077 761 1201 816 fieri
1233 762 1365 829 cito,
1397 765 1456 815 et
1482 761 1698 833 signifi-

100 860 223 915 cavit
245 857 475 912 mittens
502 873 607 928 per
629 857 905 927 angelum
932 873 1099 911 suum
1126 873 1288 910 servo
1318 855 1701 922 squohanni,

98 950 579 1027 quitestimonium
594 950 887 1022 perhibuit
905 950 1079 1005 verbo
1093 950 1215 1017 Dei,
1232 954 1287 1004 et
1304 950 1702 1003 testimonium

94 1053 206 1106 Jesu
229 1045 422 1103 Christi
444 1062 827 1117 quascumque
855 1043 1012 1099 vidit.
1058 1043 1264 1098 Beatus
1304 1044 1402 1115 qui
1438 1042 1598 1115 legit,
1648 1047 1707 1097 et

97 1142 179 1216 qui
202 1140 351 1195 audit
376 1140 554 1194 verba
575 1139 915 1210 prophetiae,
948 1140 1007 1192 et
1043 1141 1231 1193 servat
1258 1154 1325 1192 ea
1370 1154 1499 1208 qum
1540 1137 1598 1190 in
1635 1154 1703 1191 ea

96 1237 279 1307 scripta
307 1237 456 1289 sunt.
486 1234 739 1305 Tempus
769 1232 927 1287 enim
958 1249 1136 1305 prope
1169 1235 1273 1286 est.
1299 1232 1593 1287 Johannes
1620 1249 1704 1286 se-

98 1336 231 1403 ptem
250 1328 512 1383 Ecclesiis
536 1344 663 1399 qua?
677 1326 883 1381 suntin
911 1326 1045 1381 Asia
1074 1343 1086 1380 :
1123 1325 1310 1397 gratia
1336 1325 1493 1380 vobis
1523 1330 1703 1397 etpax

96 1442 121 1480 a
144 1425 248 1479 Deo
269 1423 363 1494 qui
392 1425 499 1484 est,
525 1425 583 1475 et
609 1421 705 1492 qui
735 1424 859 1475 erat
883 1424 940 1474 et
953 1420 1050 1492 qui
1063 1422 1336 1474 venturus
1362 1423 1467 1487 est,
1499 1422 1601 1473 eta
1622 1436 1703 1474 se-

93 1523 228 1591 ptem
255 1516 566 1589 spiritibus,
583 1515 682 1587 qui
702 1515 761 1569 in
778 1518 1090 1585 conspmtu
1108 1513 1302 1569 throni
1317 1514 1440 1585 ejus
1470 1516 1620 1581 sunt,
1646 1517 1704 1568 et

93 1614 255 1669 alesu
285 1610 531 1677 Christo,
565 1610 661 1681 qui
705 1612 791 1662 est
836 1608 996 1662 testis
1036 1606 1240 1675 fidelis,
1280 1606 1702 1679 primogenitus

93 1709 451 1773 mortuorum,
487 1707 546 1758 et
576 1702 843 1776 princeps
889 1718 1095 1773 regum
1128 1705 1315 1768 terras,
1362 1701 1458 1771 qui
1505 1700 1703 1755 dilexit

94 1817 196 1866 nos,
218 1802 273 1853 et
296 1798 432 1853 lavit
462 1814 572 1852 nos
593 1814 626 1852 a
647 1796 899 1868 peccatis
929 1795 1137 1850 nostris
1169 1795 1228 1849 in
1260 1794 1541 1865 sanguine
1575 1812 1696 1862 suo,

3340 396 3441 452 506

1725 511 1786 584 Α
1807 501 2030 557 hannes
2061 500 2300 573 quidem
2329 500 2641 573 baptizavit
2676 518 2849 573 aqua,
2883 518 2982 557 vos
3014 504 3210 558 autem
3250 500 3437 575 bapti-

1804 594 2075 651 zabimini
2130 595 2347 666 Spiritu
2386 599 2585 651 sancto
2623 612 2739 651 non
2764 599 2895 667 post
2918 597 3130 652 multos
3160 597 3266 652 hos
3294 597 3436 654 dies.

1804 690 1984 760 Igitur
2000 688 2098 760 qui
2112 693 2525 758 convenerant,
2540 690 2977 762 interrogabant
2991 707 3145 758 eum,
3161 690 3436 748 dicentes:

1805 782 2071 849 Domine,
2101 784 2145 838 si
2160 783 2218 838 in
2239 788 2507 855 tempore
2536 785 2644 839 hoc
2662 785 2929 840 restitues
2948 801 3194 856 regnum
3222 785 3437 841 Israel?

1805 876 1955 930 Dixit
1997 880 2194 931 autem
2236 877 2357 932 eis:
2401 879 2525 932 Non
2563 881 2649 932 est
2687 882 2939 934 vestrum
2977 896 3144 935 nosse
3175 882 3441 951 tempora

1804 971 1887 1025 vel
1920 974 2218 1025 momenta
2263 987 2389 1041 quae
2429 973 2598 1026 Pater
2634 973 2827 1043 posuit
2864 974 2925 1027 in
2964 990 3067 1027 sua
3104 977 3388 1045 potestate
3423 990 3437 1028 :

1805 1066 1906 1119 sed
1945 1065 2235 1136 ac'cipietis
2264 1064 2535 1119 virtutem
2573 1067 3076 1137 supervenientem
3125 1067 3184 1121 in
3224 1085 3342 1135 vos,
3383 1070 3442 1123 et

1805 1159 1962 1213 eritis
1989 1159 2129 1213 mihi
2160 1161 2335 1213 testes
2364 1158 2422 1212 in
2452 1159 2829 1229 Hierusalem,
2863 1165 2921 1215 et
2948 1161 3110 1216 omni
3128 1162 3346 1230 Iudaea,
3382 1164 3441 1216 et

1804 1254 2084 1321 Samaria,
2114 1256 2171 1307 et
2193 1270 2374 1324 usque
2405 1253 2479 1307 ad
2507 1254 2771 1308 ultimum
2802 1258 2988 1311 terras.

1814 1404 1831 1409 ,
1989 1346 2165 1397 Lectio
2190 1346 2354 1396 sancti
2378 1347 2649 1413 Evangelii
2676 1348 2966 1397 secundum
2998 1350 3186 1398 Lucam
3205 1375 3246 1403 c.

1873 1424 2156 1495 Tempore
2194 1424 2311 1491 illo,
2346 1440 2460 1477 una
2492 1422 2734 1490 sabbati,
2769 1424 2936 1478 valde
2960 1423 3231 1492 diluculo,
3273 1442 3441 1482 vene~

1803 1522 1938 1572 runt
1966 1518 2040 1571 ad
2074 1521 2541 1584 monumentum,
2592 1520 2891 1588 portantes
2934 1535 3065 1590 quae
3095 1523 3443 1590 paraverant

1803 1614 2065 1667 aromata
2083 1629 2095 1667 :
2113 1615 2171 1665 et
2188 1611 2535 1665 invenerunt
2555 1611 2812 1683 lapidem
2830 1613 3155 1667 revolutum
3171 1630 3204 1667 a
3229 1630 3440 1668 monu-

1800 1709 1999 1762 mento
2024 1722 2036 1772 ;
2065 1708 2122 1759 et
2148 1705 2423 1776 ingressae
2452 1722 2569 1760 non
2594 1706 2941 1760 invenerunt
2965 1723 3171 1777 corpus
3210 1704 3442 1763 Domini

1800 1802 1950 1855 Jesu.
1986 1800 2051 1855 Et
2078 1800 2295 1854 factum
2328 1802 2413 1853 est
2440 1800 2579 1854 dum
2610 1803 2805 1855 mente
2835 1804 3220 1856 consternatae
3251 1803 3451 1863 essent

92 1896 138 1948 et
156 1893 551 1949 fecitnostrum
568 1907 819 1963 regnum
836 1890 1165 1947 sacerdotes
1186 1889 1303 1943 Deo
1321 1892 1379 1943 et
1397 1887 1549 1942 Patri
1569 1903 1697 1942 suo:
1723 1882 1778 1956 B
1804 1894 1875 1947 de
1908 1894 2035 1961 isto,
2066 1910 2197 1948 ecce
2220 1893 2333 1947 duo
2361 1893 2463 1947 viri
2498 1896 2783 1948 steterunt
2815 1894 2978 1966 juxta
3019 1894 3145 1949 illas
3192 1895 3251 1950 in
3285 1898 3441 1950 veste

92 1988 179 2060 ipsi
206 1986 382 2059 gloria
411 1989 471 2040 et
499 1984 812 2057 imperium
844 1984 903 2039 in
932 1984 1139 2039 saecula
1166 1984 1529 2038 saaculorum.
1562 1982 1702 2036 Ecce

93 2082 257 2137 veniet
283 2081 342 2134 in
374 2079 647 2146 nubibus,
675 2082 734 2134 et
759 2078 977 2133 videbit
1000 2095 1135 2132 eum
1163 2077 1355 2133 omnis
1389 2077 1605 2143 oculus,
1648 2079 1706 2131 et

94 2176 172 2248 qui
191 2191 318 2230 eum
343 2177 745 2246 pupugerunt:
780 2175 837 2226 et
852 2174 1132 2244 plangent
1156 2188 1327 2243 super
1344 2187 1478 2225 eum
1501 2186 1704 2225 omnes

93 2270 247 2326 tribus
273 2274 459 2335 terrae,
496 2267 675 2322 etiam
704 2283 899 2321 amen.
930 2268 1050 2337 Ego
1080 2283 1205 2320 sum
1234 2266 1362 2319 Alfa
1391 2264 1699 2334 etOmega,

91 2363 402 2436 principium
430 2366 491 2416 et
520 2361 672 2429 finis,
714 2361 852 2416 dicit
886 2359 1162 2414 Dominus
1201 2359 1301 2430 qui
1350 2361 1454 2425 est,
1501 2362 1559 2411 et
1604 2357 1702 2429 qui

94 2462 212 2525 erat,
238 2461 293 2512 et
318 2457 415 2528 qui
437 2460 716 2511 venturus
743 2458 829 2509 est
857 2455 1382 2525 omnipotens.Ego
1411 2453 1703 2507 Johannes

91 2552 242 2607 frater
264 2555 451 2605 vester
476 2553 538 2604 et
562 2549 849 2620 particeps
868 2548 927 2602 in
957 2547 1324 2602 tribulatione
1341 2549 1399 2600 et
1425 2562 1607 2616 regno
1647 2548 1704 2600 et

94 2645 339 2716 patientia
352 2646 518 2711 Jesu;
545 2643 629 2697 fui
655 2643 715 2698 in
738 2642 923 2697 insula
936 2658 1063 2713 quae
1082 2642 1405 2712 appellatur
1428 2640 1703 2695 Pathmos

94 2742 300 2811 propter
319 2739 559 2792 verbum
579 2736 679 2793 Dei
708 2740 766 2791 et
788 2734 1189 2790 testimonium
1210 2736 1373 2800 Jesu;
1406 2733 1486 2787 fui
1509 2732 1565 2787 in
1587 2733 1700 2805 spi-

94 2833 185 2886 ritu
210 2832 265 2886 in
286 2831 592 2887 Dominico
621 2830 735 2898 die,
766 2833 823 2885 et
844 2829 1033 2884 audivi
1059 2830 1190 2899 post
1212 2844 1305 2882 me
1333 2844 1533 2883 vocem
1553 2826 1703 2898 Agni

92 2926 531 2998 tamquamtubm
554 2924 797 2979 dicentis
821 2941 834 2978 ε
869 2922 1031 2987 Quod
1054 2922 1211 2976 vides
1233 2921 1434 2989 scribe,
1460 2924 1519 2975 et
1538 2921 1702 2975 mitte

92 3024 287 3091 septem
312 3019 586 3085 ecclesiis,
620 3019 681 3072 id
698 3021 784 3072 est
803 3018 1114 3088 Ephesum,
1144 3016 1455 3082 Zmirnam,
1481 3018 1536 3071 et
1565 3017 1699 3070 Per-

92 3131 323 3185 gamum,
355 3117 412 3168 et
435 3112 749 3180 Tiathiriaa,
779 3115 836 3165 et
852 3111 1069 3177 Sardis,
1085 3113 1143 3163 et
1161 3110 1463 3178 Fiadelﬁaa,
1480 3112 1537 3164 et
1557 3110 1698 3164 Lau-

92 3207 250 3262 diciaa.
272 3209 337 3262 Et
363 3206 625 3262 converti
646 3222 742 3260 me
764 3210 825 3259 ut
839 3205 1097 3259 viderem
1110 3220 1311 3258 vocem
1325 3220 1453 3275 quae
1472 3219 1701 3258 mecum

90 3301 421 3372 loquebatur.
437 3302 759 3356 Conversus
770 3298 883 3353 vidi
900 3302 1124 3369 septem
1140 3297 1488 3352 candelabra
1504 3313 1700 3365 aurea,

90 3399 135 3447 et
157 3394 209 3450 in
234 3395 425 3449 medio
456 3393 943 3449 candelabrornm
972 3390 1229 3445 similem
1263 3390 1401 3446 Filio
1425 3390 1700 3458 hominis,

90 3488 329 3543 vestitum
364 3487 628 3542 tunicam
662 3488 929 3555 talarem,
979 3490 1037 3540 et
1074 3485 1414 3557 praecinctus
1452 3488 1578 3539 erat
1629 3483 1704 3539 ad

90 3582 245 3636 ubera
271 3599 477 3637 zonam
506 3597 764 3637 auream.
795 3581 979 3651 Caput
1004 3583 1199 3634 autem
1246 3579 1368 3650 ejus
1408 3581 1466 3634 et
1513 3578 1703 3650 capilli

90 3675 187 3729 albi
219 3680 518 3747 tamquam
552 3674 667 3743 nix,
710 3678 767 3728 et
808 3673 952 3728 oculi
994 3673 1117 3744 ejus
1152 3677 1214 3727 ut
1237 3672 1479 3728 ﬂamma
1506 3672 1655 3743 ignis
1685 3688 1699 3727 :

88 3769 250 3839 pedes
276 3770 391 3840 ejus
420 3770 568 3824 sicut
594 3768 839 3823 uricalco
872 3766 1085 3835 turino,
1105 3766 1362 3838 projecto
1381 3767 1451 3822 de
1470 3766 1701 3822 camino

90 3862 240 3932 ignis.
269 3864 378 3918 Vox
401 3864 529 3934 ejus
546 3862 808 3917 sicutvox
826 3877 1111 3932 aquarum
1144 3861 1480 3927 multarum,
1509 3863 1569 3914 et
1596 3860 1699 3915 ha-

90 3955 241 4010 bebat
269 3956 322 4010 in
354 3957 591 4011 dextera
620 3971 798 4011 manu
827 3954 1005 4009 stillas
1026 3956 1269 4025 septem,
1289 3957 1346 4008 et
1368 3953 1438 4007 de
1457 3970 1556 4008 ore
1579 3953 1703 4024 ejus

91 4049 289 4117 gladius
314 4066 379 4104 ex
409 4053 659 4121 utraque
677 4052 839 4121 parte
860 4051 1058 4103 acutus
1078 4048 1430 4119 procedens;
1454 4050 1513 4100 et
1527 4047 1702 4101 facies

90 4142 194 4213 ejus
218 4144 357 4199 sicut
384 4145 472 4200 sol
499 4146 650 4198 lucet
677 4143 735 4197 in
764 4143 972 4197 virtute
1004 4159 1125 4196 sua.
1153 4142 1222 4196 Et
1250 4145 1312 4195 ut
1358 4141 1470 4196 vidi
1515 4141 1699 4209 illum,

89 4238 245 4291 cecidi
276 4239 348 4294 ad
377 4238 559 4311 pedes
572 4238 692 4308 ejus
711 4241 1011 4308 tamquam
1039 4237 1319 4303 mortuus,
1336 4238 1393 4289 et
1408 4235 1597 4307 posuit
1616 4252 1702 4290 su-

90 4346 272 4399 perme
291 4349 535 4388 manum
558 4348 721 4386 suam
745 4331 1044 4385 dexteram
1070 4330 1267 4384 dicens
1295 4346 1307 4383 :
1332 4329 1458 4384 Noli
1475 4329 1699 4397 timere,

90 4439 183 4495 ego
211 4443 331 4480 sum
359 4426 585 4497 primus
612 4428 669 4479 et
710 4424 1070 4490 novissimus,
1113 4439 1223 4495 ego
1269 4439 1395 4477 sum
1440 4422 1540 4494 qui
1576 4422 1701 4477 vivo

90 4533 314 4589 semper,
348 4520 446 4592 qui
474 4519 557 4575 fui
578 4522 859 4584 mortuus,
891 4520 950 4571 et
976 4533 1107 4572 ecce
1137 4516 1333 4571 vivens
1354 4532 1481 4570 sum
1514 4516 1574 4571 in
1596 4533 1699 4570 saa-

90 4612 198 4666 cula
221 4615 583 4680 saeculorum,
618 4629 812 4667 amen.

440 4701 615 4751 Lectio
640 4703 865 4751 Actuum
896 4698 1252 4764 apostolorum
1275 4698 1319 4746 b.

147 4775 395 4831 Primum
442 4775 679 4848 quidem
721 4790 1057 4829 sermonem
1097 4773 1207 4827 feci
1245 4773 1316 4827 de
1346 4771 1632 4841 omnibus,
1669 4790 1702 4827 o

85 4867 335 4939 Theoﬁle,
370 4887 499 4942 quae
513 4868 683 4941 coepit
714 4870 741 4924 .l
749 4886 877 4923 esus
902 4868 1093 4922 facere
1123 4870 1181 4921 et
1204 4866 1412 4922 docere
1434 4883 1615 4937 usque
1642 4867 1702 4921 in

87 4960 236 5028 diem,
277 4980 393 5035 qua
425 4962 765 5035 praecipiens
796 4961 1072 5033 apostolis
1116 4978 1221 5032 per
1257 4960 1533 5031 Spiritum
1569 4977 1699 5015 san-

86 5056 242 5123 ctum,
275 5073 420 5128 quos
440 5057 635 5128 elegit,
668 5056 1008 5127 adsumptus
1046 5057 1149 5108 est.
1203 5053 1420 5119 Quibus
1458 5054 1705 5125 praebuit

86 5148 315 5219 seipsum
342 5152 534 5205 vivum
546 5153 677 5221 post
702 5149 1031 5221 passionem
1052 5165 1217 5203 suam
1240 5148 1298 5202 in
1320 5148 1516 5202 multis
1528 5164 1702 5219 argu-

86 5244 293 5312 mentis,
310 5262 414 5316 per
427 5245 550 5299 dies
561 5242 948 5317 quadraginta
962 5260 1248 5315 apparens
1266 5241 1365 5309 eis,
1386 5244 1443 5296 et
1460 5243 1703 5313 loquens

87 5334 145 5388 de
171 5354 347 5410 regno
374 5338 497 5394 Dei.
520 5340 585 5393 Et
615 5354 962 5393 convescens
990 5336 1267 5409 praecepit
1295 5336 1378 5389 eis
1400 5335 1471 5391 ab
1508 5334 1704 5389 Hieru-

87 5430 301 5500 solymis
324 5450 400 5488 ne
432 5432 814 5499 discederent,
846 5431 947 5486 sed
973 5432 1343 5502 expectarent
1368 5428 1701 5501 promissio-

89 5539 205 5579 nem
233 5528 432 5593 Patris,
467 5544 641 5598 qnam
668 5524 906 5581 audistis
936 5542 1041 5596 per
1071 5541 1134 5580 os
1156 5541 1356 5579 meum
1390 5541 1402 5578 :
1436 5522 1573 5594 quia
1607 5524 1698 5576 Jo-

148 5665 169 5693 ³
209 5660 303 5731 ita:
341 5661 639 5716 Lectiones
682 5660 825 5715 item
867 5677 973 5731 pro
1011 5660 1186 5714 missa
1226 5660 1522 5731 sequente.
1556 5657 1701 5711 Nam

90 5727 365 5814 Lectiones
385 5750 458 5814 ex.
478 5731 824 5814 Apocalypsi
852 5727 911 5785 et
944 5748 1009 5785 ex
1032 5731 1187 5786 Actis
1221 5727 1629 5801 Apostolorum
1670 5745 1704 5783 a

91 5799 169 5875 die
196 5803 417 5858 Pascha:
444 5799 820 5875 incipiebant.

148 5870 647 5944 quugustinusfin
675 5890 943 5929 sermone
970 5874 1004 5927 4
1035 5872 1106 5944 de
1131 5873 1406 5928 Paschate
1431 5889 1451 5944 7:
1485 5893 1512 5921 ‹‹
1536 5870 1702 5926 Modo

89 5941 274 6017 incipit
289 5941 434 6006 iiber
461 5941 565 6006 iste
586 5946 702 6021 legi
719 5963 732 6019 ;
761 5944 934 6005 hodie
964 5943 1134 6019 coepit
1151 5944 1319 6019 liber,
1344 5943 1445 6018 qui
1471 5945 1704 6001 vocatur

1723 4636 1781 4708 D

1804 1986 2066 2058 fulgenti.
2091 1988 2234 2042 Cum
2252 1986 2529 2041 timerent
2543 1991 2758 2056 autem,
2774 1992 2832 2042 et
2849 1988 3205 2043 declinarent
3223 1990 3442 2044 vultum

1802 2081 1860 2135 in
1894 2084 2066 2148 terra,
2097 2080 2365 2135 dixerunt
2383 2081 2459 2135 ad
2485 2080 2612 2135 illas
2641 2098 2653 2135 :
2679 2081 2829 2145 Quid
2861 2081 3114 2152 quaeritis
3152 2083 3441 2138 viventem

1802 2191 1933 2229 cum
1957 2174 2200 2229 mortuis
2224 2174 2252 2228 ?
2286 2175 2411 2229 Non
2451 2178 2538 2229 est
2573 2174 2687 2242 hic,
2726 2175 2828 2229 sed
2858 2175 3121 2229 surrexit.
3162 2176 3443 2232 Recorda-

1804 2267 1948 2322 mini
1974 2268 2220 2339 qualiter
2248 2268 2470 2323 locutus
2498 2272 2584 2322 est
2607 2267 2786 2335 vobis,
2818 2284 2949 2322 cum
2978 2268 3168 2323 adhuc
3196 2269 3258 2323 in
3289 2269 3440 2325 Gali-

1804 2363 1911 2416 laea
1940 2364 2109 2429 esset,
2138 2361 2355 2425 dicens,
2388 2362 2522 2433 quia
2544 2365 2773 2433 oportet
2800 2362 2985 2416 ﬁlium
3012 2363 3264 2418 hominis
3290 2363 3442 2418 tradi

1805 2456 1863 2509 in
1890 2471 2099 2510 manus
2131 2455 2433 2510 hominum
2454 2459 2845 2527 peccatorum,
2862 2459 2920 2510 et
2943 2456 3217 2527 crucifigi,
3251 2460 3308 2511 et
3331 2460 3443 2512 ter-

1802 2548 1884 2603 tia
1911 2548 2003 2603 die
2022 2565 2343 2620 resurgere.
2368 2551 2436 2603 Et
2452 2550 2771 2605 recordatae
2792 2552 2926 2604 sunt
2954 2550 3263 2606 verborum
3295 2551 3438 2621 ejus,

1804 2646 1862 2697 et
1903 2659 2148 2714 egressae
2181 2648 2314 2697 sunt
2348 2660 2383 2698 a
2412 2646 2819 2711 monumento,
2863 2645 3282 2699 nunciaverunt
3317 2645 3442 2700 haec

1804 2736 2004 2791 omnia
2025 2736 2134 2790 illis
2158 2736 2429 2791 undecim
2461 2741 2517 2791 et
2538 2738 2739 2792 ceteris
2767 2737 3055 2793 omnibus.
3088 2740 3237 2794 ERAT
3260 2755 3439 2795 suram

1801 2830 1977 2885 Maria
2000 2830 2357 2901 Magdalene,
2392 2834 2451 2884 et
2489 2831 2776 2899 Johanna,
2816 2834 2876 2886 et
2909 2831 3086 2886 Maria
3126 2832 3340 2899 Jacobi,
3384 2837 3443 2887 et

1803 2928 2028 2991 ceteras,
2063 2941 2191 2995 quae
2221 2941 2353 2978 cum
2385 2924 2467 2978 eis
2493 2928 2679 2992 erant,
2707 2941 2835 2996 quae
2866 2925 3136 2980 dicebant
3180 2926 3254 2980 ad
3295 2928 3443 2997 Apo-

1805 3019 1980 3073 stolos
2012 3018 2168 3085 haec;
2201 3021 2259 3072 et
2282 3018 2402 3072 visa
2432 3020 2566 3073 sunt
2595 3021 2730 3073 ante
2753 3018 2882 3074 illos
2912 3018 3055 3074 sicut
3085 3018 3434 3075 deliramen-

1804 3116 1931 3166 tum
1966 3112 2141 3166 verba
2172 3112 2316 3179 ista;
2349 3116 2407 3167 et
2434 3129 2550 3167 non
2582 3112 2899 3167 credebant
2934 3112 3063 3167 illis.
3095 3114 3297 3167 Petrus
3336 3130 3435 3169 au-

1802 3209 1923 3260 tem
1952 3222 2193 3276 surgens
2217 3206 2466 3260 cucurrit
2489 3206 2563 3261 ad
2588 3209 3059 3274 monumentum,
3093 3209 3151 3261 et
3174 3206 3447 3279 procum-'

1800 3300 1947 3355 hens
1970 3300 2112 3354 vidit
2126 3299 2470 3355 linteamina
2486 3301 2693 3372 posita,
2722 3304 2780 3355 et
2805 3300 2966 3368 abiit,
2994 3317 3189 3357 secum
3215 3301 3437 3358 mirans

1804 3394 1960 3465 quod
1996 3394 2209 3448 factum
2238 3394 2446 3449 fuerat.

2414 3494 2613 3533 INCIPIT
2653 3493 2829 3535 MISSA.

1874 3558 2051 3612 Deum
2075 3574 2140 3612 ac
2157 3558 2470 3613 Dominum
2499 3562 2759 3614 nostrum
2786 3562 2979 3616 Jesum
3000 3561 3307 3629 Christum,
3330 3562 3443 3616 fra-

1804 3655 1920 3705 tres
1964 3650 2261 3719 carissimi,
2305 3651 2639 3723 suppliciter
2664 3670 2987 3722 exoremus,
3019 3655 3115 3726 qui
3145 3655 3317 3709 tertia
3346 3654 3441 3710 die

1803 3744 1941 3799 dum
1971 3745 2280 3800 resurrexit
2297 3762 2330 3800 a
2350 3745 2615 3814 mortuis,
2631 3748 2945 3802 multorum
2968 3752 3300 3803 sanctorum
3321 3764 3440 3803 con-

1802 3855 1944 3910 pora
1974 3838 2264 3894 suscitavit
2290 3838 2362 3894 de
2387 3840 2647 3911 sepulcro
2684 3858 2697 3895 :
2733 3858 2907 3913 quem
2946 3858 3079 3896 cum
3107 3841 3282 3897 Maria
3313 3842 3440 3913 plo-

1802 3950 1938 3987 rans
1967 3936 2253 4004 quaareret
2273 3933 2347 3988 ad
2376 3937 2849 4003 monumentum,
2874 3935 3083 3990 dicitur
3096 3935 3147 3992 ei
3173 3935 3245 3990 ab
3266 3951 3441 4007 ange-

1802 4027 1891 4093 lis,
1920 4026 2075 4098 quod
2098 4027 2223 4097 jam
2252 4028 2588 4082 surrexisset
2610 4045 2645 4083 a
2662 4028 2926 4084 mortuis.
2950 4029 3252 4085 Fundebat
3265 4029 3441 4084 Maria

1802 4136 1906 4190 pro
1938 4119 2146 4175 affectu
2172 4120 2418 4176 ﬂumina
2434 4121 2805 4178 lacrimarum
2829 4141 2842 4190 ;
2872 4140 2941 4178 eo
2965 4124 3122 4195 quod
3142 4140 3260 4178 non
3281 4122 3437 4177 inve-

1802 4213 1981 4268 nisset
2004 4213 2479 4297 inﬁmonumento
2504 4215 2834 4271 Dominum.
2862 4217 3182 4288 Plangebat
3196 4217 3254 4271 in
3271 4218 3439 4273 horto

1804 4307 2112 4362 dominica:
2142 4309 2613 4378 resurrectionis;
2647 4310 2866 4365 invenit
2893 4313 3219 4383 sepulcrum
3236 4314 3440 4383 paten—

1802 4404 1944 4469 tem,
1968 4405 2026 4455 et
2047 4402 2291 4472 expavit.
2316 4403 2433 4458 Illic
2455 4403 2614 4458 enim
2634 4404 2885 4459 excubiae
2906 4406 3249 4477 angelorum
3271 4421 3444 4476 super

1804 4494 2056 4565 lapidem
2068 4497 2393 4550 revolutum
2405 4497 2721 4551 cantabant
2732 4498 2803 4551 de
2824 4499 3245 4554 resurrectione
3263 4498 3444 4553 domi-

1805 4588 1934 4643 nica
1958 4589 2243 4659 hymnum
2270 4605 2505 4656 novum,
2534 4591 2810 4660 praeclara
2854 4591 3009 4661 legio
3050 4592 3391 4661 angelorum
3425 4609 3438 4648 :

1804 4681 1901 4736 illa
1928 4680 2212 4736 fundebat
2247 4681 2555 4751 [lacrimas]
2587 4684 2721 4735 ante
2765 4683 3113 4752 sepulcrum.
3142 4683 3359 4739 Dicitur
3388 4685 3443 4740 ei

1805 4775 1876 4829 ab
1904 4774 2127 4844 angelis
2154 4773 2308 4844 quod
2333 4773 2458 4843 jam
2482 4774 2887 4828 resurrexisset
2921 4791 2955 4829 a
2990 4776 3251 4831 mortuis.
3293 4779 3442 4833 Dum

1803 4868 1913 4923 ista
1936 4866 2116 4935 audit,
2147 4865 2395 4922 efficitur
2424 4882 2600 4936 quem
2628 4866 2925 4937 quaerebat
2970 4885 3177 4939 corpus
3214 4871 3442 4927 Domini

1804 4960 2130 5017 Salvatoris.
2162 4959 2461 5015 Clamabat
2479 4959 2602 5030 jam
2630 4958 2891 5029 gaudens
2925 4977 2939 5014 :
2968 4962 3048 5015 Tu
3075 4978 3134 5015 es
3164 4963 3444 5019 Dominus

1803 5072 1985 5123 meus,
2005 5054 2103 5126 qui
2134 5054 2193 5109 in
2215 5053 2373 5125 ligno
2389 5052 2807 5125 pependisti,et
2825 5053 2886 5108 in
2914 5054 3174 5125 sepulcro
3189 5072 3293 5126 pro
3317 5060 3440 5114 toto
3512 5084 3525 5092 ·

1803 5147 2289 5219 mundojacuisti.
2326 5146 2451 5202 Noli
2478 5146 2623 5201 mihi
2652 5146 2986 5220 indignari:
3033 5147 3140 5202 etsi
3182 5148 3441 5205 hortula-

1806 5258 1944 5296 num
1974 5242 2188 5313 putavi,
2212 5244 2413 5296 tamen
2437 5241 2533 5297 Dei
2559 5240 2766 5296 Filium
2798 5259 2917 5298 non
2945 5241 3170 5314 negavi.
3204 5243 3442 5297 Plorans

1804 5335 2022 5407 ploravi
2048 5335 2121 5389 ad
2148 5338 2204 5389 te
2236 5338 2369 5389 ante
2399 5337 2749 5408 sepulcrum,
2783 5340 2841 5391 et
2865 5337 2943 5391 ibi
2986 5335 3103 5391 vidi
3146 5335 3440 5391 sudarium

1803 5430 1989 5483 vultus
2010 5428 2097 5483 tui
2127 5428 2229 5500 [in]
2253 5430 2520 5486 salutem.
2546 5430 2853 5501 Sepultura
2870 5430 3030 5486 enim
3048 5447 3164 5486 non
3187 5429 3298 5484 tuis
3317 5446 3437 5484 me-

1804 5522 1945 5588 ritis,
1977 5523 2076 5578 sed
2118 5523 2327 5577 nostris
2367 5524 2614 5595 peccatis
2652 5524 3037 5596 [debebatur,]
3076 5524 3228 5579 unde
3268 5524 3443 5580 Maria

1804 5657 1976 5713 Actus
1999 5659 2388 5728 apostolorum.
2421 5682 2448 5709 ››

1875 5742 1898 5770 ο
1920 5729 2093 5801 idem
2126 5731 2502 5801 Evangelium
2534 5730 2608 5785 ad
2636 5730 2872 5785 missam
2894 5730 3197 5784 Paschzein
3220 5728 3441 5785 Lectio-

1806 5800 1969 5927 ἓθὶὶο
2019 5801 2375 5925 Luxtoviensi,
2424 5801 2503 5857 ita
2554 5801 2881 5873 incipiens:
2940 5802 3135 5857 Diebus
3174 5802 3287 5855 illis
3332 5812 3442 5854 una

1847 5888 1880 5927 a
1953 5875 2053 5935 oti,
2088 5890 2118 5928 e
2147 5889 2193 5926 c.
