4006 6228
93 416 182 470 509

583 408 1192 468 SACRAMENTARIUM
1232 412 1676 468 GALLICANUM.
1719 439 1785 451 -α
1826 411 2190 467 LECTIONES
2228 410 2312 465 DE
2351 405 2663 466 ADVENTU
2703 409 2953 465 DOMINI.

3349 411 3450 466 5l0

86 525 182 578 tuis
201 520 479 576 sacriﬁcia
489 521 852 592 paschalibus
872 521 1093 594 gaudiis
1107 521 1487 592 immolamus,
1508 521 1714 593 quibus
1736 531 1795 608 Α
1815 521 2034 591 clausas,
2053 520 2152 576 ubi
2174 523 2333 576 erant
2352 519 2858 592 discipulipropter
2871 521 3089 573 metum
3101 515 3446 588 Iudaeorum,

89 615 316 674 Ecclesia
343 619 450 671 tua
477 615 818 671 mirabiliter
843 621 902 670 et
927 615 1258 684 renascitur,
1291 621 1348 672 et
1371 616 1642 671 nutritur.

739 705 1073 756 Contestatio.

150 782 279 835 Vere
309 777 562 850 dignum
592 781 649 833 et
675 778 897 848 justum
939 783 1022 833 est
1066 779 1430 850 omnipotens
1467 779 1633 848 Deus,
1665 783 1718 833 te

88 876 304 948 quidem
331 873 496 927 omni
515 877 770 944 tempore
795 872 1043 939 laudare,
1066 873 1416 940 benedicere,
1437 876 1493 927 et
1518 872 1720 944 praedi-

88 987 222 1036 care,
250 967 393 1040 quod
431 968 654 1021 Pascha
683 969 940 1021 nostrum
969 966 1293 1021 immolatus
1315 971 1398 1020 est
1435 965 1714 1021 Christus.

91 1067 182 1120 Per
205 1078 371 1134 quem
410 1061 512 1134 [in]
543 1066 813 1116 aeternam
842 1061 1016 1116 vitam
1044 1061 1143 1115 filii
1171 1060 1311 1115 lucis
1338 1061 1618 1129 oriuntur,
1649 1060 1714 1114 fi-

92 1157 288 1213 delibus
316 1155 487 1227 regni
526 1156 760 1211 caelestis
797 1155 940 1210 atria
969 1161 1314 1223 reserantur,
1343 1161 1398 1210 et
1419 1155 1566 1209 beati
1591 1155 1718 1226 lege

93 1250 401 1306 commercii
422 1249 632 1304 divinis
646 1249 895 1304 humana
907 1253 1222 1305 mutantur.
1243 1249 1382 1315 Quia
1393 1254 1718 1304 nostrorum

93 1346 328 1400 omnium
365 1361 529 1399 mors
569 1361 732 1400 cruce
759 1344 966 1400 Christi
995 1344 1288 1416 redempta
1323 1348 1425 1410 est,
1456 1348 1510 1399 et
1539 1344 1598 1398 in
1627 1360 1715 1399 re-

94 1440 424 1495 surrectione
454 1440 580 1511 ejus
612 1439 868 1494 omnium
905 1439 1014 1494 vita
1041 1439 1307 1494 surrexit.
1339 1440 1519 1503 Quem
1547 1438 1605 1492 in
1633 1455 1719 1493 su-

94 1534 358 1606 sceptione
386 1533 758 1589 mortalitatis
786 1534 960 1588 Deum
1001 1532 1305 1603 majestatis
1339 1531 1715 1605 agnoscimus,

94 1635 139 1683 et
168 1629 220 1682 in
250 1629 566 1683 divinitatis
597 1629 838 1699 gloriam
867 1628 1043 1682 Deum
1076 1631 1129 1682 et
1160 1627 1450 1682 hominem
1484 1627 1714 1682 confite-

92 1739 224 1777 mur.
249 1723 357 1788 Qui
396 1729 648 1778 mortem
699 1728 949 1777 nostram
993 1722 1285 1776 moriendo
1329 1720 1625 1787 destruxit,
1664 1726 1719 1775 et

95 1818 246 1872 vitam
270 1817 629 1888 resurgendo
669 1817 917 1872 restituit
958 1818 1116 1872 Iesus
1157 1813 1409 1870 Christus
1449 1814 1717 1870 Dominus

96 1916 285 1966 noster.
313 1912 498 1976 Quem
528 1911 780 1966 laudant.

567 2017 690 2056 ITEH
733 2017 888 2055 MISSA
929 2016 991 2054 ΡΑ
1001 2015 1223 2055 SCIIALIS
1233 2041 1244 2052 .

375 2083 556 2133 Lectio
588 2083 924 2146 Apocalypsis
954 2082 1118 2132 sancti
1143 2081 1409 2130 Johannis.

156 2160 266 2231 Ego
292 2159 583 2214 Iohannes
604 2159 715 2213 vidi
743 2159 952 2212 nubem
980 2158 1302 2224 candidam,
1332 2161 1388 2211 et
1413 2172 1581 2228 supra
1608 2169 1715 2209 nu-

101 2253 210 2307 bem
236 2253 530 2308 sedentem
560 2253 805 2307 similem
832 2251 970 2306 Filio
997 2251 1261 2319 hominis,
1306 2250 1610 2305 habentem
1659 2248 1718 2302 in

103 2348 258 2418 capite
283 2364 385 2402 suo
412 2365 684 2402 coronam
711 2363 964 2413 auream,
993 2351 1048 2401 et
1073 2347 1132 2400 in
1170 2362 1344 2400 manu
1384 2362 1481 2399 sua
1518 2344 1718 2399 falcem

103 2445 324 2496 acutam.
355 2443 423 2496 Et
460 2442 608 2496 alter
633 2443 872 2512 angelus
901 2440 1072 2496 exivit
1100 2441 1168 2494 de
1200 2440 1432 2512 templo,
1469 2439 1719 2494 clamans

102 2553 212 2591 voce
237 2553 446 2608 magna
475 2537 550 2591 ad
576 2536 863 2591 sedentem
887 2552 1060 2607 super
1077 2535 1321 2590 nubem:
1340 2534 1488 2589 Mitte
1513 2534 1715 2588 falcem

103 2638 256 2696 tuam,
280 2637 333 2686 et
351 2634 504 2685 mete
529 2647 542 2685 :
566 2631 698 2702 quia
726 2630 875 2684 venit
902 2630 1043 2684 hora
1067 2634 1132 2684 ut
1157 2633 1422 2695 metatur,
1451 2629 1719 2700 quoniam

105 2729 304 2780 matura
327 2730 412 2779 est
435 2724 638 2779 messis
661 2728 850 2779 terrae.
883 2725 948 2778 Et
974 2723 1129 2778 misit
1154 2724 1251 2795 qui
1292 2722 1519 2778 sedebat
1546 2739 1717 2793 supra

105 2820 291 2874 nubem
317 2819 522 2874 falcem
551 2835 712 2873 suam
768 2819 823 2872 in
865 2823 1102 2886 terram,
1150 2821 1205 2872 et
1230 2833 1411 2872 messa
1441 2821 1523 2871 est
1548 2821 1716 2870 terra.

105 2914 159 2967 Et
180 2913 310 2967 alius
333 2906 573 2985 angelus
600 2912 768 2967 exivit
797 2912 863 2966 de
892 2913 1123 2983 templo,
1158 2912 1304 2982 quod
1344 2914 1425 2965 est
1466 2910 1522 2964 in
1561 2910 1718 2978 cado,

106 3007 296 3061 habens
321 3013 375 3062 et
414 3007 537 3078 ipse
570 3007 773 3061 falcem
813 3010 1058 3060 acutam.
1090 3007 1154 3059 Et
1192 3004 1333 3058 alius
1375 3004 1610 3074 angelus
1653 3003 1722 3058 de

106 3100 266 3168 altari,
292 3101 387 3173 qui
415 3101 589 3156 habet
615 3104 945 3172 potestatem
975 3117 1145 3170 supra
1175 3099 1390 3170 ignem,
1426 3101 1482 3153 et
1511 3097 1717 3150 clama-

109 3195 174 3248 vit
198 3213 319 3250 voce
351 3212 581 3268 magna,
626 3195 722 3266 qui
769 3195 942 3249 habet
979 3194 1181 3248 falcem
1208 3197 1452 3258 acutam,
1483 3191 1673 3246 dicens
1705 3208 1717 3244 :

109 3289 237 3343 llitte
261 3289 458 3344 falcem
486 3294 649 3343 tuam
673 3293 917 3359 acutam,
937 3293 992 3342 et
1013 3287 1297 3342 vindemia
1316 3287 1510 3340 botros
1531 3290 1718 3351 terrze,
1743 3287 1798 3361 ρ

111 3384 349 3453 quoniam
376 3389 616 3443 maturae
644 3388 774 3438 sunt
788 3400 908 3437 uvae
927 3383 1068 3454 ejus.
1089 3384 1156 3436 Et
1180 3381 1332 3436 misit
1359 3379 1598 3450 angelus
1617 3379 1721 3433 fal-

111 3494 216 3530 cem
241 3495 391 3532 suam
417 3479 480 3532 in
513 3482 746 3545 terram,
777 3481 832 3532 et
862 3475 1225 3531 vindemiavit
1262 3475 1487 3529 vineam
1525 3479 1720 3542 terrae;

113 3580 156 3627 et
181 3576 317 3630 misit
343 3577 398 3631 in
425 3579 618 3632 lacum
664 3576 762 3630 ira!
801 3574 899 3629 Dei
940 3591 1236 3645 magnum,
1275 3579 1329 3629 et
1365 3573 1606 3627 calcatus
1643 3577 1726 3627 est

113 3668 248 3723 lacus
273 3675 421 3726 extra
449 3671 758 3736 civitatem,
788 3674 844 3725 et
865 3669 1036 3724 exivit
1060 3667 1289 3741 sanguis
1309 3667 1377 3722 de
1398 3669 1522 3722 lacu
1549 3682 1724 3738 usque

117 3765 178 3820 ad
206 3767 376 3823 frenos
401 3786 683 3843 equorum
710 3785 814 3841 per
839 3768 1018 3823 stadia
1039 3768 1194 3823 mille
1224 3772 1508 3822 sexcenta.

501 3862 674 3912 Lectio
700 3863 920 3912 Actuum
945 3862 1318 3924 apostolorum.

176 3931 428 4006 Tempore
472 3935 566 3989 illo
601 3935 808 3989 Saulus
851 3933 1036 3988 adhuc
1075 3934 1294 4004 spirans
1343 3931 1634 3986 minarum
1672 3935 1728 3986 et

119 4024 260 4078 credis
299 4026 354 4081 in
388 4028 690 4100 discipulos
726 4027 972 4096 Domini,
1023 4026 1254 4082 accessit
1296 4027 1366 4081 ad
1411 4023 1727 4096 principem

120 4120 463 4190 sacerdotum,
499 4127 555 4178 et
578 4122 744 4194 petiit
771 4122 840 4176 ab
882 4138 948 4175 eo
985 4121 1247 4192 epistolas
1291 4120 1347 4174 in
1396 4121 1728 4173 Damascum

121 4211 175 4264 ad
200 4229 501 4289 synagogas
523 4235 538 4285 ;
566 4221 630 4271 ut
651 4233 795 4288 quos
825 4215 1132 4270 invenisset
1153 4214 1326 4284 hujus
1359 4213 1464 4267 viae
1494 4213 1640 4268 viros
1666 4229 1728 4268 ac

123 4305 375 4378 mulieres,
413 4311 628 4365 vinctos
657 4311 993 4381 perduceret
1017 4309 1076 4364 in
1103 4309 1468 4363 Hierusalem.
1502 4308 1569 4361 Et
1597 4324 1728 4362 cum

123 4396 212 4451 iter
233 4401 445 4474 faceret,
483 4404 720 4475 contigit
750 4409 811 4459 ut
838 4403 1322 4476 adpropinquaret
1343 4403 1611 4456 Damasco
1637 4418 1649 4456 :
1676 4406 1732 4457 et

125 4491 282 4548 subito
325 4497 693 4553 circumfulsit
739 4515 870 4553 eum
913 4499 1007 4552 lux
1047 4497 1115 4552 de
1157 4497 1316 4566 caelo,
1350 4501 1406 4550 et
1435 4495 1638 4550 cadens
1669 4495 1729 4549 in

127 4587 328 4659 terram,
355 4591 567 4648 audivit
589 4610 783 4647 vocem
828 4592 1111 4647 dicentem
1149 4589 1253 4644 sibi
1285 4605 1297 4644 :
1330 4590 1512 4658 Saule,
1543 4588 1726 4656 Saule,

130 4677 243 4747 quid
269 4700 354 4739 me
397 4687 793 4758 persequeris?
835 4688 901 4740 Et
947 4684 1088 4740 dixit
1122 4703 1134 4739 :
1165 4683 1300 4750 Quis
1334 4698 1413 4751 es,
1458 4667 1813 4740 Domine?D

133 4770 184 4824 Et
206 4772 328 4830 ille:
365 4781 480 4852 Ego
523 4797 649 4834 sum
687 4782 845 4835 Iesus
887 4795 1060 4850 quem
1101 4783 1164 4832 tu
1205 4778 1583 4849 persequeris.
1630 4777 1736 4833 Sed

131 4880 293 4937 surge,
322 4877 374 4926 et
398 4874 694 4945 ingredere
725 4874 781 4928 in
812 4873 1118 4939 civitatem,
1151 4873 1206 4926 et
1231 4871 1452 4925 dicetur
1470 4871 1572 4925 tibi
1606 4888 1737 4943 quae

131 4961 173 5010 te
197 4969 430 5031 oporteat
448 4969 652 5022 facere.
686 4968 801 5022 Viri
821 4971 1012 5021 autem
1039 4965 1137 5037 qui
1158 4964 1574 5019 comitabantur
1605 4982 1734 5019 cum

132 5065 203 5119 eo,
219 5057 424 5116 stabant
446 5061 760 5132 stupefacti,
777 5061 1068 5115 audientes
1080 5059 1312 5132 quidem
1327 5074 1540 5127 vocem,
1561 5059 1738 5112 nemi-

135 5159 243 5200 nem
265 5157 446 5209 autem
476 5155 746 5221 videntes,
771 5155 1019 5225 Surgens
1045 5158 1235 5208 autem
1257 5153 1454 5208 Saulus
1474 5153 1542 5208 de
1565 5157 1733 5221 terra,

133 5243 419 5318 apertisque
448 5250 622 5304 oculis
647 5249 791 5305 nihil
824 5247 1064 5303 videbat.
1096 5247 1176 5301 Ad
1206 5263 1440 5301 manum
1460 5251 1653 5302 autem
1677 5246 1737 5302 i1-

135 5331 232 5389 lum
255 5341 552 5412 trahentes,
582 5343 922 5398 introierunt
962 5343 1301 5396 Damascum
1337 5357 1349 5395 :
1380 5345 1436 5395 et
1469 5347 1588 5396 erat
1630 5340 1735 5395 tri-

135 5421 222 5481 bus
244 5431 426 5491 diebus
452 5437 672 5504 Saulus,
707 5441 762 5492 et
789 5453 902 5491 non
930 5434 1307 5498 manducavit,
1338 5450 1524 5506 neque
1572 5433 1732 5488 bibit.

263 5530 424 5583 Lectio
452 5535 618 5585 sancti
648 5533 917 5599 Evangelii
953 5532 1242 5582 secundum
1271 5532 1583 5582 Johannem.

195 5607 374 5668 Diebus
397 5616 501 5671 illis
530 5623 654 5689 post
679 5615 1172 5684 resurrectionem,
1205 5630 1335 5669 cum
1372 5614 1523 5669 fores
1549 5615 1738 5668 essent

195 5755 217 5784 '
241 5754 339 5829 Hoc
366 5761 725 5829 Evangelium
756 5761 899 5816 bene
935 5759 1196 5816 convenit
1237 5764 1429 5815 octavo
1471 5758 1582 5813 diei
1610 5759 1738 5829 post

140 5817 342 5903 Ρεξδεὶιὲ,
369 5849 475 5903 quo
505 5817 594 5888 die
627 5833 684 5887 in
732 5832 939 5887 Ordine
979 5833 1235 5887 Romono
1265 5817 1737 5903 assignatur.‘Vo-

144 5896 275 5984 531:1}
297 5896 571 5984 Do'rninica
608 5907 666 5958 in
696 5905 836 5984 algis
869 5920 967 5984 seu
997 5906 1072 5984 ad
1099 5905 1251 5984 qlbas
1275 5896 1648 5984 deponendas;
1675 5900 1735 5954 In

144 5959 314 6028 Codice
341 5973 685 6034 Vallicellano
726 5975 957 6034 affertur
996 5976 1063 6032 ad
1110 5975 1255 6032 hanc
1296 5959 1446 6030 diem
1477 5974 1547 6029 ad
1580 5971 1734 6030 albas

1741 1916 1796 1988 Β

1817 618 1974 671 venit
1999 616 2268 670 Dominus
2304 617 2480 685 Iesus,
2524 619 2581 670 et
2614 614 2765 668 stetit
2804 613 2863 668 in
2905 612 3092 667 medio
3135 628 3353 679 eorum,
3395 617 3452 668 et

1820 711 1953 766 dicit
1976 711 2097 766 eis:
2140 712 2249 764 Pax
2288 710 2462 764 vobis.
2511 710 2576 763 Et
2617 709 2725 764 hoc
2763 724 2893 762 cum
2924 707 3176 774 dixisset,
3207 705 3453 762 ostendit

1819 805 1898 860 eis
1929 821 2130 860 manus
2174 808 2230 858 et
2267 805 2433 858 latus.
2476 803 2655 857 Gavisi
2694 806 2826 856 sunt
2861 817 2997 872 ergo
3035 801 3294 872 discipuli
3336 802 3451 857 viso

1819 900 2080 955 Domino.
2113 899 2258 953 Dixit
2284 915 2420 969 ergo
2447 898 2769 952 eis‘iterum
2801 913 2813 950 :
2844 898 2952 950 Pax
2991 896 3300 952 vobiscum.
3333 897 3448 953 Sic-

1819 999 1882 1048 ut
1913 994 2066 1048 misit
2105 1009 2197 1048 me
2243 995 2423 1059 Pater,
2467 997 2522 1046 et
2565 1009 2671 1062 ego
2709 992 2872 1046 mitto
2902 1007 3018 1045 vos.
3049 991 3158 1045 Hoc
3195 1008 3324 1046 cum
3361 992 3448 1046 di-

1822 1088 2010 1154 xisset,
2066 1087 2390 1155 insufflavit,
2451 1091 2506 1140 et
2557 1087 2689 1140 dicit
2737 1086 3122 1157 eiszAccipite
3177 1086 3450 1156 Spiritum

1820 1187 2109 1250 sanctum;
2155 1197 2399 1253 quorum
2447 1179 2774 1234 remiseritis
2814 1184 3035 1250 peccata
3086 1179 3454 1234 remittuntur

1819 1277 1920 1346 eis,
1949 1281 2004 1331 et
2028 1291 2272 1347 quorum
2299 1273 2644 1330 retinueritis
2672 1276 2890 1328 retenta
2922 1278 3072 1328 sunt.
3094 1273 3334 1328 Thomas
3358 1289 3453 1328 au-

1820 1374 1932 1425 tem
1971 1387 2122 1424 unus
2163 1387 2233 1424 ex
2264 1369 2580 1436 duodecim,
2623 1367 2720 1438 qui
2760 1366 2968 1421 dicitur
3004 1367 3294 1438 Dydimus,
3335 1382 3450 1422 non

1820 1469 1939 1520 erat
1963 1482 2091 1519 cum
2120 1464 2198 1518 eis
2225 1463 2450 1535 quando
2481 1462 2635 1516 venit
2662 1461 2934 1515 Dominus
2960 1460 3137 1515 Jesus.
3180 1461 3453 1516 Dixerunt

1819 1576 1955 1630 ergo
1982 1559 2032 1613 ei
2051 1558 2147 1612 alii
2174 1556 2431 1628 discipuli
2462 1573 2474 1609 :
2509 1556 2758 1609 Vidimus
2788 1554 3111 1609 Dominum.
3142 1554 3236 1608 Ille
3259 1560 3450 1610 autem

1819 1652 1963 1708 dixit
1991 1653 2069 1707 eis
2102 1669 2115 1706 :
2150 1652 2265 1706 Nisi
2291 1651 2480 1705 videro
2509 1648 2565 1703 in
2608 1649 2866 1703 manibus
2897 1649 3019 1719 ejus
3063 1648 3303 1703 fixuram
3334 1648 3450 1702 cla-

1819 1765 2039 1814 vorum,
2072 1751 2127 1801 et
2152 1746 2374 1801 mittam
2412 1761 2651 1800 manum
2692 1759 2878 1798 meam
2905 1743 2963 1797 in
2992 1743 3140 1798 latus
3167 1743 3308 1814 ejus,
3340 1758 3453 1797 non

1819 1842 2065 1896 credam.
2098 1842 2163 1895 Et
2201 1846 2329 1911 post
2372 1838 2490 1894 dies
2532 1842 2698 1892 octo'
2743 1837 2953 1891 iterum
2993 1841 3156 1890 erant
3195 1835 3454 1908 discipuli

1820 1937 1941 2007 ejus
1967 1935 2152 2002 intus;
2184 1939 2238 1987 et
2271 1933 2512 1987 Thomas
2543 1948 2672 1985 cum
2714 1930 2813 1986 eis.
2854 1930 3016 1984 Venit
3057 1929 3327 1984 Dominus
3360 1930 3450 1985 Je-

1819 2047 1912 2084 sus
1935 2028 2130 2099 januis
2168 2027 2391 2092 clausis,
2418 2031 2473 2080 et
2516 2025 2667 2078 stetit
2701 2024 2758 2078 in
2801 2024 3009 2092 medio,
3041 2027 3097 2077 et
3126 2023 3266 2078 dixit
3294 2041 3307 2077 :
3340 2025 3454 2078 Pax

1819 2123 1992 2178 vobis.
2039 2121 2249 2177 Deinde
2305 2119 2449 2174 dixit
2495 2119 2724 2172 Thomas
2761 2133 2773 2170 :
2811 2118 2956 2171 Infer
3000 2116 3244 2188 digitum
3293 2122 3454 2172 tuum

1819 2219 1951 2284 huc,
1982 2221 2038 2271 et
2056 2216 2180 2270 vide
2212 2231 2411 2269 manus
2441 2229 2625 2279 meas;
2657 2216 2713 2267 et
2738 2211 2876 2266 alter
2919 2227 3154 2265 manum
3181 2215 3360 2279 tuam,
3399 2215 3456 2266 et

1819 2312 1979 2366 mitte
2007 2311 2065 2364 in
2094 2311 2236 2364 latus
2259 2324 2478 2374 meum;
2509 2310 2565 2362 et
2594 2307 2707 2361 noli
2744 2322 2862 2360 esse
2905 2305 3226 2359 incredulus
3263 2305 3358 2360 sed
3388 2303 3451 2360 fi-

1820 2405 1977 2460 delis.
2007 2402 2320 2474 Respondit
2344 2403 2585 2456 Thomas
2616 2399 2827 2469 etdixit
2843 2399 2894 2454 ei
2925 2416 2938 2453 :
2973 2398 3242 2452 Dominus
3269 2414 3451 2466 meus,

1821 2504 1875 2554 et
1919 2499 2060 2553 Deus
2107 2513 2285 2551 meus.
2337 2495 2484 2549 Dixit
2532 2494 2582 2548 ei
2621 2496 2820 2548 Iesus:
2853 2493 2993 2557 Quia
3034 2492 3222 2546 vidisti
3258 2508 3370 2562 me,
3400 2497 3457 2548 et

1821 2599 1876 2649 et
1900 2590 2186 2647 credidisti
2217 2589 2394 2644 :beati
2425 2588 2522 2661 qui
2541 2605 2654 2642 non
2684 2587 2961 2656 viderunt,
2987 2590 3044 2641 et
3073 2586 3452 2642 crediderunt.

1819 2687 1989 2742 Multa
2013 2685 2245 2758 quidem
2272 2689 2325 2738 et
2360 2683 2465 2736 alia
2512 2683 2674 2752 signa
2716 2681 2849 2736 fecit
2890 2679 3160 2735 Dominus
3197 2682 3355 2734 Iesus
3399 2680 3457 2734 in

1822 2784 2126 2852 conspectu
2152 2777 2554 2849 discipulorum
2581 2792 2836 2845 suorum,
2874 2761 2971 2846 qui
2999 2791 3114 2828 non
3146 2778 3277 2828 sunt
3317 2773 3454 2828 scri-

1819 2878 1918 2946 pta
1947 2874 2004 2927 in
2030 2872 2174 2926 libro
2200 2872 2327 2926 hoc.
2362 2872 2486 2925 Ilaec
2513 2861 2704 2925 autem
2736 2869 2941 2941 scripta
2969 2872 3101 2922 sunt
3129 2872 3193 2922 ut
3221 2866 3458 2922 credatis

1821 2968 1956 3041 quia
1981 2969 2138 3022 Iesus
2168 2969 2249 3020 est
2271 2964 2526 3020 Christus
2547 2963 2715 3018 Filius
2744 2963 2860 3033 Dei,
2893 2967 2948 3017 et
2974 2966 3037 3016 ut
3063 2961 3354 3016 credentes
3383 2959 3459 3013 vi-

1823 3068 1938 3118 tam
1970 3058 2222 3115 habeatis
2251 3059 2310 3114 in
2341 3057 2571 3112 nomine
2602 3057 2742 3129 ejus.

2425 3173 2624 3211 INCIPIT
2666 3172 2846 3212 MISSA.

1895 3243 2267 3314 Omnipotens
2295 3241 2638 3312 sempiterne
2670 3242 2837 3309 Deus,
2863 3239 2961 3312 qui
2988 3237 3264 3310 populum
3293 3241 3458 3292 tuum

1827 3337 2110 3409 Unigeniti
2143 3336 2224 3391 tui
2256 3335 2530 3407 sanguine
2561 3334 2872 3403 redemisti,
2903 3333 3052 3388 solve
3079 3330 3303 3386 vincula
3329 3347 3459 3402 pec-

1825 3437 2078 3486 catorum
2108 3434 2463 3497 nostrorum;
2502 3434 2564 3483 ut
2593 3430 2692 3501 qui
2721 3433 2991 3483 aeternam
3019 3427 3194 3481 vitam
3241 3424 3299 3480 in
3327 3441 3460 3479 con-

1824 3526 2063 3581 fessione
2084 3524 2166 3578 tui
2196 3523 2440 3578 nominis
2472 3527 2603 3577 sunt
2631 3522 2843 3594 adepti,
2872 3520 3014 3575 nihil
3042 3519 3282 3577 debeant
3308 3535 3458 3572 mor-

1826 3621 1897 3674 tis
1923 3618 2160 3674 auctori.

2510 3685 2778 3735 Collectio.

1898 3777 2121 3841 Praesta,
2170 3789 2516 3845 quaesumus,
2566 3770 2924 3842 omnipotens
2968 3769 3134 3836 Deus,
3188 3771 3251 3822 ut
3293 3767 3464 3838 hujus

1826 3868 2104 3942 paschalis
2129 3867 2444 3922 festivitatis
2473 3865 2730 3920 mirabile
2776 3865 3196 3918 sacramentum
3235 3865 3290 3916 et
3316 3865 3462 3915 tem-

1828 3964 2080 4034 poralem
2111 3961 2276 4016 nobis
2300 3959 2767 4032 tranquillitatem
2792 3957 3026 4025 tribuat,
3056 3960 3112 4012 et
3144 3956 3320 4011 vitam
3371 3951 3468 4008 tri-

1827 4058 1966 4113 buat
1990 4056 2419 4128 sempiternam.

1940 4137 1956 4155 ⁸
2455 4143 2580 4192 Post
2609 4140 2840 4192 nomina.

1899 4231 2152 4303 Respice,
2197 4245 2543 4302 quaesumus,
2580 4227 2836 4297 Domine,
2879 4230 2934 4282 et
2974 4229 3334 4299 peccatorum
3370 4240 3469 4279 no-

1831 4331 2078 4382 strorum
2117 4325 2379 4380 tenebras
2424 4328 2614 4380 averte
2661 4342 2674 4378 :
2705 4326 2769 4378 ut
2807 4337 2949 4393 quos
2991 4325 3216 4376 exercet
3250 4319 3470 4375 devotio

1830 4419 2196 4476 solemnitatis
2222 4418 2519 4492 paschalis,
2549 4418 2855 4472 inlustrent
2885 4415 3090 4487 gaudia
3132 4414 3242 4485 piae
3270 4414 3465 4486 cogni-

1829 4515 1996 4570 tionis
2027 4533 2040 4570 :
2068 4518 2124 4570 et
2147 4513 2381 4569 nomina
2409 4529 2536 4584 qua:
2565 4510 2796 4567 recitata
2847 4512 3000 4577 sunt,
3035 4507 3093 4562 in
3133 4507 3339 4562 caelesti
3366 4523 3467 4578 pa-

1839 4609 1970 4681 gina
1995 4607 2271 4664 conscribi
2298 4605 2616 4679 praecipias.

2499 4700 2577 4751 Ad
2600 4712 2805 4766 pacem.

1905 4791 2179 4858 Concede,
2227 4803 2573 4860 quaesumus,
2619 4783 2978 4854 omnipotens
3019 4784 3184 4852 Deus,
3227 4786 3290 4838 ut
3330 4783 3471 4839 festa

1837 4885 2140 4954 Paschalia,
2171 4899 2298 4955 qua:
2325 4879 2621 4937 devotione
2651 4877 2904 4943 colimus,
2925 4875 3176 4930 moribus
3203 4893 3472 4950 exsequa-

1839 4997 2004 5048 mur;
2034 4983 2089 5034 et
2118 4993 2317 5050 pacem
2346 4991 2518 5048 quam
2554 4989 2658 5046 per
2687 4970 2880 5026 omnia
2911 4970 3194 5024 custodire
3231 4971 3466 5040 jussisti,

1837 5092 1951 5129 non
1981 5078 2204 5128 tantum
2250 5069 2474 5138 osculis,
2507 5067 2606 5123 sod
2645 5064 2854 5121 animis
2891 5079 3224 5119 conservare
3251 5080 3354 5118 nos
3373 5074 3466 5136 ju-

1836 5168 1967 5222 beas
1999 5185 2011 5221 :
2043 5173 2105 5222 ut
2131 5164 2479 5238 spiritalibus
2505 5161 2667 5218 donis
2693 5159 2956 5227 instituti,
2983 5156 3282 5229 apostolica
3319 5173 3466 5228 prae-

1839 5265 2000 5334 cepta
2024 5277 2330 5317 servemus.

2483 5325 2815 5379 Contestatio.

1908 5421 2047 5474 Vere
2077 5417 2318 5489 dignum
2343 5421 2399 5472 et
2415 5416 2636 5487 justum
2661 5417 2762 5483 est,
2793 5409 3151 5482 omnipotens
3177 5409 3340 5474 Deus,
3368 5421 3472 5480 per

1837 5514 2122 5569 Christum
2147 5511 2468 5566 Dominum.
2493 5511 2664 5582 Cujus
2687 5523 2838 5562 mors
2859 5507 3130 5562 humana:
3161 5503 3291 5558 vita:
3327 5501 3472 5557 facta

1838 5612 1921 5662 est
1945 5607 2251 5678 reparatio,
2285 5605 2590 5662 destructio
2622 5601 2840 5669 mortis,
2884 5597 3089 5654 ablatio
3114 5597 3348 5670 peccati,
3375 5613 3468 5650 ve-

1839 5754 2198 5865 deponendas
2232 5756 2419 5813 Oratio
2457 5766 2620 5821 quam
2657 5748 2806 5802 debet
2831 5744 3090 5825 sacerdos.
3115 5743 3290 5799 dicere
3314 5754 3473 5865 super

1839 5828 1894 5865 1⁸η
1927 5831 2077 5865 nnfnc
2156 5826 2374 5865 nunan
2428 5825 2502 5865 pic
2548 5834 2825 5865 cammare
2875 5817 3015 5865 vult-
3077 5816 3132 5865 ιὰ
3186 5818 3269 5865 est
3318 5812 3366 5865 8|
3413 5826 3472 5863 89

1839 5772 1906 5808 (18
1949 5772 2198 5810 onenaas
2232 5772 2419 5813 urauo
2457 5772 2620 5821 quam
2657 5772 2805 5802 (ιϐυει
2831 5772 3078 5800 δασεῖ-ανδ
3115 5772 3289 5799 αιυωνσ
3314 5772 3375 5796 ομ
3417 5772 3460 5794 ω

1836 5772 2098 5893 inﬁrmes,
2156 5826 2374 5896 quando
2428 5825 2502 5876 eis
2546 5834 2825 5877 summare
2875 5817 3016 5883 vult,
3077 5815 3132 5870 id
3186 5818 3269 5868 est
3318 5772 3472 5866 albas

1837 5913 2064 5953 exuere.
