4006 6228
539 370 632 425 5H

1413 368 1746 425 APPENDIX
1784 369 1872 424 AD
1906 368 2130 427 OPERA
2165 370 2220 425 S.
2267 372 2566 430 GERMANI
2606 375 3033 433 PARISIENSIS.

3853 372 3950 430 5i2

534 478 630 534 nia
643 474 886 547 oﬂ‘ensis,
911 476 1184 535 redemtio
1204 476 1524 548 hominum,
1538 476 1920 534 reconciliatio
1940 476 2161 549 mundi,
2188 493 2249 570 Α
2265 483 2410 548 Quid
2421 484 2576 540 enim
2588 484 2853 544 illamens
2864 484 3082 557 perﬁda
3092 486 3318 559 poterat
3328 482 3658 559 excogitare
3669 482 3761 540 de
3774 495 3951 539 emes

536 577 593 630 et
617 577 733 630 tuae
762 574 925 629 Pater
952 573 1178 646 pietatis
1211 573 1357 628 mira
1395 572 1654 644 placatio.
1691 574 1768 628 De
1805 577 1986 628 morte
2013 571 2167 628 enim
2269 597 2398 653 quae
2413 581 2535 652 jam
2547 581 2903 654 sacrilegium
2920 580 3353 638 commiseratin
3366 579 3712 638 auctorem?
3736 579 3949 651 Itaque

536 668 744 725 Christi
770 669 1108 725 resurrectio
1133 672 1325 724 nostra
1350 667 1504 722 venit
1530 668 1591 722 in
1619 668 1924 737 mundum,
1956 667 2055 740 qui
2103 666 2172 722 si-

534 768 633 819 cut
662 763 779 819 ovis
816 764 887 818 ad
911 763 1251 818 occisionem
1294 779 1398 834 pro
1437 762 1598 817 nobis
1634 761 1836 817 ductus
1873 766 1988 831 est;
2024 765 2080 816 et
2105 765 2174 816 ut

537 873 719 930 agnus
744 874 932 912 coram
960 858 1231 912 tondente
1257 856 1381 912 sine
1406 873 1561 926 voce,
1592 856 1671 911 sic
1698 873 1817 911 non
1861 855 2084 927 aperuit
2111 872 2173 910 os

537 967 725 1007 suum.
757 952 853 1006 Hic
876 951 1030 1005 enim
1052 956 1136 1006 est
1158 968 1341 1023 agnus
1362 952 1459 1007 Dei
1481 951 1808 1023 unigenitus
1832 950 2000 1004 Filius
2019 954 2170 1019 tuus,

537 1046 637 1117 qui
662 1046 805 1101 tollit
830 1050 1057 1117 peccata
1083 1046 1285 1102 mundi
1315 1063 1328 1101 :
1354 1046 1452 1119 qui
1482 1062 1540 1101 se
1567 1062 1672 1118 pro
1702 1045 1863 1100 nobis
1887 1044 2173 1099 offerendo

538 1156 652 1195 non
689 1140 912 1210 desinit,
951 1157 1169 1213 nosque
1208 1142 1362 1213 apud
1404 1145 1461 1197 te
1494 1144 1772 1213 perpetua
1813 1138 2175 1195 advocatione

534 1232 786 1290 defendit
831 1250 845 1289 :
898 1235 1033 1306 quia
1066 1251 1386 1307 numquam
1418 1235 1662 1290 moritur
1691 1233 2035 1303 immolatus,
2078 1232 2175 1288 sed

536 1343 761 1400 semper
785 1328 922 1383 vivit
946 1327 1180 1384 occisus.
1211 1330 1389 1393 Quem
1418 1330 1677 1398 laudant,
1709 1331 1816 1384 etc.

978 1424 1107 1472 Item
1134 1422 1440 1473 contestatio
1462 1421 1736 1487 paschalis.

608 1496 746 1550 Vere
771 1494 1010 1571 dignum
1041 1501 1097 1550 et
1115 1496 1338 1567 justum
1369 1500 1454 1549 est
1478 1495 1842 1566 omnipotens
1871 1495 2037 1561 Deus,
2083 1510 2176 1550 cu-

527 1588 624 1660 jus
648 1605 681 1642 a
705 1589 907 1644 mundi
928 1589 1148 1661 origine
1176 1589 1583 1644 inazstimabilis
1604 1605 1740 1660 erga
1761 1588 2062 1642 hominum
2084 1603 2175 1659 ge-

535 1698 644 1739 nus
671 1683 891 1739 dilectio
918 1688 1277 1754 perseverat;
1302 1684 1440 1738 dum
1458 1683 1642 1754 justos
1661 1699 1765 1754 per
1789 1682 1938 1737 viam
1962 1686 2173 1737 rectam

2270 675 2414 730 sicut
2423 674 2482 730 in
2495 675 2697 731 Christi
2709 675 3121 732 resurrectione
3131 675 3439 731 calliditas]
3446 676 3772 731 udasorum
3789 672 3951 728 dam-

2270 773 2402 825 nata
2415 770 2602 837 est,ita
2613 773 2698 824 est
2712 769 2771 824 in
2782 770 2964 825 crucis
2976 769 3424 825 manifestatione
3436 770 3668 825 virtutis
3684 766 3949 825 confusa

2343 913 2518 967 Deum
2554 916 2864 970 creatorem
2891 918 2948 969 et
2977 851 3361 969 ξὲἓὲἳῆοτεω
3394 916 3685 983 nostrum,
3743 910 3867 984 qui
3898 913 3953 968 in

2273 1023 2461 1076 carne,
2493 1024 2665 1079 quam
2693 1007 2935 1079 sumpsit
2961 1008 3030 1063 de
3062 1007 3314 1078 Virgine,
3345 1024 3449 1079 pro
3494 1006 3671 1062 totius
3722 1005 3951 1061 mundi

2275 1101 2451 1156 salute
2480 1101 2830 1157 admirabilis
2858 1101 3042 1157 hostia
3068 1101 3395 1156 immolatus
3423 1106 3507 1156 est
3532 1100 3596 1156 in
3623 1100 3839 1156 crucis
3869 1099 3952 1153 al-

2273 1196 2413 1264 tari;
2435 1200 2491 1250 et
2502 1200 2738 1267 propter
2760 1196 3161 1267 expellendum
3170 1212 3474 1264 venenum,
3490 1195 3644 1267 quod
3658 1195 3728 1250 in
3754 1193 3953 1249 Adam

2274 1289 2458 1344 fuerat
2475 1289 2734 1345 suasione
2754 1290 3031 1361 serpentis
3055 1289 3329 1356 infusum,
3356 1289 3599 1361 preciosi
3622 1288 3951 1360 sanguinis

2275 1383 2527 1455 porrexit
2565 1384 2909 1451 antidotum,
2954 1387 3016 1438 ut
3050 1383 3304 1439 criminis
3349 1383 3575 1456 antiqui
3619 1387 3952 1455 peccatum

2270 1474 2391 1532 tam
2418 1494 2567 1531 novo
2608 1477 2878 1532 sacrificio
2919 1480 3267 1549 purgaretur
3286 1495 3303 1547 ;
3340 1482 3399 1532 et
3425 1494 3602 1546 mors,
3630 1494 3779 1549 quae
3814 1492 3953 1548 pro-

2276 1570 2441 1626 cessit
2466 1571 2743 1641 gustando
2773 1571 2841 1625 de
2867 1570 3117 1626 scientiae
3142 1570 3318 1643 ligno,
3351 1576 3677 1627 moreretur
3705 1587 3831 1642 per
3869 1570 3946 1624 li-

2278 1681 2486 1735 gnum;
2519 1664 2798 1736 supplices
2835 1665 3227 1737 deprecamur,
3262 1669 3324 1720 ut
3361 1681 3484 1734 nos,
3522 1681 3667 1737 quos
3710 1663 3946 1736 eripuit

537 1776 858 1848 gradientes
883 1778 1167 1832 caelestem
1193 1778 1348 1833 ducit
1371 1778 1439 1832 ad
1463 1777 1728 1849 patriam,
1760 1780 1817 1831 et
1856 1780 2177 1848 peccatores
2276 1758 2345 1813 de
2370 1758 2592 1813 inferno
2618 1775 2721 1829 Per
2739 1758 2911 1830 huius
2936 1758 3085 1830 είεηί
3109 1758 3448 1830 Patibulum:
3498 1758 3766 1830 θάυεάεω
3798 1774 3940 1831 Pm’

535 1870 605 1925 ab
622 1869 918 1941 iniquitate
936 1888 1235 1926 conversos
1255 1876 1555 1942 paternam
1575 1874 1826 1942 reportat
1843 1870 1913 1924 ad
1932 1870 2175 1941 gratiam

2275 1850 2517 1907 tectione
2545 1852 2818 1923 perducat
2846 1852 3207 1944 adﬁregnum:

534 1963 672 2019 Hinc
696 1980 833 2036 ergo
860 1968 962 2033 est,
997 1965 1357 2036 omnipotens
1384 1966 1546 2034 Deus,
1588 1964 1740 2037 quod
1766 1963 2038 2018 Dominus
2065 1980 2170 2018 no-

532 2062 647 2113 ster
672 2058 832 2112 Jesus
864 2058 1119 2113 Christus
1155 2059 1300 2115 sicut
1338 2058 1594 2130 passione
1640 2074 1741 2113 sua
1777 2057 2052 2129 exspoliat
2079 2058 2169 2113 in-

530 2150 701 2218 feros,
733 2151 813 2207 ita
835 2152 1007 2207 etiam
1032 2153 1449 2208 resurrectione
1489 2169 1590 2208 sua
1628 2151 1934 2219 manubiis,
1965 2151 2172 2224 quibus

530 2248 778 2301 tartarea
805 2246 985 2301 vincla
1018 2248 1347 2314 nudaverat,
1372 2246 1601 2302 vestivit
1634 2245 2020 2318 potentialiter
2060 2262 2171 2301 css-

536 2339 637 2395 los.
669 2341 777 2397 Per
801 2357 973 2415 quem
1005 2342 1355 2413 Majestatem
1383 2346 1561 2396 tuam.

848 2456 1006 2497 MISSA
1045 2457 1099 2496 ΙΝ
1139 2456 1464 2496 INVENTIONE
1503 2456 1720 2496 SANCTE‘
1747 2450 1851 2513 -ξ-ι.

749 2528 980 2592 Epistola
1008 2527 1148 2578 Pauli
1176 2528 1397 2592 apostoli
1430 2528 1496 2578 ad
1524 2529 1879 2592 Pbilippenses
1905 2541 1952 2581 ιι.

608 2599 847 2667 Fratres,
875 2600 982 2654 hoc
1013 2601 1218 2655 sentite
1244 2601 1305 2655 in
1323 2601 1480 2656 vobis
1510 2601 1660 2672 quod
1690 2600 1750 2655 in
1770 2599 1990 2655 Christo
2017 2599 2169 2668 Jesu,

528 2693 647 2765 qui,
681 2709 812 2747 cum
838 2693 898 2748 in
922 2694 1109 2748 forma
1128 2695 1224 2749 Dei
1252 2699 1416 2762 esset,
1443 2711 1558 2749 non
1582 2693 1844 2766 rapinam
1869 2692 2173 2747 arbitratus

530 2790 613 2841 est
639 2802 761 2841 esse
788 2803 845 2842 se
872 2788 1152 2860 aequalem
1196 2790 1331 2856 Deo,
1373 2788 1469 2843 sed
1518 2788 1889 2859 semetipsum
1924 2786 2174 2841 exinani-

530 2880 609 2936 vit
640 2880 887 2936 formam
919 2883 1063 2937 servi
1090 2883 1389 2954 accipiens,
1422 2882 1480 2937 in
1524 2881 1950 2937 similitudinem
1982 2879 2170 2934 homi-

528 2991 670 3029 num
698 2976 896 3045 factus,
927 2980 984 3035 et
1007 2945 1501 3032 habitu-inventus
1532 2980 1593 3031 ut
1619 2977 1812 3031 homo.
1849 2974 2174 3030 Humiliavit

530 3070 916 3141 semetipsum,
946 3070 1126 3125 factus
1146 3070 1411 3125 obediens
1435 3087 1614 3142 usque
1638 3070 1709 3125 ad
1735 3073 2001 3137 mortem,
2025 3085 2174 3122 mor-

527 3168 644 3218 tem
670 3168 861 3218 autem
892 3164 1094 3219 crucis.
1129 3158 1363 3236 Propter
1392 3165 1543 3237 quod
1569 3167 1626 3218 et
1654 3164 1797 3218 Deus
1822 3163 1990 3218 illum
2013 3162 2168 3218 exal-

526 3257 685 3324 tavit,
704 3261 759 3311 et
786 3257 1013 3311 donavit
1041 3258 1123 3311 illi
1146 3274 1357 3312 nomen
1386 3274 1556 3328 super
1582 3274 1752 3312 omne
1772 3273 2003 3325 nomen,
2026 3261 2092 3311 ut
2110 3256 2171 3311 in
2190 3242 2244 3317 C

528 3348 759 3404 nomine
782 3351 913 3404 Jesu
939 3365 1106 3404 omne
1135 3367 1285 3421 genu
1308 3350 1586 3419 ﬂectatur,
1625 3350 1954 3417 caelestium,
1984 3354 2164 3404 terre-

526 3442 728 3497 strium
754 3447 811 3498 et
834 3442 1225 3511 infernorum;
1269 3448 1325 3499 et
1365 3444 1550 3497 omnis
1591 3443 1790 3514 lingua
1829 3443 2167 3498 confiteatur

524 3536 658 3607 quia
685 3536 955 3591 Dominus
979 3538 1137 3591 Jesus
1165 3537 1419 3593 Christus
1448 3537 1505 3591 in
1526 3536 1702 3608 gloria
1727 3541 1812 3615 est
1833 3536 1935 3592 Dei
1962 3536 2162 3592 Patris.

682 3630 857 3680 Lectio
881 3631 1046 3680 sancti
1069 3630 1338 3695 Evangelii
1362 3630 1651 3681 secundum
1678 3630 1989 3681 Matthteum.

596 3715 789 3772 Simile
813 3721 897 3772 est
920 3733 1166 3789 regnum
1186 3718 1456 3772 caelorum
1476 3717 1743 3772 thesauro
1762 3715 2086 3772 abscondito
2107 3715 2165 3771 in

522 3826 678 3881 agro,
702 3826 875 3882 quem
895 3810 994 3883 qui
1019 3811 1236 3866 invenit
1262 3812 1437 3867 homo
1462 3810 1773 3880 abscondit,
1801 3814 1859 3865 et
1878 3826 1997 3881 prae
2023 3826 2158 3881 gau-

524 3902 615 3958 dio
646 3903 795 3958 illius
819 3905 995 3971 vadit,
1024 3909 1081 3960 et
1122 3904 1374 3960 vendidit
1417 3904 1676 3960 universa
1714 3920 1842 3976 quae
1878 3902 2069 3971 habet,
2110 3906 2166 3958 et

524 3995 666 4051 emit
690 4014 895 4068 agrum
922 3998 1106 4053 illum.
1137 3999 1347 4053 lterum
1384 3998 1566 4053 simile
1596 4002 1680 4053 est
1708 4013 1954 4069 regnum
1995 3997 2161 4051 caelo-

528 4105 657 4143 rum
681 4090 902 4144 homini
928 4090 1275 4162 negotiatori
1300 4091 1581 4162 quserenti
1605 4091 1780 4146 bonas
1807 4090 2161 4161 margaritas.

530 4182 757 4237 Inventa
778 4186 971 4238 autem
994 4199 1112 4237 una
1137 4183 1390 4254 preciosa
1414 4184 1741 4256 margarita,
1765 4183 1924 4252 abiit,
1952 4187 2010 4238 et
2035 4199 2167 4237 ven-

524 4274 670 4330 didit
694 4274 884 4330 omnia
907 4293 1037 4349 quaa
1065 4276 1287 4342 habuit,
1319 4280 1376 4331 et
1404 4277 1544 4332 emit
1567 4294 1711 4333 eam.
1750 4277 1960 4331 lterum
1984 4275 2165 4331 simile

522 4373 607 4425 est
630 4386 876 4442 regnum
902 4371 1171 4425 caelorum
1196 4386 1422 4442 sagenae
1468 4370 1655 4426 missae
1696 4370 1757 4425 in
1800 4386 1979 4438 mare,
2010 4373 2067 4425 et
2094 4386 2165 4425 ex

521 4463 678 4519 omni
710 4480 917 4536 genere
946 4464 1190 4536 piscium
1226 4464 1598 4535 congreganti
1629 4481 1643 4519 :
1676 4480 1849 4537 quam
1884 4480 2014 4518 cum
2061 4464 2167 4518 im-

520 4556 670 4629 pleta
701 4562 865 4627 esset,
895 4559 1219 4628 educentes,
1248 4559 1546 4630 elegerunt
1570 4559 1747 4614 bonos
1773 4558 1835 4613 in
1859 4574 2007 4626 vasa,
2038 4575 2161 4613 ma-

521 4651 604 4706 los
632 4656 824 4707 autem
849 4653 1000 4707 foras
1025 4653 1323 4708 miserunt.
1349 4653 1439 4709 Sic
1459 4653 1567 4708 erit
1587 4653 1647 4708 in
1669 4652 2162 4708 consummatione

517 4742 730 4797 saeculi.
757 4741 1006 4798 Exibunt
1032 4743 1242 4814 angeli,
1280 4748 1336 4798 et
1364 4744 1709 4815 separabunt
1733 4743 1911 4798 malos
1935 4742 2004 4798 de
2040 4758 2161 4798 me-

518 4829 610 4884 dio
629 4830 941 4901 justorum,
974 4835 1031 4887 et
1056 4832 1284 4887 mittent
1326 4847 1418 4886 eos
1443 4832 1503 4887 in
1531 4833 1819 4888 caminum
1858 4831 2011 4903 ignis
2039 4848 2052 4886 :
2085 4830 2163 4886 ibi

519 4927 626 4982 erit
653 4926 821 4983 ﬂetus
842 4933 899 4983 et
926 4929 1134 4984 stridor
1161 4930 1443 4986 dentium.

1132 5039 1335 5079 INCIPIT
1374 5040 1551 5081 MISSA.

585 5100 980 5157 Venerabilem
1026 5105 1142 5158 toto
1179 5103 1392 5159 mundo
1438 5104 1508 5159 de
1570 5103 1895 5160 inventione
1954 5108 2162 5159 sanctae

516 5200 709 5257 Crucis
755 5200 1197 5256 sacratissimum
1236 5202 1388 5257 diem
1423 5201 1773 5258 sollemniter
1809 5202 2159 5257 celebrantes

517 5291 725 5361 gratias
769 5306 1007 5361 agamus
1059 5290 1265 5346 divinae
1300 5291 1594 5363 potentim,
1639 5291 1740 5363 qui
1768 5294 1937 5346 tantas
1966 5290 2161 5346 salutis

516 5380 804 5449 vexillum,
832 5380 984 5451 quod
1023 5380 1258 5435 Iudaica
1304 5379 1467 5435 nobis
1504 5379 1885 5435 abscondebat
1920 5379 2158 5449 malitia,

514 5474 753 5529 caelestis
781 5473 949 5530 hodie
992 5474 1266 5529 revelavit
1310 5473 1629 5529 clementia.
1680 5474 1821 5529 Nam
1874 5474 1977 5528 etsi
2023 5490 2161 5545 gens

518 5563 733 5633 perfida
760 5564 1069 5619 Dominum
1095 5568 1355 5619 nostrum
1384 5563 1443 5617 in
1469 5563 1724 5635 sepulcro
1762 5562 2009 5617 retinere
2044 5579 2160 5617 non

513 5656 717 5727 potuit,
750 5657 837 5711 vel
863 5657 985 5729 ipsa
1003 5658 1196 5713 Crucis
1220 5656 1427 5712 indicia
1450 5656 1627 5710 voluit
1651 5656 1754 5710 sub
1781 5656 1930 5711 fossa
1956 5656 2156 5712 celare.

580 5773 607 5806 ⁸
634 5776 883 5832 Habetur
908 5777 1046 5832 item
1064 5779 1238 5834 missa
1258 5778 1328 5833 de
1350 5794 1416 5832 ea
1442 5777 1504 5831 in
1519 5775 1771 5846 Gothico,
1795 5777 1892 5832 sed
1919 5776 2158 5833 diversa.

515 5846 758 5919 Observa
800 5847 894 5919 hic
937 5848 1123 5919 nullas
1162 5847 1440 5919 assignari
1471 5846 1667 5919 missas
1710 5864 1815 5919 pro
1854 5847 2162 5904 Dominicis

518 5921 641 5982 post
666 5918 892 5986 Pascha,
921 5918 1056 5989 quia
1074 5918 1364 5989 paschales
1391 5918 1815 5991 repetebantur.

2346 1996 2484 2049 Vere
2501 1993 2741 2066 dignum
2761 1997 2818 2049 et
2834 1932 3567 2068 jugalniezgiflginnipotens
3593 1996 3751 2051 Deus
3783 2012 3801 2051 :
3834 1997 3941 2069 qui

2276 2104 2455 2160 genus
2483 2088 2803 2143 humanum
2827 2088 3291 2160 praevaricatione
3319 2105 3423 2144 sua
3452 2088 3513 2143 in
3541 2089 3725 2161 ipsius
3756 2091 3849 2146 ori
3858 2089 3945 2162 gi-

2273 2182 2363 2237 nis
2382 2181 2567 2237 radice
2587 2181 2921 2237 damnatum
2939 2199 2952 2237 :
2972 2198 3076 2255 per
3096 2181 3296 2238 florem
3307 2181 3602 2255 virginalis
3625 2183 3781 2238 uteri
3802 2183 3942 2239 red-

2274 2276 2407 2331 dere
2436 2276 2702 2348 dignatus
2727 2292 2785 2331 es
2814 2277 3135 2331 absolutum
3163 2296 3177 2331 :
3212 2280 3269 2332 et
3309 2276 3608 2332 hominem
3651 2278 3936 2346 recreari,

2272 2375 2338 2425 ut
2363 2369 2634 2439 diabolus,
2681 2370 2781 2441 qui
2817 2370 2999 2425 Adam
3051 2371 3112 2425 in
3166 2370 3356 2442 fragili
3394 2387 3565 2426 carne
3609 2372 3931 2441 devicerat,

2273 2467 2599 2518 conservata
2614 2463 2835 2535 justitia
2860 2480 2892 2517 a
2921 2465 3031 2519 Deo
3047 2480 3216 2519 carne
3239 2464 3575 2520 redderetur
3586 2465 3931 2537 adsumpta,

2274 2574 2405 2611 cum
2419 2557 2731 2628 perfectum
2747 2556 3050 2612 Dominum
3067 2560 3258 2613 Jesum
3280 2557 3568 2614 Christum
3589 2559 3653 2613 in
3670 2564 3933 2632 utraque

2273 2651 2584 2705 substantia
2608 2651 2785 2706 hostis
2809 2656 3071 2707 temtaret
3111 2652 3413 2721 humilem,
3447 2653 3542 2707 sed
3581 2658 3934 2725 agnosceret

2274 2749 2703 2816 praepotentem.
2734 2746 2873 2800 Nam
2902 2745 3256 2801 adversarius
3274 2751 3467 2801 noster
3486 2763 3591 2802 nec
3611 2764 3647 2801 a
3667 2747 3795 2801 solo
3816 2749 3932 2802 Deo

2272 2838 2472 2893 certari
2499 2842 2738 2910 poterat,
2766 2856 2872 2894 nec
2896 2858 2929 2894 a
2953 2841 3070 2894 solo
3096 2840 3333 2895 homine
3364 2840 3655 2896 debellari.
3679 2841 3799 2897 Sed
3825 2858 3929 2896 cu-

2468 2932 2729 2983 ovocatus
2756 2928 2961 2983 visibili
3002 2945 3258 3001 corpore,
3297 2930 3477 2984 victus
3517 2935 3601 2985 est
3646 2930 3925 2986 invisibili

2270 3026 2566 3093 potestate.
2592 3022 2689 3076 Dic
2715 3022 2912 3095 igitur,
2955 3022 3133 3078 hostis
3166 3023 3421 3096 antique,
3449 3040 3561 3096 quo
3608 3029 3717 3079 tua
3748 3024 3925 3090 fraus,

2272 3133 2387 3189 quo
2415 3122 2774 3187 argumenta,
2803 3133 2916 3188 quo
2937 3116 3261 3188 serpentina
3281 3117 3511 3172 consilia
3540 3122 3677 3173 sunt
3698 3119 3927 3175 vorata?

2272 3211 2409 3264 Ecce
2452 3210 2719 3281 deceptor
2756 3209 3023 3282 deceptus
3066 3218 3157 3280 es,
3205 3215 3261 3267 et
3311 3212 3411 3284 qui
3458 3212 3928 3284 triumphaveras

2269 3304 2630 3359 conculcaris.
2663 3306 2802 3359 Nam
2830 3321 2979 3373 caro,
3009 3321 3137 3377 quae
3165 3304 3268 3360 tibi
3292 3304 3399 3360 fuit
3427 3305 3487 3360 in
3514 3306 3697 3361 Adam
3740 3307 3924 3376 cibus,

2266 3398 2445 3453 factus
2469 3401 2555 3452 est
2592 3398 2651 3452 in
2694 3398 2913 3454 Christo
2950 3399 3212 3454 interitus
3241 3416 3254 3453 :
3279 3404 3336 3454 et
3358 3399 3510 3454 unde
3560 3400 3729 3472 prius
3778 3418 3922 3469 esca,

2267 3490 2397 3546 inde
2441 3492 2704 3547 snccessit
2750 3493 3011 3564 penuria.
3063 3493 3169 3549 Sed
3211 3492 3501 3547 videamus
3544 3494 3645 3548 ubi
3674 3496 3925 3568 contigit

2265 3602 2452 3657 poena,
2482 3586 2551 3641 de
2582 3602 2695 3657 qua
2721 3590 2979 3642 tenemus
3003 3586 3294 3662 victoriam
3323 3603 3337 3641 :
3368 3591 3424 3641 et
3449 3586 3759 3643 adoremus
3792 3606 3923 3644 cru-

2266 3680 2346 3733 cis
2386 3679 2764 3750 signaculum,
2803 3697 2907 3751 per
2943 3680 3094 3752 quod
3126 3679 3321 3735 salutis
3363 3680 3675 3736 sumsimus
3727 3699 3922 3737 sacra-

2265 3777 2543 3828 mentum.
2569 3774 2707 3828 Ecce
2749 3790 2889 3829 crux
2930 3773 3268 3829 venerabilis
3303 3774 3588 3829 evacuatio
3638 3776 3920 3844 vulneris,

2264 3866 2544 3922 restitutio
2572 3867 2844 3937 sanitatis,
2870 3867 3003 3923 fidei
3032 3868 3346 3937 oraculum,
3395 3869 3515 3941 spei
3544 3867 3916 3941 suffragium,

2264 3959 2512 4016 victoria:
2544 3962 2988 4017 firmamentum.
3020 3962 3080 4016 In
3118 3961 3222 4017 hac
3252 3962 3527 4017 Dominus
3560 3967 3763 4018 noster
3789 3981 3918 4019 ma-

2263 4071 2372 4109 nus
2420 4071 2603 4110 sacras
2645 4059 3004 4128 pugnaturus
3048 4055 3287 4111 inseruit
3330 4075 3343 4110 :
3377 4056 3437 4110 in
3482 4056 3587 4111 hac
3635 4060 3703 4112 ut
3749 4057 3918 4113 nobis

2263 4149 2514 4221 palmam
2541 4148 2837 4218 tribueret,
2881 4165 3011 4203 suas
3040 4148 3257 4220 palmas
3288 4149 3632 4221 Redemptor
3656 4152 3913 4221 aptavit;

2265 4247 2321 4298 et
2338 4243 2497 4315 quasi
2522 4242 2583 4297 in
2610 4248 2818 4299 statera
2844 4259 2901 4298 se
2928 4243 3114 4315 ipsum
3158 4259 3263 4315 pro
3297 4243 3487 4315 prccio
3530 4248 3728 4299 nostro
3770 4260 3915 4316 pen-

2265 4337 2425 4407 savit,
2459 4341 2519 4392 ut
2546 4337 2659 4392 vita
2693 4337 2921 4392 vendita
2947 4336 3108 4392 fieret
3147 4353 3302 4391 mors
3336 4336 3580 4408 captiva.
3617 4338 3680 4391 In
3708 4337 3821 4393 hac
3846 4354 3914 4394 ne

2263 4432 2513 4486 mundus
2549 4447 2781 4502 gravem
2829 4430 3054 4507 lapsum
3118 4435 3392 4501 gemeret,
3451 4433 3679 4485 sanctos
3735 4432 3911 4504 pedes

2263 4524 2516 4580 Christus
2542 4524 2759 4594 adﬁxit,
2788 4528 2843 4579 et
2863 4528 3058 4579 contra
3080 4524 3289 4579 fortem
3314 4524 3513 4579 fortior
3555 4529 3743 4579 totum
3783 4542 3907 4580 cor-

2182 4618 2241 4691 D
2264 4635 2370 4690 pus
2390 4618 2844 4689 triumphaturus
2871 4617 3146 4673 extendit.
3178 4618 3288 4673 Hoc
3316 4623 3509 4674 tamen
3534 4618 3664 4690 plus
3691 4620 3781 4673 est
3800 4618 3908 4673 mi-

2261 4711 2459 4781 rabile,
2514 4712 2648 4784 quia
2690 4712 2843 4784 quod
2886 4715 3004 4767 toto
3043 4712 3260 4767 mundo
3302 4711 3623 4784 profecerit,
3681 4711 3740 4767 in
3789 4728 3906 4767 uno

2262 4809 2414 4860 stans
2442 4806 2630 4878 stipite
2653 4822 2885 4861 cursum
2910 4805 3086 4860 victor
3110 4805 3383 4877 implevit.
3408 4805 3451 4860 Ο
3486 4821 3626 4860 crux
3653 4804 3905 4861 admira-

2260 4898 2361 4953 bili
2388 4899 2593 4955 virtute
2632 4900 2983 4971 praecellens,
3028 4898 3283 4954 muneris
3335 4899 3578 4971 preciosi
3621 4899 3903 4971 largitrix,

2262 5009 2391 5066 quae
2410 4993 2596 5049 reddis
2622 4994 2770 5049 cives
2795 4993 2864 5049 de
2892 4991 3229 5065 peregrinis,
3260 4992 3441 5048 felicis
3480 4993 3547 5049 de
3588 4992 3902 5066 naufragis,

2261 5087 2465 5142 liberos
2490 5087 2560 5143 de
2597 5087 2862 5157 subditis,
2906 5087 3124 5142 vivaces
3171 5086 3347 5142 efficis
3391 5087 3460 5142 de
3481 5087 3796 5159 peremtisl
3825 5088 3904 5143 Ad

2263 5182 2427 5236 caelos
2457 5181 2619 5237 ducis
2644 5182 2714 5236 de
2749 5181 2998 5251 tartaris,
3028 5181 3240 5237 amicos
3280 5198 3512 5236 revocas
3547 5198 3617 5236 ex
3653 5180 3901 5249 offensis,

2262 5274 2551 5346 adoptivos
2571 5274 2708 5330 facis
2733 5275 2802 5330 de
2822 5275 3077 5347 perditis,
3108 5274 3345 5331 heredes
3366 5274 3617 5330 instituis
3647 5275 3719 5331 de
3746 5276 3900 5331 dam-

2261 5368 2426 5423 natis.
2474 5370 2609 5425 Vere
2652 5368 2890 5424 summis
2934 5369 3108 5442 digna
3152 5369 3448 5442 prmeonis,
3498 5385 3631 5442 quae
3675 5369 3901 5425 viduata

2260 5462 2484 5519 inferno
2510 5463 2712 5519 dotasti
2737 5463 3085 5536 paradisum,
3113 5468 3168 5519 et
3194 5463 3373 5519 virtus
3399 5479 3527 5535 quae
3560 5462 3726 5518 illum
3771 5464 3897 5518 sub-

2262 5556 2423 5626 didit,
2466 5557 2617 5611 hunc
2662 5557 2862 5613 erexit.
2903 5559 2983 5613 Tu
3028 5556 3207 5612 nostri
3254 5557 3451 5630 capitis
3499 5556 3679 5629 galea,
3718 5558 3900 5613 lateris

2261 5651 2475 5721 palma,
2504 5650 2746 5721 pectoris
2771 5668 2830 5706 es
2870 5651 3063 5720 lorica,
3107 5656 3164 5706 et
3188 5650 3460 5723 quicquid
3487 5654 3609 5706 tota
3646 5651 3899 5706 membra

2333 5777 2361 5819 δ
2386 5777 2694 5850 Sequentes
2734 5777 2863 5832 duae
2899 5777 3191 5850 Lectiones
3229 5776 3591 5850 subsequenti
3640 5775 3787 5833 festo
3812 5775 3894 5831 in-

2262 5851 2445 5903 ventae
2471 5847 2662 5902 Crucis
2684 5848 3048 5905 conveniunt.
