4006 6228
81 382 168 442 $13

573 382 1181 440 SACRAMENTARIUM
1221 383 1666 439 GALLICANUM.
1710 411 1777 423 -—-
1816 382 2184 439 LECTIONES
2220 385 2308 439 DE
2344 384 2652 440 ADVENTU
2693 382 2950 441 DOMlNl.

3349 384 3450 442 514

80 490 450 566 poposcerint,
499 492 618 546 sola
660 491 868 548 sufficis
914 493 1282 564 praemunire.
1328 494 1467 549 Ecce
1497 494 1711 549 factum
1734 493 2011 579 Ascipuli
2038 493 2157 565 ejus
2170 494 2415 549 dicentes
2447 513 2460 548 :
2493 494 2756 549 Desertus
2798 499 2883 548 est
2898 494 3069 563 locus,
3094 497 3151 548 et
3175 490 3315 549 hora
3327 494 3449 566 jam

81 590 153 644 est
174 585 333 641 nobis
364 585 607 658 signum
632 586 813 642 crucis
839 586 900 642 in
923 586 1137 642 bonum
1164 603 1268 658 per
1282 587 1570 643 Christum
1598 588 1708 641 Do-

84 682 287 736 minum
314 683 609 735 nostrum.

459 801 627 843 MISSA
667 804 721 843 IN
761 803 1020 844 LETANIAS
1059 804 1311 844 DICENDA.

575 870 638 923 In
654 871 907 924 Letanias
929 869 1154 938 legenda
1165 866 1212 923 ⁸.

533 947 711 996 Lectio
766 948 919 997 Johel
969 947 1256 1010 prapbctaa.

148 1023 267 1077 Haec
292 1020 431 1075 dicit
474 1021 753 1076 Dominus
784 1040 798 1077 :
832 1021 1240 1077 Convertimini
1280 1020 1350 1075 ad
1388 1036 1480 1075 me
1508 1020 1569 1074 in
1599 1023 1716 1075 toto

88 1115 233 1171 corde
258 1118 466 1182 vestro,
498 1115 563 1170 in
580 1116 823 1187 jejunio,
846 1119 903 1170 et
926 1115 1085 1181 ﬂetu,
1112 1120 1170 1170 et
1192 1115 1254 1170 in
1280 1114 1513 1185 planctu
1540 1130 1554 1168 :
1578 1113 1718 1168 scin-

91 1210 189 1266 dite
213 1208 379 1264 corda
406 1214 620 1277 vestra,
654 1213 711 1265 et
738 1226 853 1264 non
883 1209 1220 1264 vestimenta
1251 1213 1468 1277 vestra;
1497 1212 1554 1263 et
1578 1224 1713 1262 con-

88 1301 351 1358 vertimini
365 1302 438 1357 ad
450 1303 767 1358 Dominum
782 1304 961 1358 Deum
990 1308 1260 1372 vestrum,
1283 1302 1417 1374 quia
1434 1300 1721 1371 benignus

92 1400 139 1453 et
164 1395 475 1451 misericors
516 1402 620 1452 est.
661 1397 855 1452 Canite
894 1397 1034 1452 tuba
1077 1396 1137 1451 in
1182 1396 1332 1464 Sion,
1374 1394 1721 1449 sanctiﬁcate

85 1489 370 1560 jejunium,
403 1495 606 1545 vocate
630 1496 861 1561 coetum,
892 1494 1237 1562 congregate
1257 1489 1555 1560 populum,
1589 1505 1718 1542 san-

92 1582 305 1638 ctiﬁcate
336 1583 661 1654 ecclesiam,
689 1588 885 1640 vocate
913 1600 1074 1639 senes
1104 1588 1163 1638 et
1198 1588 1463 1654 sugentes
1491 1582 1561 1636 ad
1587 1581 1720 1636 ube-

92 1697 165 1735 ra.
189 1682 336 1736 Inter
358 1682 709 1737 vestibulum
751 1689 809 1738 et
843 1682 1023 1738 altare
1062 1682 1365 1753 plorabant
1406 1681 1721 1735 sacerdotes

92 1773 318 1830 ministri
361 1775 615 1843 Domini,
645 1781 702 1831 et
727 1776 917 1831 dicent
948 1792 962 1830 :
992 1778 1187 1845 Parce,
1215 1774 1474 1837 Domine,
1510 1773 1721 1846 p0pulo

1812 588 2096 660 praeterit;
2128 588 2347 643 dimitte
2367 587 2579 657 turbas,
2606 593 2670 642 ut
2694 591 2891 642 euntes
2907 588 2967 642 in
2987 588 3228 658 castella,
3258 594 3451 644 emant

1813 680 1919 735 sibi
1946 697 2121 735 escas.
2151 682 2309 736 Iesus
2335 685 2530 737 autem
2551 681 2694 736 dixit
2721 681 2801 735 eis
2830 700 2843 736 :
2874 682 2995 736 Non
3016 681 3230 737 habent
3252 698 3446 738 neces-

1817 790 1875 828 se
1905 775 2009 844 ire,
2040 775 2166 830 date
2197 775 2309 829 illis
2335 792 2435 829 vos
2479 775 2843 829 manducare.
2892 776 3326 847 Responderunt
3351 775 3403 831 ei
3432 791 3446 829 :

1815 868 1935 922 Non
1972 867 2246 922 habemus
2291 868 2383 922 hic
2412 868 2523 921 nisi
2569 867 2822 939 quinque
2867 885 3060 939 panes,
3104 873 3161 923 et
3201 869 3341 923 duos
3369 868 3451 941 pi-

1817 977 1957 1015 sces.
1988 961 2095 1025 Qui
2124 961 2202 1015 ait
2226 961 2306 1015 eis
2335 978 2348 1015 :
2375 961 2599 1015 Adferte
2629 961 2754 1015 illos
2780 961 2924 1015 mihi
2950 962 3081 1017 huc.
3106 963 3172 1017 Et
3189 979 3321 1017 cum
3333 963 3451 1034 jus-

1818 1054 1978 1108 sisset
2027 1054 2253 1108 turbam
2305 1054 2657 1109 discumbere
2700 1071 2870 1125 supra
2918 1056 3155 1124 frenum,
3207 1055 3449 1128 acceptis

1817 1147 2066 1220 quinque
2088 1148 2333 1218 panibus
2360 1151 2416 1201 et
2430 1146 2646 1201 duobus
2675 1147 2940 1218 piscibus,
2964 1149 3240 1219 aspiciens
3264 1150 3325 1203 in
3347 1165 3452 1204 cm-

1817 1242 1936 1295 lum
1962 1241 2271 1311 benedixit,
2300 1244 2355 1296 et
2379 1240 2571 1312 fregit,
2604 1246 2659 1294 et
2695 1241 2849 1296 dedit
2877 1242 3161 1314 discipulis
3200 1245 3315 1299 suis
3348 1261 3447 1316 pa-

1819 1350 1939 1404 nes,
1968 1334 2229 1405 discipuli
2253 1340 2445 1389 autem
2473 1333 2672 1388 turbis.
2704 1335 2771 1387 Et
2820 1336 3310 1393 manducaverunt
3335 1355 3450 1393 om-

1819 1444 1941 1495 nes,
1970 1433 2025 1483 et
2051 1429 2285 1483 saturati
2316 1432 2466 1497 sunt,
2499 1431 2555 1481 et
2579 1427 2839 1482 tulerunt
2864 1428 3130 1500 reliquias
3153 1430 3448 1489 duodecim

1820 1522 2090 1593 cophinos
2121 1522 2576 1592 fragmentorum
2615 1521 2835 1591 plenos.
2865 1522 3327 1578 Manducantium
3358 1541 3450 1580 au-

1820 1619 1938 1669 tem
1962 1616 2068 1671 fuit
2099 1632 2373 1670 numerus
2410 1615 2664 1686 quinque
2700 1614 2858 1669 milia
2901 1615 3175 1687 virorum,
3208 1618 3451 1689 exceptis

1821 1709 2154 1765 mulieribus
2180 1714 2235 1765 et
2262 1709 2531 1781 parvulis.

2437 1814 2633 1854 INCIPIT
2670 1814 2841 1855 MISSA.

93 1874 194 1935 tuo,
220 1873 275 1922 et
298 1884 371 1922 ne
398 1868 501 1924 des
528 1869 902 1925 hereditatem
934 1874 1093 1924 tuam
1136 1869 1198 1923 in
1234 1867 1626 1941 approbrium.
1656 1868 1724 1921 Et

1893 1882 2203 1938 Misericors
2226 1882 2485 1951 Domine,
2513 1882 2675 1952 cujus
2704 1882 3098 1937 miserationes
3126 1889 3257 1939 sunt
3284 1900 3455 1956 super

93 1961 365 2033 respondit
403 1962 703 2032 Dominus,
745 1968 802 2018 et
843 1963 988 2018 dixit
1015 1963 1227 2035 populo
1266 1979 1366 2016 suo
1399 1978 1413 2016 :
1446 1963 1584 2016 Ecce
1612 1976 1717 2031 ego

96 2055 299 2108 mittam
324 2055 482 2110 vobis
505 2055 886 2125 frumentum,
909 2056 1109 2111 vinum
1138 2062 1196 2111 et
1219 2057 1428 2122 oleum,
1458 2061 1515 2110 et
1538 2054 1721 2125 reple.

97 2147 277 2203 bimini
302 2165 368 2203 eo
397 2155 456 2203 et
499 2166 619 2205 non
663 2150 809 2204 dabo
838 2167 931 2205 vos
963 2151 1117 2205 ultra
1160 2150 1218 2204 in
1251 2148 1621 2220 opprobrium
1658 2147 1720 2202 in

102 2241 360 2312 gentibus,
390 2242 529 2313 quia
558 2243 687 2298 dedi
714 2243 869 2298 vobis
896 2244 1191 2298 Doctorem
1210 2241 1468 2314 justitiae,
1496 2246 1553 2296 et
1600 2240 1720 2295 des-

101 2335 313 2389 cendere
339 2335 550 2391 faciam
572 2337 643 2392 ad
662 2354 760 2392 vos
784 2338 1029 2394 imbrem
1057 2336 1406 2393 matutinum
1434 2340 1491 2392 et
1517 2334 1716 2391 seroti-

103 2444 244 2496 num,
271 2429 350 2483 ait
375 2430 653 2486 Dominus
681 2432 849 2486 Deus.

236 2522 407 2572 Lectio
437 2524 608 2573 sancti
636 2523 904 2588 Evangelii
932 2523 1220 2574 secundum
1246 2522 1559 2573 Matthaeum.

164 2602 356 2658 Diebus
386 2604 517 2672 illis,
550 2605 693 2660 dixit
737 2604 1013 2659 Dominus
1051 2605 1210 2659 locus
1246 2603 1536 2674 discipulis
1556 2603 1672 2657 suis
1704 2619 1717 2656 :

103 2695 325 2751 Audistis
344 2698 478 2769 quia
505 2698 725 2754 dictum
747 2704 831 2754 est
847 2697 1114 2770 antiquis,
1150 2697 1359 2769 Diliges
1392 2697 1721 2769 proximum

107 2794 271 2859 tuum,
302 2794 357 2846 et
382 2791 514 2847 odio
543 2792 778 2847 habebis
813 2792 1114 2846 inimicum
1140 2796 1325 2859 tuum,
1372 2792 1489 2861 Ego
1530 2796 1720 2845 autem

107 2883 212 2938 dico
234 2884 384 2939 vobis
411 2905 426 2940 :
455 2886 686 2958 Diligite
724 2885 987 2941 inimicos
1032 2891 1268 2953 vestros,
1298 2884 1610 2938 benefacite
1634 2882 1723 2937 his

109 2977 192 3048 qui
215 2977 449 3035 oderunt
475 2996 595 3049 vos,
626 2984 781 3034 orate
809 2997 913 3052 pro
937 2978 1404 3051 persequentibus
1433 2984 1488 3033 et
1506 2978 1720 3032 calum-

109 3070 371 3127 niantibus
395 3089 494 3128 vos
519 3091 532 3128 :
569 3078 632 3128 ut
657 3073 777 3127 sitis
805 3074 907 3128 lilii
932 3074 1110 3128 Patris
1134 3072 1306 3127 vestri
1333 3071 1431 3143 qui
1476 3072 1537 3126 in
1575 3070 1725 3126 caelis

112 3168 201 3234 est,
228 3165 321 3236 qui
346 3166 524 3221 solem
554 3184 723 3223 suum
752 3167 887 3221 oriri
902 3166 1035 3221 facit
1050 3182 1220 3238 super
1244 3165 1423 3219 malos
1449 3168 1505 3219 et
1522 3164 1721 3231 bonos,

1818 1977 2007 2032 omnia
2032 1992 2204 2047 opera
2232 1976 2373 2046 ejus,
2406 1976 2608 2031 fratres
2632 1975 2929 2044 carissimi,
2960 1976 3362 2047 supplicemus,
3390 1985 3456 2035 ut

1817 2070 2071 2142 reliquiis
2120 2070 2318 2141 populi
2356 2068 2463 2137 sui,
2495 2085 2667 2140 quem
2696 2069 2862 2124 ruina
2886 2070 3087 2123 mundi
3124 2071 3367 2126 labentis
3391 2089 3455 2127 ac

1817 2163 2218 2237 praatereuntis
2260 2162 2560 2234 oppressit,
2600 2163 2661 2217 in
2692 2162 2859 2216 variis
2901 2162 3287 2218 adﬂictionum
3332 2166 3455 2236 ejus

1819 2262 2082 2313 succumt
2105 2257 2401 2328 angustiis,
2430 2272 2545 2327 quo
2570 2256 2811 2328 singulis
2840 2257 3024 2328 adque
3052 2256 3331 2313 universis
3352 2258 3451 2313 tri-

1817 2351 2183 2407 bulationum
2199 2366 2429 2404 suarum
2456 2349 2678 2421 pondus
2706 2366 2821 2404 non
2840 2349 2924 2404 ira
2953 2349 3175 2406 delendi
3200 2350 3334 2422 sint,
3357 2352 3453 2407 sed

1820 2444 2065 2501 eruditio
2091 2444 2475 2500 convertendi.

2519 2514 2748 2564 Secreta.

1890 2591 2054 2660 Deus,
2071 2594 2328 2645 nostrum
2350 2590 2640 2661 refugium
2672 2590 2733 2643 in
2745 2589 3053 2659 laboribus,
3095 2590 3273 2646 virtus
3290 2590 3350 2646 in
3375 2592 3460 2647 in-

1820 2684 2201 2754 ﬁrmitatibus,
2231 2683 2577 2755 adjutorium
2605 2685 2665 2738 in
2686 2683 3165 2755 tribulationibus,
3204 2685 3457 2741 solamen

1820 2780 1880 2833 in
1905 2778 2165 2847 ﬂetibus;
2187 2794 2356 2849 parce
2383 2777 2639 2847 Domine,
2670 2793 2835 2849 parce
2865 2778 3075 2849 populo
3098 2784 3216 2849 tuo,
3244 2795 3316 2835 ne
3341 2784 3457 2834 tra-

1822 2872 1919 2927 das
1946 2871 2138 2927 bestiis
2163 2871 2386 2925 animas
2409 2871 2740 2926 conﬁtentes
2764 2869 2887 2925 tibi.

1893 3039 2033 3092 Vere
2062 3037 2301 3107 dignum
2316 3040 2372 3090 et
2392 2964 3130 3106 jutsctfilrlrtteztsattﬁmnipotens
3158 3035 3326 3090 Deus.
3352 3035 3457 3091 Ex-

1824 3135 2111 3203 pectantes
2140 3145 2279 3201 ergo
2308 3129 2719 3183 misericordias
2744 3133 2889 3197 tuas,
2921 3133 3051 3183 ante
3101 3129 3291 3184 oculos
3336 3135 3463 3185 tuos

112 3263 158 3312 et
180 3221 316 3329 ἑὼςῆ
357 3278 529 3333 super
565 3221 747 3333 iustos
789 3266 844 3316 et
879 3221 1138 3331 iniustos:
1186 3259 1243 3315 Si
1288 3259 1441 3315 enim
1485 3221 1730 3329 diligau's
1751 3253 1805 3328 Ο
1829 3230 2127 3279 extensum
2152 3222 2489 3278 humilitatis
2516 3226 2725 3276 nostra:
2756 3221 2876 3277 sine
2912 3222 3335 3326 infusioneduaa
3359 3222 3459 3280 be-

115 3366 213 3421 eos,
240 3352 333 3425 qui
356 3370 452 3409 vos
491 3354 759 3426 diligunt,
801 3371 974 3427 quam
1018 3354 1344 3408 mercedem
1390 3352 1671 3407 habebitis
1703 3352 1730 3406 ?

114 3460 283 3501 nonne
309 3452 363 3503 et
397 3447 687 3520 publicani
728 3448 835 3503 hoc
864 3447 1122 3503 faciunt?
1158 3447 1225 3502 Et
1271 3447 1318 3501 si
1360 3445 1730 3501 salutaveritis

116 3536 296 3595 fratres
320 3547 533 3598 vestros
560 3547 804 3610 tantum,
829 3542 965 3614 quid
994 3541 1239 3613 amplius
1265 3540 1518 3595 facietis?
1544 3554 1732 3594 nonne

119 3632 311 3690 ethnici
335 3636 439 3691 hoc
464 3618 726 3691 faciunt?
757 3637 942 3691 Estote
979 3652 1117 3708 ergo
1146 3632 1403 3706 perfecti,
1448 3632 1591 3688 sicut
1626 3634 1730 3687 Pa-

120 3728 200 3779 ter
223 3732 393 3784 vester
414 3730 651 3785 caelestis
676 3730 958 3801 perfectus
985 3734 1087 3784 est.

122 3822 238 3873 Item
266 3826 372 3875 alia.
400 3828 579 3878 Lectio
612 3827 776 3877 sancti
810 3826 1075 3889 Evangelii
1108 3826 1398 3876 secundum
1418 3824 1733 3875 Matthaaum.

189 3903 243 3959 ln
269 3906 360 3961 illo
393 3914 671 3981 tempore,
716 3909 1033 3962 convocatis
1078 3907 1347 3962 Dominus
1383 3907 1541 3961 Jesus
1568 3904 1734 3959 disci-

126 3997 258 4068 pulis
287 4001 413 4071 suis,
445 4002 592 4057 dixit
622 4019 636 4056 :
668 4002 931 4057 Misereor
968 4001 1171 4068 turbae,
1219 4000 1351 4073 quia
1390 3999 1578 4054 triduo
1611 3998 1735 4069 jam

128 4100 462 4162 perseverant
502 4113 751 4167 mecum,
793 4100 849 4151 et
890 4113 1009 4151 non
1047 4095 1258 4150 habent
1299 4093 1453 4166 quod
1501 4091 1736 4146 mandu-

132 4190 274 4242 cent:
303 4192 357 4244 et
383 4189 668 4245 dimittere
694 4206 792 4246 eos
811 4189 1038 4261 jejunos
1079 4188 1233 4257 nolo,
1272 4204 1344 4243 ne
1378 4186 1641 4242 deficiant
1680 4184 1739 4239 in

132 4277 225 4333 via.
250 4280 315 4336 Et
336 4282 531 4339 dicunt
565 4283 617 4339 ei
644 4283 904 4355 discipuli
934 4299 948 4338 :
979 4282 1136 4337 Unde
1171 4298 1308 4353 ergo
1346 4280 1507 4335 nobis
1541 4279 1598 4333 in
1639 4279 1737 4334 de-

136 4377 265 4427 serto
287 4392 456 4446 panes
486 4380 693 4447 tantos,
726 4382 789 4432 ut
814 4380 1135 4432 saturemus
1154 4376 1382 4431 turbam
1412 4373 1665 4429 tantam?
1678 4373 1743 4427 Et

136 4462 204 4519 ait
227 4464 327 4524 illis
352 4471 508 4528 Iesus
537 4489 550 4527 :
579 4473 725 4537 Quot
751 4487 924 4543 panes
950 4470 1207 4525 habetis?
1231 4471 1303 4524 At
1329 4468 1410 4523 illi
1437 4468 1737 4522 dixerunt:

139 4555 361 4632 Septem,
391 4571 446 4621 et
474 4582 681 4638 paucos
709 4565 1026 4638 pisciculos.
1058 4566 1124 4619 Et
1153 4562 1420 4635 praecepit
1458 4561 1641 4617 turba:
1682 4564 1745 4615 ut

140 4632 495 4715 discumberet
517 4675 686 4731 super
710 4632 896 4729 terra;
926 4663 981 4714 et
1006 4632 1286 4729 accipiens
1320 4632 1536 4727 septem
1569 4670 1745 4727 panes
1762 4632 1823 4705 D

144 4747 193 4796 et
223 4745 409 4819 pisces,
452 4754 662 4826 gratias
707 4769 901 4825 agens,
942 4752 1136 4823 fregit,
1178 4755 1235 4805 et
1273 4749 1428 4805 dedit
1468 4747 1753 4820 discipulis

144 4835 261 4907 suis,
301 4848 353 4897 et
386 4846 650 4919 discipuli
694 4845 974 4902 dederunt
1013 4845 1224 4918 populo
1259 4861 1272 4898 :
1304 4849 1359 4899 et
1385 4841 1756 4898 comederunt

148 4942 324 4990 omnes
344 4942 397 4993 et
416 4939 651 4995 saturati
674 4945 827 4995 sunt.
853 4941 918 4995 Et
931 4939 1084 5011 quod
1100 4934 1380 5010 superfuit
1392 4936 1461 4991 de
1473 4935 1757 5007 fragmen-

148 5021 245 5077 ὶὶεδ
271 5030 510 5089 tulerunt
535 5039 752 5107 septem
772 5036 989 5106 sportas
1016 5033 1232 5105 plenas.
1263 5032 1435 5087 Erant
1448 5035 1639 5085 autem
1659 5028 1755 5101 qui

152 5121 609 5183 manducaverunt
629 5133 897 5200 quattuor
926 5126 1084 5182 milia
1105 5127 1428 5196 hominum,
1453 5127 1612 5180 extra
1626 5139 1753 5196 par-

152 5211 291 5269 vulos
315 5222 369 5273 et
391 5222 682 5279 mulieres.

805 5292 935 5342 Item
956 5292 1074 5343 alia.

216 5355 438 5431 Vespere
468 5370 661 5423 autem
706 5364 878 5434 facto,
919 5367 1276 5420 accesserunt
1312 5362 1385 5418 ad
1426 5364 1619 5418 Iesum
1674 5360 1760 5416 di—

218 5495 241 5590 _'
264 5501 515 5590 Diversus
533 5515 591 5565 et
622 5509 960 5590 prolixiores
982 5509 1275 5590 Lectiones
1307 5507 1669 5590 assignantur
1704 5504 1763 5558 in

160 5563 873 5652 lsuxoviensi'Lectionario;
903 5580 1001 5635 sed
1038 5563 1127 5635 ha:
1154 5597 1257 5652 pro
1282 5563 1473 5652 missa,
1501 5578 1626 5631 alite
1663 5592 1762 5630 ex-

161 5640 235 5723 im
261 5646 493 5707 missam.
520 5655 693 5708 Porro
718 5640 950 5706 Litaniaa
992 5640 1603 5723 Rogationum‘tl'omaa
1650 5661 1767 5701 non

165 5722 376 5800 {$9er
398 5729 528 5800 sunt
553 5729 681 5800 ante
706 5718 1327 5800 pontificatumfleonis
1357 5721 1444 5800 Ill,
1486 5718 1610 5800 qui‘
1629 5734 1768 5798 pon-

166 5780 294 5862 ίίξθί
310 5810 335 5863 (5
354 5795 661 5863 constituit,
683 5780 750 5850 iit
775 5799 907 5849 ante
932 5800 1046 5849 tres
1072 5793 1193 5849 dies
1207 5780 1562 5863 Ascension'is
1580 5780 1766 5843 domi-

168 5858 297 5932 nicas
312 5858 531 5921 [itania
560 5858 934 5932 celebrentur,
978 5884 1004 5918 io
1036 5867 1275 5921 testante
1297 5860 1612 5917 Anastasio.

234 5923 258 5965 δ
283 5929 336 5983 ιιι
361 5936 664 6009 exemplari
690 5923 1045 6007 fritamentis;
1079 5941 1134 5991 et
1159 5936 1220 5989 in
1247 5932 1625 6004 subsequente
1662 5928 1770 5985 alia

1828 3317 2166 3373 nedictionis
2204 3316 2542 3388 expetimus.
2584 3317 2775 3385 Parce,
2816 3315 3074 3383 Domine,
3128 3315 3369 3384 miseris,
3410 3324 3466 3373 et

1830 3416 1961 3467 ante
1987 3416 2152 3466 tuum
2170 3415 2534 3482 conspectum
2560 3425 2727 3481 parce
2753 3408 3076 3481 prostratis;
3100 3425 3205 3464 nec
3227 3410 3469 3466 afferant

1829 3505 1996 3561 nobis
2023 3509 2216 3560 nostra
2240 3504 2442 3559 delicta
2466 3508 2710 3573 reatum,
2740 3503 2838 3558 sed
2868 3503 3082 3558 tribuat
3109 3507 3206 3558 tua
3230 3504 3467 3561 dulcedo

1832 3599 2225 3655 consolationis
2262 3597 2601 3654 remedium.
2646 3598 3065 3667 Verumtamen,
3112 3599 3471 3670 omnipotens

1834 3688 1891 3748 et
1920 3692 2237 3747 misericors
2267 3692 2438 3759 Deus,
2466 3694 2521 3744 te
2571 3690 2954 3759 obsecramus,
2985 3695 3051 3744 ut
3093 3691 3469 3747 voluntariam

1834 3787 2000 3843 nobis
2045 3786 2302 3840 conferas
2345 3782 2619 3855 pluviam,
2666 3787 2724 3837 et
2761 3798 2834 3837 ne
2878 3783 3191 3838 secundum
3244 3789 3471 3854 peccata

1835 3886 2027 3937 nostra
2050 3880 2266 3935 tribuas
2288 3877 2471 3947 nobis,
2495 3893 2599 3932 nec
2626 3892 2691 3932 ea
2717 3893 2830 3949 qua
2861 3892 3152 3931 meremur
3180 3878 3473 3933 austerita-

1836 3982 1893 4031 te
1918 3991 2019 4030 nos
2036 3973 2277 4045 judices,
2306 3972 2440 4043 quia
2469 3976 2533 4026 tu
2560 3971 2743 4042 reples
2762 3986 2993 4025 omnem
3021 3972 3272 4026 animam
3295 3971 3470 4027 bene-

1839 4069 2084 4124 dictione
2113 4083 2216 4139 per
2238 4066 2525 4121 Christum
2549 4065 2853 4120 Dominum
2873 4069 3152 4120 nostrum.

2220 4176 2381 4217 MISSA
2417 4178 2469 4218 IN
2509 4174 2844 4217 ASCENSIONE
2883 4174 3098 4216 DOMlNl.

2130 4241 2307 4292 Lectio
2330 4242 2637 4307 Apocalysis
2666 4240 2834 4291 sancti
2853 4241 3104 4291 Johannis
3135 4255 3175 4291 ο.

1916 4314 2033 4370 Vidi
2070 4314 2297 4369 turbam
2336 4330 2624 4385 magnam,
2676 4330 2851 4385 quam
2900 4313 3260 4371 dinumerare
3311 4331 3479 4373 nemo

1841 4412 2095 4482 poterat;
2129 4424 2197 4463 ex
2218 4407 2482 4462 omnibus
2508 4406 2794 4478 gentibus,
2823 4412 2879 4462 et
2901 4409 3185 4479 tribubus,
3214 4414 3271 4464 et
3294 4426 3479 4482 popu-

1841 4504 1930 4574 lis,
1976 4508 2032 4558 et
2079 4501 2310 4574 linguis,
2362 4505 2571 4555 stantes
2606 4506 2738 4555 ante
2783 4501 3057 4557 thronum
3086 4502 3147 4557 in
3186 4510 3481 4575 conspecto

1843 4596 2011 4669 Agni,
2041 4594 2235 4650 amicti
2269 4595 2439 4649 stolas
2466 4595 2637 4663 albas,
2667 4599 2723 4648 et
2750 4593 2962 4666 palmae
2999 4596 3059 4650 in
3095 4598 3362 4653 manibus
3384 4615 3480 4655 eo-

1852 4708 2002 4747 rum.
2031 4692 2098 4745 Et
2122 4688 2440 4744 clamabant
2466 4703 2600 4741 voce
2620 4703 2847 4757 magna,
2872 4688 3123 4743 dicentes
3148 4705 3161 4741 :
3185 4691 3346 4747 Salus
3370 4693 3484 4749 Deo

1852 4790 2062 4853 nostro,
2091 4782 2190 4853 qui
2215 4780 2363 4835 sedit
2387 4795 2557 4850 super
2581 4779 2872 4845 thronum,
2902 4785 2960 4835 ct
2986 4785 3165 4854 Agno.
3197 4785 3264 4840 Et
3289 4802 3485 4843 omnes

1853 4877 2041 4950 angeli
2078 4874 2301 4930 stabant
2348 4873 2407 4927 in
2443 4871 2675 4926 circuito
2709 4872 2922 4942 throni,
2970 4881 3027 4930 et
3073 4877 3383 4944 seniorum,
3432 4887 3490 4937 et

1856 4976 2121 5045 quattuor
2170 4965 2504 5021 animalium
2548 4981 2561 5018 :
2610 4969 2667 5019 et
2709 4964 3036 5021 ceciderunt
3086 4969 3147 5023 in
3190 4979 3487 5044 conSpecto

1858 5065 2050 5121 throni
2070 5064 2131 5117 in
2158 5061 2325 5116 facies
2349 5077 2497 5130 suas,
2526 5064 2583 5114 et
2602 5058 2978 5114 adoraverunt
2997 5061 3193 5132 Deum,
3218 5064 3486 5139 dicentes,

1858 5163 2061 5215 Amen.
2092 5155 2432 5221 Benedictio,
2467 5158 2524 5208 et
2558 5152 2801 5223 claritas,
2843 5159 2900 5209 et
2939 5154 3229 5227 sapientia,
3272 5165 3328 5214 et
3357 5178 3488 5234 ενα-

1859 5254 2069 5310 tiarum
2096 5251 2260 5320 actio,
2305 5255 2362 5305 et
2406 5249 2608 5316 honor,
2639 5253 2697 5304 et
2717 5248 2917 5317 virtus,
2960 5254 3017 5306 et
3057 5250 3332 5308 fortitudo
3378 5255 3490 5311 Deo

1861 5353 2053 5405 nostro
2079 5346 2139 5401 in
2164 5345 2369 5401 saecula
2396 5343 2755 5412 saeculorum,
2785 5361 2972 5401 amen.

1863 5492 2106 5553 lectione
2133 5492 2590 5559 fraumentorum.

1935 5594 1959 5623 c
1996 5564 2318 5635 Sequentes
2355 5561 2643 5635 Lectiones
2688 5559 2831 5613 festo
2879 5562 3233 5635 Ascensioms
3292 5578 3495 5623 conve-

1864 5637 2052 5691 niunt.
2084 5632 2433 5705 Augustinus
2470 5632 2531 5685 in
2573 5633 2903 5705 sermone}
2948 5632 3017 5705 de
3057 5636 3395 5692 Ascensione
3420 5640 3499 5694 ait

1866 5709 2077 5762 lectum
2100 5701 2272 5760 fuisse
2301 5720 2369 5757 ex
2388 5701 2752 5772 Apocalypsi:
2780 5703 2923 5756 Vicit
2948 5704 3049 5758 Leo
3073 5705 3139 5759 de
3155 5707 3302 5761 tribu
3324 5710 3489 5764 Juda.

1866 5780 1929 5835 In
1972 5792 2231 5832 sermone
2275 5778 2306 5829 5
2346 5772 2693 5828 mentionem
2736 5772 2868 5826 facit
2912 5773 3189 5830 Lectionis
3220 5792 3292 5833 ex
3328 5778 3493 5834 Libro

1868 5854 2111 5906 Actuum
2135 5846 2522 5920 apostolorum
2550 5863 2567 5898 :
2595 5859 2724 5920 quae
2745 5842 2929 5920 prima
2965 5850 3051 5901 est
3084 5846 3271 5902 Lectio
3311 5864 3379 5904 ex
3404 5850 3502 5905 tri-

1869 5922 1974 5977 bus
2000 5920 2059 5974 in
2083 5915 2432 5974 Leétionario
2455 5915 2980 5989 nostroGallicano.
