4006 6228
492 302 593 354 515

706 404 880 455 Lectio
908 405 1072 456 sancti
1098 404 1366 469 Evangelii
1390 403 1681 454 secundum
1706 405 1917 454 Lucam.

560 499 765 554 Diebus
803 499 915 554 illis
963 500 1115 555 stetit
1149 500 1419 555 Dominus
1461 501 1618 553 .lesus
1645 498 1703 553 in
1735 499 1924 554 medio
1953 498 2117 575 disci-

489 593 760 664 pulorum
788 610 1044 662 suorum,
1075 598 1131 648 et
1155 593 1289 648 dicit
1313 593 1428 647 eis:
1460 594 1572 647 Pax
1599 593 1776 661 vobis,
1822 609 1927 665 ego
1969 609 2115 662 sum,

486 687 660 742 nolite
685 687 904 742 timere.
954 687 1283 741 Conturbati
1327 703 1458 741 vero
1490 692 1545 742 et
1571 687 1885 757 conterriti,
1925 688 2115 742 existi-

489 782 723 836 mabant
766 797 823 835 se
865 781 1122 852 spiritum
1149 782 1358 836 videre.
1399 783 1464 836 Et
1489 781 1634 836 dixit
1658 782 1738 836 eis
1769 801 1781 836 :
1817 781 1958 845 Quid
2007 786 2121 836 tur-

487 875 601 930 bati
631 877 782 944 estis,
813 880 868 930 et
893 875 1258 944 cogitationes
1285 875 1596 930 ascendunt
1619 875 1678 930 in
1704 876 1872 930 corda
1901 877 2120 930 vestra?

487 970 679 1025 Videte
721 985 923 1023 manus
970 985 1126 1022 meas
1167 971 1222 1022 et
1273 969 1462 1040 pedes,
1522 969 1655 1040 quia
1699 970 1814 1040 ipse
1842 986 1948 1040 ego
1969 986 2115 1024 sum.

487 1063 713 1134 Palpate
743 1066 799 1116 et
823 1063 1024 1131 videte,
1056 1061 1187 1134 quia
1215 1062 1445 1134 spiritus
1478 1080 1708 1117 carnem
1748 1066 1805 1118 et
1848 1081 1974 1118 ossa
2003 1080 2118 1118 non

486 1156 674 1224 habet,
703 1157 846 1211 sicut
876 1173 968 1210 me
1004 1155 1200 1210 videtis
1226 1157 1457 1210 habere.
1489 1157 1556 1211 Et
1580 1173 1712 1211 cum
1739 1157 1844 1211 hoc
1872 1157 2116 1227 dixisset,

487 1251 729 1305 ostendit
763 1251 841 1305 eis
874 1267 1074 1304 manus
1099 1255 1153 1304 et
1178 1251 1368 1321 pedes.
1397 1250 1595 1304 Adhuc
1624 1256 1814 1305 autem
1853 1251 1961 1304 illis
2006 1267 2120 1304 non

487 1344 862 1412 credentibus,
887 1349 941 1398 et
968 1343 1302 1398 mirantibus
1332 1360 1449 1414 prce
1477 1344 1702 1414 gaudio,
1732 1344 1875 1398 dixit
1903 1361 1916 1397 :
1950 1345 2122 1399 Habe-

484 1437 556 1492 tis
579 1437 672 1492 hic
698 1437 910 1508 aliquid
930 1437 1080 1508 quod
1107 1437 1523 1491 manducetur?
1560 1440 1630 1490 At
1665 1437 1749 1491 illi
1793 1438 2122 1508 optulerunt

487 1531 540 1586 ei
564 1537 783 1603 partem
809 1531 975 1602 piscis
1001 1530 1125 1600 assi,
1159 1534 1216 1584 et
1242 1531 1434 1585 favum
1468 1530 1672 1585 mellis.
1711 1533 1777 1585 Et
1802 1547 1932 1585 cum
1958 1547 2116 1585 man-

489 1624 742 1680 ducasset
780 1641 969 1678 coram
1007 1624 1105 1691 eis,
1150 1641 1380 1678 sumens
1423 1624 1686 1695 reliquias
1737 1624 1891 1679 dedit
1921 1625 2019 1679 eis.
2057 1627 2121 1679 Et

487 1720 632 1774 dixit
659 1719 730 1773 ad
753 1736 850 1774 eos
883 1738 896 1772 :
938 1720 1063 1772 Haec
1107 1723 1239 1772 sunt
1271 1718 1441 1771 verba
1484 1734 1611 1789 quae
1642 1719 1861 1771 locutus
1897 1735 2020 1771 sum
2051 1719 2118 1772 ad

1375 296 1708 353 APPENDIX
1745 296 1832 351 AD
1867 295 2088 352 OPERA
2126 296 2180 350 S.
2219 293 2517 352 GERMANI
2555 293 2985 351 PARISIENSIS.

2142 419 2200 494 Α
2221 405 2424 459 formet
2475 419 2677 475 corpus
2731 399 3069 459 humilitatis
3118 405 3323 459 nostrae
3383 402 3609 475 corpori
3673 401 3905 473 gloria:

3787 295 3908 347 516

2221 515 2357 554 suae.
2385 499 2565 563 Quem
2595 499 2748 554 laud.

2648 613 2802 652 MISSA
2844 612 2894 651 IN
2936 612 3423 659 QUINQUAGINSIMO.

2373 689 2547 740 Lectio
2568 690 2916 754 Apocalypsin
2939 691 3104 740 sancti
3132 690 3382 741 Johannis
3405 690 3628 754 apostoli
3666 690 3716 738 b.

2292 777 2449 845 Veni,
2500 775 2792 830 ostendam
2841 775 2942 830 tibi
2987 793 3253 848 sponsam
3292 792 3531 831 uxorem
3571 774 3753 846 Agni.
3827 775 3904 826 Et

2221 870 2445 925 sustulit
2474 886 2564 925 me
2593 870 2650 923 in
2677 869 2882 942 spiritu
2897 870 2957 925 in
2983 875 3240 925 montem
3264 887 3540 942 magnum
3570 876 3628 924 et
3654 869 3900 935 altum,

2221 974 2277 1023 et
2313 968 2557 1022 ostendit
2582 968 2723 1022 mihi
2764 968 3049 1023 civitatem
3091 973 3340 1024 sanctam
3373 967 3734 1022 Hierusalem
3771 966 3898 1021 de-

2220 1063 2580 1117 scendentem
2606 1063 2675 1118 de
2701 1063 2834 1118 caelo
2850 1080 2881 1116 a
2900 1064 3035 1133 Deo,
3064 1063 3369 1117 habentem
3389 1062 3712 1116 claritatem
3742 1059 3898 1115 Dei.

2221 1157 2435 1210 Lumen
2461 1157 2581 1226 ejus
2607 1156 2788 1210 simile
2815 1157 2992 1228 lapidi
3027 1157 3300 1228 precioso,
3342 1161 3635 1227 tamquam
3687 1154 3901 1226 lapidi

2213 1249 2470 1320 jaspidis,
2501 1250 2646 1304 sicut
2686 1251 3037 1321 crystallum.
3079 1252 3145 1305 Et
3181 1249 3424 1304 habebat
3462 1265 3702 1303 murum
3752 1265 3903 1302 ma-

2223 1359 2399 1414 gnum
2429 1347 2485 1396 et
2510 1343 2710 1410 altum,
2743 1343 2959 1398 habens
2985 1349 3176 1414 portas
3192 1342 3492 1397 duodecim
3511 1347 3568 1396 et
3593 1342 3654 1396 in
3685 1340 3899 1412 portis

2220 1437 2449 1507 angelos
2471 1436 2766 1491 duodecim
2792 1442 2849 1491 et
2875 1438 3110 1492 nomina
3137 1437 3426 1510 inscripta,
3454 1452 3586 1507 quae
3607 1441 3744 1490 sunt
3771 1451 3900 1489 no-

2221 1530 2375 1584 mina
2399 1531 2694 1584 duodecim
2726 1531 2983 1586 tribuum
3023 1531 3274 1585 filiorum
3302 1531 3490 1584 Israel.
3517 1530 3603 1583 Ab
3630 1529 3890 1584 Oriente

2220 1629 2398 1694 portae
2425 1629 2558 1694 tres,
2589 1630 2644 1679 et
2667 1625 2738 1679 ab
2768 1627 3030 1696 aquilone
3057 1630 3235 1695 porta:
3255 1629 3388 1679 tres.
3417 1625 3483 1678 Et
3503 1640 3709 1678 murus
3735 1623 3888 1677 civi—

2220 1719 2348 1772 tatis
2376 1719 2593 1773 habens
2611 1719 2981 1774 fundamenta
3001 1720 3297 1774 duodecim
3326 1723 3382 1774 et
3406 1719 3466 1772 in
3492 1719 3629 1790 ipsis
3649 1718 3886 1772 duode-

486 1830 581 1869 vos
611 1830 742 1868 cum
767 1813 952 1867 adhuc
989 1811 1203 1884 [essem]
1245 1812 1552 1880 vobiscum,
1585 1811 1855 1882 quoniam
1896 1793 2195 1866 necesseB
2219 1812 2330 1866 cim
2379 1811 2613 1866 nomina
2653 1814 3035 1884 apostolorum
3073 1814 3243 1885 Agni.
3282 1815 3349 1868 Et
3384 1813 3482 1886 qui
3518 1813 3881 1885 loquebatur

487 1913 571 1964 est
603 1908 828 1979 impleri
856 1906 1043 1961 omnia
1074 1923 1201 1978 quae
1239 1906 1443 1977 scripta
1480 1910 1614 1960 sunt
1646 1905 1706 1960 in
1753 1905 1878 1976 lege
1926 1905 2116 1977 Moysi,

488 2004 545 2057 et
579 2001 893 2072 Prophetis,
935 2005 991 2055 et
1035 1999 1266 2054 Psalmis
1293 2000 1362 2054 de
1408 2015 1523 2054 me.
1562 2000 1716 2054 Tunc
1751 1999 1972 2070 aperuit
2011 1999 2119 2054 illis

486 2111 733 2164 sensum,
757 2099 823 2149 ut
845 2094 1228 2164 intelligerent
1243 2093 1578 2163 Scripturas,
1604 2098 1661 2147 et
1686 2092 1829 2147 dixit
1854 2093 1953 2157 eis,
1977 2110 2117 2164 quo-

485 2189 642 2244 niam
679 2189 756 2244 sic
793 2188 1068 2259 scriptum
1107 2192 1191 2242 est
1233 2204 1246 2241 :
1288 2190 1346 2241 et
1380 2187 1458 2241 sic
1495 2187 1790 2258 oportebat
1832 2187 2116 2241 Christum

486 2284 626 2356 pati,
655 2287 712 2338 et
728 2298 1026 2354 resurgere
1052 2299 1084 2335 a
1112 2280 1350 2336 mortuis
1390 2281 1479 2336 die
1509 2281 1696 2348 tertia,
1726 2286 1783 2335 et
1824 2281 2119 2351 praedicari

491 2378 552 2431 in
581 2377 808 2431 nomine
837 2377 956 2446 ejus
996 2375 1386 2446 paenitentiam
1419 2378 1476 2428 et
1504 2374 1893 2429 remissionem
1921 2391 2115 2446 pecca-

487 2476 677 2526 torum
701 2469 760 2522 in
788 2469 1049 2524 omnibus
1077 2468 1360 2539 gentibus,
1389 2468 1789 2539 incipientibus
1815 2469 1885 2522 ab
1927 2469 2119 2523 Hieru-

487 2561 719 2635 s'olyma.
749 2565 854 2616 Vos
874 2567 1066 2617 autem
1093 2562 1224 2616 estis
1245 2566 1410 2617 testes
1436 2563 1643 2617 horum
1674 2578 1687 2615 :
1721 2567 1777 2617 et
1819 2579 1926 2634 ego
1953 2563 2117 2618 mitto

487 2658 833 2730 promissum
854 2656 1030 2710 Patris
1058 2657 1117 2710 in
1137 2673 1253 2710 vos.
1280 2657 1383 2710 Vos
1409 2659 1600 2711 autem
1620 2657 1807 2712 sedete
1835 2657 1894 2711 in
1921 2657 2114 2712 civita-

486 2757 562 2819 te,
585 2751 954 2823 quoadusque
995 2750 1312 2805 induamini
1343 2750 1609 2805 virtutem
1653 2768 1723 2805 ex
1748 2753 1880 2806 alto.
1913 2753 2116 2807 Enuxxr

487 2861 663 2902 AUTEM
703 2861 797 2898 nos
831 2861 996 2898 ronxs
1037 2844 1098 2897 in
1138 2845 1444 2914 Bethanea,
1489 2849 1546 2898 et
1588 2845 1813 2899 elevatis
1855 2845 2116 2899 manibus

486 2940 600 2995 suis
626 2939 686 2993 in
707 2939 929 3007 caelum,
958 2935 1245 2992 benedixit
1269 2937 1367 2991 eis.
1398 2939 1464 2991 Et
1487 2937 1700 2993 factum
1731 2944 1814 2993 est
1840 2939 1978 2993 dum
2016 2939 2111 2994 be—

482 3033 769 3090 nediceret
792 3032 923 3102 illis,
953 3032 1180 3087 recessit
1198 3032 1266 3086 ab
1283 3031 1382 3099 eis,
1405 3036 1462 3087 et
1487 3032 1777 3088 ferebatur
1795 3034 1866 3102 in
1886 3034 2112 3089 caelum.

2221 1922 2464 1974 mecum,
2509 1906 2751 1961 habebat
2792 1923 3146 1977 mensuram,
3177 1907 3554 1962 harundinem
3595 1924 3872 1976 auream,

2222 2005 2284 2055 ut
2301 2001 2600 2055 metiretur
2625 2001 2930 2068 civitatem,
2959 2006 3015 2056 et
3039 2007 3232 2073 portas
3252 2003 3391 2072 ejus,
3421 2007 3478 2057 et
3505 2018 3759 2057 murum.
3795 2002 3876 2055 Et

2220 2095 2410 2150 civitas
2439 2095 2498 2149 in
2527 2097 2800 2167 quadrato
2827 2096 3007 2167 posita
3035 2099 3138 2165 est,
3158 2100 3215 2150 et
3237 2096 3533 2167 longitudo
3559 2096 3677 2165 ejus
3696 2100 3873 2150 tanta

2219 2193 2323 2256 est,
2350 2195 2561 2260 quanta
2589 2195 2646 2244 et
2671 2189 2928 2244 latitudo.
2979 2191 3045 2244 Et
3085 2206 3316 2244 mensus
3343 2195 3424 2244 est
3460 2189 3747 2244 civitatem
3802 2191 3869 2243 in

2219 2282 2536 2337 harundine
2573 2300 2680 2354 per
2719 2283 2895 2337 stadia
2930 2283 3248 2339 duodecim.
3289 2283 3610 2356 Longitudo
3635 2288 3692 2338 et
3728 2283 3867 2337 alti-

2217 2377 2356 2431 tudo
2378 2377 2615 2449 aequalia
2635 2383 2786 2432 sunt.
2817 2379 2883 2432 Et
2908 2394 3138 2432 mensus
3159 2383 3244 2433 est
3265 2395 3463 2432 murus
3483 2378 3608 2448 ejus
3621 2382 3864 2433 centum

2218 2471 2593 2543 quadraginta
2618 2476 2891 2542 quattuor
2915 2472 3232 2527 cobitorum
3281 2487 3548 2527 mensura
3579 2471 3862 2541 hominis,

2219 2582 2346 2637 quae
2373 2568 2458 2620 est
2481 2565 2690 2636 angeli.
2713 2568 2778 2620 Et
2801 2572 2920 2621 erat
2947 2570 3229 2622 structura
3249 2567 3398 2621 muri
3429 2566 3552 2638 ejus
3572 2583 3643 2622 ex
3661 2565 3863 2637 lapide

2211 2660 2434 2731 jaspide
2460 2679 2474 2714 :
2505 2660 2625 2732 ipsa
2648 2677 2777 2715 vero
2805 2661 2998 2716 civitas
3037 2678 3175 2716 auro
3214 2661 3450 2729 mundo,
3479 2660 3665 2714 simile
3710 2660 3861 2715 vitro

2218 2755 2450 2808 mundo.
2483 2755 2876 2810 Fundamenta
2894 2755 3045 2809 muri
3069 2755 3302 2810 civitatis
3328 2755 3486 2810 omni
3509 2754 3700 2826 lapide
3729 2770 3859 2826 pre-

2218 2848 2367 2902 cioso
2393 2851 2607 2902 ornata.
2637 2849 3096 2904 Fundamentum
3123 2850 3377 2922 primum
3399 2850 3604 2922 jaspis;
3648 2865 3857 2904 secun-

2218 2943 2343 3013 dus,
2372 2941 2702 3013 sapphirus;
2738 2943 2964 3011 tercius,
2994 2944 3333 3000 calcidonius
3350 2963 3368 3016 ;
3409 2949 3665 3017 quartus,
3698 2961 3858 2998 zma-

2215 3037 2450 3108 ragdus;
2481 3037 2732 3109 quintus,
2765 3038 3028 3093 sardonix
3053 3057 3070 3110 ;
3101 3045 3311 3108 sextus,
3348 3040 3640 3109 sardinus;
3675 3038 3854 3110 septi-

484 3129 552 3183 Et
574 3127 680 3199 ipsi
709 3127 1012 3181 adorantes
1055 3125 1296 3196 regressi
1339 3130 1472 3180 sunt
1504 3126 1562 3181 in
1609 3127 1954 3182 Hierusalem
1983 3145 2113 3182 cum
2136 3172 2190 3247 Ο
2217 3147 2366 3201 mus,
2395 3131 2761 3203 chrysolitus;
2808 3137 3050 3202 octavus,
3091 3134 3376 3206 beryllus;
3435 3151 3641 3205 nonus,
3689 3137 3855 3204 topa-

490 3221 690 3247 ..-κλει
719 3236 928 3247 υκαι-...η
982 3221 1044 3247 Ὡι
1073 3222 1226 3247 ηκηηι
1267 3236 1489 3247 nnmnnn
1520 3220 1573 3247 ε..
1605 3221 1820 3247 ‘Amn‘n
1878 3222 2077 3247 1,..-J-..
2219 3225 2359 3247 _:____
2397 3226 2637 3247 J--2_.-___
2715 3227 3158 3247 _L___-__________-,
3221 3245 3287 3247 κη.
3318 3229 3362 3247 1-
3383 3229 3416 3247 κ·
3443 3245 3472 3247 μ
3623 3229 3638 3247 1
3779 3231 3788 3240 ·

485 3221 692 3296 gaudio
719 3236 950 3291 magno.
981 3221 1048 3274 Et
1071 3222 1230 3273 erant
1266 3236 1489 3290 semper
1520 3220 1580 3275 in
1605 3221 1842 3292 templo,
1878 3222 2113 3278 laudan-

482 3319 567 3372 tes
591 3321 646 3370 et
667 3314 1064 3371 benedicentes
1088 3313 1410 3367 Dominum.

1089 3440 1288 3480 INCIPIT
1326 3441 1503 3482 MISSA.

551 3519 814 3576 Mirabilis
852 3519 915 3573 in
959 3519 1192 3574 excelsis
1240 3520 1517 3574 Dominus
1554 3521 1700 3576 Deus
1739 3527 1954 3595 noster,
2015 3525 2112 3596 qui

482 3613 779 3671 ascendisti
824 3629 996 3685 super
1028 3613 1198 3668 caelos
1226 3614 1493 3669 caelorum
1529 3614 1599 3670 ad
1640 3616 1937 3688 orientem,
1966 3618 2115 3674 inter

481 3709 813 3781 angelorum
840 3707 1153 3762 ministeria
1165 3708 1346 3764 carnis
1369 3708 1626 3780 trophaaa
1645 3711 1960 3782 sustollens,
1981 3729 2113 3768 cum

481 3805 550 3859 ad
575 3819 870 3858 occursum
897 3807 1060 3857 tuum
1088 3802 1206 3857 caeli
1231 3806 1534 3873 potestates
1576 3810 1915 3875 occurrunt;
1940 3823 2108 3878 pone,

479 3913 824 3969 qumsumus,
862 3895 1212 3951 ascensiones
1237 3895 1297 3950 in
1314 3896 1577 3952 cordibus
1597 3899 1833 3968 nostris;
1861 3903 1925 3953 ut
1943 3900 2114 3955 etiam

478 4008 581 4046 nos
610 3996 663 4044 te
693 3993 1011 4060 sequentes,
1039 3989 1172 4044 illuc
1195 3990 1494 4047 tendamus
1513 3992 1651 4061 ﬁde,
1681 3993 1778 4048 ubi
1808 3994 2016 4050 scimus
2042 3994 2111 4048 ad

481 4083 577 4138 Dei
602 4081 780 4136 Patris
806 4081 1094 4136 dexteram
1121 4088 1176 4137 te
1207 4098 1465 4152 regnare.

1179 4184 1408 4234 Secreta.

549 4267 901 4326 Ascensionis
927 4268 1146 4323 Domini
1196 4275 1630 4339 sacramentum,
1657 4289 1770 4344 quo
1809 4274 2110 4329 advocatus

480 4365 750 4421 Dominus
773 4369 965 4419 noster
988 4364 1145 4419 Jesus
1167 4363 1418 4418 Christus
1445 4365 1515 4421 ad
1543 4368 1767 4422 Patrem
1793 4367 1955 4423 nobis
1981 4369 2111 4423 mis-

479 4475 644 4516 surus
667 4459 941 4525 ascendit,
968 4457 1100 4513 ﬁdei
1120 4462 1329 4513 nostrae
1347 4459 1548 4529 gaudia
1569 4461 1940 4534 multiplicata
1982 4480 2110 4518 con-

2216 3225 2360 3296 sius;
2390 3226 2659 3297 decimus,
2706 3227 3164 3300 chrysoprassus;
3218 3229 3573 3298 undecimus,
3623 3229 3858 3302 hyacin-

2214 3320 2371 3390 thus;
2405 3321 2790 3392 duodecimus,
2817 3323 3169 3394 amethystus
3198 3340 3210 3378 :
3244 3330 3300 3378 et
3339 3324 3641 3380 duodecim
3667 3332 3854 3398 portae

2214 3413 2513 3469 duodecim
2538 3417 2864 3488 margaritaa
2903 3421 3036 3471 sunt
3072 3434 3176 3489 per
3219 3417 3487 3489 singulas.
3528 3419 3638 3483 Qui
3681 3419 3857 3474 habet

2214 3524 2411 3564 aurem
2429 3510 2619 3564 audiat
2642 3527 2769 3582 quae
2798 3511 3028 3582 spiritus
3056 3512 3220 3567 dicat.

2379 3606 2554 3656 Lectio
2581 3608 2745 3657 sancti
2765 3609 3036 3672 Evangelii
3060 3608 3348 3659 secundum
3376 3611 3681 3661 Iohannem.

2287 3691 2490 3746 Diebus
2516 3692 2646 3762 illis,
2676 3693 2818 3747 dixit
2844 3695 3113 3749 Dominus
3156 3697 3311 3750 Jesus
3351 3696 3640 3768 discipulis
3677 3697 3798 3752 suis
3831 3717 3847 3751 :

2211 3785 2316 3850 Qui
2344 3785 2523 3840 credit
2541 3786 2600 3840 in
2618 3803 2730 3856 me,
2759 3805 2932 3859 opera
2955 3805 3081 3860 quae
3103 3806 3208 3862 ego
3235 3789 3397 3854 facio,
3430 3797 3486 3846 et
3510 3791 3626 3863 ipse
3651 3792 3847 3859 faciet,

2212 3883 2268 3934 et
2294 3879 2512 3951 majora
2540 3880 2750 3935 horum
2777 3881 2966 3950 faciet,
2996 3883 3131 3954 quia
3160 3900 3265 3955 ego
3303 3885 3375 3939 ad
3403 3887 3629 3939 Patrem
3655 3886 3801 3941 vado
3833 3905 3845 3941 :

2211 3978 2268 4029 et
2305 3975 2705 4048 quodcumque
2739 3976 3014 4048 petieritis
3052 3977 3112 4032 in
3153 3978 3384 4033 nomine
3428 3995 3575 4048 meo,
3620 3979 3733 4034 hoc
3772 3981 3848 4034 fa-

2211 4068 2376 4124 ciam.
2408 4069 2463 4125 Si
2489 4070 2724 4141 diligitis
2753 4087 2863 4138 me,
2897 4071 3163 4126 mandata
3190 4088 3317 4127 mea
3345 4076 3561 4128 servate
3596 4091 3610 4128 :
3643 4078 3701 4128 et
3743 4091 3846 4148 ego

2212 4163 2424 4236 rogabo
2466 4166 2710 4232 Patrem,
2740 4169 2795 4219 et
2837 4165 3054 4220 aliumc
3088 4167 3428 4222 Paraclitum
3469 4167 3628 4222 dabit
3664 4169 3840 4240 vobis,

2209 4263 2275 4312 ut
2293 4261 2523 4312 maneat
2547 4257 2841 4312 vobiscum
2856 4258 2915 4312 in
2937 4263 3236 4330 aeternum,
3269 4261 3542 4332 Spiritum
3571 4262 3840 4334 veritatis,

2209 4368 2380 4424 quem
2409 4352 2658 4407 mundus
2691 4369 2805 4407 non
2841 4357 3024 4424 potest
3064 4355 3340 4427 accipere,
3382 4356 3515 4426 quia
3553 4373 3671 4411 non
3695 4357 3842 4412 videt

2209 4462 2361 4514 eum,
2409 4463 2514 4501 nec
2555 4447 2658 4500 scit
2699 4463 2831 4502 eum
2863 4466 2875 4502 :
2910 4465 3008 4502 vos
3054 4452 3244 4504 autem
3292 4451 3641 4521 cognoscetis
3689 4468 3838 4522 eum,

479 4556 721 4613 celebret
750 4571 764 4610 :
792 4559 858 4609 ut
882 4552 1269 4626 promissionis
1298 4569 1412 4608 sum
1440 4561 1752 4611 memorata
1789 4556 2112 4629 interpellet
2130 4551 2188 4624 D
2212 4540 2345 4612 quia
2375 4541 2529 4612 apud
2563 4557 2658 4595 VOS
2687 4542 2958 4612 manebit,
2989 4547 3045 4598 et
3077 4543 3138 4597 in
3176 4543 3334 4598 VObiS
3361 4544 3485 4599 erit
3517 4545 3638 4599 Non
3668 4546 3835 4601 1⁸81111·

476 4668 580 4724 pro
605 4649 787 4717 nobis,
817 4653 881 4703 ut
897 4648 958 4702 in
974 4648 1219 4704 secundo
1240 4648 1361 4720 ejus
1387 4650 1632 4706 adventu
1657 4667 1986 4709 mereamur
2015 4669 2109 4707 oc-

478 4761 704 4801 currere
729 4743 863 4798 laeti.

1106 4815 1420 4866 Contestalio
1431 4815 1474 4865 ⁸.

551 4902 688 4957 Vere
714 4900 953 4973 dignum
982 4905 1037 4955 et
1057 4899 1278 4972 justum
1307 4905 1394 4956 est
1422 4901 1780 4973 omnipotens
1819 4903 1964 4959 Deus
2006 4920 2110 4975 per

476 4995 762 5054 Christum
789 4995 1091 5051 Dominum
1116 5000 1395 5050 nostrum.
1421 4996 1527 5060 Qui
1553 5002 1813 5052 mortuus
1839 5003 1923 5053 est
1941 5015 2110 5070 prop-

476 5095 562 5148 ter
584 5094 814 5163 peccata
838 5095 1051 5156 nostra,
1079 5094 1134 5145 et
1163 5088 1473 5144 resurrexit
1497 5096 1728 5162 propter
1757 5091 2109 5162 justificatio-

473 5202 610 5244 nem
635 5190 907 5243 nostram.
930 5183 1034 5249 Qui
1065 5183 1259 5239 solutis
1281 5182 1490 5239 inferni
1517 5185 1757 5240 nexibus
1789 5202 1962 5242 aereas
1981 5204 2108 5259 por-

475 5289 560 5338 tas
577 5298 641 5337 ac
665 5282 849 5336 ferrea
895 5281 1138 5334 claustra
1163 5277 1476 5350 confregit;
1515 5279 1719 5335 deinde
1745 5296 2049 5353 resurgens
2073 5299 2107 5338 a

473 5376 730 5445 mortuis,
753 5373 1217 5448 quadraginsimo
1234 5372 1345 5443 die,
1371 5372 1689 5429 videntibus
1711 5375 1925 5429 cunctis
1946 5375 2106 5430 disci-

472 5471 638 5546 polis,
667 5470 738 5525 ad
775 5469 939 5525 caelos
977 5467 1225 5524 ascendit
1269 5484 1283 5522 :
1328 5466 1463 5539 quia
1498 5466 1616 5540 ipse
1656 5473 1738 5523 est
1793 5469 2105 5540 expectatio

470 5570 684 5635 nostra,
714 5581 887 5636 quem
913 5566 1279 5636 expectamus
1316 5561 1508 5619 venire
1551 5562 1620 5618 de
1655 5561 1825 5632 caelis,
1867 5569 1931 5619 ut
1968 5579 2101 5620 con-

542 5709 583 5780 ‘A
606 5707 816 5780 Eadem
862 5707 1190 5764 contestatio
1233 5707 1294 5764 in
1340 5707 1572 5764 Gothico
1620 5723 1797 5780 usque
1851 5707 1922 5764 ad
1977 5709 2101 5765 hac

474 5778 643 5837 verba
684 5794 698 5834 :
725 5777 832 5849 Qui
850 5780 1041 5835 solutis
1067 5781 1298 5849 inferni,
1325 5783 1432 5836 etc.

544 5850 571 5889 ιι
599 5848 885 5907 Lectiones
917 5864 1022 5921 pro
1053 5848 1194 5907 festo
1237 5852 1608 5921 Pentecostes,
1653 5851 1804 5924 quod
1849 5852 2099 5914 absolute

2211 4651 2384 4706 quam
2416 4652 2516 4690 vos
2571 4637 2878 4708 orphanos,
2929 4637 3152 4692 veniam
3179 4638 3249 4692 ad
3287 4655 3403 4694 vos.
3426 4639 3629 4693 Adhuc
3659 4640 3831 4695 modi-

2211 4745 2362 4798 cum,
2383 4731 2439 4782 et
2458 4731 2704 4784 mundus
2733 4747 2824 4784 me
2835 4731 2954 4802 jam
2980 4729 3131 4804 [non]
3158 4730 3341 4786 videt:
3362 4749 3459 4787 vos
3483 4737 3678 4788 autem
3697 4733 3835 4788 vide-

2208 4821 2340 4877 bitis
2369 4840 2480 4893 me,
2511 4823 2644 4896 quia
2671 4841 2777 4896 ego
2803 4825 2926 4878 vivo
2957 4828 3014 4878 et
3043 4843 3136 4879 vos
3161 4825 3376 4880 vivetis.
3412 4828 3473 4880 In
3499 4826 3595 4881 illo
3633 4826 3724 4881 die
3746 4845 3836 4883 vos

2209 4919 2552 4988 cognoscetis
2578 4919 2712 4990 quia
2737 4935 2842 4991 ego
2861 4935 2988 4973 sum
3008 4919 3068 4974 in
3095 4921 3254 4975 Patre
3276 4937 3425 4992 meo,
3450 4926 3507 4976 et
3531 4939 3626 4976 vos
3639 4921 3700 4976 in
3727 4939 3834 4989 me,

2209 5015 2264 5065 et
2283 5027 2387 5083 ego
2413 5011 2470 5065 in
2498 5011 2674 5066 vobis.
2697 5013 2800 5077 Qui
2821 5012 2990 5066 habet
3013 5014 3277 5068 mandata
3297 5031 3443 5086 mea,
3468 5020 3524 5070 et
3551 5021 3736 5071 servat
3755 5034 3829 5086 ea,

2207 5103 2299 5158 ille
2326 5108 2411 5158 est
2434 5104 2530 5175 qui
2558 5105 2748 5176 diligit
2773 5123 2886 5161 me.
2915 5107 3020 5170 Qui
3047 5113 3238 5162 autem
3269 5108 3453 5180 diligit
3481 5125 3596 5179 me,
3639 5110 3828 5183 dilige-

2206 5203 2300 5252 tur
2326 5215 2359 5251 a
2385 5199 2547 5253 Patre
2566 5216 2717 5270 meo,
2745 5206 2802 5256 et
2822 5216 2929 5272 ego
2952 5200 3188 5272 diligam
3213 5218 3367 5270 eum,
3393 5205 3449 5258 et
3467 5203 3830 5260 manifestabo

2206 5298 2256 5352 ei
2283 5298 2585 5369 meipsum.

2815 5388 3015 5428 INCIPIT
3047 5390 3224 5430 IIISSA.

2274 5465 2346 5518 Te
2392 5465 2648 5519 datorem
2696 5464 2936 5537 Spiritus
2981 5468 3176 5539 sancti,
3218 5468 3456 5524 Domine
3494 5469 3731 5541 Christe,
3776 5468 3826 5527 in

2205 5559 2310 5614 hac
2329 5559 2418 5616 die
2435 5559 2822 5632 celeberrima,
2846 5577 2959 5634 quo
2977 5566 3103 5618 tuos
3123 5563 3414 5636 apostolos
3434 5563 3825 5622 charismatum

2201 5704 2748 5791 Quin‘quahgesimum
2779 5705 2924 5763 infra
2952 5725 3068 5791 non
3097 5711 3274 5791 semel
3303 5710 3642 5791 appellatur.

2273 5789 2297 5818 ο
2326 5777 2768 5856 δίο-Ρᾳναοιὶιαε,
2809 5797 2926 5838 non
2967 5783 3308 5856 Paracletus,
3335 5777 3411 5842 in
3454 5785 3823 5842 vetustissimo

2203 5847 2535 5921 exemplari.
