4006 6228
82 311 168 365 317
699 307 1311 365 SACRAMENTARIUM
1349 307 1794 370 GALLICANUM.
1837 338 1905 350 -η
1943 309 2311 367 LECTIONES
2347 310 2796 379 QUOTlDlANAE.
3333 316 3432 370 M8

81 416 228 473 donis
257 413 507 488 Spiritus
541 417 722 471 sancti
754 417 874 488 igni
900 417 1110 484 ditasti,
1140 419 1444 489 provoluta
1476 435 1538 474 ac
1571 418 1698 474 sub-
1719 436 1776 509 Α
1797 420 2021 474 nomini
2069 420 2364 490 dedicavit,
2422 424 2476 475 et
2525 419 2887 491 intelligibile
2953 418 3118 476 nobis
3166 420 3333 477 faciat
3379 429 3433 477 et

81 513 229 566 missa
259 520 436 582 prece’
461 527 740 582 rogamus
773 529 785 566 ε
820 529 932 583 quo
961 512 1304 567 adveniente
1326 513 1571 568 Trinitas
1599 531 1691 568 co-
1805 519 2107 570 aeternum.

83 605 317 672 ruscavit,
351 605 872 677 quinquaginsima
893 605 1016 661 dies
1047 607 1309 673 emicuit;
1353 607 1411 661 in
1457 625 1570 678 quo
1599 610 1698 662 Pa-
1870 671 1915 683 η
2247 674 2256 683 λ
2321 583 2571 633 conca")
2601 584 2665 632 ad
2695 598 2922 683 Ρθξθωχ
3191 672 3226 683 η
3259 671 3289 683 _
3338 673 3347 683 .
3389 674 3398 683 ο

82 702 195 754 sclia
223 698 546 769 adimpleta
569 703 673 764 est,
704 700 960 770 mysterii
990 701 1068 755 tui
1088 701 1541 755 sollemnitatem
1569 718 1696 755 con-
1801 767 1811 777 _
1870 671 2099 777 Μξλῐξθῗξλ
2137 674 2346 777 Πίξςζίτθ’
2379 686 2728 777 (Ῑυίθδυξηυθ
2764 671 3020 775 DPm'ne’
3051 676 3229 777 éanctl
3257 671 3432 777 Sp“?

81 792 333 847 cludimus
383 763 780 847 obsecrantes-
809 798 867 848 ut
906 795 1081 849 corda
1121 798 1315 850 nostra
1347 795 1634 866 puriﬁces,
1663 811 1696 849 a
1797 767 1885 817 tus
1915 765 1998 866 tBi
2027 763 2350 866 digfmﬁfm
2389 768 2700 866 merent"?
2726 766 2828 866 ΡίῗῨ
2852 781 2985 866 qua}
3025 770 3081 820 et
3121 767 3435 866 {impacatis

81 904 176 958 quo
192 886 606 956 discipulorum
623 887 798 942 corda
821 888 984 959 quasi
1013 890 1231 944 ferrum
1254 889 1326 944 ad
1349 889 1694 960 capiendum
1796 857 2060 960 omnfbus
2098 857 2478 924 abmlvantur’
2522 864 2577 913 et
2608 858 2924 930 adoptloms
2967 862 3078 914 tum
3119 859 3216 913 m"
3267 877 3430 916 mna"

81 955 271 1051 ignisti.
325 955 341 956 γ
837 955 856 959 ”
1419 955 1434 960 ’
1797 955 2042 1006 scantur.

741 1053 1008 1102 Colleclio.

141 1135 369 1207 Spiritus
414 1142 651 1191 sanctus
686 1141 814 1192 tuus
842 1138 1173 1205 Paraclitus,
1203 1155 1552 1210 quarsumus,
1585 1138 1692 1190 Do-

86 1231 236 1294 mine,
258 1231 560 1301 apeccatis
583 1231 792 1285 nostris
824 1232 1148 1286 emundans
1170 1232 1503 1288 continuam
1532 1231 1695 1286 nobis

83 1325 268 1377 tribuat
293 1325 652 1392 claritatem;
673 1326 884 1397 quique
909 1326 1074 1396 quasi
1095 1327 1246 1398 ignis
1275 1343 1445 1398 super
1473 1330 1696 1397 aposto-

83 1420 152 1473 los
177 1417 421 1485 advenit,
457 1419 802 1490 dispergens
828 1420 1002 1488 dona,
1027 1437 1198 1492 super
1220 1438 1324 1476 nos
1350 1437 1577 1492 quoque
1607 1420 1692 1473 in-

2440 1021 2752 1072 Contestatio

1866 1115 1891 1144 ι
1917 1109 2055 1162 Vere
2079 1107 2322 1176 dignum
2352 1110 2408 1160 et
2452 1107 2675 1177 justum
2716 1112 2820 1176 est,
2874 1109 3232 1180 omnipotens
3265 1109 3430 1177 Deus,

1795 1207 1850 1255 te
1877 1201 2108 1255 laudare
2135 1201 2193 1255 in
2225 1201 2331 1255 hoc
2357 1200 2644 1272 praecipue
2694 1201 2804 1268 die,
2852 1218 2964 1273 quo
2999 1202 3433 1257 sacratissimum

1796 1294 2005 1349 Pascha
2025 1295 2439 1366 quinquaginta
2458 1294 2680 1349 dierum
2704 1296 2988 1366 mysteriis
3007 1297 3239 1366 tegitur,
3263 1300 3319 1351 et
3333 1313 3436 1369 per

1797 1405 1898 1443 sua
1928 1389 2162 1460 vestigia
2190 1389 2602 1443 recursantium
2625 1389 2851 1443 dierum
2889 1390 3078 1460 spatiis
3107 1390 3430 1462 colligitur;

85 1512 274 1578 ﬁrmos,
324 1515 380 1566 te
409 1482 416 1485 Π
444 1482 824 1581 con-cedente,
869 1515 956 1567 vel
987 1482 1204 1586 aliqua
1258 1482 1523 1585 portione
1579 1531 1694 1568 suae
1796 1487 1851 1536 et
1876 1483 2150 1585 dispergi?
2172 1483 2520 1585 ﬁnguarum’
2549 1499 2676 1553 qua!
2700 1482 2759 1586 in
2790 1483 3122 1586 confusifmﬁ
3146 1485 3292 1538 faeta
3319 1484 3441 1540 ὥθ’

83 1575 408 1675 dignationis
440 1607 777 1674 adveniens,
813 1575 1128 1678 etpeccata
1154 1575 1364 1674 deleat,
1389 1611 1446 1661 et
1468 1607 1695 1678 pietatis
1797 1580 1899 1681 (at,
1921 1591 2025 1681 pe:
2049 1575 2322 1681 Spiritu?"
2353 1581 2619 1631 Sanctum
2647 1576 3438 1681 aéynétur.‘Hodiiennamque

85 1669 213 1753 dovna
242 1700 543 1770 largiatur.
765 1669 771 1674 ’
885 1669 900 1678 ’
1352 1669 1359 1674 ⁷
1468 1669 1483 1678 ³
1795 1670 1863 1724 de
1901 1669 2052 1724 czelis
2086 1675 2318 1770 repente
2364 1685 2568 1724 sonum
2607 1670 2900 1724 audientes
2947 1670 3218 1741 Apostoli,
3263 1670 3436 1726 unius

685 1773 805 1821 Post
827 1771 1058 1822 nomina.
1717 1815 1770 1835 ἢ
1796 1763 1925 1817 ﬁdei
1954 1761 2281 1833 Symbolum
2310 1768 2674 1834 exceperunt,
2707 1768 2762 1818 et
2805 1763 3018 1835 linguis
3055 1764 3223 1818 variis
3256 1765 3436 1818 Evan-

142 1856 344 1909 Virtute
376 1858 562 1911 sancti
606 1858 871 1928 Spiritus,
904 1857 1170 1925 Domine,
1216 1874 1458 1911 munera
1499 1859 1696 1910 nostra
1717 1815 1773 1886 Β
1798 1856 1930 1928 gelii
1960 1815 2041 1910 tui
2068 1857 2305 1928 gloriam
2332 1815 2597 1928 gentibus
2621 1815 2978 1913 tradiderujnt
3004 1874 3108 1928 per
3147 1857 3433 1913 Christum

84 1950 328 2020 continge
349 1967 360 2004 :
383 1954 445 2003 ut
463 1951 624 2022 quod
641 1953 1030 2007 sollemnitate
1055 1952 1579 2023 quinquaginsimae
1594 1968 1695 2005 suo
1801 1951 2105 2005 Dominum
2132 1955 2414 2006 nostrum.

143 2083 163 2113 '
190 2085 399 2140 Eadem
429 2086 486 2140 in
522 2086 764 2143 Gothico
791 2091 878 2142 est
908 2087 1274 2154 contestatio,
1303 2105 1360 2158 p.
1398 2090 1515 2142 169.

94 2229 390 2244 m

1364 2355 1465 2433 IN
1539 2354 1697 2433 DEI
1771 2352 2147 2432 NOMINE

167 2517 1029 2664 INCIPIUNT
1127 2519 2071 2663 LECTIONES
2172 2515 3362 2662 COTTIDIANAS.

379 2871 543 2911 mssa
583 2871 769 2912 sucu
809 2871 1065 2912 IOHANNIS
1105 2872 1394 2912 mensus.
1805 2858 1916 2922 tus,
1949 2855 1994 2908 si
2020 2870 2131 2925 qua
2157 2853 2309 2919 laus;
2349 2853 2472 2907 haec
2506 2853 2774 2923 cogitate;
2814 2854 2949 2924 quia
2985 2858 3041 2908 et
3069 2853 3358 2924 didicistis,
3388 2862 3444 2911 et

442 2957 622 3007 Lectio
651 2957 715 3007 de
747 2957 1009 3008 Hieremia
1042 2958 1317 3022 propheta.
1804 2947 2115 3018 accepistis,
2162 2951 2218 3001 et
2255 2946 2508 3014 audistis,
2556 2951 2612 3001 et
2639 2945 2855 3001 vidistis
2884 2947 2943 3002 in
2971 2963 3088 3004 me.
3117 2949 3244 3002 Haec
3268 2947 3438 3018 agite,

151 3041 264 3095 Haec
291 3041 425 3096 dicit
456 3044 772 3098 Dominus:
808 3043 1058 3108 Quaerite
1100 3061 1303 3116 pacem
1352 3043 1614 3113 civitatis,
1648 3045 1705 3096 et
1805 3045 1861 3095 et
1888 3042 2033 3096 Deus
2059 3041 2208 3112 pacis
2239 3041 2348 3095 erit
2373 3039 2686 3095 vobiscum.

97 3137 229 3189 orate
245 3152 343 3207 pro
368 3154 434 3192 ea
457 3137 534 3192 ad
558 3138 890 3205 Dominum,
910 3139 1044 3209 quia
1069 3138 1125 3192 in
1146 3156 1285 3210 pace
1309 3139 1456 3192 illius
1473 3138 1581 3191 erit
1597 3155 1702 3208 pax
1749 3209 1752 3210 ν
2027 3142 2204 3192 Lectio
2230 3141 2395 3192 sancti
2419 3140 2690 3205 Evangelii
2714 3141 3003 3192 secundum
3029 3145 3239 3194 Lucam.

95 3228 245 3282 vobis.
274 3231 396 3286 Haec
423 3231 567 3286 dicit
596 3233 874 3287 Dominus
909 3250 921 3286 :
949 3233 1070 3287 Non
1123 3209 1222 3287 vos
1262 3233 1537 3286 seducant
1578 3248 1705 3302 pro-
1725 3209 1780 3282 C
1877 3228 2004 3282 Fuit
2021 3227 2080 3282 in
2094 3228 2292 3283 diebus
2313 3227 2546 3282 Herodis
2568 3227 2888 3299 regisJuda:
2911 3229 3166 3284 sacerdos
3185 3230 3438 3301 quidam,

96 3322 255 3391 phetae
290 3326 477 3393 vestri,
527 3327 624 3396 qui
653 3327 856 3380 suntin
883 3327 1076 3381 medio
1094 3327 1286 3392 vestri,
1319 3330 1375 3380 et
1407 3325 1581 3380 divini
1607 3343 1699 3379 ve-
1803 3321 2037 3376 nomine
2059 3321 2404 3388 Zaccharias,
2435 3321 2503 3376 de
2529 3321 2646 3376 vice
2675 3321 2836 3392 Abia,
2861 3327 2917 3377 et
2948 3339 3095 3377 uxor
3139 3323 3223 3378 illi
3263 3324 3332 3380 de
3384 3326 3446 3378 ﬁ-

97 3417 205 3482 stri;
254 3421 307 3471 et
337 3436 406 3473 ne
455 3420 776 3474 attendatis
816 3421 889 3475 ad
933 3421 1160 3476 somnia
1192 3424 1398 3487 vestra,
1443 3437 1569 3491 qum
1604 3436 1703 3473 vos
1804 3415 1985 3469 liabus
2010 3417 2217 3483 Aaron,
2241 3420 2297 3470 et
2329 3431 2540 3470 nomen
2567 3415 2688 3486 ejus
2711 3416 3014 3472 Elizabeth.
3049 3418 3220 3472 Erant
3252 3421 3444 3474 autem

98 3511 377 3581 somniatis,
411 3514 551 3586 quia
580 3515 788 3569 falsum
810 3515 970 3570 vobis
997 3516 1107 3586 ipsi
1134 3515 1486 3586 prophetarit
1512 3513 1573 3568 in
1599 3530 1702 3567 no-
1797 3509 1938 3579 justi
1955 3509 2124 3564 ambo
2143 3514 2274 3564 ante
2303 3509 2506 3577 Deum,
2541 3509 2865 3565 incedentes
2893 3510 2953 3564 in
2984 3512 3250 3567 omnibus
3278 3529 3440 3567 man-

98 3602 229 3659 mine
254 3623 398 3675 meo,
436 3613 501 3662 et
517 3625 634 3663 non
662 3607 792 3663 misi
815 3625 933 3676 eos,
957 3609 1094 3663 dicit
1122 3609 1422 3664 Dominus.
1453 3607 1701 3662 V'isitabo
1806 3602 1947 3657 datis
1967 3607 2024 3657 et
2035 3601 2533 3672 justiﬁcationibus
2554 3602 2780 3657 Domini
2803 3603 2921 3658 sine
2941 3605 3228 3674 querella;
3254 3611 3311 3660 et
3329 3621 3445 3661 non

97 3712 198 3764 vos,
227 3704 281 3752 et
298 3702 584 3757 suscitabo
604 3721 779 3774 super
802 3721 902 3758 vos
933 3703 1173 3757 verbum
1222 3719 1420 3756 meum
1463 3701 1700 3768 bonum,
1805 3700 1923 3751 erat
1964 3695 2076 3750 illis
2122 3695 2290 3762 filius,
2339 3712 2405 3750 eo
2447 3695 2599 3766 quod
2641 3701 2787 3752 esset
2830 3696 3111 3752 Elizabeth
3132 3699 3356 3768 sterilis,
3389 3705 3446 3755 et

99 3794 153 3844 ut
176 3792 422 3849 reducam
441 3813 548 3851 vos
582 3797 652 3851 ad
677 3798 864 3851 locum
903 3798 1093 3851 istum,
1131 3799 1250 3868 Ego
1278 3796 1433 3850 enim
1467 3795 1580 3850 scio
1607 3812 1699 3849 co-
1803 3789 1969 3843 ambo
2013 3789 2412 3860 processissent
2454 3790 2512 3842 in
2559 3789 2760 3844 diebus
2800 3790 2936 3844 suis.
2971 3791 3201 3845 Factum
3228 3797 3314 3846 est
3339 3808 3442 3847 au-

103 3883 395 3956 gitationes,
427 3907 574 3962 quas
593 3892 783 3961 cogito
807 3908 976 3962 super
997 3889 1507 3960 vos,cogitationes
1527 3888 1700 3959 pacis,
1803 3888 1920 3937 tem
1966 3899 2097 3937 cum
2146 3882 2454 3937 sacerdotio
2490 3883 2826 3954 fungeretur
2864 3885 2922 3938 in
2943 3884 3140 3940 ordine
3167 3884 3301 3940 vicis
3325 3902 3442 3942 suae

106 3980 149 4030 et
171 3996 272 4034 non
292 3982 650 4051 adﬂictionis,
675 3989 738 4038 ut
765 3985 897 4040 dem
933 3985 1091 4040 vobis
1125 3985 1303 4038 ﬁnem
1334 3986 1392 4037 et
1429 3982 1705 4054 pmniten-
1807 3982 1936 4031 ante
1948 3977 2126 4032 Deum
2151 3976 2464 4031 secundum
2479 3977 2949 4033 consuetudinem
2962 3979 3443 4048 sacerdotii,sorte

107 4070 586 4132 tiam.lnvocahitis
612 4095 728 4143 me,
760 4082 816 4133 et
836 4078 1061 4146 vivetis;
1086 4077 1326 4133 orabitis
1345 4093 1437 4130 me
1461 4079 1702 4131 etexau-
1805 4071 1944 4125 exiit
1971 4075 2034 4125 ut
2052 4070 2346 4125 incensum
2371 4075 2606 4141 poneret
2635 4070 2922 4142 ingressus
2945 4073 3004 4126 in
3029 4074 3305 4144 templum
3329 4075 3441 4130 Do-

107 4162 236 4220 diam
264 4185 388 4236 vos;
418 4173 688 4243 quaeretis
721 4189 814 4227 me
843 4175 901 4227 et
924 4171 1246 4226 invenietis.
1279 4171 1423 4227 Cum
1463 4170 1701 4241 quaesie-
1805 4164 1967 4231 mini,
1990 4169 2047 4218 et
2066 4164 2248 4219 omnis
2270 4164 2576 4219 multitudo
2594 4170 2710 4219 erat
2733 4167 2929 4237 populi
2959 4183 3127 4221 orans
3148 4167 3284 4222 foris
3303 4168 3446 4225 hora

108 4257 207 4313 ritis
229 4278 315 4317 me
337 4264 393 4319 in
423 4269 548 4321 toto
590 4267 762 4321 corde
800 4270 1007 4334 vestro,
1047 4265 1309 4320 inveniar
1348 4283 1380 4320 a
1413 4265 1588 4332 vobis,
1627 4263 1708 4318 ait
1806 4258 2036 4312 incensi.
2085 4258 2360 4329 Apparuit
2393 4263 2585 4313 autem
2621 4258 2706 4313 illi
2727 4261 2973 4332 Angelus
2996 4261 3221 4316 Domini
3241 4266 3448 4318 stansa

109 4349 390 4413 Dominus:
433 4364 490 4413 et
534 4359 807 4415 reducam
871 4359 1258 4431 captivitatem
1324 4363 1588 4423 vestram,
1651 4360 1710 4411 et
1807 4352 2019 4407 dextris
2055 4352 2246 4406 altaris
2303 4352 2552 4428 incensi”
2589 4357 2646 4406 et
2693 4354 3015 4409 Zaccharias
3058 4356 3319 4412 turbatus
3365 4363 3450 4413 est

107 4453 439 4522 congregabo
466 4471 568 4509 vos
599 4454 671 4508 de
701 4454 978 4509 universis
999 4454 1288 4525 gentibus,
1314 4457 1372 4508 et
1401 4453 1472 4507 de
1491 4451 1708 4507 cunctis
1807 4446 2018 4514 videns,
2065 4449 2122 4500 et
2170 4446 2348 4501 timor
2388 4431 2566 4501 inruit
2605 4463 2780 4517 super
2819 4464 2973 4502 eum.
3019 4450 3114 4504 Ait
3159 4455 3352 4506 autem
3376 4451 3450 4506 ad

111 4538 243 4609 locis,
270 4545 339 4599 ad
368 4565 491 4618 quae
513 4548 701 4620 expuli
728 4566 846 4616 vos,
880 4549 960 4603 ait
981 4547 1276 4603 Dominus.
1728 4583 1787 4654 D
1810 4539 1972 4594 illum
1997 4540 2248 4611 Angelus
2272 4557 2284 4594 :
2314 4541 2392 4594 Ne
2406 4539 2610 4595 timeas
2635 4540 2962 4609 Zaccharia,
2980 4544 3252 4612 quoniam
3277 4563 3448 4602 exau-

213 4657 421 4688 p..:.....i-
457 4663 600 4688 πηιε
628 4663 843 4688 “Mm:
873 4664 933 4688 ..λ
960 4663 1320 4688 ιιι-πεπηηι.
1349 4661 1401 4688 ε..
1424 4662 1585 4688 -..ηις
1811 4632 1928 4688 dita
1955 4637 2040 4688 est
2064 4632 2382 4688 deprecatio
2409 4638 2526 4688 tua.
2559 4636 2616 4686 et
2643 4649 2788 4687 uxor
2817 4637 2916 4687 tua
2953 4635 3237 4688 Elizabeth
3266 4641 3448 4688 uariat

285 4660 421 4696 km.
457 4663 600 4696 Dm,“
628 4663 843 4696 οηηοιηις
873 4664 933 4696 ,Α
960 4663 1321 4696 umnam...“
1349 4661 1401 4696 ςη
1424 4662 1585 4696 mm;
1728 4632 1786 4654 ν
1811 4632 1928 4688 dita
1955 4637 2040 4688 est
2064 4632 2382 4696 deprecatio
2409 4638 2526 4696 tua,
2559 4636 2616 4686 et
2643 4649 2788 4687 uxor
2817 4637 2916 4687 tua
2953 4635 3237 4692 Elizabeth
3266 4641 3450 4696 pariet

213 4657 425 4722 Epistola
457 4663 603 4714 pan“
625 4679 656 4713 8
693 4663 845 4713 θείου
871 4664 933 4712 ad
960 4663 1322 4727 philippenses
1349 4661 1403 4711 in
1424 4662 1588 4712 sane“
1728 4650 1773 4654 -
1811 4650 1928 4688 (ma
1955 4650 2040 4688 esu
2064 4650 2382 4703 deprecatio
2409 4650 2526 4700 tua,
2559 4650 2616 4686 et
2643 4650 2788 4687 uxor
2817 4650 2916 4687 tua
2953 4650 3237 4692 nnzanetn
3266 4650 3450 4710 pariet

650 4680 892 4777 ignauia
928 4727 1142 4776 missa‘.
1811 4727 1912 4782 tibi
1942 4725 2146 4793 ﬁlium,
2175 4730 2231 4780 et
2257 4724 2476 4778 vocabis
2504 4741 2718 4780 nomen
2747 4726 2868 4795 ejus
2895 4728 3235 4798 Johannem,
3259 4737 3316 4788 et
3341 4736 3452 4791 erit

169 4813 390 4886 Fratres,
420 4822 669 4892 gaudete
706 4822 762 4875 in
790 4821 1030 4877 Domino
1061 4837 1309 4892 semper,
1345 4819 1555 4873 iterum
1584 4818 1711 4873 dico
1815 4819 2086 4892 gaudium
2111 4817 2233 4885 tibi,
2263 4823 2318 4872 et
2339 4817 2638 4886 exultatio;
2669 4822 2725 4873 et
2748 4819 2914 4874 multi
2935 4820 2994 4875 in
3013 4824 3300 4882 nativitate
3328 4829 3451 4899 ejus

115 4907 350 4973 gaudete.
389 4915 662 4970 Modestia
694 4920 883 4970 vestra
909 4919 1049 4970 nota
1071 4915 1146 4969 sit
1176 4913 1446 4968 omnibus
1472 4912 1714 4966 homini-
1815 4912 2164 4986 gaudebunt,
2184 4915 2240 4966 et
2258 4911 2367 4966 erit
2391 4927 2635 4980 magnus
2659 4928 2849 4967 coram
2880 4914 3136 4988 Domino,
3167 4925 3226 4976 et
3251 4921 3448 4979 vinum

115 4994 492 5066 bus,D0minus
519 5009 677 5063 enim
701 5026 880 5080 prope
913 5013 1016 5064 est.
1044 5008 1196 5064 Nihil
1215 5007 1438 5063 solliciti
1453 5006 1592 5073 sitis,
1613 5006 1712 5060 sed
1814 5011 1871 5063 et
1911 5006 2146 5061 siceram
2191 5021 2308 5060 non
2353 5004 2527 5072 bibet,
2570 5009 2628 5059 et
2663 5005 2872 5076 Spiritu
2915 5015 3107 5066 sancto
3141 5015 3452 5085 replebitur

116 5090 162 5144 in
186 5099 328 5152 omni
346 5103 603 5158 oratione
627 5107 684 5157 ct
706 5103 1105 5158 obsecratione
1131 5119 1260 5157 cum
1281 5100 1599 5171 gratiarum
1620 5117 1711 5154 ac-
1813 5101 2000 5156 adhuc
2026 5117 2095 5155 ex
2122 5104 2285 5155 utero
2311 5099 2508 5154 matris
2525 5114 2662 5168 suae,
2693 5104 2750 5154 et
2775 5101 2983 5157 multos
3012 5103 3260 5162 ﬁliorum
3284 5109 3450 5166 Israel

117 5185 248 5244 tione
264 5195 561 5262 petitiones
587 5200 789 5252 vestrae
821 5197 1189 5252 innotescant
1229 5195 1381 5267 apud
1412 5195 1615 5249 Deum.
1649 5195 1717 5247 Et
1815 5198 2102 5249 convertet
2125 5194 2196 5248 ad
2225 5193 2531 5248 Dominum
2560 5193 2741 5248 Deum
2762 5194 3037 5267 ipsorum.
3065 5201 3132 5255 Et
3153 5200 3270 5272 ipse
3294 5219 3446 5274 prm-

118 5293 206 5346 Pax
229 5285 320 5340 Dei
347 5305 468 5360 quae
500 5295 805 5363 exsuperat
849 5308 1087 5346 omnem
1138 5307 1392 5356 sensum,
1432 5288 1716 5344 custodiat
1816 5288 1976 5343 cedet
2003 5292 2135 5342 ante
2155 5287 2319 5342 illum
2345 5288 2405 5342 in
2431 5287 2630 5359 spiritu
2663 5295 2720 5344 et
2743 5290 2950 5346 virtute
2979 5294 3168 5364 Helias,
3215 5301 3279 5350 ut
3320 5313 3451 5352 con-

119 5376 264 5433 corda
285 5388 465 5440 vestra
481 5386 965 5457 etintelligentias
991 5390 1210 5440 vestras
1229 5384 1290 5438 in
1310 5384 1534 5439 Christo
1560 5385 1712 5438 Jesu.
1817 5383 1999 5437 vertat
2023 5381 2194 5437 corda
2218 5387 2449 5453 patrum
2469 5382 2532 5437 in
2561 5382 2730 5450 ﬁlios,
2759 5390 2817 5440 et
2839 5386 3194 5444 incredibiles
3219 5391 3288 5446 ad
3318 5406 3452 5464 pru-

121 5465 184 5519 De
196 5476 388 5548 cetero,
401 5481 1013 5552 fratres,quazcumque
1032 5482 1715 5549 suntvera,qua3cumque
1818 5475 2067 5533 dentiam
2086 5477 2392 5548 justorum,
2415 5493 2613 5548 parare
2635 5479 2873 5535 Domino
2882 5481 3105 5553 plebem
3123 5485 3446 5556 perfectam.

122 5563 314 5637 Pudica,
339 5588 713 5646 quascumque
728 5575 904 5646 justa,
926 5589 1303 5646 quascumque
1322 5576 1539 5638 sancta,
1563 5588 1714 5642 quse-
1821 5574 1888 5628 Et
1912 5570 2057 5627 dixit
2079 5571 2407 5626 Zaccharias
2438 5572 2508 5626 ad
2541 5572 2808 5644 angelum
2839 5591 2852 5629 :
2897 5576 3053 5632 Unde
3086 5577 3192 5634 hoc
3230 5580 3452 5638 sciam?

124 5669 333 5732 cumque
345 5669 1017 5742 amabilia,quaecumque
1033 5669 1201 5724 bonae
1219 5667 1413 5733 famae;
1431 5666 1478 5720 si
1491 5665 1720 5736 quavir-
1819 5668 1937 5739 Ego
1965 5665 2119 5722 enim
2147 5682 2276 5721 sum
2296 5681 2488 5738 senex,
2511 5671 2566 5722 et
2590 5683 2735 5722 uxor
2761 5683 2889 5724 mea
2931 5672 3200 5741 processit
3237 5675 3297 5732 in
3331 5675 3451 5732 die-

181 5797 573 5898 _9§t‘t‘e§t9,
607 5813 694 5898 uti
715 5813 1005 5898 colligitur
1043 5829 1112 5898 ex
1142 5813 1413 5897 Lectione
1442 5812 1720 5898 sequente
1819 5813 1972 5898 apud
2001 5817 2216 5898 veteres
2243 5810 2568 5890 signiﬁcari,
2595 5813 2787 5876 notius
2814 5820 2897 5878 est
2915 5833 3086 5892 quam
3120 5824 3185 5878 ut
3221 5818 3449 5898 probari

131 5870 231 5933 Post
267 5886 424 5941 sancti
459 5870 734 5946 Iohannis
761 5870 1007 5945 imti'oam.
1051 5870 1176 5954 Quo
1221 5884 1462 5944 nomine
1507 5870 1720 5944 festum
1823 5870 1896 5945 sit
1917 5870 2318 5945 necessarium:
