  <div class='ocr_page' id='page_1' title='image "/cluster/home/n/w/nwhite01/storage/ocr_20150623/72/uva.x000827084/361.png"; bbox 0 0 4006 6228; ppageno 0'>
   <div class='ocr_carea' id='block_1_1' title="bbox 532 312 633 369">
    <p class='ocr_par' dir='ltr' id='par_1_1' title="bbox 532 312 633 369">
     <span class='ocr_line' id='line_1_1' title="bbox 532 312 633 369; baseline -0.02 0"><span class='ocrx_word' id='word_1_1' title='bbox 532 312 633 369; x_wconf 72' lang='lat'><strong>519</strong></span> 
     </span>
    </p>
   </div>
   <div class='ocr_carea' id='block_1_2' title="bbox 1400 296 3071 369">
    <p class='ocr_par' dir='ltr' id='par_1_2' title="bbox 1400 296 3071 369">
     <span class='ocr_line' id='line_1_2' title="bbox 1400 296 3071 369; baseline -0.002 -1"><span class='ocrx_word' id='word_1_2' title='bbox 1400 309 1731 368; x_wconf 79' lang='lat' dir='ltr'><strong>APPENDIX</strong></span> <span class='ocrx_word' id='word_1_3' title='bbox 1771 309 1861 366; x_wconf 76' lang='lat' dir='ltr'><strong>AD</strong></span> <span class='ocrx_word' id='word_1_4' title='bbox 1901 309 2122 367; x_wconf 84' lang='lat' dir='ltr'><strong>OPERA</strong></span> <span class='ocrx_word' id='word_1_5' title='bbox 2161 309 2215 366; x_wconf 90' lang='lat' dir='ltr'><strong>S.</strong></span> <span class='ocrx_word' id='word_1_6' title='bbox 2254 306 2556 368; x_wconf 82' lang='lat' dir='ltr'><strong>GERMANI</strong></span> <span class='ocrx_word' id='word_1_7' title='bbox 2593 309 3021 369; x_wconf 81' lang='lat' dir='ltr'><strong>PABJSIENSIS.</strong></span> <span class='ocrx_word' id='word_1_8' title='bbox 3064 296 3071 301; x_wconf 54' lang='grc'><em>’</em></span> 
     </span>
    </p>
   </div>
   <div class='ocr_carea' id='block_1_3' title="bbox 3828 307 3931 359">
    <p class='ocr_par' dir='ltr' id='par_1_3' title="bbox 3828 307 3931 359">
     <span class='ocr_line' id='line_1_3' title="bbox 3828 307 3931 359; baseline -0.058 1"><span class='ocrx_word' id='word_1_9' title='bbox 3828 307 3931 359; x_wconf 66' lang='grc'>520</span> 
     </span>
    </p>
   </div>
   <div class='ocr_carea' id='block_1_4' title="bbox 530 412 3934 504">
    <p class='ocr_par' dir='ltr' id='par_1_4' title="bbox 530 412 3934 504">
     <span class='ocr_line' id='line_1_4' title="bbox 530 412 3934 504; baseline -0.003 -28"><span class='ocrx_word' id='word_1_10' title='bbox 530 420 640 476; x_wconf 89' lang='lat' dir='ltr'><strong>bus</strong></span> <span class='ocrx_word' id='word_1_11' title='bbox 664 418 797 475; x_wconf 83' lang='lat' dir='ltr'><strong>suis.</strong></span> <span class='ocrx_word' id='word_1_12' title='bbox 825 419 894 474; x_wconf 88' lang='lat' dir='ltr'><strong>Et</strong></span> <span class='ocrx_word' id='word_1_13' title='bbox 918 418 1265 490; x_wconf 88' lang='lat' dir='ltr'><strong>respondens</strong></span> <span class='ocrx_word' id='word_1_14' title='bbox 1284 419 1522 491; x_wconf 83' lang='lat' dir='ltr'><strong>angelus</strong></span> <span class='ocrx_word' id='word_1_15' title='bbox 1560 420 1704 474; x_wconf 81' lang='lat' dir='ltr'><strong>dixit</strong></span> <span class='ocrx_word' id='word_1_16' title='bbox 1737 418 1824 473; x_wconf 92' lang='lat' dir='ltr'><strong>ei:</strong></span> <span class='ocrx_word' id='word_1_17' title='bbox 1876 420 1995 490; x_wconf 87' lang='lat' dir='ltr'><strong>Ego</strong></span> <span class='ocrx_word' id='word_1_18' title='bbox 2038 434 2166 473; x_wconf 91' lang='lat' dir='ltr'><strong>sum</strong></span> <span class='ocrx_word' id='word_1_19' title='bbox 2190 430 2250 504; x_wconf 76' lang='grc' dir='ltr'><strong>Α</strong></span> <span class='ocrx_word' id='word_1_20' title='bbox 2268 419 2427 475; x_wconf 85' lang='lat' dir='ltr'><strong>Nolo.</strong></span> <span class='ocrx_word' id='word_1_21' title='bbox 2446 421 2643 475; x_wconf 85' lang='lat' dir='ltr'><strong>Postea</strong></span> <span class='ocrx_word' id='word_1_22' title='bbox 2661 425 2851 476; x_wconf 86' lang='lat' dir='ltr'><strong>autem</strong></span> <span class='ocrx_word' id='word_1_23' title='bbox 2878 417 3209 492; x_wconf 70' lang='lat' dir='ltr'><strong>paenitentia</strong></span> <span class='ocrx_word' id='word_1_24' title='bbox 3229 421 3416 474; x_wconf 90' lang='lat' dir='ltr'><strong>motus</strong></span> <span class='ocrx_word' id='word_1_25' title='bbox 3446 415 3607 473; x_wconf 90' lang='lat' dir='ltr'><strong>abiit.</strong></span> <span class='ocrx_word' id='word_1_26' title='bbox 3622 412 3934 471; x_wconf 83' lang='lat' dir='ltr'><strong>Accedens</strong></span> 
     </span>
    </p>
   </div>
   <div class='ocr_carea' id='block_1_5' title="bbox 532 513 2169 585">
    <p class='ocr_par' dir='ltr' id='par_1_5' title="bbox 532 513 2169 585">
     <span class='ocr_line' id='line_1_5' title="bbox 532 513 2169 585; baseline -0.002 -15"><span class='ocrx_word' id='word_1_27' title='bbox 532 514 773 583; x_wconf 84' lang='lat' dir='ltr'><strong>Gabriel,</strong></span> <span class='ocrx_word' id='word_1_28' title='bbox 795 513 893 585; x_wconf 91' lang='lat' dir='ltr'><strong>qui</strong></span> <span class='ocrx_word' id='word_1_29' title='bbox 921 513 1077 567; x_wconf 90' lang='lat' dir='ltr'><strong>adsto</strong></span> <span class='ocrx_word' id='word_1_30' title='bbox 1104 517 1233 568; x_wconf 84' lang='lat' dir='ltr'>ante</span> <span class='ocrx_word' id='word_1_31' title='bbox 1262 514 1460 584; x_wconf 91' lang='lat' dir='ltr'><strong>Deum,</strong></span> <span class='ocrx_word' id='word_1_32' title='bbox 1491 518 1547 568; x_wconf 91' lang='lat' dir='ltr'><strong>et</strong></span> <span class='ocrx_word' id='word_1_33' title='bbox 1596 513 1802 567; x_wconf 90' lang='lat' dir='ltr'><strong>missus</strong></span> <span class='ocrx_word' id='word_1_34' title='bbox 1841 529 1970 567; x_wconf 91' lang='lat' dir='ltr'><strong>sum</strong></span> <span class='ocrx_word' id='word_1_35' title='bbox 2015 513 2169 583; x_wconf 86' lang='lat' dir='ltr'>loqui</span> 
     </span>
    </p>
   </div>
   <div class='ocr_carea' id='block_1_6' title="bbox 530 606 2167 678">
    <p class='ocr_par' dir='ltr' id='par_1_6' title="bbox 530 606 2167 678">
     <span class='ocr_line' id='line_1_6' title="bbox 530 606 2167 678; baseline -0.003 -15"><span class='ocrx_word' id='word_1_36' title='bbox 530 608 601 663; x_wconf 85' lang='lat' dir='ltr'><strong>ad</strong></span> <span class='ocrx_word' id='word_1_37' title='bbox 626 612 701 674; x_wconf 92' lang='lat' dir='ltr'><strong>te,</strong></span> <span class='ocrx_word' id='word_1_38' title='bbox 730 612 786 664; x_wconf 92' lang='lat' dir='ltr'><strong>et</strong></span> <span class='ocrx_word' id='word_1_39' title='bbox 800 607 921 662; x_wconf 81' lang='lat' dir='ltr'><strong>haec</strong></span> <span class='ocrx_word' id='word_1_40' title='bbox 948 606 1046 661; x_wconf 84' lang='lat' dir='ltr'><strong>tibi</strong></span> <span class='ocrx_word' id='word_1_41' title='bbox 1080 607 1485 678; x_wconf 88' lang='lat' dir='ltr'><strong>evangelizare,</strong></span> <span class='ocrx_word' id='word_1_42' title='bbox 1534 612 1590 661; x_wconf 90' lang='lat' dir='ltr'><strong>et</strong></span> <span class='ocrx_word' id='word_1_43' title='bbox 1639 623 1765 662; x_wconf 91' lang='lat' dir='ltr'><strong>ecce</strong></span> <span class='ocrx_word' id='word_1_44' title='bbox 1812 608 1921 662; x_wconf 90' lang='lat' dir='ltr'><strong>eris</strong></span> <span class='ocrx_word' id='word_1_45' title='bbox 1958 613 2167 675; x_wconf 83' lang='lat' dir='ltr'><strong>tacens,</strong></span> 
     </span>
    </p>
   </div>
   <div class='ocr_carea' id='block_1_7' title="bbox 534 686 2167 775">
    <p class='ocr_par' dir='ltr' id='par_1_7' title="bbox 534 686 2167 775">
     <span class='ocr_line' id='line_1_7' title="bbox 534 686 2167 775; baseline -0.002 -18"><span class='ocrx_word' id='word_1_46' title='bbox 534 706 591 757; x_wconf 90' lang='lat' dir='ltr'><strong>et</strong></span> <span class='ocrx_word' id='word_1_47' title='bbox 614 686 732 757; x_wconf 87' lang='lat' dir='ltr'><strong>non</strong></span> <span class='ocrx_word' id='word_1_48' title='bbox 760 702 972 775; x_wconf 90' lang='lat' dir='ltr'><strong>poteris</strong></span> <span class='ocrx_word' id='word_1_49' title='bbox 995 701 1151 772; x_wconf 88' lang='lat' dir='ltr'><strong>loqui</strong></span> <span class='ocrx_word' id='word_1_50' title='bbox 1181 718 1360 773; x_wconf 91' lang='lat' dir='ltr'><strong>usque</strong></span> <span class='ocrx_word' id='word_1_51' title='bbox 1390 702 1449 755; x_wconf 91' lang='lat' dir='ltr'><strong>in</strong></span> <span class='ocrx_word' id='word_1_52' title='bbox 1492 701 1643 756; x_wconf 93' lang='lat' dir='ltr'><strong>diem</strong></span> <span class='ocrx_word' id='word_1_53' title='bbox 1689 719 1801 774; x_wconf 91' lang='lat' dir='ltr'><strong>quo</strong></span> <span class='ocrx_word' id='word_1_54' title='bbox 1846 702 1967 756; x_wconf 63' lang='lat' dir='ltr'><strong>haec</strong></span> <span class='ocrx_word' id='word_1_55' title='bbox 2010 700 2167 767; x_wconf 86' lang='lat' dir='ltr'><strong>ﬁant,</strong></span> 
     </span>
    </p>
   </div>
   <div class='ocr_carea' id='block_1_8' title="bbox 533 795 2172 868">
    <p class='ocr_par' dir='ltr' id='par_1_8' title="bbox 533 795 2172 868">
     <span class='ocr_line' id='line_1_8' title="bbox 533 795 2172 868; baseline -0.001 -17"><span class='ocrx_word' id='word_1_56' title='bbox 533 813 637 868; x_wconf 92' lang='lat' dir='ltr'><strong>pro</strong></span> <span class='ocrx_word' id='word_1_57' title='bbox 665 813 731 851; x_wconf 91' lang='lat' dir='ltr'><strong>eo</strong></span> <span class='ocrx_word' id='word_1_58' title='bbox 759 796 910 868; x_wconf 89' lang='lat' dir='ltr'><strong>quod</strong></span> <span class='ocrx_word' id='word_1_59' title='bbox 944 813 1063 850; x_wconf 90' lang='lat' dir='ltr'><strong>non</strong></span> <span class='ocrx_word' id='word_1_60' title='bbox 1102 795 1385 850; x_wconf 79' lang='lat' dir='ltr'><strong>credidisti</strong></span> <span class='ocrx_word' id='word_1_61' title='bbox 1414 795 1595 850; x_wconf 85' lang='lat' dir='ltr'><strong>verbis</strong></span> <span class='ocrx_word' id='word_1_62' title='bbox 1623 796 1784 863; x_wconf 89' lang='lat' dir='ltr'><strong>meis,</strong></span> <span class='ocrx_word' id='word_1_63' title='bbox 1812 812 1941 868; x_wconf 65' lang='lat' dir='ltr'><strong>quae</strong></span> <span class='ocrx_word' id='word_1_64' title='bbox 1974 795 2172 865; x_wconf 90' lang='lat' dir='ltr'><strong>imple-</strong></span> 
     </span>
    </p>
   </div>
   <div class='ocr_carea' id='block_1_9' title="bbox 532 888 2170 962">
    <p class='ocr_par' dir='ltr' id='par_1_9' title="bbox 532 888 2170 962">
     <span class='ocr_line' id='line_1_9' title="bbox 532 888 2170 962; baseline -0.002 -17"><span class='ocrx_word' id='word_1_65' title='bbox 532 888 748 945; x_wconf 90' lang='lat' dir='ltr'><strong>buntur</strong></span> <span class='ocrx_word' id='word_1_66' title='bbox 791 890 850 944; x_wconf 93' lang='lat' dir='ltr'><strong>in</strong></span> <span class='ocrx_word' id='word_1_67' title='bbox 895 895 1148 960; x_wconf 90' lang='lat' dir='ltr'><strong>tempore</strong></span> <span class='ocrx_word' id='word_1_68' title='bbox 1186 905 1306 944; x_wconf 89' lang='lat' dir='ltr'><strong>suo.</strong></span> <span class='ocrx_word' id='word_1_69' title='bbox 1357 891 1426 943; x_wconf 88' lang='lat' dir='ltr'><strong>Et</strong></span> <span class='ocrx_word' id='word_1_70' title='bbox 1468 894 1588 945; x_wconf 89' lang='lat' dir='ltr'><strong>erat</strong></span> <span class='ocrx_word' id='word_1_71' title='bbox 1634 890 1793 962; x_wconf 89' lang='lat' dir='ltr'><strong>plebs</strong></span> <span class='ocrx_word' id='word_1_72' title='bbox 1842 894 2170 961; x_wconf 83' lang='lat' dir='ltr'><strong>exspectans</strong></span> 
     </span>
    </p>
   </div>
   <div class='ocr_carea' id='block_1_10' title="bbox 532 982 2168 1055">
    <p class='ocr_par' dir='ltr' id='par_1_10' title="bbox 532 982 2168 1055">
     <span class='ocr_line' id='line_1_10' title="bbox 532 982 2168 1055; baseline -0.003 -15"><span class='ocrx_word' id='word_1_73' title='bbox 532 984 910 1053; x_wconf 90' lang='lat' dir='ltr'><strong>Zacchariam,</strong></span> <span class='ocrx_word' id='word_1_74' title='bbox 959 987 1015 1037; x_wconf 93' lang='lat' dir='ltr'><strong>et</strong></span> <span class='ocrx_word' id='word_1_75' title='bbox 1047 982 1403 1037; x_wconf 85' lang='lat' dir='ltr'><strong>mirabantur</strong></span> <span class='ocrx_word' id='word_1_76' title='bbox 1449 987 1601 1055; x_wconf 91' lang='lat' dir='ltr'><strong>quod</strong></span> <span class='ocrx_word' id='word_1_77' title='bbox 1638 984 1885 1039; x_wconf 88' lang='lat' dir='ltr'><strong>tardaret</strong></span> <span class='ocrx_word' id='word_1_78' title='bbox 1936 984 2054 1054; x_wconf 89' lang='lat' dir='ltr'><strong>ipse</strong></span> <span class='ocrx_word' id='word_1_79' title='bbox 2112 983 2168 1036; x_wconf 93' lang='lat' dir='ltr'><strong>in</strong></span> 
     </span>
    </p>
   </div>
   <div class='ocr_carea' id='block_1_11' title="bbox 535 1077 2165 1149">
    <p class='ocr_par' dir='ltr' id='par_1_11' title="bbox 535 1077 2165 1149">
     <span class='ocr_line' id='line_1_11' title="bbox 535 1077 2165 1149; baseline -0.002 -16"><span class='ocrx_word' id='word_1_80' title='bbox 535 1078 768 1149; x_wconf 89' lang='lat' dir='ltr'><strong>templo.</strong></span> <span class='ocrx_word' id='word_1_81' title='bbox 796 1078 1067 1148; x_wconf 80' lang='lat' dir='ltr'><strong>Egressus</strong></span> <span class='ocrx_word' id='word_1_82' title='bbox 1090 1082 1283 1131; x_wconf 89' lang='lat' dir='ltr'><strong>autem</strong></span> <span class='ocrx_word' id='word_1_83' title='bbox 1313 1093 1428 1131; x_wconf 91' lang='lat' dir='ltr'><strong>non</strong></span> <span class='ocrx_word' id='word_1_84' title='bbox 1458 1082 1679 1149; x_wconf 85' lang='lat' dir='ltr'><strong>poterat</strong></span> <span class='ocrx_word' id='word_1_85' title='bbox 1701 1078 1854 1149; x_wconf 81' lang='lat' dir='ltr'><strong>loqui</strong></span> <span class='ocrx_word' id='word_1_86' title='bbox 1894 1077 1965 1131; x_wconf 90' lang='lat' dir='ltr'><strong>ad</strong></span> <span class='ocrx_word' id='word_1_87' title='bbox 2002 1077 2127 1131; x_wconf 87' lang='lat' dir='ltr'><strong>illos</strong></span> <span class='ocrx_word' id='word_1_88' title='bbox 2152 1093 2165 1130; x_wconf 93' lang='lat'><strong>:</strong></span> 
     </span>
    </p>
   </div>
   <div class='ocr_carea' id='block_1_12' title="bbox 534 1170 2166 1243">
    <p class='ocr_par' dir='ltr' id='par_1_12' title="bbox 534 1170 2166 1243">
     <span class='ocr_line' id='line_1_12' title="bbox 534 1170 2166 1243; baseline -0.002 -15"><span class='ocrx_word' id='word_1_89' title='bbox 534 1176 592 1228; x_wconf 91' lang='lat' dir='ltr'><strong>et</strong></span> <span class='ocrx_word' id='word_1_90' title='bbox 609 1176 999 1242; x_wconf 89' lang='lat' dir='ltr'><strong>cognoverunt</strong></span> <span class='ocrx_word' id='word_1_91' title='bbox 1018 1171 1173 1242; x_wconf 90' lang='lat' dir='ltr'><strong>quod</strong></span> <span class='ocrx_word' id='word_1_92' title='bbox 1192 1170 1467 1226; x_wconf 87' lang='lat' dir='ltr'><strong>visionem</strong></span> <span class='ocrx_word' id='word_1_93' title='bbox 1483 1171 1709 1226; x_wconf 89' lang='lat' dir='ltr'><strong>vidisset</strong></span> <span class='ocrx_word' id='word_1_94' title='bbox 1719 1172 1836 1243; x_wconf 90' lang='lat' dir='ltr'><strong>ipse</strong></span> <span class='ocrx_word' id='word_1_95' title='bbox 1856 1171 1915 1225; x_wconf 92' lang='lat' dir='ltr'><strong>in</strong></span> <span class='ocrx_word' id='word_1_96' title='bbox 1936 1172 2166 1243; x_wconf 90' lang='lat' dir='ltr'><strong>templo.</strong></span> 
     </span>
    </p>
   </div>
   <div class='ocr_carea' id='block_1_13' title="bbox 534 1264 2171 1337">
    <p class='ocr_par' dir='ltr' id='par_1_13' title="bbox 534 1264 2171 1337">
     <span class='ocr_line' id='line_1_13' title="bbox 534 1264 2171 1337; baseline -0.001 -17"><span class='ocrx_word' id='word_1_97' title='bbox 534 1266 602 1320; x_wconf 84' lang='lat' dir='ltr'><strong>Et</strong></span> <span class='ocrx_word' id='word_1_98' title='bbox 625 1264 745 1335; x_wconf 92' lang='lat' dir='ltr'><strong>ipse</strong></span> <span class='ocrx_word' id='word_1_99' title='bbox 773 1269 894 1320; x_wconf 87' lang='lat' dir='ltr'><strong>erat</strong></span> <span class='ocrx_word' id='word_1_100' title='bbox 925 1265 1170 1319; x_wconf 91' lang='lat' dir='ltr'><strong>iunueus</strong></span> <span class='ocrx_word' id='word_1_101' title='bbox 1224 1264 1358 1334; x_wconf 87' lang='lat' dir='ltr'><strong>illis,</strong></span> <span class='ocrx_word' id='word_1_102' title='bbox 1402 1270 1457 1320; x_wconf 88' lang='lat' dir='ltr'><strong>et</strong></span> <span class='ocrx_word' id='word_1_103' title='bbox 1499 1266 1813 1337; x_wconf 83' lang='lat' dir='ltr'><strong>permansit</strong></span> <span class='ocrx_word' id='word_1_104' title='bbox 1845 1270 2059 1319; x_wconf 88' lang='lat' dir='ltr'><strong>mutus.</strong></span> <span class='ocrx_word' id='word_1_105' title='bbox 2106 1266 2171 1319; x_wconf 90' lang='lat' dir='ltr'><strong>Et</strong></span> 
     </span>
    </p>
   </div>
   <div class='ocr_carea' id='block_1_14' title="bbox 534 1358 2169 1430">
    <p class='ocr_par' dir='ltr' id='par_1_14' title="bbox 534 1358 2169 1430">
     <span class='ocr_line' id='line_1_14' title="bbox 534 1358 2169 1430; baseline -0.002 -16"><span class='ocrx_word' id='word_1_106' title='bbox 534 1361 745 1414; x_wconf 89' lang='lat' dir='ltr'><strong>factum</strong></span> <span class='ocrx_word' id='word_1_107' title='bbox 771 1362 854 1414; x_wconf 91' lang='lat' dir='ltr'><strong>est</strong></span> <span class='ocrx_word' id='word_1_108' title='bbox 876 1362 941 1412; x_wconf 89' lang='lat' dir='ltr'><strong>ut</strong></span> <span class='ocrx_word' id='word_1_109' title='bbox 968 1358 1189 1430; x_wconf 90' lang='lat' dir='ltr'><strong>impleti</strong></span> <span class='ocrx_word' id='word_1_110' title='bbox 1214 1364 1347 1413; x_wconf 90' lang='lat' dir='ltr'><strong>sunt</strong></span> <span class='ocrx_word' id='word_1_111' title='bbox 1374 1358 1491 1413; x_wconf 91' lang='lat' dir='ltr'><strong>dies</strong></span> <span class='ocrx_word' id='word_1_112' title='bbox 1521 1358 1689 1413; x_wconf 78' lang='lat' dir='ltr'><strong>cilicii</strong></span> <span class='ocrx_word' id='word_1_113' title='bbox 1735 1360 1877 1429; x_wconf 87' lang='lat' dir='ltr'><strong>ejus,</strong></span> <span class='ocrx_word' id='word_1_114' title='bbox 1927 1358 2065 1413; x_wconf 88' lang='lat' dir='ltr'><strong>abiit</strong></span> <span class='ocrx_word' id='word_1_115' title='bbox 2109 1358 2169 1412; x_wconf 92' lang='lat' dir='ltr'><strong>in</strong></span> 
     </span>
    </p>
   </div>
   <div class='ocr_carea' id='block_1_15' title="bbox 534 1451 2166 1523">
    <p class='ocr_par' dir='ltr' id='par_1_15' title="bbox 534 1451 2166 1523">
     <span class='ocr_line' id='line_1_15' title="bbox 534 1451 2166 1523; baseline -0.004 -12"><span class='ocrx_word' id='word_1_116' title='bbox 534 1454 767 1512; x_wconf 88' lang='lat' dir='ltr'><strong>domum</strong></span> <span class='ocrx_word' id='word_1_117' title='bbox 808 1469 989 1507; x_wconf 87' lang='lat' dir='ltr'><strong>suam.</strong></span> <span class='ocrx_word' id='word_1_118' title='bbox 1035 1454 1164 1506; x_wconf 88' lang='lat' dir='ltr'><strong>Post</strong></span> <span class='ocrx_word' id='word_1_119' title='bbox 1191 1452 1295 1506; x_wconf 90' lang='lat' dir='ltr'><strong>hos</strong></span> <span class='ocrx_word' id='word_1_120' title='bbox 1320 1457 1513 1507; x_wconf 90' lang='lat' dir='ltr'><strong>autem</strong></span> <span class='ocrx_word' id='word_1_121' title='bbox 1537 1452 1676 1521; x_wconf 90' lang='lat' dir='ltr'><strong>dies,</strong></span> <span class='ocrx_word' id='word_1_122' title='bbox 1706 1452 1964 1523; x_wconf 90' lang='lat' dir='ltr'><strong>concepit</strong></span> <span class='ocrx_word' id='word_1_123' title='bbox 1991 1451 2166 1506; x_wconf 86' lang='lat' dir='ltr'><strong>Eliza-</strong></span> 
     </span>
    </p>
   </div>
   <div class='ocr_carea' id='block_1_16' title="bbox 533 1545 2169 1617">
    <p class='ocr_par' dir='ltr' id='par_1_16' title="bbox 533 1545 2169 1617">
     <span class='ocr_line' id='line_1_16' title="bbox 533 1545 2169 1617; baseline -0.002 -13"><span class='ocrx_word' id='word_1_124' title='bbox 533 1548 671 1604; x_wconf 89' lang='lat' dir='ltr'><strong>beth</strong></span> <span class='ocrx_word' id='word_1_125' title='bbox 715 1564 858 1602; x_wconf 87' lang='lat' dir='ltr'><strong>uxor</strong></span> <span class='ocrx_word' id='word_1_126' title='bbox 901 1546 1041 1617; x_wconf 89' lang='lat' dir='ltr'><strong>ejus,</strong></span> <span class='ocrx_word' id='word_1_127' title='bbox 1085 1551 1142 1600; x_wconf 90' lang='lat' dir='ltr'><strong>et</strong></span> <span class='ocrx_word' id='word_1_128' title='bbox 1180 1546 1497 1601; x_wconf 71' lang='lat' dir='ltr'><strong>occultabat</strong></span> <span class='ocrx_word' id='word_1_129' title='bbox 1522 1562 1580 1600; x_wconf 90' lang='lat' dir='ltr'><strong>se</strong></span> <span class='ocrx_word' id='word_1_130' title='bbox 1607 1546 1897 1601; x_wconf 89' lang='lat' dir='ltr'><strong>mensibus</strong></span> <span class='ocrx_word' id='word_1_131' title='bbox 1918 1545 2169 1617; x_wconf 87' lang='lat' dir='ltr'><strong>quinque</strong></span> 
     </span>
    </p>
   </div>
   <div class='ocr_carea' id='block_1_17' title="bbox 535 1638 2166 1710">
    <p class='ocr_par' dir='ltr' id='par_1_17' title="bbox 535 1638 2166 1710">
     <span class='ocr_line' id='line_1_17' title="bbox 535 1638 2166 1710; baseline -0.003 -12"><span class='ocrx_word' id='word_1_132' title='bbox 535 1643 726 1698; x_wconf 90' lang='lat' dir='ltr'><strong>dicens</strong></span> <span class='ocrx_word' id='word_1_133' title='bbox 749 1658 762 1695; x_wconf 92' lang='lat'><strong>:</strong></span> <span class='ocrx_word' id='word_1_134' title='bbox 790 1641 931 1705; x_wconf 83' lang='lat' dir='ltr'><strong>Quia</strong></span> <span class='ocrx_word' id='word_1_135' title='bbox 959 1640 1039 1693; x_wconf 91' lang='lat' dir='ltr'><strong>sic</strong></span> <span class='ocrx_word' id='word_1_136' title='bbox 1067 1639 1213 1694; x_wconf 88' lang='lat' dir='ltr'><strong>mihi</strong></span> <span class='ocrx_word' id='word_1_137' title='bbox 1238 1639 1371 1694; x_wconf 89' lang='lat' dir='ltr'><strong>fecit</strong></span> <span class='ocrx_word' id='word_1_138' title='bbox 1407 1640 1679 1694; x_wconf 89' lang='lat' dir='ltr'><strong>Dominus</strong></span> <span class='ocrx_word' id='word_1_139' title='bbox 1704 1640 1762 1694; x_wconf 92' lang='lat' dir='ltr'><strong>in</strong></span> <span class='ocrx_word' id='word_1_140' title='bbox 1788 1638 2006 1705; x_wconf 89' lang='lat' dir='ltr'><strong>diebus,</strong></span> <span class='ocrx_word' id='word_1_141' title='bbox 2037 1639 2166 1710; x_wconf 84' lang='lat' dir='ltr'><strong>qui-</strong></span> 
     </span>
    </p>
   </div>
   <div class='ocr_carea' id='block_1_18' title="bbox 533 1732 2166 1806">
    <p class='ocr_par' dir='ltr' id='par_1_18' title="bbox 533 1732 2166 1806">
     <span class='ocr_line' id='line_1_18' title="bbox 533 1732 2166 1806; baseline -0.004 -14"><span class='ocrx_word' id='word_1_142' title='bbox 533 1736 640 1792; x_wconf 87' lang='lat' dir='ltr'><strong>bus</strong></span> <span class='ocrx_word' id='word_1_143' title='bbox 666 1734 915 1806; x_wconf 82' lang='lat' dir='ltr'><strong>respexit</strong></span> <span class='ocrx_word' id='word_1_144' title='bbox 942 1733 1164 1788; x_wconf 87' lang='lat' dir='ltr'><strong>auferre</strong></span> <span class='ocrx_word' id='word_1_145' title='bbox 1191 1733 1563 1804; x_wconf 84' lang='lat' dir='ltr'><strong>Opprobrium</strong></span> <span class='ocrx_word' id='word_1_146' title='bbox 1584 1749 1779 1788; x_wconf 87' lang='lat' dir='ltr'><strong>meum</strong></span> <span class='ocrx_word' id='word_1_147' title='bbox 1804 1732 1952 1787; x_wconf 91' lang='lat' dir='ltr'><strong>inter</strong></span> <span class='ocrx_word' id='word_1_148' title='bbox 1979 1732 2166 1786; x_wconf 90' lang='lat' dir='ltr'><strong>homi-</strong></span> 
     </span>
    </p>
   </div>
   <div class='ocr_carea' id='block_1_19' title="bbox 533 1825 2165 1898">
    <p class='ocr_par' dir='ltr' id='par_1_19' title="bbox 533 1825 2165 1898">
     <span class='ocr_line' id='line_1_19' title="bbox 533 1825 2165 1898; baseline -0.004 -13"><span class='ocrx_word' id='word_1_149' title='bbox 533 1846 653 1885; x_wconf 91' lang='lat' dir='ltr'><strong>nes.</strong></span> <span class='ocrx_word' id='word_1_150' title='bbox 680 1827 964 1883; x_wconf 89' lang='lat' dir='ltr'><strong>Elizabeth</strong></span> <span class='ocrx_word' id='word_1_151' title='bbox 982 1831 1170 1881; x_wconf 90' lang='lat' dir='ltr'><strong>autem</strong></span> <span class='ocrx_word' id='word_1_152' title='bbox 1192 1827 1492 1898; x_wconf 89' lang='lat' dir='ltr'><strong>impletum</strong></span> <span class='ocrx_word' id='word_1_153' title='bbox 1519 1831 1603 1882; x_wconf 89' lang='lat' dir='ltr'><strong>cst</strong></span> <span class='ocrx_word' id='word_1_154' title='bbox 1628 1831 1851 1898; x_wconf 87' lang='lat' dir='ltr'><strong>tempus</strong></span> <span class='ocrx_word' id='word_1_155' title='bbox 1890 1825 2165 1897; x_wconf 89' lang='lat' dir='ltr'><strong>pariendi,</strong></span> 
     </span>
    </p>
   </div>
   <div class='ocr_carea' id='block_1_20' title="bbox 463 1920 2167 1995">
    <p class='ocr_par' dir='ltr' id='par_1_20' title="bbox 463 1920 2167 1995">
     <span class='ocr_line' id='line_1_20' title="bbox 463 1920 2167 1995; baseline -0.004 -15"><span class='ocrx_word' id='word_1_156' title='bbox 463 1988 469 1995; x_wconf 37' lang='grc' dir='ltr'><strong><em>η</em></strong></span> <span class='ocrx_word' id='word_1_157' title='bbox 536 1927 593 1980; x_wconf 82' lang='lat' dir='ltr'><strong>et.</strong></span> <span class='ocrx_word' id='word_1_158' title='bbox 616 1921 836 1995; x_wconf 87' lang='lat' dir='ltr'><strong>peperit</strong></span> <span class='ocrx_word' id='word_1_159' title='bbox 863 1920 1065 1975; x_wconf 83' lang='lat' dir='ltr'><strong>ﬁlium.</strong></span> <span class='ocrx_word' id='word_1_160' title='bbox 1095 1920 1411 1975; x_wconf 86' lang='lat' dir='ltr'><strong>Audierunt</strong></span> <span class='ocrx_word' id='word_1_161' title='bbox 1443 1920 1613 1975; x_wconf 92' lang='lat' dir='ltr'><strong>vicini</strong></span> <span class='ocrx_word' id='word_1_162' title='bbox 1655 1926 1712 1975; x_wconf 91' lang='lat' dir='ltr'><strong>et</strong></span> <span class='ocrx_word' id='word_1_163' title='bbox 1754 1920 1981 1991; x_wconf 83' lang='lat' dir='ltr'><strong>cognati</strong></span> <span class='ocrx_word' id='word_1_164' title='bbox 2024 1920 2167 1991; x_wconf 86' lang='lat' dir='ltr'><strong>ejus,</strong></span> 
     </span>
    </p>
   </div>
   <div class='ocr_carea' id='block_1_21' title="bbox 536 2013 2168 2089">
    <p class='ocr_par' dir='ltr' id='par_1_21' title="bbox 536 2013 2168 2089">
     <span class='ocr_line' id='line_1_21' title="bbox 536 2013 2168 2089; baseline -0.002 -18"><span class='ocrx_word' id='word_1_165' title='bbox 536 2016 671 2089; x_wconf 90' lang='lat' dir='ltr'><strong>quia</strong></span> <span class='ocrx_word' id='word_1_166' title='bbox 694 2014 1079 2088; x_wconf 82' lang='lat' dir='ltr'><strong>magniﬁcavit</strong></span> <span class='ocrx_word' id='word_1_167' title='bbox 1094 2014 1365 2069; x_wconf 88' lang='lat' dir='ltr'><strong>Dominus</strong></span> <span class='ocrx_word' id='word_1_168' title='bbox 1384 2013 1832 2069; x_wconf 87' lang='lat' dir='ltr'><strong>misericordiam</strong></span> <span class='ocrx_word' id='word_1_169' title='bbox 1852 2030 2010 2068; x_wconf 90' lang='lat' dir='ltr'><strong>suam</strong></span> <span class='ocrx_word' id='word_1_170' title='bbox 2038 2029 2168 2067; x_wconf 89' lang='lat' dir='ltr'><strong>cum</strong></span> 
     </span>
    </p>
   </div>
   <div class='ocr_carea' id='block_1_22' title="bbox 534 2107 2168 2180">
    <p class='ocr_par' dir='ltr' id='par_1_22' title="bbox 534 2107 2168 2180">
     <span class='ocr_line' id='line_1_22' title="bbox 534 2107 2168 2180; baseline -0.003 -15"><span class='ocrx_word' id='word_1_171' title='bbox 534 2111 649 2177; x_wconf 89' lang='lat' dir='ltr'><strong>illa,</strong></span> <span class='ocrx_word' id='word_1_172' title='bbox 681 2114 738 2164; x_wconf 91' lang='lat' dir='ltr'><strong>et</strong></span> <span class='ocrx_word' id='word_1_173' title='bbox 762 2108 1298 2180; x_wconf 89' lang='lat' dir='ltr'><strong>congratulabantur</strong></span> <span class='ocrx_word' id='word_1_174' title='bbox 1323 2107 1394 2162; x_wconf 93' lang='lat' dir='ltr'><strong>ei.</strong></span> <span class='ocrx_word' id='word_1_175' title='bbox 1427 2108 1493 2162; x_wconf 89' lang='lat' dir='ltr'><strong>Et</strong></span> <span class='ocrx_word' id='word_1_176' title='bbox 1517 2107 1727 2162; x_wconf 88' lang='lat' dir='ltr'><strong>factum</strong></span> <span class='ocrx_word' id='word_1_177' title='bbox 1750 2112 1834 2162; x_wconf 92' lang='lat' dir='ltr'><strong>est</strong></span> <span class='ocrx_word' id='word_1_178' title='bbox 1859 2108 1918 2161; x_wconf 93' lang='lat' dir='ltr'><strong>in</strong></span> <span class='ocrx_word' id='word_1_179' title='bbox 1947 2107 2037 2161; x_wconf 92' lang='lat' dir='ltr'><strong>die</strong></span> <span class='ocrx_word' id='word_1_180' title='bbox 2083 2124 2168 2160; x_wconf 94' lang='lat' dir='ltr'><strong>oc-</strong></span> 
     </span>
    </p>
   </div>
   <div class='ocr_carea' id='block_1_23' title="bbox 533 2200 2171 2272">
    <p class='ocr_par' dir='ltr' id='par_1_23' title="bbox 533 2200 2171 2272">
     <span class='ocr_line' id='line_1_23' title="bbox 533 2200 2171 2272; baseline -0.004 -13"><span class='ocrx_word' id='word_1_181' title='bbox 533 2209 661 2259; x_wconf 86' lang='lat' dir='ltr'><strong>tavo</strong></span> <span class='ocrx_word' id='word_1_182' title='bbox 692 2206 971 2259; x_wconf 85' lang='lat' dir='ltr'><strong>venerunt</strong></span> <span class='ocrx_word' id='word_1_183' title='bbox 1021 2201 1423 2256; x_wconf 90' lang='lat' dir='ltr'><strong>circumcidere</strong></span> <span class='ocrx_word' id='word_1_184' title='bbox 1474 2217 1743 2272; x_wconf 90' lang='lat' dir='ltr'><strong>puerum,</strong></span> <span class='ocrx_word' id='word_1_185' title='bbox 1793 2207 1850 2256; x_wconf 93' lang='lat' dir='ltr'><strong>et</strong></span> <span class='ocrx_word' id='word_1_186' title='bbox 1901 2200 2171 2255; x_wconf 90' lang='lat' dir='ltr'><strong>vocabant</strong></span> 
     </span>
    </p>
   </div>
   <div class='ocr_carea' id='block_1_24' title="bbox 535 2293 2170 2366">
    <p class='ocr_par' dir='ltr' id='par_1_24' title="bbox 535 2293 2170 2366">
     <span class='ocr_line' id='line_1_24' title="bbox 535 2293 2170 2366; baseline -0.004 -13"><span class='ocrx_word' id='word_1_187' title='bbox 535 2313 668 2353; x_wconf 90' lang='lat' dir='ltr'><strong>eum</strong></span> <span class='ocrx_word' id='word_1_188' title='bbox 711 2296 945 2351; x_wconf 88' lang='lat' dir='ltr'><strong>nomine</strong></span> <span class='ocrx_word' id='word_1_189' title='bbox 979 2294 1156 2366; x_wconf 87' lang='lat' dir='ltr'><strong>patris</strong></span> <span class='ocrx_word' id='word_1_190' title='bbox 1198 2294 1319 2364; x_wconf 89' lang='lat' dir='ltr'><strong>ejus</strong></span> <span class='ocrx_word' id='word_1_191' title='bbox 1356 2294 1670 2349; x_wconf 88' lang='lat' dir='ltr'><strong>Zaccharia.</strong></span> <span class='ocrx_word' id='word_1_192' title='bbox 1720 2295 1785 2347; x_wconf 88' lang='lat' dir='ltr'><strong>Et</strong></span> <span class='ocrx_word' id='word_1_193' title='bbox 1823 2293 2170 2365; x_wconf 89' lang='lat' dir='ltr'><strong>respondens</strong></span> 
     </span>
    </p>
   </div>
   <div class='ocr_carea' id='block_1_25' title="bbox 536 2386 2166 2459">
    <p class='ocr_par' dir='ltr' id='par_1_25' title="bbox 536 2386 2166 2459">
     <span class='ocr_line' id='line_1_25' title="bbox 536 2386 2166 2459; baseline -0.004 -13"><span class='ocrx_word' id='word_1_194' title='bbox 536 2395 722 2446; x_wconf 87' lang='lat' dir='ltr'><strong>mater</strong></span> <span class='ocrx_word' id='word_1_195' title='bbox 740 2389 862 2459; x_wconf 90' lang='lat' dir='ltr'><strong>ejus</strong></span> <span class='ocrx_word' id='word_1_196' title='bbox 887 2387 1029 2442; x_wconf 85' lang='lat' dir='ltr'><strong>dixit</strong></span> <span class='ocrx_word' id='word_1_197' title='bbox 1056 2403 1069 2440; x_wconf 94' lang='lat'><strong>:</strong></span> <span class='ocrx_word' id='word_1_198' title='bbox 1104 2387 1492 2457; x_wconf 81' lang='lat' dir='ltr'><strong>Nequaquam,</strong></span> <span class='ocrx_word' id='word_1_199' title='bbox 1532 2386 1629 2441; x_wconf 91' lang='lat' dir='ltr'><strong>sed</strong></span> <span class='ocrx_word' id='word_1_200' title='bbox 1649 2386 1937 2441; x_wconf 86' lang='lat' dir='ltr'><strong>vocabitur</strong></span> <span class='ocrx_word' id='word_1_201' title='bbox 1959 2386 2166 2441; x_wconf 87' lang='lat' dir='ltr'><strong>Iohan-</strong></span> 
     </span>
    </p>
   </div>
   <div class='ocr_carea' id='block_1_26' title="bbox 536 2479 2166 2550">
    <p class='ocr_par' dir='ltr' id='par_1_26' title="bbox 536 2479 2166 2550">
     <span class='ocr_line' id='line_1_26' title="bbox 536 2479 2166 2550; baseline -0.004 -11"><span class='ocrx_word' id='word_1_202' title='bbox 536 2500 658 2540; x_wconf 88' lang='lat' dir='ltr'><strong>nes.</strong></span> <span class='ocrx_word' id='word_1_203' title='bbox 678 2484 748 2537; x_wconf 89' lang='lat' dir='ltr'><strong>Et</strong></span> <span class='ocrx_word' id='word_1_204' title='bbox 775 2481 1042 2536; x_wconf 89' lang='lat' dir='ltr'><strong>dixerunt</strong></span> <span class='ocrx_word' id='word_1_205' title='bbox 1069 2479 1142 2533; x_wconf 90' lang='lat' dir='ltr'><strong>ad</strong></span> <span class='ocrx_word' id='word_1_206' title='bbox 1169 2479 1328 2533; x_wconf 88' lang='lat' dir='ltr'><strong>illam</strong></span> <span class='ocrx_word' id='word_1_207' title='bbox 1353 2496 1366 2533; x_wconf 90' lang='lat'><strong>:</strong></span> <span class='ocrx_word' id='word_1_208' title='bbox 1395 2479 1537 2543; x_wconf 87' lang='lat' dir='ltr'><strong>Quia</strong></span> <span class='ocrx_word' id='word_1_209' title='bbox 1564 2496 1734 2535; x_wconf 91' lang='lat' dir='ltr'><strong>nemo</strong></span> <span class='ocrx_word' id='word_1_210' title='bbox 1760 2484 1841 2534; x_wconf 92' lang='lat' dir='ltr'><strong>est</strong></span> <span class='ocrx_word' id='word_1_211' title='bbox 1878 2479 1937 2533; x_wconf 93' lang='lat' dir='ltr'><strong>in</strong></span> <span class='ocrx_word' id='word_1_212' title='bbox 1961 2495 2166 2550; x_wconf 88' lang='lat' dir='ltr'><strong>cogna-</strong></span> 
     </span>
    </p>
   </div>
   <div class='ocr_carea' id='block_1_27' title="bbox 534 2572 2170 2646">
    <p class='ocr_par' dir='ltr' id='par_1_27' title="bbox 534 2572 2170 2646">
     <span class='ocr_line' id='line_1_27' title="bbox 534 2572 2170 2646; baseline -0.004 -14"><span class='ocrx_word' id='word_1_213' title='bbox 534 2576 689 2633; x_wconf 87' lang='lat' dir='ltr'><strong>tione</strong></span> <span class='ocrx_word' id='word_1_214' title='bbox 712 2579 811 2630; x_wconf 88' lang='lat' dir='ltr'><strong>tua</strong></span> <span class='ocrx_word' id='word_1_215' title='bbox 828 2573 925 2646; x_wconf 89' lang='lat' dir='ltr'><strong>qui</strong></span> <span class='ocrx_word' id='word_1_216' title='bbox 945 2577 1175 2627; x_wconf 80' lang='lat' dir='ltr'><strong>vocetur</strong></span> <span class='ocrx_word' id='word_1_217' title='bbox 1193 2572 1301 2627; x_wconf 90' lang='lat' dir='ltr'><strong>hoc</strong></span> <span class='ocrx_word' id='word_1_218' title='bbox 1333 2572 1583 2628; x_wconf 91' lang='lat' dir='ltr'><strong>nomine.</strong></span> <span class='ocrx_word' id='word_1_219' title='bbox 1631 2574 1943 2629; x_wconf 91' lang='lat' dir='ltr'><strong>lnnuebant</strong></span> <span class='ocrx_word' id='word_1_220' title='bbox 1982 2576 2170 2628; x_wconf 90' lang='lat' dir='ltr'><strong>autem</strong></span> 
     </span>
    </p>
   </div>
   <div class='ocr_carea' id='block_1_28' title="bbox 536 2666 2169 2744">
    <p class='ocr_par' dir='ltr' id='par_1_28' title="bbox 536 2666 2169 2744">
     <span class='ocr_line' id='line_1_28' title="bbox 536 2666 2169 2744; baseline -0.004 -18"><span class='ocrx_word' id='word_1_221' title='bbox 536 2670 687 2744; x_wconf 87' lang='lat' dir='ltr'><strong>patri</strong></span> <span class='ocrx_word' id='word_1_222' title='bbox 712 2670 833 2741; x_wconf 90' lang='lat' dir='ltr'><strong>ejus</strong></span> <span class='ocrx_word' id='word_1_223' title='bbox 859 2683 1032 2739; x_wconf 88' lang='lat' dir='ltr'><strong>quem</strong></span> <span class='ocrx_word' id='word_1_224' title='bbox 1058 2666 1226 2721; x_wconf 78' lang='lat' dir='ltr'><strong>vellet</strong></span> <span class='ocrx_word' id='word_1_225' title='bbox 1266 2666 1448 2720; x_wconf 88' lang='lat' dir='ltr'><strong>vocari</strong></span> <span class='ocrx_word' id='word_1_226' title='bbox 1479 2682 1631 2721; x_wconf 93' lang='lat' dir='ltr'><strong>eum.</strong></span> <span class='ocrx_word' id='word_1_227' title='bbox 1660 2668 1726 2721; x_wconf 87' lang='lat' dir='ltr'><strong>Et</strong></span> <span class='ocrx_word' id='word_1_228' title='bbox 1750 2667 2038 2738; x_wconf 88' lang='lat' dir='ltr'><strong>postulans</strong></span> <span class='ocrx_word' id='word_1_229' title='bbox 2060 2684 2169 2738; x_wconf 92' lang='lat' dir='ltr'><strong>pu-</strong></span> 
     </span>
    </p>
   </div>
   <div class='ocr_carea' id='block_1_29' title="bbox 538 2760 2167 2838">
    <p class='ocr_par' dir='ltr' id='par_1_29' title="bbox 538 2760 2167 2838">
     <span class='ocr_line' id='line_1_29' title="bbox 538 2760 2167 2838; baseline -0.003 -19"><span class='ocrx_word' id='word_1_230' title='bbox 538 2765 815 2838; x_wconf 85' lang='lat' dir='ltr'><strong>gillarem,</strong></span> <span class='ocrx_word' id='word_1_231' title='bbox 855 2760 1078 2832; x_wconf 88' lang='lat' dir='ltr'><strong>scripsit</strong></span> <span class='ocrx_word' id='word_1_232' title='bbox 1109 2760 1301 2815; x_wconf 90' lang='lat' dir='ltr'><strong>dicens</strong></span> <span class='ocrx_word' id='word_1_233' title='bbox 1326 2776 1339 2813; x_wconf 94' lang='lat'><strong>:</strong></span> <span class='ocrx_word' id='word_1_234' title='bbox 1377 2760 1658 2815; x_wconf 90' lang='lat' dir='ltr'><strong>Iohannes</strong></span> <span class='ocrx_word' id='word_1_235' title='bbox 1684 2764 1768 2815; x_wconf 89' lang='lat' dir='ltr'><strong>est</strong></span> <span class='ocrx_word' id='word_1_236' title='bbox 1785 2777 2000 2815; x_wconf 89' lang='lat' dir='ltr'><strong>nomen</strong></span> <span class='ocrx_word' id='word_1_237' title='bbox 2026 2761 2167 2831; x_wconf 90' lang='lat' dir='ltr'><strong>ejus.</strong></span> 
     </span>
    </p>
   </div>
   <div class='ocr_carea' id='block_1_30' title="bbox 537 2854 2173 2925">
    <p class='ocr_par' dir='ltr' id='par_1_30' title="bbox 537 2854 2173 2925">
     <span class='ocr_line' id='line_1_30' title="bbox 537 2854 2173 2925; baseline -0.004 -10"><span class='ocrx_word' id='word_1_238' title='bbox 537 2859 605 2915; x_wconf 88' lang='lat' dir='ltr'><strong>Et</strong></span> <span class='ocrx_word' id='word_1_239' title='bbox 628 2857 818 2913; x_wconf 87' lang='lat' dir='ltr'><strong>mirati</strong></span> <span class='ocrx_word' id='word_1_240' title='bbox 842 2859 976 2910; x_wconf 91' lang='lat' dir='ltr'><strong>sunt</strong></span> <span class='ocrx_word' id='word_1_241' title='bbox 999 2854 1266 2909; x_wconf 86' lang='lat' dir='ltr'><strong>universi.</strong></span> <span class='ocrx_word' id='word_1_242' title='bbox 1296 2857 1568 2925; x_wconf 90' lang='lat' dir='ltr'><strong>Apertum</strong></span> <span class='ocrx_word' id='word_1_243' title='bbox 1596 2858 1681 2909; x_wconf 90' lang='lat' dir='ltr'><strong>est</strong></span> <span class='ocrx_word' id='word_1_244' title='bbox 1705 2857 1896 2909; x_wconf 91' lang='lat' dir='ltr'><strong>autem</strong></span> <span class='ocrx_word' id='word_1_245' title='bbox 1943 2855 2070 2909; x_wconf 90' lang='lat' dir='ltr'><strong>ilico</strong></span> <span class='ocrx_word' id='word_1_246' title='bbox 2111 2871 2173 2909; x_wconf 92' lang='lat' dir='ltr'><strong>os</strong></span> 
     </span>
    </p>
   </div>
   <div class='ocr_carea' id='block_1_31' title="bbox 537 2947 2168 3025">
    <p class='ocr_par' dir='ltr' id='par_1_31' title="bbox 537 2947 2168 3025">
     <span class='ocr_line' id='line_1_31' title="bbox 537 2947 2168 3025; baseline -0.004 -16"><span class='ocrx_word' id='word_1_247' title='bbox 537 2952 677 3025; x_wconf 87' lang='lat' dir='ltr'><strong>ejus,</strong></span> <span class='ocrx_word' id='word_1_248' title='bbox 706 2955 763 3007; x_wconf 90' lang='lat' dir='ltr'><strong>et</strong></span> <span class='ocrx_word' id='word_1_249' title='bbox 786 2950 983 3022; x_wconf 79' lang='lat' dir='ltr'><strong>lingua</strong></span> <span class='ocrx_word' id='word_1_250' title='bbox 1004 2948 1146 3019; x_wconf 88' lang='lat' dir='ltr'><strong>ejus,</strong></span> <span class='ocrx_word' id='word_1_251' title='bbox 1176 2953 1233 3003; x_wconf 91' lang='lat' dir='ltr'><strong>et</strong></span> <span class='ocrx_word' id='word_1_252' title='bbox 1251 2947 1592 3020; x_wconf 87' lang='lat' dir='ltr'><strong>loquebatur</strong></span> <span class='ocrx_word' id='word_1_253' title='bbox 1610 2948 1949 3003; x_wconf 90' lang='lat' dir='ltr'><strong>benedicens</strong></span> <span class='ocrx_word' id='word_1_254' title='bbox 1969 2949 2168 3003; x_wconf 89' lang='lat' dir='ltr'><strong>Deum.</strong></span> 
     </span>
    </p>
   </div>
   <div class='ocr_carea' id='block_1_32' title="bbox 537 3041 2174 3114">
    <p class='ocr_par' dir='ltr' id='par_1_32' title="bbox 537 3041 2174 3114">
     <span class='ocr_line' id='line_1_32' title="bbox 537 3041 2174 3114; baseline -0.003 -12"><span class='ocrx_word' id='word_1_255' title='bbox 537 3048 605 3103; x_wconf 88' lang='lat' dir='ltr'><strong>Et</strong></span> <span class='ocrx_word' id='word_1_256' title='bbox 621 3045 800 3101; x_wconf 87' lang='lat' dir='ltr'><strong>factus</strong></span> <span class='ocrx_word' id='word_1_257' title='bbox 826 3048 910 3100; x_wconf 88' lang='lat' dir='ltr'><strong>est</strong></span> <span class='ocrx_word' id='word_1_258' title='bbox 934 3043 1107 3099; x_wconf 90' lang='lat' dir='ltr'><strong>timor</strong></span> <span class='ocrx_word' id='word_1_259' title='bbox 1132 3058 1303 3114; x_wconf 87' lang='lat' dir='ltr'><strong>super</strong></span> <span class='ocrx_word' id='word_1_260' title='bbox 1348 3057 1548 3096; x_wconf 89' lang='lat' dir='ltr'><strong>omnes</strong></span> <span class='ocrx_word' id='word_1_261' title='bbox 1595 3041 1809 3097; x_wconf 89' lang='lat' dir='ltr'><strong>vicinos</strong></span> <span class='ocrx_word' id='word_1_262' title='bbox 1850 3059 2071 3111; x_wconf 74' lang='lat' dir='ltr'><strong>eorum,</strong></span> <span class='ocrx_word' id='word_1_263' title='bbox 2119 3046 2174 3097; x_wconf 88' lang='lat' dir='ltr'><strong>et</strong></span> 
     </span>
    </p>
   </div>
   <div class='ocr_carea' id='block_1_33' title="bbox 537 3134 2417 3248">
    <p class='ocr_par' dir='ltr' id='par_1_33' title="bbox 537 3134 2417 3248">
     <span class='ocr_line' id='line_1_33' title="bbox 537 3134 2417 3248; baseline -0.004 -54"><span class='ocrx_word' id='word_1_264' title='bbox 537 3155 710 3211; x_wconf 88' lang='lat' dir='ltr'><strong>super</strong></span> <span class='ocrx_word' id='word_1_265' title='bbox 755 3136 944 3192; x_wconf 89' lang='lat' dir='ltr'><strong>omnia</strong></span> <span class='ocrx_word' id='word_1_266' title='bbox 988 3139 1259 3190; x_wconf 89' lang='lat' dir='ltr'><strong>montana</strong></span> <span class='ocrx_word' id='word_1_267' title='bbox 1300 3135 1458 3190; x_wconf 65' lang='lat' dir='ltr'><strong>Iuda:</strong></span> <span class='ocrx_word' id='word_1_268' title='bbox 1504 3134 1941 3207; x_wconf 87' lang='lat' dir='ltr'><strong>divulgabantur</strong></span> <span class='ocrx_word' id='word_1_269' title='bbox 1982 3134 2171 3189; x_wconf 86' lang='lat' dir='ltr'><strong>omnia</strong></span> <span class='ocrx_word' id='word_1_270' title='bbox 2191 3173 2247 3248; x_wconf 68' lang='grc' dir='ltr'>Ο</span> <span class='ocrx_word' id='word_1_271' title='bbox 2270 3134 2417 3231; x_wconf 48' lang='grc' dir='ltr'><strong>1)ρέίὶ</strong></span> 
     </span>
    </p>
   </div>
   <div class='ocr_carea' id='block_1_34' title="bbox 538 3228 2170 3300">
    <p class='ocr_par' dir='ltr' id='par_1_34' title="bbox 538 3228 2170 3300">
     <span class='ocr_line' id='line_1_34' title="bbox 538 3228 2170 3300; baseline -0.003 -12"><span class='ocrx_word' id='word_1_272' title='bbox 538 3233 707 3288; x_wconf 89' lang='lat' dir='ltr'><strong>verba</strong></span> <span class='ocrx_word' id='word_1_273' title='bbox 742 3231 885 3286; x_wconf 73' lang='lat' dir='ltr'><strong>haec.</strong></span> <span class='ocrx_word' id='word_1_274' title='bbox 931 3231 999 3284; x_wconf 90' lang='lat' dir='ltr'><strong>Et</strong></span> <span class='ocrx_word' id='word_1_275' title='bbox 1038 3232 1350 3300; x_wconf 89' lang='lat' dir='ltr'><strong>posuerunt</strong></span> <span class='ocrx_word' id='word_1_276' title='bbox 1390 3244 1587 3283; x_wconf 89' lang='lat' dir='ltr'><strong>omnes</strong></span> <span class='ocrx_word' id='word_1_277' title='bbox 1629 3229 1729 3300; x_wconf 91' lang='lat' dir='ltr'><strong>qui</strong></span> <span class='ocrx_word' id='word_1_278' title='bbox 1774 3228 2071 3283; x_wconf 89' lang='lat' dir='ltr'><strong>audierant</strong></span> <span class='ocrx_word' id='word_1_279' title='bbox 2110 3228 2170 3283; x_wconf 92' lang='lat' dir='ltr'><strong>in</strong></span> 
     </span>
    </p>
   </div>
   <div class='ocr_carea' id='block_1_35' title="bbox 537 3321 2172 3393">
    <p class='ocr_par' dir='ltr' id='par_1_35' title="bbox 537 3321 2172 3393">
     <span class='ocr_line' id='line_1_35' title="bbox 537 3321 2172 3393; baseline -0.003 -12"><span class='ocrx_word' id='word_1_280' title='bbox 537 3324 706 3382; x_wconf 86' lang='lat' dir='ltr'><strong>corde</strong></span> <span class='ocrx_word' id='word_1_281' title='bbox 734 3340 835 3378; x_wconf 89' lang='lat' dir='ltr'><strong>suo</strong></span> <span class='ocrx_word' id='word_1_282' title='bbox 864 3322 1112 3378; x_wconf 89' lang='lat' dir='ltr'><strong>dicentes</strong></span> <span class='ocrx_word' id='word_1_283' title='bbox 1146 3339 1159 3376; x_wconf 91' lang='lat'><strong>:</strong></span> <span class='ocrx_word' id='word_1_284' title='bbox 1188 3321 1332 3386; x_wconf 88' lang='lat' dir='ltr'><strong>Quid</strong></span> <span class='ocrx_word' id='word_1_285' title='bbox 1362 3326 1525 3393; x_wconf 89' lang='lat' dir='ltr'><strong>putas</strong></span> <span class='ocrx_word' id='word_1_286' title='bbox 1554 3338 1701 3393; x_wconf 92' lang='lat' dir='ltr'><strong>puer</strong></span> <span class='ocrx_word' id='word_1_287' title='bbox 1733 3321 1836 3377; x_wconf 89' lang='lat' dir='ltr'><strong>iste</strong></span> <span class='ocrx_word' id='word_1_288' title='bbox 1875 3322 2023 3377; x_wconf 81' lang='lat' dir='ltr'><strong>erit?</strong></span> <span class='ocrx_word' id='word_1_289' title='bbox 2062 3327 2172 3377; x_wconf 85' lang='lat' dir='ltr'><strong>ete-</strong></span> 
     </span>
    </p>
   </div>
   <div class='ocr_carea' id='block_1_36' title="bbox 539 3414 2170 3487">
    <p class='ocr_par' dir='ltr' id='par_1_36' title="bbox 539 3414 2170 3487">
     <span class='ocr_line' id='line_1_36' title="bbox 539 3414 2170 3487; baseline -0.003 -12"><span class='ocrx_word' id='word_1_290' title='bbox 539 3419 661 3476; x_wconf 90' lang='lat' dir='ltr'><strong>nim</strong></span> <span class='ocrx_word' id='word_1_291' title='bbox 687 3432 889 3472; x_wconf 89' lang='lat' dir='ltr'><strong>manus</strong></span> <span class='ocrx_word' id='word_1_292' title='bbox 918 3416 1139 3469; x_wconf 90' lang='lat' dir='ltr'><strong>Domini</strong></span> <span class='ocrx_word' id='word_1_293' title='bbox 1167 3420 1287 3470; x_wconf 89' lang='lat' dir='ltr'><strong>erat</strong></span> <span class='ocrx_word' id='word_1_294' title='bbox 1305 3431 1436 3470; x_wconf 91' lang='lat' dir='ltr'><strong>cum</strong></span> <span class='ocrx_word' id='word_1_295' title='bbox 1456 3414 1573 3470; x_wconf 91' lang='lat' dir='ltr'><strong>illo.</strong></span> <span class='ocrx_word' id='word_1_296' title='bbox 1606 3416 1671 3470; x_wconf 89' lang='lat' dir='ltr'><strong>Et</strong></span> <span class='ocrx_word' id='word_1_297' title='bbox 1716 3415 2038 3470; x_wconf 89' lang='lat' dir='ltr'><strong>Zaccharias</strong></span> <span class='ocrx_word' id='word_1_298' title='bbox 2066 3432 2170 3487; x_wconf 91' lang='lat' dir='ltr'><strong>pa-</strong></span> 
     </span>
    </p>
   </div>
   <div class='ocr_carea' id='block_1_37' title="bbox 537 3508 2174 3582">
    <p class='ocr_par' dir='ltr' id='par_1_37' title="bbox 537 3508 2174 3582">
     <span class='ocr_line' id='line_1_37' title="bbox 537 3508 2174 3582; baseline -0.002 -15"><span class='ocrx_word' id='word_1_299' title='bbox 537 3517 626 3568; x_wconf 90' lang='lat' dir='ltr'><strong>ter</strong></span> <span class='ocrx_word' id='word_1_300' title='bbox 650 3512 772 3582; x_wconf 88' lang='lat' dir='ltr'><strong>ejus</strong></span> <span class='ocrx_word' id='word_1_301' title='bbox 795 3509 1065 3581; x_wconf 89' lang='lat' dir='ltr'><strong>impletus</strong></span> <span class='ocrx_word' id='word_1_302' title='bbox 1084 3513 1168 3563; x_wconf 89' lang='lat' dir='ltr'><strong>est</strong></span> <span class='ocrx_word' id='word_1_303' title='bbox 1196 3508 1412 3580; x_wconf 89' lang='lat' dir='ltr'><strong>Spiritu</strong></span> <span class='ocrx_word' id='word_1_304' title='bbox 1457 3513 1670 3578; x_wconf 88' lang='lat' dir='ltr'><strong>sancto,</strong></span> <span class='ocrx_word' id='word_1_305' title='bbox 1714 3513 1770 3563; x_wconf 91' lang='lat' dir='ltr'><strong>et</strong></span> <span class='ocrx_word' id='word_1_306' title='bbox 1814 3508 2174 3580; x_wconf 91' lang='lat' dir='ltr'><strong>prophetavit</strong></span> 
     </span>
    </p>
   </div>
   <div class='ocr_carea' id='block_1_38' title="bbox 540 3602 2175 3661">
    <p class='ocr_par' dir='ltr' id='par_1_38' title="bbox 540 3602 2175 3661">
     <span class='ocr_line' id='line_1_38' title="bbox 540 3602 2175 3661; baseline -0.002 0"><span class='ocrx_word' id='word_1_307' title='bbox 540 3606 768 3661; x_wconf 89' lang='lat' dir='ltr'><strong>dicens:</strong></span> <span class='ocrx_word' id='word_1_308' title='bbox 818 3603 1153 3660; x_wconf 88' lang='lat' dir='ltr'><strong>Benedictus</strong></span> <span class='ocrx_word' id='word_1_309' title='bbox 1194 3602 1467 3657; x_wconf 90' lang='lat' dir='ltr'><strong>Dominus</strong></span> <span class='ocrx_word' id='word_1_310' title='bbox 1506 3604 1654 3657; x_wconf 92' lang='lat' dir='ltr'><strong>Deus</strong></span> <span class='ocrx_word' id='word_1_311' title='bbox 1698 3602 1883 3657; x_wconf 87' lang='lat' dir='ltr'><strong>Israel.</strong></span> <span class='ocrx_word' id='word_1_312' title='bbox 1912 3604 2059 3657; x_wconf 88' lang='lat' dir='ltr'><strong>Puer</strong></span> <span class='ocrx_word' id='word_1_313' title='bbox 2078 3620 2175 3658; x_wconf 88' lang='lat' dir='ltr'><strong>au-</strong></span> 
     </span>
    </p>
   </div>
   <div class='ocr_carea' id='block_1_39' title="bbox 538 3695 2170 3768">
    <p class='ocr_par' dir='ltr' id='par_1_39' title="bbox 538 3695 2170 3768">
     <span class='ocr_line' id='line_1_39' title="bbox 538 3695 2170 3768; baseline -0.002 -13"><span class='ocrx_word' id='word_1_314' title='bbox 538 3704 657 3755; x_wconf 86' lang='lat' dir='ltr'><strong>tem</strong></span> <span class='ocrx_word' id='word_1_315' title='bbox 680 3697 967 3754; x_wconf 89' lang='lat' dir='ltr'><strong>crescebat</strong></span> <span class='ocrx_word' id='word_1_316' title='bbox 991 3701 1048 3751; x_wconf 91' lang='lat' dir='ltr'><strong>et</strong></span> <span class='ocrx_word' id='word_1_317' title='bbox 1071 3696 1491 3751; x_wconf 83' lang='lat' dir='ltr'><strong>confortabatur</strong></span> <span class='ocrx_word' id='word_1_318' title='bbox 1509 3695 1732 3768; x_wconf 88' lang='lat' dir='ltr'><strong>spiritu,</strong></span> <span class='ocrx_word' id='word_1_319' title='bbox 1761 3700 1816 3751; x_wconf 91' lang='lat' dir='ltr'><strong>et</strong></span> <span class='ocrx_word' id='word_1_320' title='bbox 1832 3701 1954 3752; x_wconf 90' lang='lat' dir='ltr'><strong>erat</strong></span> <span class='ocrx_word' id='word_1_321' title='bbox 1982 3695 2039 3751; x_wconf 92' lang='lat' dir='ltr'><strong>in</strong></span> <span class='ocrx_word' id='word_1_322' title='bbox 2071 3697 2170 3752; x_wconf 92' lang='lat' dir='ltr'><strong>de-</strong></span> 
     </span>
    </p>
   </div>
   <div class='ocr_carea' id='block_1_40' title="bbox 540 3790 1975 3865">
    <p class='ocr_par' dir='ltr' id='par_1_40' title="bbox 540 3790 1975 3865">
     <span class='ocr_line' id='line_1_40' title="bbox 540 3790 1975 3865; baseline -0.004 -15"><span class='ocrx_word' id='word_1_323' title='bbox 540 3798 687 3850; x_wconf 87' lang='lat' dir='ltr'><strong>serto</strong></span> <span class='ocrx_word' id='word_1_324' title='bbox 712 3807 892 3865; x_wconf 89' lang='lat' dir='ltr'><strong>usque</strong></span> <span class='ocrx_word' id='word_1_325' title='bbox 918 3792 980 3845; x_wconf 89' lang='lat' dir='ltr'><strong>in</strong></span> <span class='ocrx_word' id='word_1_326' title='bbox 1002 3791 1153 3846; x_wconf 92' lang='lat' dir='ltr'><strong>diem</strong></span> <span class='ocrx_word' id='word_1_327' title='bbox 1183 3790 1522 3846; x_wconf 90' lang='lat' dir='ltr'><strong>ostensionis</strong></span> <span class='ocrx_word' id='word_1_328' title='bbox 1542 3807 1659 3845; x_wconf 66' lang='lat' dir='ltr'><strong>sua:</strong></span> <span class='ocrx_word' id='word_1_329' title='bbox 1684 3790 1754 3845; x_wconf 88' lang='lat' dir='ltr'><strong>ad</strong></span> <span class='ocrx_word' id='word_1_330' title='bbox 1787 3791 1975 3845; x_wconf 88' lang='lat' dir='ltr'><strong>Israel.</strong></span> 
     </span>
    </p>
   </div>
   <div class='ocr_carea' id='block_1_41' title="bbox 602 3901 2112 3967">
    <p class='ocr_par' dir='ltr' id='par_1_41' title="bbox 602 3901 2112 3967">
     <span class='ocr_line' id='line_1_41' title="bbox 602 3901 2112 3967; baseline -0.002 -12"><span class='ocrx_word' id='word_1_331' title='bbox 602 3904 777 3955; x_wconf 84' lang='lat' dir='ltr'><strong>Lectio</strong></span> <span class='ocrx_word' id='word_1_332' title='bbox 810 3902 972 3967; x_wconf 86' lang='lat' dir='ltr'><strong>sancti</strong></span> <span class='ocrx_word' id='word_1_333' title='bbox 1004 3901 1273 3967; x_wconf 81' lang='lat' dir='ltr'><strong>Evangelii</strong></span> <span class='ocrx_word' id='word_1_334' title='bbox 1318 3902 1607 3967; x_wconf 87' lang='lat' dir='ltr'><strong>secundum</strong></span> <span class='ocrx_word' id='word_1_335' title='bbox 1642 3902 1958 3967; x_wconf 69' lang='lat' dir='ltr'><strong>Mattbaaum,</strong></span> <span class='ocrx_word' id='word_1_336' title='bbox 1997 3914 2112 3967; x_wconf 67' lang='lat' dir='ltr'><strong>qum</strong></span> 
     </span>
    </p>
   </div>
   <div class='ocr_carea' id='block_1_42' title="bbox 821 3966 1893 4029">
    <p class='ocr_par' dir='ltr' id='par_1_42' title="bbox 821 3966 1893 4029">
     <span class='ocr_line' id='line_1_42' title="bbox 821 3966 1893 4029; baseline -0.003 -14"><span class='ocrx_word' id='word_1_337' title='bbox 821 3966 1008 4029; x_wconf 81' lang='lat' dir='ltr'><strong>legitur</strong></span> <span class='ocrx_word' id='word_1_338' title='bbox 1040 3966 1167 4028; x_wconf 86' lang='lat' dir='ltr'><strong>post</strong></span> <span class='ocrx_word' id='word_1_339' title='bbox 1185 3966 1352 4016; x_wconf 87' lang='lat' dir='ltr'><strong>sancti</strong></span> <span class='ocrx_word' id='word_1_340' title='bbox 1379 3966 1630 4015; x_wconf 84' lang='lat' dir='ltr'><strong>Johannis</strong></span> <span class='ocrx_word' id='word_1_341' title='bbox 1663 3966 1893 4015; x_wconf 86' lang='lat' dir='ltr'><strong>missam.</strong></span> 
     </span>
    </p>
   </div>
   <div class='ocr_carea' id='block_1_43' title="bbox 609 4060 2171 4129">
    <p class='ocr_par' dir='ltr' id='par_1_43' title="bbox 609 4060 2171 4129">
     <span class='ocr_line' id='line_1_43' title="bbox 609 4060 2171 4129; baseline -0.001 -12"><span class='ocrx_word' id='word_1_342' title='bbox 609 4062 815 4117; x_wconf 87' lang='lat' dir='ltr'><strong>Diebus</strong></span> <span class='ocrx_word' id='word_1_343' title='bbox 837 4061 967 4129; x_wconf 87' lang='lat' dir='ltr'><strong>illis,</strong></span> <span class='ocrx_word' id='word_1_344' title='bbox 994 4076 1127 4114; x_wconf 90' lang='lat' dir='ltr'><strong>cum</strong></span> <span class='ocrx_word' id='word_1_345' title='bbox 1154 4060 1398 4115; x_wconf 88' lang='lat' dir='ltr'><strong>venisset</strong></span> <span class='ocrx_word' id='word_1_346' title='bbox 1428 4061 1701 4116; x_wconf 89' lang='lat' dir='ltr'><strong>Dominus</strong></span> <span class='ocrx_word' id='word_1_347' title='bbox 1728 4062 1886 4116; x_wconf 87' lang='lat' dir='ltr'><strong>Iesus</strong></span> <span class='ocrx_word' id='word_1_348' title='bbox 1926 4061 1986 4115; x_wconf 91' lang='lat' dir='ltr'><strong>in</strong></span> <span class='ocrx_word' id='word_1_349' title='bbox 2028 4066 2171 4116; x_wconf 89' lang='lat' dir='ltr'><strong>tem-</strong></span> 
     </span>
    </p>
   </div>
   <div class='ocr_carea' id='block_1_44' title="bbox 536 4153 2171 4230">
    <p class='ocr_par' dir='ltr' id='par_1_44' title="bbox 536 4153 2171 4230">
     <span class='ocr_line' id='line_1_44' title="bbox 536 4153 2171 4230; baseline -0.001 -20"><span class='ocrx_word' id='word_1_350' title='bbox 536 4154 720 4230; x_wconf 88' lang='lat' dir='ltr'><strong>plum,</strong></span> <span class='ocrx_word' id='word_1_351' title='bbox 747 4157 1102 4209; x_wconf 87' lang='lat' dir='ltr'><strong>accesserunt</strong></span> <span class='ocrx_word' id='word_1_352' title='bbox 1126 4153 1195 4207; x_wconf 90' lang='lat' dir='ltr'><strong>ad</strong></span> <span class='ocrx_word' id='word_1_353' title='bbox 1241 4169 1373 4208; x_wconf 92' lang='lat' dir='ltr'><strong>eum</strong></span> <span class='ocrx_word' id='word_1_354' title='bbox 1416 4154 1711 4210; x_wconf 87' lang='lat' dir='ltr'><strong>docentem</strong></span> <span class='ocrx_word' id='word_1_355' title='bbox 1754 4154 2039 4225; x_wconf 88' lang='lat' dir='ltr'><strong>principes</strong></span> <span class='ocrx_word' id='word_1_356' title='bbox 2075 4155 2171 4209; x_wconf 85' lang='lat' dir='ltr'><strong>Sa-</strong></span> 
     </span>
    </p>
   </div>
   <div class='ocr_carea' id='block_1_45' title="bbox 540 4246 2177 4319">
    <p class='ocr_par' dir='ltr' id='par_1_45' title="bbox 540 4246 2177 4319">
     <span class='ocr_line' id='line_1_45' title="bbox 540 4246 2177 4319; baseline -0.002 -14"><span class='ocrx_word' id='word_1_357' title='bbox 540 4249 856 4316; x_wconf 90' lang='lat' dir='ltr'><strong>cerdotum,</strong></span> <span class='ocrx_word' id='word_1_358' title='bbox 906 4251 963 4302; x_wconf 92' lang='lat' dir='ltr'><strong>et</strong></span> <span class='ocrx_word' id='word_1_359' title='bbox 999 4246 1246 4301; x_wconf 89' lang='lat' dir='ltr'><strong>seniores</strong></span> <span class='ocrx_word' id='word_1_360' title='bbox 1285 4247 1500 4318; x_wconf 89' lang='lat' dir='ltr'><strong>populi,</strong></span> <span class='ocrx_word' id='word_1_361' title='bbox 1539 4247 1826 4302; x_wconf 76' lang='lat' dir='ltr'><strong>dicentes:</strong></span> <span class='ocrx_word' id='word_1_362' title='bbox 1857 4248 1917 4302; x_wconf 93' lang='lat' dir='ltr'><strong>in</strong></span> <span class='ocrx_word' id='word_1_363' title='bbox 1942 4264 2054 4319; x_wconf 90' lang='lat' dir='ltr'><strong>qua</strong></span> <span class='ocrx_word' id='word_1_364' title='bbox 2081 4264 2177 4319; x_wconf 92' lang='lat' dir='ltr'><strong>po-</strong></span> 
     </span>
    </p>
   </div>
   <div class='ocr_carea' id='block_1_46' title="bbox 541 4339 2177 4411">
    <p class='ocr_par' dir='ltr' id='par_1_46' title="bbox 541 4339 2177 4411">
     <span class='ocr_line' id='line_1_46' title="bbox 541 4339 2177 4411; baseline -0.002 -12"><span class='ocrx_word' id='word_1_365' title='bbox 541 4346 740 4399; x_wconf 84' lang='lat' dir='ltr'><strong>testate</strong></span> <span class='ocrx_word' id='word_1_366' title='bbox 763 4342 886 4397; x_wconf 73' lang='lat' dir='ltr'><strong>hzec</strong></span> <span class='ocrx_word' id='word_1_367' title='bbox 905 4340 1065 4409; x_wconf 87' lang='lat' dir='ltr'><strong>facis,</strong></span> <span class='ocrx_word' id='word_1_368' title='bbox 1089 4344 1144 4394; x_wconf 91' lang='lat' dir='ltr'><strong>et</strong></span> <span class='ocrx_word' id='word_1_369' title='bbox 1162 4339 1289 4411; x_wconf 90' lang='lat' dir='ltr'><strong>quis</strong></span> <span class='ocrx_word' id='word_1_370' title='bbox 1310 4339 1590 4411; x_wconf 56' lang='lat' dir='ltr'><strong>dedutibi</strong></span> <span class='ocrx_word' id='word_1_371' title='bbox 1620 4340 1765 4394; x_wconf 87' lang='lat' dir='ltr'><strong>hanc</strong></span> <span class='ocrx_word' id='word_1_372' title='bbox 1795 4345 2130 4411; x_wconf 88' lang='lat' dir='ltr'><strong>potestatem</strong></span> <span class='ocrx_word' id='word_1_373' title='bbox 2149 4341 2177 4395; x_wconf 70' lang='grc' dir='ltr'><strong>Τ</strong></span> 
     </span>
    </p>
   </div>
   <div class='ocr_carea' id='block_1_47' title="bbox 542 4433 2176 4509">
    <p class='ocr_par' dir='ltr' id='par_1_47' title="bbox 542 4433 2176 4509">
     <span class='ocr_line' id='line_1_47' title="bbox 542 4433 2176 4509; baseline -0.003 -16"><span class='ocrx_word' id='word_1_374' title='bbox 542 4437 906 4509; x_wconf 81' lang='lat' dir='ltr'><strong>Respondeas</strong></span> <span class='ocrx_word' id='word_1_375' title='bbox 929 4436 1088 4491; x_wconf 89' lang='lat' dir='ltr'><strong>Iesus</strong></span> <span class='ocrx_word' id='word_1_376' title='bbox 1115 4433 1257 4489; x_wconf 83' lang='lat' dir='ltr'><strong>dixit</strong></span> <span class='ocrx_word' id='word_1_377' title='bbox 1282 4433 1391 4488; x_wconf 87' lang='lat' dir='ltr'><strong>illis</strong></span> <span class='ocrx_word' id='word_1_378' title='bbox 1417 4451 1429 4488; x_wconf 93' lang='lat'><strong>:</strong></span> <span class='ocrx_word' id='word_1_379' title='bbox 1461 4433 1829 4505; x_wconf 82' lang='lat' dir='ltr'><strong>lnterrogabo</strong></span> <span class='ocrx_word' id='word_1_380' title='bbox 1864 4451 1960 4489; x_wconf 89' lang='lat' dir='ltr'><strong>vos</strong></span> <span class='ocrx_word' id='word_1_381' title='bbox 1998 4439 2054 4489; x_wconf 92' lang='lat' dir='ltr'><strong>et</strong></span> <span class='ocrx_word' id='word_1_382' title='bbox 2070 4451 2176 4507; x_wconf 89' lang='lat' dir='ltr'><strong>ego</strong></span> 
     </span>
    </p>
   </div>
   <div class='ocr_carea' id='block_1_48' title="bbox 2269 507 3934 583">
    <p class='ocr_par' dir='ltr' id='par_1_48' title="bbox 2269 507 3934 583">
     <span class='ocr_line' id='line_1_48' title="bbox 2269 507 3934 583; baseline -0.005 -15"><span class='ocrx_word' id='word_1_383' title='bbox 2269 519 2461 569; x_wconf 90' lang='lat' dir='ltr'><strong>autem</strong></span> <span class='ocrx_word' id='word_1_384' title='bbox 2490 514 2557 568; x_wconf 89' lang='lat' dir='ltr'><strong>ad</strong></span> <span class='ocrx_word' id='word_1_385' title='bbox 2587 514 2849 583; x_wconf 90' lang='lat' dir='ltr'><strong>alterum,</strong></span> <span class='ocrx_word' id='word_1_386' title='bbox 2879 513 3021 569; x_wconf 88' lang='lat' dir='ltr'><strong>dixit</strong></span> <span class='ocrx_word' id='word_1_387' title='bbox 3044 512 3321 567; x_wconf 88' lang='lat' dir='ltr'><strong>similiter.</strong></span> <span class='ocrx_word' id='word_1_388' title='bbox 3351 511 3531 567; x_wconf 83' lang='lat' dir='ltr'><strong>Atille</strong></span> <span class='ocrx_word' id='word_1_389' title='bbox 3553 507 3934 581; x_wconf 88' lang='lat' dir='ltr'><strong>respondens</strong></span> 
     </span>
    </p>
   </div>
   <div class='ocr_carea' id='block_1_49' title="bbox 2271 600 3933 677">
    <p class='ocr_par' dir='ltr' id='par_1_49' title="bbox 2271 600 3933 677">
     <span class='ocr_line' id='line_1_49' title="bbox 2271 600 3933 677; baseline -0.004 -16"><span class='ocrx_word' id='word_1_390' title='bbox 2271 608 2351 661; x_wconf 89' lang='lat' dir='ltr'><strong>ait</strong></span> <span class='ocrx_word' id='word_1_391' title='bbox 2382 624 2395 661; x_wconf 95' lang='lat'><strong>:</strong></span> <span class='ocrx_word' id='word_1_392' title='bbox 2428 609 2528 676; x_wconf 89' lang='lat' dir='ltr'><strong>Eo,</strong></span> <span class='ocrx_word' id='word_1_393' title='bbox 2558 608 2807 677; x_wconf 89' lang='lat' dir='ltr'><strong>domine,</strong></span> <span class='ocrx_word' id='word_1_394' title='bbox 2837 613 2892 662; x_wconf 91' lang='lat' dir='ltr'><strong>et</strong></span> <span class='ocrx_word' id='word_1_395' title='bbox 2916 624 3030 663; x_wconf 92' lang='lat' dir='ltr'><strong>non</strong></span> <span class='ocrx_word' id='word_1_396' title='bbox 3062 607 3180 663; x_wconf 86' lang='lat' dir='ltr'><strong>ivit.</strong></span> <span class='ocrx_word' id='word_1_397' title='bbox 3217 606 3349 671; x_wconf 88' lang='lat' dir='ltr'><strong>Quis</strong></span> <span class='ocrx_word' id='word_1_398' title='bbox 3395 622 3463 660; x_wconf 78' lang='lat' dir='ltr'><strong>ex</strong></span> <span class='ocrx_word' id='word_1_399' title='bbox 3509 603 3750 659; x_wconf 89' lang='lat' dir='ltr'><strong>duobus</strong></span> <span class='ocrx_word' id='word_1_400' title='bbox 3797 600 3933 655; x_wconf 84' lang='lat' dir='ltr'><strong>fecit</strong></span> 
     </span>
    </p>
   </div>
   <div class='ocr_carea' id='block_1_50' title="bbox 2271 694 3931 767">
    <p class='ocr_par' dir='ltr' id='par_1_50' title="bbox 2271 694 3931 767">
     <span class='ocr_line' id='line_1_50' title="bbox 2271 694 3931 767; baseline -0.004 -12"><span class='ocrx_word' id='word_1_401' title='bbox 2271 701 2611 757; x_wconf 89' lang='lat' dir='ltr'><strong>voluntatem</strong></span> <span class='ocrx_word' id='word_1_402' title='bbox 2640 702 2817 756; x_wconf 89' lang='lat' dir='ltr'><strong>Patris</strong></span> <span class='ocrx_word' id='word_1_403' title='bbox 2835 702 2863 756; x_wconf 74' lang='lat' dir='ltr'><strong>‘I</strong></span> <span class='ocrx_word' id='word_1_404' title='bbox 2892 702 3096 756; x_wconf 91' lang='lat' dir='ltr'><strong>Dicunt</strong></span> <span class='ocrx_word' id='word_1_405' title='bbox 3123 702 3195 767; x_wconf 92' lang='lat' dir='ltr'><strong>ei,</strong></span> <span class='ocrx_word' id='word_1_406' title='bbox 3219 700 3583 754; x_wconf 76' lang='lat' dir='ltr'><strong>Novissimus.</strong></span> <span class='ocrx_word' id='word_1_407' title='bbox 3617 696 3780 752; x_wconf 88' lang='lat' dir='ltr'><strong>Dicit</strong></span> <span class='ocrx_word' id='word_1_408' title='bbox 3816 694 3931 748; x_wconf 90' lang='lat' dir='ltr'><strong>illis</strong></span> 
     </span>
    </p>
   </div>
   <div class='ocr_carea' id='block_1_51' title="bbox 2269 788 3936 867">
    <p class='ocr_par' dir='ltr' id='par_1_51' title="bbox 2269 788 3936 867">
     <span class='ocr_line' id='line_1_51' title="bbox 2269 788 3936 867; baseline -0.004 -17"><span class='ocrx_word' id='word_1_409' title='bbox 2269 796 2425 851; x_wconf 88' lang='lat' dir='ltr'><strong>Iesus</strong></span> <span class='ocrx_word' id='word_1_410' title='bbox 2457 814 2470 850; x_wconf 90' lang='lat'><strong>:</strong></span> <span class='ocrx_word' id='word_1_411' title='bbox 2501 798 2682 851; x_wconf 88' lang='lat' dir='ltr'><strong>Amen</strong></span> <span class='ocrx_word' id='word_1_412' title='bbox 2707 795 2831 850; x_wconf 91' lang='lat' dir='ltr'><strong>dico</strong></span> <span class='ocrx_word' id='word_1_413' title='bbox 2849 795 3023 865; x_wconf 86' lang='lat' dir='ltr'><strong>vobis,</strong></span> <span class='ocrx_word' id='word_1_414' title='bbox 3055 794 3188 867; x_wconf 88' lang='lat' dir='ltr'><strong>quia</strong></span> <span class='ocrx_word' id='word_1_415' title='bbox 3221 793 3505 866; x_wconf 87' lang='lat' dir='ltr'><strong>publicani</strong></span> <span class='ocrx_word' id='word_1_416' title='bbox 3554 797 3611 847; x_wconf 91' lang='lat' dir='ltr'><strong>et</strong></span> <span class='ocrx_word' id='word_1_417' title='bbox 3648 788 3936 846; x_wconf 86' lang='lat' dir='ltr'><strong>meretri-</strong></span> 
     </span>
    </p>
   </div>
   <div class='ocr_carea' id='block_1_52' title="bbox 2270 884 3937 961">
    <p class='ocr_par' dir='ltr' id='par_1_52' title="bbox 2270 884 3937 961">
     <span class='ocr_line' id='line_1_52' title="bbox 2270 884 3937 961; baseline -0.004 -17"><span class='ocrx_word' id='word_1_418' title='bbox 2270 906 2360 944; x_wconf 91' lang='lat' dir='ltr'><strong>ces</strong></span> <span class='ocrx_word' id='word_1_419' title='bbox 2402 890 2728 961; x_wconf 67' lang='lat' dir='ltr'><strong>praecedunt</strong></span> <span class='ocrx_word' id='word_1_420' title='bbox 2755 906 2850 943; x_wconf 91' lang='lat' dir='ltr'><strong>vos</strong></span> <span class='ocrx_word' id='word_1_421' title='bbox 2874 888 2934 943; x_wconf 92' lang='lat' dir='ltr'><strong>in</strong></span> <span class='ocrx_word' id='word_1_422' title='bbox 2958 905 3135 960; x_wconf 86' lang='lat' dir='ltr'><strong>regno</strong></span> <span class='ocrx_word' id='word_1_423' title='bbox 3161 888 3279 943; x_wconf 88' lang='lat' dir='ltr'><strong>Dei.</strong></span> <span class='ocrx_word' id='word_1_424' title='bbox 3309 887 3472 943; x_wconf 84' lang='lat' dir='ltr'><strong>Venit</strong></span> <span class='ocrx_word' id='word_1_425' title='bbox 3505 886 3663 941; x_wconf 90' lang='lat' dir='ltr'><strong>enim</strong></span> <span class='ocrx_word' id='word_1_426' title='bbox 3701 884 3789 939; x_wconf 89' lang='lat' dir='ltr'><strong>ad</strong></span> <span class='ocrx_word' id='word_1_427' title='bbox 3836 899 3937 937; x_wconf 84' lang='lat' dir='ltr'><strong>vos</strong></span> 
     </span>
    </p>
   </div>
   <div class='ocr_carea' id='block_1_53' title="bbox 2269 978 3937 1053">
    <p class='ocr_par' dir='ltr' id='par_1_53' title="bbox 2269 978 3937 1053">
     <span class='ocr_line' id='line_1_53' title="bbox 2269 978 3937 1053; baseline -0.005 -14"><span class='ocrx_word' id='word_1_428' title='bbox 2269 984 2549 1039; x_wconf 90' lang='lat' dir='ltr'><strong>Iohannes</strong></span> <span class='ocrx_word' id='word_1_429' title='bbox 2576 983 2635 1038; x_wconf 93' lang='lat' dir='ltr'><strong>in</strong></span> <span class='ocrx_word' id='word_1_430' title='bbox 2660 983 2746 1037; x_wconf 89' lang='lat' dir='ltr'><strong>via</strong></span> <span class='ocrx_word' id='word_1_431' title='bbox 2765 982 3020 1053; x_wconf 67' lang='lat' dir='ltr'><strong>justitize,</strong></span> <span class='ocrx_word' id='word_1_432' title='bbox 3043 987 3099 1037; x_wconf 91' lang='lat' dir='ltr'><strong>et</strong></span> <span class='ocrx_word' id='word_1_433' title='bbox 3146 998 3260 1036; x_wconf 89' lang='lat' dir='ltr'><strong>non</strong></span> <span class='ocrx_word' id='word_1_434' title='bbox 3304 980 3619 1036; x_wconf 86' lang='lat' dir='ltr'><strong>credidistis</strong></span> <span class='ocrx_word' id='word_1_435' title='bbox 3657 978 3717 1033; x_wconf 92' lang='lat' dir='ltr'><strong>ei</strong></span> <span class='ocrx_word' id='word_1_436' title='bbox 3755 996 3772 1032; x_wconf 90' lang='lat'><strong>:</strong></span> <span class='ocrx_word' id='word_1_437' title='bbox 3834 993 3937 1048; x_wconf 83' lang='lat' dir='ltr'><strong>pu-</strong></span> 
     </span>
    </p>
   </div>
   <div class='ocr_carea' id='block_1_54' title="bbox 2268 1074 3937 1141">
    <p class='ocr_par' dir='ltr' id='par_1_54' title="bbox 2268 1074 3937 1141">
     <span class='ocr_line' id='line_1_54' title="bbox 2268 1074 3937 1141; baseline -0.004 -10"><span class='ocrx_word' id='word_1_438' title='bbox 2268 1077 2474 1132; x_wconf 90' lang='lat' dir='ltr'><strong>blicani</strong></span> <span class='ocrx_word' id='word_1_439' title='bbox 2504 1081 2695 1132; x_wconf 89' lang='lat' dir='ltr'><strong>autem</strong></span> <span class='ocrx_word' id='word_1_440' title='bbox 2721 1081 2777 1131; x_wconf 86' lang='lat' dir='ltr'><strong>et</strong></span> <span class='ocrx_word' id='word_1_441' title='bbox 2800 1075 3123 1131; x_wconf 88' lang='lat' dir='ltr'><strong>meretrices</strong></span> <span class='ocrx_word' id='word_1_442' title='bbox 3150 1075 3510 1130; x_wconf 89' lang='lat' dir='ltr'><strong>crediderunt</strong></span> <span class='ocrx_word' id='word_1_443' title='bbox 3550 1074 3626 1141; x_wconf 90' lang='lat' dir='ltr'><strong>ei,</strong></span> <span class='ocrx_word' id='word_1_444' title='bbox 3675 1088 3791 1127; x_wconf 87' lang='lat' dir='ltr'><strong>vos</strong></span> <span class='ocrx_word' id='word_1_445' title='bbox 3839 1087 3937 1125; x_wconf 87' lang='lat' dir='ltr'><strong>au-</strong></span> 
     </span>
    </p>
   </div>
   <div class='ocr_carea' id='block_1_55' title="bbox 2268 1168 3935 1242">
    <p class='ocr_par' dir='ltr' id='par_1_55' title="bbox 2268 1168 3935 1242">
     <span class='ocr_line' id='line_1_55' title="bbox 2268 1168 3935 1242; baseline -0.005 -16"><span class='ocrx_word' id='word_1_446' title='bbox 2268 1176 2384 1226; x_wconf 91' lang='lat' dir='ltr'><strong>tem</strong></span> <span class='ocrx_word' id='word_1_447' title='bbox 2422 1171 2673 1226; x_wconf 90' lang='lat' dir='ltr'><strong>videntes</strong></span> <span class='ocrx_word' id='word_1_448' title='bbox 2715 1187 2818 1225; x_wconf 91' lang='lat' dir='ltr'><strong>nec</strong></span> <span class='ocrx_word' id='word_1_449' title='bbox 2861 1169 3249 1242; x_wconf 82' lang='lat' dir='ltr'><strong>paenitentiam</strong></span> <span class='ocrx_word' id='word_1_450' title='bbox 3288 1168 3559 1224; x_wconf 89' lang='lat' dir='ltr'><strong>habuistis</strong></span> <span class='ocrx_word' id='word_1_451' title='bbox 3600 1170 3823 1241; x_wconf 78' lang='lat' dir='ltr'><strong>postea</strong></span> <span class='ocrx_word' id='word_1_452' title='bbox 3873 1170 3935 1218; x_wconf 88' lang='lat' dir='ltr'><strong>ut</strong></span> 
     </span>
    </p>
   </div>
   <div class='ocr_carea' id='block_1_56' title="bbox 2269 1264 2658 1320">
    <p class='ocr_par' dir='ltr' id='par_1_56' title="bbox 2269 1264 2658 1320">
     <span class='ocr_line' id='line_1_56' title="bbox 2269 1264 2658 1320; baseline 0 -1"><span class='ocrx_word' id='word_1_453' title='bbox 2269 1264 2568 1320; x_wconf 87' lang='lat' dir='ltr'><strong>crederetis</strong></span> <span class='ocrx_word' id='word_1_454' title='bbox 2588 1264 2658 1319; x_wconf 88' lang='lat' dir='ltr'><strong>ei.</strong></span> 
     </span>
    </p>
   </div>
   <div class='ocr_carea' id='block_1_57' title="bbox 2842 1331 3305 1397">
    <p class='ocr_par' dir='ltr' id='par_1_57' title="bbox 2842 1331 3305 1397">
     <span class='ocr_line' id='line_1_57' title="bbox 2842 1331 3305 1397; baseline -0.004 -14"><span class='ocrx_word' id='word_1_455' title='bbox 2842 1335 2960 1383; x_wconf 88' lang='lat' dir='ltr'><strong>Post</strong></span> <span class='ocrx_word' id='word_1_456' title='bbox 2977 1331 3305 1397; x_wconf 82' lang='lat' dir='ltr'><strong>prophetiam</strong></span> 
     </span>
    </p>
   </div>
   <div class='ocr_carea' id='block_1_58' title="bbox 2339 1416 3933 1491">
    <p class='ocr_par' dir='ltr' id='par_1_58' title="bbox 2339 1416 3933 1491">
     <span class='ocr_line' id='line_1_58' title="bbox 2339 1416 3933 1491; baseline -0.003 -17"><span class='ocrx_word' id='word_1_457' title='bbox 2339 1420 2527 1491; x_wconf 84' lang='lat' dir='ltr'><strong>Aperi,</strong></span> <span class='ocrx_word' id='word_1_458' title='bbox 2567 1418 2821 1486; x_wconf 91' lang='lat' dir='ltr'><strong>Domine,</strong></span> <span class='ocrx_word' id='word_1_459' title='bbox 2868 1419 3110 1473; x_wconf 89' lang='lat' dir='ltr'><strong>claustra</strong></span> <span class='ocrx_word' id='word_1_460' title='bbox 3151 1418 3265 1473; x_wconf 92' lang='lat' dir='ltr'><strong>oris</strong></span> <span class='ocrx_word' id='word_1_461' title='bbox 3305 1418 3504 1485; x_wconf 91' lang='lat' dir='ltr'><strong>nostri,</strong></span> <span class='ocrx_word' id='word_1_462' title='bbox 3555 1434 3673 1472; x_wconf 93' lang='lat' dir='ltr'><strong>non</strong></span> <span class='ocrx_word' id='word_1_463' title='bbox 3731 1416 3933 1471; x_wconf 90' lang='lat' dir='ltr'><strong>solum</strong></span> 
     </span>
    </p>
   </div>
   <div class='ocr_carea' id='block_1_59' title="bbox 2267 1510 3935 1585">
    <p class='ocr_par' dir='ltr' id='par_1_59' title="bbox 2267 1510 3935 1585">
     <span class='ocr_line' id='line_1_59' title="bbox 2267 1510 3935 1585; baseline -0.002 -18"><span class='ocrx_word' id='word_1_464' title='bbox 2267 1513 2546 1585; x_wconf 81' lang='lat' dir='ltr'><strong>linguam,</strong></span> <span class='ocrx_word' id='word_1_465' title='bbox 2571 1512 2667 1567; x_wconf 91' lang='lat' dir='ltr'><strong>sed</strong></span> <span class='ocrx_word' id='word_1_466' title='bbox 2696 1517 2750 1567; x_wconf 92' lang='lat' dir='ltr'><strong>et</strong></span> <span class='ocrx_word' id='word_1_467' title='bbox 2773 1516 3050 1579; x_wconf 88' lang='lat' dir='ltr'><strong>mentem,</strong></span> <span class='ocrx_word' id='word_1_468' title='bbox 3074 1512 3384 1567; x_wconf 87' lang='lat' dir='ltr'><strong>secundum</strong></span> <span class='ocrx_word' id='word_1_469' title='bbox 3405 1511 3550 1567; x_wconf 88' lang='lat' dir='ltr'><strong>servi</strong></span> <span class='ocrx_word' id='word_1_470' title='bbox 3566 1510 3653 1565; x_wconf 90' lang='lat' dir='ltr'><strong>tui</strong></span> <span class='ocrx_word' id='word_1_471' title='bbox 3673 1510 3935 1565; x_wconf 83' lang='lat' dir='ltr'><strong>Zaccha-</strong></span> 
     </span>
    </p>
   </div>
   <div class='ocr_carea' id='block_1_60' title="bbox 2268 1605 3929 1679">
    <p class='ocr_par' dir='ltr' id='par_1_60' title="bbox 2268 1605 3929 1679">
     <span class='ocr_line' id='line_1_60' title="bbox 2268 1605 3929 1679; baseline -0.001 -18"><span class='ocrx_word' id='word_1_472' title='bbox 2268 1607 2368 1662; x_wconf 52' lang='lat' dir='ltr'><strong>rias</strong></span> <span class='ocrx_word' id='word_1_473' title='bbox 2394 1607 2703 1679; x_wconf 72' lang='lat' dir='ltr'><strong>prOphette,</strong></span> <span class='ocrx_word' id='word_1_474' title='bbox 2750 1611 2817 1661; x_wconf 92' lang='lat' dir='ltr'><strong>ut</strong></span> <span class='ocrx_word' id='word_1_475' title='bbox 2860 1605 3124 1660; x_wconf 91' lang='lat' dir='ltr'><strong>omnibus</strong></span> <span class='ocrx_word' id='word_1_476' title='bbox 3169 1605 3366 1660; x_wconf 90' lang='lat' dir='ltr'><strong>diebus</strong></span> <span class='ocrx_word' id='word_1_477' title='bbox 3411 1606 3539 1660; x_wconf 77' lang='lat' dir='ltr'><strong>vitae</strong></span> <span class='ocrx_word' id='word_1_478' title='bbox 3596 1609 3823 1660; x_wconf 59' lang='lat' dir='ltr'><strong>nostra</strong></span> <span class='ocrx_word' id='word_1_479' title='bbox 3874 1607 3929 1658; x_wconf 87' lang='lat' dir='ltr'><strong>te</strong></span> 
     </span>
    </p>
   </div>
   <div class='ocr_carea' id='block_1_61' title="bbox 2268 1699 3928 1771">
    <p class='ocr_par' dir='ltr' id='par_1_61' title="bbox 2268 1699 3928 1771">
     <span class='ocr_line' id='line_1_61' title="bbox 2268 1699 3928 1771; baseline -0.002 -16"><span class='ocrx_word' id='word_1_480' title='bbox 2268 1701 2495 1755; x_wconf 90' lang='lat' dir='ltr'><strong>laudare</strong></span> <span class='ocrx_word' id='word_1_481' title='bbox 2520 1700 2821 1771; x_wconf 88' lang='lat' dir='ltr'><strong>possimus,</strong></span> <span class='ocrx_word' id='word_1_482' title='bbox 2853 1704 2909 1754; x_wconf 91' lang='lat' dir='ltr'><strong>et</strong></span> <span class='ocrx_word' id='word_1_483' title='bbox 2939 1699 3329 1753; x_wconf 87' lang='lat' dir='ltr'><strong>remissionem</strong></span> <span class='ocrx_word' id='word_1_484' title='bbox 3374 1703 3743 1769; x_wconf 87' lang='lat' dir='ltr'><strong>peccatorum</strong></span> <span class='ocrx_word' id='word_1_485' title='bbox 3793 1712 3928 1752; x_wconf 85' lang='lat' dir='ltr'><strong>con-</strong></span> 
     </span>
    </p>
   </div>
   <div class='ocr_carea' id='block_1_62' title="bbox 2189 1792 3580 1877">
    <p class='ocr_par' dir='ltr' id='par_1_62' title="bbox 2189 1792 3580 1877">
     <span class='ocr_line' id='line_1_62' title="bbox 2189 1792 3580 1877; baseline -0.001 -27"><span class='ocrx_word' id='word_1_486' title='bbox 2189 1804 2246 1877; x_wconf 81' lang='lat' dir='ltr'><strong>B</strong></span> <span class='ocrx_word' id='word_1_487' title='bbox 2270 1794 2429 1867; x_wconf 91' lang='lat' dir='ltr'><strong>sequi</strong></span> <span class='ocrx_word' id='word_1_488' title='bbox 2455 1810 2780 1849; x_wconf 89' lang='lat' dir='ltr'><strong>mereamur</strong></span> <span class='ocrx_word' id='word_1_489' title='bbox 2804 1794 2864 1847; x_wconf 92' lang='lat' dir='ltr'><strong>in</strong></span> <span class='ocrx_word' id='word_1_490' title='bbox 2888 1792 2978 1846; x_wconf 90' lang='lat' dir='ltr'><strong>via</strong></span> <span class='ocrx_word' id='word_1_491' title='bbox 3004 1792 3157 1863; x_wconf 89' lang='lat' dir='ltr'><strong>pacis</strong></span> <span class='ocrx_word' id='word_1_492' title='bbox 3185 1798 3432 1848; x_wconf 72' lang='lat' dir='ltr'><strong>aeternae.</strong></span> <span class='ocrx_word' id='word_1_493' title='bbox 3454 1793 3580 1848; x_wconf 91' lang='lat' dir='ltr'><strong>Per.</strong></span> 
     </span>
    </p>
   </div>
   <div class='ocr_carea' id='block_1_63' title="bbox 2852 1888 3317 1943">
    <p class='ocr_par' dir='ltr' id='par_1_63' title="bbox 2852 1888 3317 1943">
     <span class='ocr_line' id='line_1_63' title="bbox 2852 1888 3317 1943; baseline 0.002 -2"><span class='ocrx_word' id='word_1_494' title='bbox 2852 1902 3053 1943; x_wconf 83' lang='lat' dir='ltr'><strong>INCIPIT</strong></span> <span class='ocrx_word' id='word_1_495' title='bbox 3092 1901 3251 1942; x_wconf 77' lang='lat' dir='ltr'><strong>MISSA</strong></span> <span class='ocrx_word' id='word_1_496' title='bbox 3270 1888 3317 1941; x_wconf 82' lang='grc'><strong>⁸.</strong></span> 
     </span>
    </p>
   </div>
   <div class='ocr_carea' id='block_1_64' title="bbox 2339 1978 3926 2053">
    <p class='ocr_par' dir='ltr' id='par_1_64' title="bbox 2339 1978 3926 2053">
     <span class='ocr_line' id='line_1_64' title="bbox 2339 1978 3926 2053; baseline -0.002 -16"><span class='ocrx_word' id='word_1_497' title='bbox 2339 1981 2705 2053; x_wconf 90' lang='lat' dir='ltr'><strong>Omnipotens</strong></span> <span class='ocrx_word' id='word_1_498' title='bbox 2729 1980 3071 2052; x_wconf 89' lang='lat' dir='ltr'><strong>sempiterne</strong></span> <span class='ocrx_word' id='word_1_499' title='bbox 3093 1981 3260 2050; x_wconf 89' lang='lat' dir='ltr'><strong>Deus,</strong></span> <span class='ocrx_word' id='word_1_500' title='bbox 3289 1979 3389 2051; x_wconf 90' lang='lat' dir='ltr'><strong>qui</strong></span> <span class='ocrx_word' id='word_1_501' title='bbox 3425 1980 3579 2035; x_wconf 89' lang='lat' dir='ltr'><strong>hunc</strong></span> <span class='ocrx_word' id='word_1_502' title='bbox 3610 1978 3785 2034; x_wconf 88' lang='lat' dir='ltr'><strong>nobis</strong></span> <span class='ocrx_word' id='word_1_503' title='bbox 3823 1978 3926 2034; x_wconf 88' lang='lat' dir='ltr'><strong>ho-</strong></span> 
     </span>
    </p>
   </div>
   <div class='ocr_carea' id='block_1_65' title="bbox 2268 2072 3925 2145">
    <p class='ocr_par' dir='ltr' id='par_1_65' title="bbox 2268 2072 3925 2145">
     <span class='ocr_line' id='line_1_65' title="bbox 2268 2072 3925 2145; baseline -0.002 -14"><span class='ocrx_word' id='word_1_504' title='bbox 2268 2075 2582 2131; x_wconf 89' lang='lat' dir='ltr'><strong>norabilem</strong></span> <span class='ocrx_word' id='word_1_505' title='bbox 2610 2075 2761 2129; x_wconf 90' lang='lat' dir='ltr'><strong>diem</strong></span> <span class='ocrx_word' id='word_1_506' title='bbox 2782 2074 2842 2130; x_wconf 91' lang='lat' dir='ltr'><strong>in</strong></span> <span class='ocrx_word' id='word_1_507' title='bbox 2871 2074 3022 2129; x_wconf 91' lang='lat' dir='ltr'><strong>beati</strong></span> <span class='ocrx_word' id='word_1_508' title='bbox 3046 2073 3317 2129; x_wconf 90' lang='lat' dir='ltr'><strong>Iohannis</strong></span> <span class='ocrx_word' id='word_1_509' title='bbox 3337 2073 3600 2145; x_wconf 69' lang='lat' dir='ltr'><strong>Baptistae</strong></span> <span class='ocrx_word' id='word_1_510' title='bbox 3618 2072 3925 2128; x_wconf 86' lang='lat' dir='ltr'><strong>nativitate</strong></span> 
     </span>
    </p>
   </div>
   <div class='ocr_carea' id='block_1_66' title="bbox 2268 2166 3926 2240">
    <p class='ocr_par' dir='ltr' id='par_1_66' title="bbox 2268 2166 3926 2240">
     <span class='ocr_line' id='line_1_66' title="bbox 2268 2166 3926 2240; baseline -0.002 -16"><span class='ocrx_word' id='word_1_511' title='bbox 2268 2169 2449 2225; x_wconf 82' lang='lat' dir='ltr'><strong>fecisti</strong></span> <span class='ocrx_word' id='word_1_512' title='bbox 2486 2168 2792 2240; x_wconf 90' lang='lat' dir='ltr'><strong>insignem,</strong></span> <span class='ocrx_word' id='word_1_513' title='bbox 2824 2184 3154 2240; x_wconf 59' lang='lat' dir='ltr'><strong>quaesumus</strong></span> <span class='ocrx_word' id='word_1_514' title='bbox 3182 2172 3249 2222; x_wconf 90' lang='lat' dir='ltr'><strong>ut</strong></span> <span class='ocrx_word' id='word_1_515' title='bbox 3275 2172 3409 2222; x_wconf 92' lang='lat' dir='ltr'><strong>tuus</strong></span> <span class='ocrx_word' id='word_1_516' title='bbox 3439 2183 3781 2239; x_wconf 64' lang='lat' dir='ltr'><strong>prtecursor,</strong></span> <span class='ocrx_word' id='word_1_517' title='bbox 3815 2166 3926 2237; x_wconf 86' lang='lat' dir='ltr'><strong>qui</strong></span> 
     </span>
    </p>
   </div>
   <div class='ocr_carea' id='block_1_67' title="bbox 2268 2261 3925 2332">
    <p class='ocr_par' dir='ltr' id='par_1_67' title="bbox 2268 2261 3925 2332">
     <span class='ocr_line' id='line_1_67' title="bbox 2268 2261 3925 2332; baseline -0.003 -14"><span class='ocrx_word' id='word_1_518' title='bbox 2268 2263 2418 2318; x_wconf 90' lang='lat' dir='ltr'><strong>inter</strong></span> <span class='ocrx_word' id='word_1_519' title='bbox 2444 2268 2605 2317; x_wconf 89' lang='lat' dir='ltr'><strong>natos</strong></span> <span class='ocrx_word' id='word_1_520' title='bbox 2648 2262 2957 2317; x_wconf 88' lang='lat' dir='ltr'><strong>mulierum</strong></span> <span class='ocrx_word' id='word_1_521' title='bbox 3005 2261 3272 2316; x_wconf 82' lang='lat' dir='ltr'><strong>omnibus</strong></span> <span class='ocrx_word' id='word_1_522' title='bbox 3297 2261 3483 2332; x_wconf 71' lang='lat' dir='ltr'><strong>major</strong></span> <span class='ocrx_word' id='word_1_523' title='bbox 3506 2261 3780 2329; x_wconf 87' lang='lat' dir='ltr'><strong>surrexit,</strong></span> <span class='ocrx_word' id='word_1_524' title='bbox 3823 2276 3925 2314; x_wconf 86' lang='lat' dir='ltr'><strong>no-</strong></span> 
     </span>
    </p>
   </div>
   <div class='ocr_carea' id='block_1_68' title="bbox 2270 2354 3594 2428">
    <p class='ocr_par' dir='ltr' id='par_1_68' title="bbox 2270 2354 3594 2428">
     <span class='ocr_line' id='line_1_68' title="bbox 2270 2354 3594 2428; baseline -0.002 -17"><span class='ocrx_word' id='word_1_525' title='bbox 2270 2360 2446 2412; x_wconf 90' lang='lat' dir='ltr'><strong>stram</strong></span> <span class='ocrx_word' id='word_1_526' title='bbox 2470 2356 2840 2428; x_wconf 86' lang='lat' dir='ltr'><strong>fragilitatem</strong></span> <span class='ocrx_word' id='word_1_527' title='bbox 2859 2360 2970 2411; x_wconf 56' lang='lat' dir='ltr'><strong>tua;</strong></span> <span class='ocrx_word' id='word_1_528' title='bbox 2992 2355 3189 2426; x_wconf 86' lang='lat' dir='ltr'><strong>pietati</strong></span> <span class='ocrx_word' id='word_1_529' title='bbox 3218 2354 3594 2410; x_wconf 91' lang='lat' dir='ltr'><strong>commendet.</strong></span> 
     </span>
    </p>
   </div>
   <div class='ocr_carea' id='block_1_69' title="bbox 2953 2448 3224 2498">
    <p class='ocr_par' dir='ltr' id='par_1_69' title="bbox 2953 2448 3224 2498">
     <span class='ocr_line' id='line_1_69' title="bbox 2953 2448 3224 2498; baseline 0.004 -1"><span class='ocrx_word' id='word_1_530' title='bbox 2953 2448 3224 2498; x_wconf 82' lang='lat' dir='ltr'><strong>Collectio.</strong></span> 
     </span>
    </p>
   </div>
   <div class='ocr_carea' id='block_1_70' title="bbox 2344 2528 3923 2603">
    <p class='ocr_par' dir='ltr' id='par_1_70' title="bbox 2344 2528 3923 2603">
     <span class='ocr_line' id='line_1_70' title="bbox 2344 2528 3923 2603; baseline -0.004 -15"><span class='ocrx_word' id='word_1_531' title='bbox 2344 2534 2491 2588; x_wconf 90' lang='lat' dir='ltr'><strong>Deus</strong></span> <span class='ocrx_word' id='word_1_532' title='bbox 2539 2530 2638 2603; x_wconf 92' lang='lat' dir='ltr'><strong>qui</strong></span> <span class='ocrx_word' id='word_1_533' title='bbox 2688 2530 2840 2585; x_wconf 89' lang='lat' dir='ltr'><strong>hunc</strong></span> <span class='ocrx_word' id='word_1_534' title='bbox 2875 2529 3025 2584; x_wconf 88' lang='lat' dir='ltr'><strong>diem</strong></span> <span class='ocrx_word' id='word_1_535' title='bbox 3082 2529 3388 2583; x_wconf 87' lang='lat' dir='ltr'><strong>nativitatis</strong></span> <span class='ocrx_word' id='word_1_536' title='bbox 3436 2528 3587 2584; x_wconf 87' lang='lat' dir='ltr'><strong>beati</strong></span> <span class='ocrx_word' id='word_1_537' title='bbox 3640 2528 3923 2583; x_wconf 89' lang='lat' dir='ltr'><strong>Iohannis</strong></span> 
     </span>
    </p>
   </div>
   <div class='ocr_carea' id='block_1_71' title="bbox 2270 2622 3917 2698">
    <p class='ocr_par' dir='ltr' id='par_1_71' title="bbox 2270 2622 3917 2698">
     <span class='ocr_line' id='line_1_71' title="bbox 2270 2622 3917 2698; baseline -0.003 -17"><span class='ocrx_word' id='word_1_538' title='bbox 2270 2626 2537 2698; x_wconf 70' lang='lat' dir='ltr'><strong>Baptistae</strong></span> <span class='ocrx_word' id='word_1_539' title='bbox 2583 2623 3082 2694; x_wconf 88' lang='lat' dir='ltr'><strong>incomparabilem</strong></span> <span class='ocrx_word' id='word_1_540' title='bbox 3128 2622 3458 2677; x_wconf 88' lang='lat' dir='ltr'><strong>hominibus</strong></span> <span class='ocrx_word' id='word_1_541' title='bbox 3530 2622 3917 2677; x_wconf 87' lang='lat' dir='ltr'><strong>consecrasti:</strong></span> 
     </span>
    </p>
   </div>
   <div class='ocr_carea' id='block_1_72' title="bbox 2270 2715 3921 2792">
    <p class='ocr_par' dir='ltr' id='par_1_72' title="bbox 2270 2715 3921 2792">
     <span class='ocr_line' id='line_1_72' title="bbox 2270 2715 3921 2792; baseline -0.003 -19"><span class='ocrx_word' id='word_1_542' title='bbox 2270 2722 2475 2792; x_wconf 62' lang='lat' dir='ltr'><strong>praesta</strong></span> <span class='ocrx_word' id='word_1_543' title='bbox 2504 2718 2667 2773; x_wconf 91' lang='lat' dir='ltr'><strong>nobis</strong></span> <span class='ocrx_word' id='word_1_544' title='bbox 2698 2718 2766 2772; x_wconf 92' lang='lat' dir='ltr'><strong>de</strong></span> <span class='ocrx_word' id='word_1_545' title='bbox 2794 2717 2915 2788; x_wconf 88' lang='lat' dir='ltr'><strong>ejus</strong></span> <span class='ocrx_word' id='word_1_546' title='bbox 2941 2716 3180 2783; x_wconf 87' lang='lat' dir='ltr'><strong>meritis,</strong></span> <span class='ocrx_word' id='word_1_547' title='bbox 3224 2716 3373 2771; x_wconf 89' lang='lat' dir='ltr'><strong>illius</strong></span> <span class='ocrx_word' id='word_1_548' title='bbox 3411 2732 3514 2770; x_wconf 92' lang='lat' dir='ltr'><strong>nos</strong></span> <span class='ocrx_word' id='word_1_549' title='bbox 3544 2715 3921 2771; x_wconf 88' lang='lat' dir='ltr'><strong>calceamenti</strong></span> 
     </span>
    </p>
   </div>
   <div class='ocr_carea' id='block_1_73' title="bbox 2272 2809 3919 2886">
    <p class='ocr_par' dir='ltr' id='par_1_73' title="bbox 2272 2809 3919 2886">
     <span class='ocr_line' id='line_1_73' title="bbox 2272 2809 3919 2886; baseline -0.004 -18"><span class='ocrx_word' id='word_1_550' title='bbox 2272 2814 2433 2886; x_wconf 89' lang='lat' dir='ltr'><strong>sequi</strong></span> <span class='ocrx_word' id='word_1_551' title='bbox 2461 2811 2766 2883; x_wconf 88' lang='lat' dir='ltr'><strong>vestigium</strong></span> <span class='ocrx_word' id='word_1_552' title='bbox 2810 2809 2925 2883; x_wconf 85' lang='lat' dir='ltr'><strong>[qui</strong></span> <span class='ocrx_word' id='word_1_553' title='bbox 2949 2828 3006 2865; x_wconf 90' lang='lat' dir='ltr'><strong>se</strong></span> <span class='ocrx_word' id='word_1_554' title='bbox 3029 2811 3102 2865; x_wconf 87' lang='lat' dir='ltr'><strong>ad</strong></span> <span class='ocrx_word' id='word_1_555' title='bbox 3120 2810 3443 2866; x_wconf 87' lang='lat' dir='ltr'><strong>solvendam</strong></span> <span class='ocrx_word' id='word_1_556' title='bbox 3468 2809 3773 2865; x_wconf 89' lang='lat' dir='ltr'><strong>Salvatoris</strong></span> <span class='ocrx_word' id='word_1_557' title='bbox 3803 2826 3919 2864; x_wconf 90' lang='lat' dir='ltr'><strong>cor-</strong></span> 
     </span>
    </p>
   </div>
   <div class='ocr_carea' id='block_1_74' title="bbox 2271 2904 3283 2979">
    <p class='ocr_par' dir='ltr' id='par_1_74' title="bbox 2271 2904 3283 2979">
     <span class='ocr_line' id='line_1_74' title="bbox 2271 2904 3283 2979; baseline -0.003 -17"><span class='ocrx_word' id='word_1_558' title='bbox 2271 2907 2477 2979; x_wconf 89' lang='lat' dir='ltr'><strong>rigiam</strong></span> <span class='ocrx_word' id='word_1_559' title='bbox 2504 2905 2834 2979; x_wconf 63' lang='lat' dir='ltr'><strong>praedicavit</strong></span> <span class='ocrx_word' id='word_1_560' title='bbox 2861 2904 3184 2976; x_wconf 89' lang='lat' dir='ltr'><strong>indignum.</strong></span> <span class='ocrx_word' id='word_1_561' title='bbox 3272 2961 3283 2967; x_wconf 85' lang='lat'><strong><em>_</em></strong></span> 
     </span>
    </p>
   </div>
   <div class='ocr_carea' id='block_1_75' title="bbox 2896 2997 3278 3049">
    <p class='ocr_par' dir='ltr' id='par_1_75' title="bbox 2896 2997 3278 3049">
     <span class='ocr_line' id='line_1_75' title="bbox 2896 2997 3278 3049; baseline 0.005 -3"><span class='ocrx_word' id='word_1_562' title='bbox 2896 2999 3015 3047; x_wconf 88' lang='lat' dir='ltr'><strong>Post</strong></span> <span class='ocrx_word' id='word_1_563' title='bbox 3045 2997 3278 3049; x_wconf 86' lang='lat' dir='ltr'><strong>nomina.</strong></span> 
     </span>
    </p>
   </div>
   <div class='ocr_carea' id='block_1_76' title="bbox 2341 3077 3915 3152">
    <p class='ocr_par' dir='ltr' id='par_1_76' title="bbox 2341 3077 3915 3152">
     <span class='ocr_line' id='line_1_76' title="bbox 2341 3077 3915 3152; baseline -0.003 -16"><span class='ocrx_word' id='word_1_564' title='bbox 2341 3082 2475 3152; x_wconf 89' lang='lat' dir='ltr'><strong>Tua,</strong></span> <span class='ocrx_word' id='word_1_565' title='bbox 2506 3080 2765 3147; x_wconf 89' lang='lat' dir='ltr'><strong>Domine,</strong></span> <span class='ocrx_word' id='word_1_566' title='bbox 2787 3079 3122 3134; x_wconf 88' lang='lat' dir='ltr'><strong>muneribus</strong></span> <span class='ocrx_word' id='word_1_567' title='bbox 3163 3078 3426 3134; x_wconf 86' lang='lat' dir='ltr'><strong>salutaria</strong></span> <span class='ocrx_word' id='word_1_568' title='bbox 3452 3077 3481 3119; x_wconf 74' lang='grc' dir='ltr'><strong>ι)</strong></span> <span class='ocrx_word' id='word_1_569' title='bbox 3527 3078 3915 3143; x_wconf 75' lang='lat' dir='ltr'><strong>cumulemus,</strong></span> 
     </span>
    </p>
   </div>
   <div class='ocr_carea' id='block_1_77' title="bbox 2455 3171 3916 3244">
    <p class='ocr_par' dir='ltr' id='par_1_77' title="bbox 2455 3171 3916 3244">
     <span class='ocr_line' id='line_1_77' title="bbox 2455 3171 3916 3244; baseline -0.003 -15"><span class='ocrx_word' id='word_1_570' title='bbox 2455 3174 2722 3230; x_wconf 88' lang='lat' dir='ltr'><strong>Iohannis</strong></span> <span class='ocrx_word' id='word_1_571' title='bbox 2771 3173 3033 3244; x_wconf 67' lang='lat' dir='ltr'><strong>Baptista:</strong></span> <span class='ocrx_word' id='word_1_572' title='bbox 3072 3172 3420 3229; x_wconf 87' lang='lat' dir='ltr'><strong>nativitatem</strong></span> <span class='ocrx_word' id='word_1_573' title='bbox 3465 3172 3685 3228; x_wconf 86' lang='lat' dir='ltr'><strong>honore</strong></span> <span class='ocrx_word' id='word_1_574' title='bbox 3725 3171 3916 3227; x_wconf 87' lang='lat' dir='ltr'><strong>debito</strong></span> 
     </span>
    </p>
   </div>
   <div class='ocr_carea' id='block_1_78' title="bbox 2270 3264 3915 3339">
    <p class='ocr_par' dir='ltr' id='par_1_78' title="bbox 2270 3264 3915 3339">
     <span class='ocr_line' id='line_1_78' title="bbox 2270 3264 3915 3339; baseline -0.004 -14"><span class='ocrx_word' id='word_1_575' title='bbox 2270 3269 2635 3339; x_wconf 87' lang='lat' dir='ltr'><strong>celebrantes,</strong></span> <span class='ocrx_word' id='word_1_576' title='bbox 2687 3267 2785 3339; x_wconf 91' lang='lat' dir='ltr'><strong>qui</strong></span> <span class='ocrx_word' id='word_1_577' title='bbox 2830 3267 3174 3323; x_wconf 85' lang='lat' dir='ltr'><strong>Salvatorem</strong></span> <span class='ocrx_word' id='word_1_578' title='bbox 3211 3266 3411 3322; x_wconf 90' lang='lat' dir='ltr'><strong>mundi</strong></span> <span class='ocrx_word' id='word_1_579' title='bbox 3436 3266 3640 3323; x_wconf 86' lang='lat' dir='ltr'><strong>cecinit</strong></span> <span class='ocrx_word' id='word_1_580' title='bbox 3666 3264 3745 3320; x_wconf 90' lang='lat' dir='ltr'><strong>ad</strong></span> <span class='ocrx_word' id='word_1_581' title='bbox 3773 3265 3915 3320; x_wconf 87' lang='lat' dir='ltr'><strong>salu-</strong></span> 
     </span>
    </p>
   </div>
   <div class='ocr_carea' id='block_1_79' title="bbox 2269 3368 2407 3420">
    <p class='ocr_par' dir='ltr' id='par_1_79' title="bbox 2269 3368 2407 3420">
     <span class='ocr_line' id='line_1_79' title="bbox 2269 3368 2407 3420; baseline -0.007 0"><span class='ocrx_word' id='word_1_582' title='bbox 2269 3368 2407 3420; x_wconf 86' lang='lat' dir='ltr'><strong>tem.</strong></span> 
     </span>
    </p>
   </div>
   <div class='ocr_carea' id='block_1_80' title="bbox 2934 3430 3241 3494">
    <p class='ocr_par' dir='ltr' id='par_1_80' title="bbox 2934 3430 3241 3494">
     <span class='ocr_line' id='line_1_80' title="bbox 2934 3430 3241 3494; baseline 0 -14"><span class='ocrx_word' id='word_1_583' title='bbox 2934 3430 3009 3480; x_wconf 84' lang='lat' dir='ltr'><strong>Ad</strong></span> <span class='ocrx_word' id='word_1_584' title='bbox 3038 3444 3241 3494; x_wconf 89' lang='lat' dir='ltr'><strong>pacem.</strong></span> 
     </span>
    </p>
   </div>
   <div class='ocr_carea' id='block_1_81' title="bbox 2344 3510 3917 3585">
    <p class='ocr_par' dir='ltr' id='par_1_81' title="bbox 2344 3510 3917 3585">
     <span class='ocr_line' id='line_1_81' title="bbox 2344 3510 3917 3585; baseline -0.002 -16"><span class='ocrx_word' id='word_1_585' title='bbox 2344 3517 2571 3581; x_wconf 66' lang='lat' dir='ltr'><strong>Praesta,</strong></span> <span class='ocrx_word' id='word_1_586' title='bbox 2598 3528 2947 3585; x_wconf 81' lang='lat' dir='ltr'><strong>quaesumus,</strong></span> <span class='ocrx_word' id='word_1_587' title='bbox 2979 3513 3235 3580; x_wconf 89' lang='lat' dir='ltr'><strong>Domine,</strong></span> <span class='ocrx_word' id='word_1_588' title='bbox 3264 3517 3330 3567; x_wconf 93' lang='lat' dir='ltr'><strong>ut</strong></span> <span class='ocrx_word' id='word_1_589' title='bbox 3375 3513 3618 3585; x_wconf 92' lang='lat' dir='ltr'><strong>populus</strong></span> <span class='ocrx_word' id='word_1_590' title='bbox 3665 3518 3810 3567; x_wconf 89' lang='lat' dir='ltr'><strong>tuus</strong></span> <span class='ocrx_word' id='word_1_591' title='bbox 3853 3510 3917 3566; x_wconf 88' lang='lat' dir='ltr'><strong>ad</strong></span> 
     </span>
    </p>
   </div>
   <div class='ocr_carea' id='block_1_82' title="bbox 2271 3604 3917 3682">
    <p class='ocr_par' dir='ltr' id='par_1_82' title="bbox 2271 3604 3917 3682">
     <span class='ocr_line' id='line_1_82' title="bbox 2271 3604 3917 3682; baseline -0.001 -19"><span class='ocrx_word' id='word_1_592' title='bbox 2271 3610 2456 3682; x_wconf 67' lang='lat' dir='ltr'><strong>plena:</strong></span> <span class='ocrx_word' id='word_1_593' title='bbox 2485 3604 2793 3663; x_wconf 83' lang='lat' dir='ltr'><strong>devotionis</strong></span> <span class='ocrx_word' id='word_1_594' title='bbox 2842 3607 3127 3678; x_wconf 78' lang='lat' dir='ltr'><strong>effectum,</strong></span> <span class='ocrx_word' id='word_1_595' title='bbox 3175 3606 3324 3662; x_wconf 89' lang='lat' dir='ltr'><strong>beati</strong></span> <span class='ocrx_word' id='word_1_596' title='bbox 3349 3607 3617 3662; x_wconf 89' lang='lat' dir='ltr'><strong>Iohannis</strong></span> <span class='ocrx_word' id='word_1_597' title='bbox 3650 3607 3917 3679; x_wconf 63' lang='lat' dir='ltr'><strong>Baptista</strong></span> 
     </span>
    </p>
   </div>
   <div class='ocr_carea' id='block_1_83' title="bbox 2272 3700 3917 3773">
    <p class='ocr_par' dir='ltr' id='par_1_83' title="bbox 2272 3700 3917 3773">
     <span class='ocr_line' id='line_1_83' title="bbox 2272 3700 3917 3773; baseline -0.003 -14"><span class='ocrx_word' id='word_1_598' title='bbox 2272 3702 2540 3759; x_wconf 88' lang='lat' dir='ltr'><strong>natalitiis</strong></span> <span class='ocrx_word' id='word_1_599' title='bbox 2567 3701 2874 3772; x_wconf 90' lang='lat' dir='ltr'><strong>imbuatur,</strong></span> <span class='ocrx_word' id='word_1_600' title='bbox 2908 3717 3079 3773; x_wconf 89' lang='lat' dir='ltr'><strong>quem</strong></span> <span class='ocrx_word' id='word_1_601' title='bbox 3103 3700 3428 3773; x_wconf 64' lang='lat' dir='ltr'><strong>praemisisti</strong></span> <span class='ocrx_word' id='word_1_602' title='bbox 3471 3701 3609 3755; x_wconf 84' lang='lat' dir='ltr'><strong>Filio</strong></span> <span class='ocrx_word' id='word_1_603' title='bbox 3652 3706 3759 3755; x_wconf 90' lang='lat' dir='ltr'><strong>tuo</strong></span> <span class='ocrx_word' id='word_1_604' title='bbox 3804 3700 3917 3772; x_wconf 88' lang='lat' dir='ltr'><strong>ple-</strong></span> 
     </span>
    </p>
   </div>
   <div class='ocr_carea' id='block_1_84' title="bbox 2272 3795 2983 3869">
    <p class='ocr_par' dir='ltr' id='par_1_84' title="bbox 2272 3795 2983 3869">
     <span class='ocr_line' id='line_1_84' title="bbox 2272 3795 2983 3869; baseline -0.004 -17"><span class='ocrx_word' id='word_1_605' title='bbox 2272 3796 2403 3853; x_wconf 91' lang='lat' dir='ltr'><strong>bem</strong></span> <span class='ocrx_word' id='word_1_606' title='bbox 2423 3811 2621 3869; x_wconf 88' lang='lat' dir='ltr'><strong>parare</strong></span> <span class='ocrx_word' id='word_1_607' title='bbox 2647 3795 2983 3868; x_wconf 83' lang='lat' dir='ltr'><strong>perfectam.</strong></span> 
     </span>
    </p>
   </div>
   <div class='ocr_carea' id='block_1_85' title="bbox 2921 3888 3258 3938">
    <p class='ocr_par' dir='ltr' id='par_1_85' title="bbox 2921 3888 3258 3938">
     <span class='ocr_line' id='line_1_85' title="bbox 2921 3888 3258 3938; baseline -0.003 -1"><span class='ocrx_word' id='word_1_608' title='bbox 2921 3888 3235 3938; x_wconf 88' lang='lat' dir='ltr'><strong>Contestatio</strong></span> <span class='ocrx_word' id='word_1_609' title='bbox 3248 3924 3258 3936; x_wconf 94' lang='lat'><strong>.</strong></span> 
     </span>
    </p>
   </div>
   <div class='ocr_carea' id='block_1_86' title="bbox 2344 3968 3912 4042">
    <p class='ocr_par' dir='ltr' id='par_1_86' title="bbox 2344 3968 3912 4042">
     <span class='ocr_line' id='line_1_86' title="bbox 2344 3968 3912 4042; baseline 0 -17"><span class='ocrx_word' id='word_1_610' title='bbox 2344 3972 2485 4026; x_wconf 86' lang='lat' dir='ltr'><strong>Vere</strong></span> <span class='ocrx_word' id='word_1_611' title='bbox 2510 3970 2748 4042; x_wconf 88' lang='lat' dir='ltr'><strong>dignum</strong></span> <span class='ocrx_word' id='word_1_612' title='bbox 2776 3974 2831 4024; x_wconf 90' lang='lat' dir='ltr'><strong>et</strong></span> <span class='ocrx_word' id='word_1_613' title='bbox 2850 3968 3072 4039; x_wconf 88' lang='lat' dir='ltr'><strong>justum</strong></span> <span class='ocrx_word' id='word_1_614' title='bbox 3098 3974 3199 4038; x_wconf 90' lang='lat' dir='ltr'><strong>est,</strong></span> <span class='ocrx_word' id='word_1_615' title='bbox 3228 3968 3587 4039; x_wconf 80' lang='lat' dir='ltr'><strong>omnipotens</strong></span> <span class='ocrx_word' id='word_1_616' title='bbox 3632 3969 3810 4036; x_wconf 88' lang='lat' dir='ltr'><strong>Deus,</strong></span> <span class='ocrx_word' id='word_1_617' title='bbox 3859 3972 3912 4025; x_wconf 89' lang='lat' dir='ltr'><strong>in</strong></span> 
     </span>
    </p>
   </div>
   <div class='ocr_carea' id='block_1_87' title="bbox 2274 4061 3913 4134">
    <p class='ocr_par' dir='ltr' id='par_1_87' title="bbox 2274 4061 3913 4134">
     <span class='ocr_line' id='line_1_87' title="bbox 2274 4061 3913 4134; baseline -0.001 -14"><span class='ocrx_word' id='word_1_618' title='bbox 2274 4064 2364 4120; x_wconf 89' lang='lat' dir='ltr'><strong>die</strong></span> <span class='ocrx_word' id='word_1_619' title='bbox 2387 4064 2702 4120; x_wconf 88' lang='lat' dir='ltr'><strong>festivitatis</strong></span> <span class='ocrx_word' id='word_1_620' title='bbox 2747 4062 3058 4132; x_wconf 83' lang='lat' dir='ltr'><strong>hodiernae,</strong></span> <span class='ocrx_word' id='word_1_621' title='bbox 3109 4079 3222 4134; x_wconf 91' lang='lat' dir='ltr'><strong>quo</strong></span> <span class='ocrx_word' id='word_1_622' title='bbox 3257 4062 3455 4117; x_wconf 89' lang='lat' dir='ltr'><strong>beatus</strong></span> <span class='ocrx_word' id='word_1_623' title='bbox 3492 4061 3588 4118; x_wconf 91' lang='lat' dir='ltr'><strong>ille</strong></span> <span class='ocrx_word' id='word_1_624' title='bbox 3625 4063 3913 4120; x_wconf 88' lang='lat' dir='ltr'><strong>Iohannes</strong></span> 
     </span>
    </p>
   </div>
   <div class='ocr_carea' id='block_1_88' title="bbox 2275 4156 3910 4229">
    <p class='ocr_par' dir='ltr' id='par_1_88' title="bbox 2275 4156 3910 4229">
     <span class='ocr_line' id='line_1_88' title="bbox 2275 4156 3910 4229; baseline 0 -15"><span class='ocrx_word' id='word_1_625' title='bbox 2275 4162 2503 4214; x_wconf 88' lang='lat' dir='ltr'><strong>exortus</strong></span> <span class='ocrx_word' id='word_1_626' title='bbox 2546 4163 2648 4228; x_wconf 89' lang='lat' dir='ltr'><strong>est,</strong></span> <span class='ocrx_word' id='word_1_627' title='bbox 2678 4156 2775 4229; x_wconf 92' lang='lat' dir='ltr'><strong>qui</strong></span> <span class='ocrx_word' id='word_1_628' title='bbox 2803 4172 2998 4211; x_wconf 91' lang='lat' dir='ltr'><strong>vocem</strong></span> <span class='ocrx_word' id='word_1_629' title='bbox 3034 4157 3221 4211; x_wconf 84' lang='lat' dir='ltr'><strong>Matris</strong></span> <span class='ocrx_word' id='word_1_630' title='bbox 3251 4156 3471 4211; x_wconf 90' lang='lat' dir='ltr'><strong>Domini</strong></span> <span class='ocrx_word' id='word_1_631' title='bbox 3500 4156 3763 4212; x_wconf 90' lang='lat' dir='ltr'><strong>nondum</strong></span> <span class='ocrx_word' id='word_1_632' title='bbox 3794 4158 3910 4214; x_wconf 85' lang='lat' dir='ltr'><strong>edi-</strong></span> 
     </span>
    </p>
   </div>
   <div class='ocr_carea' id='block_1_89' title="bbox 2274 4250 3911 4319">
    <p class='ocr_par' dir='ltr' id='par_1_89' title="bbox 2274 4250 3911 4319">
     <span class='ocr_line' id='line_1_89' title="bbox 2274 4250 3911 4319; baseline -0.001 -11"><span class='ocrx_word' id='word_1_633' title='bbox 2274 4258 2366 4308; x_wconf 90' lang='lat' dir='ltr'><strong>tus</strong></span> <span class='ocrx_word' id='word_1_634' title='bbox 2395 4252 2588 4319; x_wconf 89' lang='lat' dir='ltr'><strong>sensit,</strong></span> <span class='ocrx_word' id='word_1_635' title='bbox 2611 4256 2667 4306; x_wconf 88' lang='lat' dir='ltr'><strong>et</strong></span> <span class='ocrx_word' id='word_1_636' title='bbox 2689 4250 2874 4305; x_wconf 86' lang='lat' dir='ltr'><strong>adhuc</strong></span> <span class='ocrx_word' id='word_1_637' title='bbox 2897 4250 3117 4305; x_wconf 90' lang='lat' dir='ltr'><strong>clausus</strong></span> <span class='ocrx_word' id='word_1_638' title='bbox 3154 4254 3315 4305; x_wconf 88' lang='lat' dir='ltr'><strong>utero</strong></span> <span class='ocrx_word' id='word_1_639' title='bbox 3360 4250 3667 4306; x_wconf 88' lang='lat' dir='ltr'><strong>adventum</strong></span> <span class='ocrx_word' id='word_1_640' title='bbox 3714 4252 3911 4306; x_wconf 88' lang='lat' dir='ltr'><strong>salutis</strong></span> 
     </span>
    </p>
   </div>
   <div class='ocr_carea' id='block_1_90' title="bbox 2276 4343 3910 4418">
    <p class='ocr_par' dir='ltr' id='par_1_90' title="bbox 2276 4343 3910 4418">
     <span class='ocr_line' id='line_1_90' title="bbox 2276 4343 3910 4418; baseline 0.001 -17"><span class='ocrx_word' id='word_1_641' title='bbox 2276 4347 2541 4401; x_wconf 67' lang='lat' dir='ltr'><strong>humana:</strong></span> <span class='ocrx_word' id='word_1_642' title='bbox 2566 4343 2891 4416; x_wconf 89' lang='lat' dir='ltr'><strong>prophetica</strong></span> <span class='ocrx_word' id='word_1_643' title='bbox 2912 4343 3256 4399; x_wconf 88' lang='lat' dir='ltr'><strong>exultatione</strong></span> <span class='ocrx_word' id='word_1_644' title='bbox 3285 4345 3505 4416; x_wconf 89' lang='lat' dir='ltr'><strong>gestivit</strong></span> <span class='ocrx_word' id='word_1_645' title='bbox 3536 4363 3551 4399; x_wconf 91' lang='lat'><strong>:</strong></span> <span class='ocrx_word' id='word_1_646' title='bbox 3592 4345 3693 4418; x_wconf 91' lang='lat' dir='ltr'><strong>qui</strong></span> <span class='ocrx_word' id='word_1_647' title='bbox 3736 4351 3799 4401; x_wconf 87' lang='lat' dir='ltr'><strong>et</strong></span> <span class='ocrx_word' id='word_1_648' title='bbox 3826 4362 3910 4418; x_wconf 87' lang='lat' dir='ltr'><strong>ge-</strong></span> 
     </span>
    </p>
   </div>
   <div class='ocr_carea' id='block_1_91' title="bbox 2275 4438 3910 4511">
    <p class='ocr_par' dir='ltr' id='par_1_91' title="bbox 2275 4438 3910 4511">
     <span class='ocr_line' id='line_1_91' title="bbox 2275 4438 3910 4511; baseline -0.001 -17"><span class='ocrx_word' id='word_1_649' title='bbox 2275 4440 2507 4495; x_wconf 88' lang='lat' dir='ltr'><strong>netricis</strong></span> <span class='ocrx_word' id='word_1_650' title='bbox 2544 4438 2902 4493; x_wconf 82' lang='lat' dir='ltr'><strong>sterilitatem</strong></span> <span class='ocrx_word' id='word_1_651' title='bbox 2949 4442 3254 4510; x_wconf 81' lang='lat' dir='ltr'><strong>conceptus</strong></span> <span class='ocrx_word' id='word_1_652' title='bbox 3302 4438 3582 4508; x_wconf 88' lang='lat' dir='ltr'><strong>abstersit,</strong></span> <span class='ocrx_word' id='word_1_653' title='bbox 3627 4443 3687 4494; x_wconf 90' lang='lat' dir='ltr'><strong>et</strong></span> <span class='ocrx_word' id='word_1_654' title='bbox 3738 4440 3910 4511; x_wconf 88' lang='lat' dir='ltr'><strong>patris</strong></span> 
     </span>
    </p>
   </div>
   <div class='ocr_carea' id='block_1_92' title="bbox 539 4526 3908 4620">
    <p class='ocr_par' dir='ltr' id='par_1_92' title="bbox 539 4526 3908 4620">
     <span class='ocr_line' id='line_1_92' title="bbox 539 4526 3908 4620; baseline 0 -33"><span class='ocrx_word' id='word_1_655' title='bbox 539 4547 724 4587; x_wconf 87' lang='lat' dir='ltr'><strong>unum</strong></span> <span class='ocrx_word' id='word_1_656' title='bbox 744 4545 1085 4598; x_wconf 90' lang='lat' dir='ltr'><strong>sermonem,</strong></span> <span class='ocrx_word' id='word_1_657' title='bbox 1110 4543 1283 4600; x_wconf 91' lang='lat' dir='ltr'><strong>quem</strong></span> <span class='ocrx_word' id='word_1_658' title='bbox 1319 4527 1366 4581; x_wconf 88' lang='lat' dir='ltr'><strong>si</strong></span> <span class='ocrx_word' id='word_1_659' title='bbox 1390 4526 1645 4581; x_wconf 87' lang='lat' dir='ltr'><strong>dixeritis</strong></span> <span class='ocrx_word' id='word_1_660' title='bbox 1670 4527 1835 4597; x_wconf 90' lang='lat' dir='ltr'><strong>mihi,</strong></span> <span class='ocrx_word' id='word_1_661' title='bbox 1863 4532 1920 4583; x_wconf 93' lang='lat' dir='ltr'><strong>et</strong></span> <span class='ocrx_word' id='word_1_662' title='bbox 1945 4544 2051 4599; x_wconf 88' lang='lat' dir='ltr'><strong>ego</strong></span> <span class='ocrx_word' id='word_1_663' title='bbox 2076 4544 2173 4583; x_wconf 90' lang='lat' dir='ltr'><strong>vo-</strong></span> <span class='ocrx_word' id='word_1_664' title='bbox 2197 4548 2256 4620; x_wconf 71' lang='grc' dir='ltr'><strong>ι)</strong></span> <span class='ocrx_word' id='word_1_665' title='bbox 2278 4533 2536 4605; x_wconf 90' lang='lat' dir='ltr'><strong>linguam</strong></span> <span class='ocrx_word' id='word_1_666' title='bbox 2564 4536 2729 4587; x_wconf 83' lang='lat' dir='ltr'><strong>natus</strong></span> <span class='ocrx_word' id='word_1_667' title='bbox 2757 4530 3013 4600; x_wconf 88' lang='lat' dir='ltr'><strong>absolvit,</strong></span> <span class='ocrx_word' id='word_1_668' title='bbox 3041 4532 3306 4604; x_wconf 89' lang='lat' dir='ltr'><strong>solusque</strong></span> <span class='ocrx_word' id='word_1_669' title='bbox 3324 4531 3582 4586; x_wconf 89' lang='lat' dir='ltr'><strong>omnium</strong></span> <span class='ocrx_word' id='word_1_670' title='bbox 3608 4533 3908 4604; x_wconf 86' lang='lat' dir='ltr'><strong>propheta-</strong></span> 
     </span>
    </p>
   </div>
   <div class='ocr_carea' id='block_1_93' title="bbox 539 4620 2171 4695">
    <p class='ocr_par' dir='ltr' id='par_1_93' title="bbox 539 4620 2171 4695">
     <span class='ocr_line' id='line_1_93' title="bbox 539 4620 2171 4695; baseline -0.003 -14"><span class='ocrx_word' id='word_1_671' title='bbox 539 4624 630 4681; x_wconf 88' lang='lat' dir='ltr'><strong>bis</strong></span> <span class='ocrx_word' id='word_1_672' title='bbox 658 4625 839 4681; x_wconf 88' lang='lat' dir='ltr'><strong>dicam</strong></span> <span class='ocrx_word' id='word_1_673' title='bbox 866 4625 925 4679; x_wconf 91' lang='lat' dir='ltr'><strong>in</strong></span> <span class='ocrx_word' id='word_1_674' title='bbox 974 4640 1086 4695; x_wconf 89' lang='lat' dir='ltr'><strong>qua</strong></span> <span class='ocrx_word' id='word_1_675' title='bbox 1131 4625 1407 4693; x_wconf 87' lang='lat' dir='ltr'><strong>potestate</strong></span> <span class='ocrx_word' id='word_1_676' title='bbox 1445 4622 1567 4675; x_wconf 57' lang='lat' dir='ltr'><strong>haec</strong></span> <span class='ocrx_word' id='word_1_677' title='bbox 1612 4620 1774 4676; x_wconf 87' lang='lat' dir='ltr'><strong>facio.</strong></span> <span class='ocrx_word' id='word_1_678' title='bbox 1821 4622 2171 4693; x_wconf 87' lang='lat' dir='ltr'><strong>Baptismum</strong></span> 
     </span>
    </p>
   </div>
   <div class='ocr_carea' id='block_1_94' title="bbox 540 4715 2176 4784">
    <p class='ocr_par' dir='ltr' id='par_1_94' title="bbox 540 4715 2176 4784">
     <span class='ocr_line' id='line_1_94' title="bbox 540 4715 2176 4784; baseline -0.003 -9"><span class='ocrx_word' id='word_1_679' title='bbox 540 4718 811 4775; x_wconf 88' lang='lat' dir='ltr'><strong>Iohannis</strong></span> <span class='ocrx_word' id='word_1_680' title='bbox 835 4718 991 4773; x_wconf 89' lang='lat' dir='ltr'><strong>unde</strong></span> <span class='ocrx_word' id='word_1_681' title='bbox 1014 4716 1180 4773; x_wconf 82' lang='lat' dir='ltr'><strong>erat?</strong></span> <span class='ocrx_word' id='word_1_682' title='bbox 1204 4732 1235 4769; x_wconf 93' lang='lat' dir='ltr'><strong>e</strong></span> <span class='ocrx_word' id='word_1_683' title='bbox 1264 4716 1424 4784; x_wconf 60' lang='lat' dir='ltr'><strong>caelo,</strong></span> <span class='ocrx_word' id='word_1_684' title='bbox 1463 4731 1537 4769; x_wconf 89' lang='lat' dir='ltr'><strong>an</strong></span> <span class='ocrx_word' id='word_1_685' title='bbox 1582 4731 1652 4770; x_wconf 90' lang='lat' dir='ltr'><strong>ex</strong></span> <span class='ocrx_word' id='word_1_686' title='bbox 1696 4715 2066 4771; x_wconf 81' lang='lat' dir='ltr'><strong>hominibus?</strong></span> <span class='ocrx_word' id='word_1_687' title='bbox 2103 4718 2176 4770; x_wconf 86' lang='lat' dir='ltr'><strong>At</strong></span> 
     </span>
    </p>
   </div>
   <div class='ocr_carea' id='block_1_95' title="bbox 540 4808 2173 4885">
    <p class='ocr_par' dir='ltr' id='par_1_95' title="bbox 540 4808 2173 4885">
     <span class='ocr_line' id='line_1_95' title="bbox 540 4808 2173 4885; baseline -0.002 -17"><span class='ocrx_word' id='word_1_688' title='bbox 540 4812 630 4869; x_wconf 85' lang='lat' dir='ltr'><strong>illi</strong></span> <span class='ocrx_word' id='word_1_689' title='bbox 677 4812 999 4885; x_wconf 86' lang='lat' dir='ltr'><strong>cogitabant</strong></span> <span class='ocrx_word' id='word_1_690' title='bbox 1042 4810 1193 4865; x_wconf 88' lang='lat' dir='ltr'><strong>inter</strong></span> <span class='ocrx_word' id='word_1_691' title='bbox 1235 4825 1315 4876; x_wconf 87' lang='lat' dir='ltr'><strong>se,</strong></span> <span class='ocrx_word' id='word_1_692' title='bbox 1364 4809 1650 4864; x_wconf 85' lang='lat' dir='ltr'><strong>dicentes:</strong></span> <span class='ocrx_word' id='word_1_693' title='bbox 1689 4809 1746 4865; x_wconf 90' lang='lat' dir='ltr'><strong>Si</strong></span> <span class='ocrx_word' id='word_1_694' title='bbox 1769 4808 2099 4879; x_wconf 88' lang='lat' dir='ltr'><strong>dixerimus,</strong></span> <span class='ocrx_word' id='word_1_695' title='bbox 2133 4810 2173 4864; x_wconf 90' lang='lat' dir='ltr'><strong>E</strong></span> 
     </span>
    </p>
   </div>
   <div class='ocr_carea' id='block_1_96' title="bbox 542 4903 2174 4975">
    <p class='ocr_par' dir='ltr' id='par_1_96' title="bbox 542 4903 2174 4975">
     <span class='ocr_line' id='line_1_96' title="bbox 542 4903 2174 4975; baseline -0.003 -13"><span class='ocrx_word' id='word_1_696' title='bbox 542 4905 703 4975; x_wconf 70' lang='lat' dir='ltr'><strong>caelo,</strong></span> <span class='ocrx_word' id='word_1_697' title='bbox 731 4906 878 4960; x_wconf 91' lang='lat' dir='ltr'><strong>dicet</strong></span> <span class='ocrx_word' id='word_1_698' title='bbox 894 4904 1094 4959; x_wconf 88' lang='lat' dir='ltr'><strong>nobis:</strong></span> <span class='ocrx_word' id='word_1_699' title='bbox 1147 4904 1329 4968; x_wconf 89' lang='lat' dir='ltr'><strong>Quare</strong></span> <span class='ocrx_word' id='word_1_700' title='bbox 1372 4919 1510 4975; x_wconf 89' lang='lat' dir='ltr'><strong>ergo</strong></span> <span class='ocrx_word' id='word_1_701' title='bbox 1543 4918 1659 4958; x_wconf 89' lang='lat' dir='ltr'><strong>non</strong></span> <span class='ocrx_word' id='word_1_702' title='bbox 1693 4904 2007 4959; x_wconf 89' lang='lat' dir='ltr'><strong>credidistis</strong></span> <span class='ocrx_word' id='word_1_703' title='bbox 2032 4903 2174 4958; x_wconf 80' lang='lat' dir='ltr'><strong>illo?</strong></span> 
     </span>
    </p>
   </div>
   <div class='ocr_carea' id='block_1_97' title="bbox 542 4997 2170 5068">
    <p class='ocr_par' dir='ltr' id='par_1_97' title="bbox 542 4997 2170 5068">
     <span class='ocr_line' id='line_1_97' title="bbox 542 4997 2170 5068; baseline -0.002 -11"><span class='ocrx_word' id='word_1_704' title='bbox 542 5001 592 5057; x_wconf 86' lang='lat' dir='ltr'><strong>si</strong></span> <span class='ocrx_word' id='word_1_705' title='bbox 606 5005 799 5055; x_wconf 87' lang='lat' dir='ltr'><strong>autem</strong></span> <span class='ocrx_word' id='word_1_706' title='bbox 817 4998 1149 5054; x_wconf 90' lang='lat' dir='ltr'><strong>dixerimus:</strong></span> <span class='ocrx_word' id='word_1_707' title='bbox 1172 4999 1252 5051; x_wconf 88' lang='lat' dir='ltr'><strong>Ex</strong></span> <span class='ocrx_word' id='word_1_708' title='bbox 1271 4997 1894 5068; x_wconf 88' lang='lat' dir='ltr'><strong>hominibus,timemus</strong></span> <span class='ocrx_word' id='word_1_709' title='bbox 1920 4997 2170 5053; x_wconf 90' lang='lat' dir='ltr'><strong>turbam.</strong></span> 
     </span>
    </p>
   </div>
   <div class='ocr_carea' id='block_1_98' title="bbox 544 5091 2169 5164">
    <p class='ocr_par' dir='ltr' id='par_1_98' title="bbox 544 5091 2169 5164">
     <span class='ocr_line' id='line_1_98' title="bbox 544 5091 2169 5164; baseline -0.003 -13"><span class='ocrx_word' id='word_1_710' title='bbox 544 5094 755 5152; x_wconf 87' lang='lat' dir='ltr'><strong>Omnes</strong></span> <span class='ocrx_word' id='word_1_711' title='bbox 779 5092 934 5148; x_wconf 90' lang='lat' dir='ltr'><strong>enim</strong></span> <span class='ocrx_word' id='word_1_712' title='bbox 960 5091 1244 5146; x_wconf 91' lang='lat' dir='ltr'><strong>habebant</strong></span> <span class='ocrx_word' id='word_1_713' title='bbox 1268 5091 1584 5146; x_wconf 84' lang='lat' dir='ltr'><strong>Iohannem</strong></span> <span class='ocrx_word' id='word_1_714' title='bbox 1625 5091 1770 5145; x_wconf 88' lang='lat' dir='ltr'><strong>sicut</strong></span> <span class='ocrx_word' id='word_1_715' title='bbox 1806 5092 2169 5164; x_wconf 87' lang='lat' dir='ltr'><strong>prophetam.</strong></span> 
     </span>
    </p>
   </div>
   <div class='ocr_carea' id='block_1_99' title="bbox 542 5183 2174 5259">
    <p class='ocr_par' dir='ltr' id='par_1_99' title="bbox 542 5183 2174 5259">
     <span class='ocr_line' id='line_1_99' title="bbox 542 5183 2174 5259; baseline -0.004 -13"><span class='ocrx_word' id='word_1_716' title='bbox 542 5189 612 5247; x_wconf 88' lang='lat' dir='ltr'><strong>Et</strong></span> <span class='ocrx_word' id='word_1_717' title='bbox 639 5186 1041 5259; x_wconf 89' lang='lat' dir='ltr'><strong>respondentes</strong></span> <span class='ocrx_word' id='word_1_718' title='bbox 1064 5185 1211 5251; x_wconf 89' lang='lat' dir='ltr'><strong>Iesu,</strong></span> <span class='ocrx_word' id='word_1_719' title='bbox 1246 5183 1547 5239; x_wconf 90' lang='lat' dir='ltr'><strong>dixerunt:</strong></span> <span class='ocrx_word' id='word_1_720' title='bbox 1578 5184 1887 5239; x_wconf 90' lang='lat' dir='ltr'><strong>Nescimus.</strong></span> <span class='ocrx_word' id='word_1_721' title='bbox 1927 5185 2019 5239; x_wconf 89' lang='lat' dir='ltr'><strong>Ait</strong></span> <span class='ocrx_word' id='word_1_722' title='bbox 2060 5184 2174 5239; x_wconf 91' lang='lat' dir='ltr'><strong>illis</strong></span> 
     </span>
    </p>
   </div>
   <div class='ocr_carea' id='block_1_100' title="bbox 541 5276 2173 5355">
    <p class='ocr_par' dir='ltr' id='par_1_100' title="bbox 541 5276 2173 5355">
     <span class='ocr_line' id='line_1_100' title="bbox 541 5276 2173 5355; baseline -0.006 -15"><span class='ocrx_word' id='word_1_723' title='bbox 541 5290 599 5341; x_wconf 87' lang='lat' dir='ltr'><strong>et</strong></span> <span class='ocrx_word' id='word_1_724' title='bbox 638 5283 801 5355; x_wconf 86' lang='lat' dir='ltr'><strong>ipse:</strong></span> <span class='ocrx_word' id='word_1_725' title='bbox 852 5281 962 5335; x_wconf 90' lang='lat' dir='ltr'><strong>Nec</strong></span> <span class='ocrx_word' id='word_1_726' title='bbox 1007 5294 1113 5350; x_wconf 89' lang='lat' dir='ltr'><strong>ego</strong></span> <span class='ocrx_word' id='word_1_727' title='bbox 1144 5277 1301 5332; x_wconf 90' lang='lat' dir='ltr'><strong>vobis</strong></span> <span class='ocrx_word' id='word_1_728' title='bbox 1348 5276 1473 5331; x_wconf 92' lang='lat' dir='ltr'><strong>dico</strong></span> <span class='ocrx_word' id='word_1_729' title='bbox 1515 5277 1574 5332; x_wconf 92' lang='lat' dir='ltr'><strong>in</strong></span> <span class='ocrx_word' id='word_1_730' title='bbox 1617 5294 1729 5350; x_wconf 88' lang='lat' dir='ltr'><strong>qua</strong></span> <span class='ocrx_word' id='word_1_731' title='bbox 1753 5283 2025 5350; x_wconf 87' lang='lat' dir='ltr'><strong>potestate</strong></span> <span class='ocrx_word' id='word_1_732' title='bbox 2052 5278 2173 5332; x_wconf 84' lang='lat' dir='ltr'><strong>haec</strong></span> 
     </span>
    </p>
   </div>
   <div class='ocr_carea' id='block_1_101' title="bbox 539 5370 2174 5441">
    <p class='ocr_par' dir='ltr' id='par_1_101' title="bbox 539 5370 2174 5441">
     <span class='ocr_line' id='line_1_101' title="bbox 539 5370 2174 5441; baseline -0.006 -6"><span class='ocrx_word' id='word_1_733' title='bbox 539 5378 705 5435; x_wconf 88' lang='lat' dir='ltr'><strong>facio.</strong></span> <span class='ocrx_word' id='word_1_734' title='bbox 727 5374 872 5441; x_wconf 90' lang='lat' dir='ltr'><strong>Quid</strong></span> <span class='ocrx_word' id='word_1_735' title='bbox 891 5377 1085 5428; x_wconf 91' lang='lat' dir='ltr'><strong>autem</strong></span> <span class='ocrx_word' id='word_1_736' title='bbox 1105 5370 1260 5426; x_wconf 88' lang='lat' dir='ltr'><strong>vobis</strong></span> <span class='ocrx_word' id='word_1_737' title='bbox 1280 5370 1504 5427; x_wconf 91' lang='lat' dir='ltr'><strong>videtur</strong></span> <span class='ocrx_word' id='word_1_738' title='bbox 1521 5372 1549 5426; x_wconf 82' lang='lat'><strong>?</strong></span> <span class='ocrx_word' id='word_1_739' title='bbox 1578 5372 1755 5427; x_wconf 85' lang='lat' dir='ltr'><strong>Homo</strong></span> <span class='ocrx_word' id='word_1_740' title='bbox 1781 5372 2022 5428; x_wconf 89' lang='lat' dir='ltr'><strong>habebat</strong></span> <span class='ocrx_word' id='word_1_741' title='bbox 2034 5372 2174 5427; x_wconf 88' lang='lat' dir='ltr'><strong>duos</strong></span> 
     </span>
    </p>
   </div>
   <div class='ocr_carea' id='block_1_102' title="bbox 541 5464 2172 5541">
    <p class='ocr_par' dir='ltr' id='par_1_102' title="bbox 541 5464 2172 5541">
     <span class='ocr_line' id='line_1_102' title="bbox 541 5464 2172 5541; baseline -0.006 -13"><span class='ocrx_word' id='word_1_742' title='bbox 541 5472 711 5541; x_wconf 82' lang='lat' dir='ltr'><strong>ﬁlios,</strong></span> <span class='ocrx_word' id='word_1_743' title='bbox 734 5472 793 5526; x_wconf 90' lang='lat' dir='ltr'><strong>et</strong></span> <span class='ocrx_word' id='word_1_744' title='bbox 811 5468 1082 5524; x_wconf 87' lang='lat' dir='ltr'><strong>accedens</strong></span> <span class='ocrx_word' id='word_1_745' title='bbox 1107 5465 1176 5520; x_wconf 91' lang='lat' dir='ltr'><strong>ad</strong></span> <span class='ocrx_word' id='word_1_746' title='bbox 1196 5464 1449 5537; x_wconf 90' lang='lat' dir='ltr'><strong>primum</strong></span> <span class='ocrx_word' id='word_1_747' title='bbox 1473 5464 1650 5521; x_wconf 90' lang='lat' dir='ltr'><strong>dixit:</strong></span> <span class='ocrx_word' id='word_1_748' title='bbox 1686 5466 1805 5535; x_wconf 83' lang='lat' dir='ltr'><strong>Fili,</strong></span> <span class='ocrx_word' id='word_1_749' title='bbox 1833 5466 1971 5521; x_wconf 84' lang='lat' dir='ltr'><strong>vade</strong></span> <span class='ocrx_word' id='word_1_750' title='bbox 2005 5465 2172 5520; x_wconf 90' lang='lat' dir='ltr'><strong>hodie</strong></span> 
     </span>
    </p>
   </div>
   <div class='ocr_carea' id='block_1_103' title="bbox 544 5558 2168 5638">
    <p class='ocr_par' dir='ltr' id='par_1_103' title="bbox 544 5558 2168 5638">
     <span class='ocr_line' id='line_1_103' title="bbox 544 5558 2168 5638; baseline -0.005 -17"><span class='ocrx_word' id='word_1_751' title='bbox 544 5563 767 5638; x_wconf 84' lang='lat' dir='ltr'><strong>operari</strong></span> <span class='ocrx_word' id='word_1_752' title='bbox 809 5564 869 5617; x_wconf 90' lang='lat' dir='ltr'><strong>in</strong></span> <span class='ocrx_word' id='word_1_753' title='bbox 900 5561 1064 5617; x_wconf 89' lang='lat' dir='ltr'><strong>vinea</strong></span> <span class='ocrx_word' id='word_1_754' title='bbox 1098 5575 1248 5615; x_wconf 89' lang='lat' dir='ltr'><strong>mea.</strong></span> <span class='ocrx_word' id='word_1_755' title='bbox 1298 5558 1394 5613; x_wconf 91' lang='lat' dir='ltr'><strong>llle</strong></span> <span class='ocrx_word' id='word_1_756' title='bbox 1439 5563 1631 5614; x_wconf 90' lang='lat' dir='ltr'><strong>autem</strong></span> <span class='ocrx_word' id='word_1_757' title='bbox 1673 5559 2021 5631; x_wconf 87' lang='lat' dir='ltr'><strong>respondens</strong></span> <span class='ocrx_word' id='word_1_758' title='bbox 2046 5558 2125 5613; x_wconf 91' lang='lat' dir='ltr'><strong>ait</strong></span> <span class='ocrx_word' id='word_1_759' title='bbox 2154 5576 2168 5614; x_wconf 91' lang='lat'><strong>:</strong></span> 
     </span>
    </p>
   </div>
   <div class='ocr_carea' id='block_1_104' title="bbox 610 5696 2169 5772">
    <p class='ocr_par' dir='ltr' id='par_1_104' title="bbox 610 5696 2169 5772">
     <span class='ocr_line' id='line_1_104' title="bbox 610 5696 2169 5772; baseline -0.003 -13"><span class='ocrx_word' id='word_1_760' title='bbox 610 5703 783 5760; x_wconf 70' lang='lat' dir='ltr'><strong>&#39;Haac</strong></span> <span class='ocrx_word' id='word_1_761' title='bbox 808 5702 1146 5772; x_wconf 69' lang='lat' dir='ltr'><strong>praapostere</strong></span> <span class='ocrx_word' id='word_1_762' title='bbox 1174 5696 1372 5769; x_wconf 83' lang='lat' dir='ltr'><strong>posita,</strong></span> <span class='ocrx_word' id='word_1_763' title='bbox 1419 5714 1548 5769; x_wconf 63' lang='lat' dir='ltr'><strong>qua:</strong></span> <span class='ocrx_word' id='word_1_764' title='bbox 1596 5697 1912 5772; x_wconf 51' lang='lat' dir='ltr'><strong>prlecedere</strong></span> <span class='ocrx_word' id='word_1_765' title='bbox 1959 5698 2169 5755; x_wconf 89' lang='lat' dir='ltr'><strong>debue-</strong></span> 
     </span>
    </p>
   </div>
   <div class='ocr_carea' id='block_1_105' title="bbox 541 5771 1872 5830">
    <p class='ocr_par' dir='ltr' id='par_1_105' title="bbox 541 5771 1872 5830">
     <span class='ocr_line' id='line_1_105' title="bbox 541 5771 1872 5830; baseline -0.005 0"><span class='ocrx_word' id='word_1_766' title='bbox 541 5778 670 5830; x_wconf 76' lang='lat' dir='ltr'><strong>rant</strong></span> <span class='ocrx_word' id='word_1_767' title='bbox 688 5771 982 5830; x_wconf 82' lang='lat' dir='ltr'><strong>superiora</strong></span> <span class='ocrx_word' id='word_1_768' title='bbox 1004 5772 1131 5825; x_wconf 83' lang='lat' dir='ltr'><strong>Post</strong></span> <span class='ocrx_word' id='word_1_769' title='bbox 1148 5772 1370 5824; x_wconf 78' lang='lat' dir='ltr'><strong>missam</strong></span> <span class='ocrx_word' id='word_1_770' title='bbox 1395 5772 1573 5824; x_wconf 77' lang='lat' dir='ltr'><strong>sancti</strong></span> <span class='ocrx_word' id='word_1_771' title='bbox 1594 5771 1872 5826; x_wconf 79' lang='lat' dir='ltr'><strong>Iohannis.</strong></span> 
     </span>
    </p>
   </div>
   <div class='ocr_carea' id='block_1_106' title="bbox 613 5840 2168 5910">
    <p class='ocr_par' dir='ltr' id='par_1_106' title="bbox 613 5840 2168 5910">
     <span class='ocr_line' id='line_1_106' title="bbox 613 5840 2168 5910; baseline 0 -12"><span class='ocrx_word' id='word_1_772' title='bbox 613 5845 642 5888; x_wconf 70' lang='lat' dir='ltr'><strong>b</strong></span> <span class='ocrx_word' id='word_1_773' title='bbox 671 5844 732 5898; x_wconf 88' lang='lat' dir='ltr'><strong>ln</strong></span> <span class='ocrx_word' id='word_1_774' title='bbox 757 5840 1034 5910; x_wconf 80' lang='lat' dir='ltr'><strong>Romano,</strong></span> <span class='ocrx_word' id='word_1_775' title='bbox 1061 5840 1162 5895; x_wconf 92' lang='lat' dir='ltr'><strong>ubi</strong></span> <span class='ocrx_word' id='word_1_776' title='bbox 1185 5840 1308 5895; x_wconf 66' lang='lat' dir='ltr'><strong>haec</strong></span> <span class='ocrx_word' id='word_1_777' title='bbox 1330 5840 1591 5895; x_wconf 89' lang='lat' dir='ltr'><strong>Collectio</strong></span> <span class='ocrx_word' id='word_1_778' title='bbox 1614 5840 1734 5896; x_wconf 88' lang='lat' dir='ltr'><strong>fere</strong></span> <span class='ocrx_word' id='word_1_779' title='bbox 1760 5841 1957 5899; x_wconf 85' lang='lat' dir='ltr'><strong>eadem</strong></span> <span class='ocrx_word' id='word_1_780' title='bbox 1992 5842 2168 5899; x_wconf 83' lang='lat' dir='ltr'><strong>refer-</strong></span> 
     </span>
    </p>
   </div>
   <div class='ocr_carea' id='block_1_107' title="bbox 2273 4625 3909 4699">
    <p class='ocr_par' dir='ltr' id='par_1_107' title="bbox 2273 4625 3909 4699">
     <span class='ocr_line' id='line_1_107' title="bbox 2273 4625 3909 4699; baseline 0 -17"><span class='ocrx_word' id='word_1_781' title='bbox 2273 4644 2426 4695; x_wconf 87' lang='lat' dir='ltr'><strong>rum,</strong></span> <span class='ocrx_word' id='word_1_782' title='bbox 2457 4626 2856 4682; x_wconf 81' lang='lat' dir='ltr'><strong>Hedemtorem</strong></span> <span class='ocrx_word' id='word_1_783' title='bbox 2887 4625 3109 4694; x_wconf 89' lang='lat' dir='ltr'><strong>mundi,</strong></span> <span class='ocrx_word' id='word_1_784' title='bbox 3138 4641 3311 4697; x_wconf 88' lang='lat' dir='ltr'><strong>quem</strong></span> <span class='ocrx_word' id='word_1_785' title='bbox 3357 4626 3790 4699; x_wconf 72' lang='lat' dir='ltr'><strong>praenunciavit,</strong></span> <span class='ocrx_word' id='word_1_786' title='bbox 3836 4644 3909 4682; x_wconf 90' lang='lat' dir='ltr'><strong>os-</strong></span> 
     </span>
    </p>
   </div>
   <div class='ocr_carea' id='block_1_108' title="bbox 2272 4718 3906 4792">
    <p class='ocr_par' dir='ltr' id='par_1_108' title="bbox 2272 4718 3906 4792">
     <span class='ocr_line' id='line_1_108' title="bbox 2272 4718 3906 4792; baseline -0.001 -14"><span class='ocrx_word' id='word_1_787' title='bbox 2272 4722 2485 4790; x_wconf 88' lang='lat' dir='ltr'><strong>tendit;</strong></span> <span class='ocrx_word' id='word_1_788' title='bbox 2518 4726 2574 4775; x_wconf 91' lang='lat' dir='ltr'><strong>et</strong></span> <span class='ocrx_word' id='word_1_789' title='bbox 2602 4724 2664 4774; x_wconf 90' lang='lat' dir='ltr'><strong>ut</strong></span> <span class='ocrx_word' id='word_1_790' title='bbox 2688 4736 2859 4774; x_wconf 66' lang='lat' dir='ltr'><strong>sacrae</strong></span> <span class='ocrx_word' id='word_1_791' title='bbox 2885 4718 3291 4790; x_wconf 85' lang='lat' dir='ltr'><strong>puriﬁcationis</strong></span> <span class='ocrx_word' id='word_1_792' title='bbox 3332 4719 3595 4775; x_wconf 75' lang='lat' dir='ltr'><strong>effectum</strong></span> <span class='ocrx_word' id='word_1_793' title='bbox 3630 4736 3906 4792; x_wconf 84' lang='lat' dir='ltr'><strong>aquarum</strong></span> 
     </span>
    </p>
   </div>
   <div class='ocr_carea' id='block_1_109' title="bbox 2271 4813 3910 4884">
    <p class='ocr_par' dir='ltr' id='par_1_109' title="bbox 2271 4813 3910 4884">
     <span class='ocr_line' id='line_1_109' title="bbox 2271 4813 3910 4884; baseline -0.002 -12"><span class='ocrx_word' id='word_1_794' title='bbox 2271 4821 2473 4872; x_wconf 89' lang='lat' dir='ltr'><strong>natura</strong></span> <span class='ocrx_word' id='word_1_795' title='bbox 2518 4813 2857 4884; x_wconf 88' lang='lat' dir='ltr'><strong>conciperet,</strong></span> <span class='ocrx_word' id='word_1_796' title='bbox 2909 4813 3317 4868; x_wconf 82' lang='lat' dir='ltr'><strong>sanctiﬁcandis</strong></span> <span class='ocrx_word' id='word_1_797' title='bbox 3372 4813 3627 4869; x_wconf 79' lang='lat' dir='ltr'><strong>Iordanis</strong></span> <span class='ocrx_word' id='word_1_798' title='bbox 3684 4813 3910 4869; x_wconf 84' lang='lat' dir='ltr'><strong>ﬂuentis</strong></span> 
     </span>
    </p>
   </div>
   <div class='ocr_carea' id='block_1_110' title="bbox 2271 4907 3907 4982">
    <p class='ocr_par' dir='ltr' id='par_1_110' title="bbox 2271 4907 3907 4982">
     <span class='ocr_line' id='line_1_110' title="bbox 2271 4907 3907 4982; baseline -0.002 -17"><span class='ocrx_word' id='word_1_799' title='bbox 2271 4910 2461 4982; x_wconf 91' lang='lat' dir='ltr'><strong>ipsum</strong></span> <span class='ocrx_word' id='word_1_800' title='bbox 2503 4907 2854 4979; x_wconf 89' lang='lat' dir='ltr'><strong>baptismatis</strong></span> <span class='ocrx_word' id='word_1_801' title='bbox 2882 4907 3013 4962; x_wconf 88' lang='lat' dir='ltr'><strong>lavit</strong></span> <span class='ocrx_word' id='word_1_802' title='bbox 3058 4911 3347 4963; x_wconf 87' lang='lat' dir='ltr'><strong>auctorem</strong></span> <span class='ocrx_word' id='word_1_803' title='bbox 3388 4909 3578 4963; x_wconf 86' lang='lat' dir='ltr'><strong>Iesum</strong></span> <span class='ocrx_word' id='word_1_804' title='bbox 3621 4907 3907 4964; x_wconf 86' lang='lat' dir='ltr'><strong>Christum</strong></span> 
     </span>
    </p>
   </div>
   <div class='ocr_carea' id='block_1_111' title="bbox 2273 5002 3225 5072">
    <p class='ocr_par' dir='ltr' id='par_1_111' title="bbox 2273 5002 3225 5072">
     <span class='ocr_line' id='line_1_111' title="bbox 2273 5002 3225 5072; baseline -0.002 -13"><span class='ocrx_word' id='word_1_805' title='bbox 2273 5003 2575 5059; x_wconf 88' lang='lat' dir='ltr'><strong>Dominum</strong></span> <span class='ocrx_word' id='word_1_806' title='bbox 2595 5006 2875 5056; x_wconf 87' lang='lat' dir='ltr'><strong>nostrum.</strong></span> <span class='ocrx_word' id='word_1_807' title='bbox 2903 5002 3008 5055; x_wconf 91' lang='lat' dir='ltr'><strong>Per</strong></span> <span class='ocrx_word' id='word_1_808' title='bbox 3031 5017 3225 5072; x_wconf 92' lang='lat' dir='ltr'><strong>quem.</strong></span> 
     </span>
    </p>
   </div>
   <div class='ocr_carea' id='block_1_112' title="bbox 2498 5087 3632 5157">
    <p class='ocr_par' dir='ltr' id='par_1_112' title="bbox 2498 5087 3632 5157">
     <span class='ocr_line' id='line_1_112' title="bbox 2498 5087 3632 5157; baseline -0.001 -2"><span class='ocrx_word' id='word_1_809' title='bbox 2498 5087 2697 5155; x_wconf 60' lang='grc' dir='ltr'><strong>χΜιεειλ</strong></span> <span class='ocrx_word' id='word_1_810' title='bbox 2738 5115 2789 5155; x_wconf 82' lang='lat' dir='ltr'><strong>IN</strong></span> <span class='ocrx_word' id='word_1_811' title='bbox 2830 5114 3019 5155; x_wconf 81' lang='lat' dir='ltr'><strong>SANCTI</strong></span> <span class='ocrx_word' id='word_1_812' title='bbox 3057 5115 3314 5156; x_wconf 76' lang='lat' dir='ltr'><strong>IOHANNIS</strong></span> <span class='ocrx_word' id='word_1_813' title='bbox 3352 5116 3632 5157; x_wconf 69' lang='lat' dir='ltr'><strong>mssxoms.</strong></span> 
     </span>
    </p>
   </div>
   <div class='ocr_carea' id='block_1_113' title="bbox 2384 5192 3803 5258">
    <p class='ocr_par' dir='ltr' id='par_1_113' title="bbox 2384 5192 3803 5258">
     <span class='ocr_line' id='line_1_113' title="bbox 2384 5192 3803 5258; baseline 0 -15"><span class='ocrx_word' id='word_1_814' title='bbox 2384 5208 2407 5237; x_wconf 88' lang='lat' dir='ltr'><strong>c</strong></span> <span class='ocrx_word' id='word_1_815' title='bbox 2431 5192 2603 5243; x_wconf 90' lang='lat' dir='ltr'><strong>Lectio</strong></span> <span class='ocrx_word' id='word_1_816' title='bbox 2632 5192 2752 5242; x_wconf 88' lang='lat' dir='ltr'><strong>libri</strong></span> <span class='ocrx_word' id='word_1_817' title='bbox 2779 5192 3053 5256; x_wconf 63' lang='lat' dir='ltr'><strong>Sapientiae</strong></span> <span class='ocrx_word' id='word_1_818' title='bbox 3078 5193 3386 5256; x_wconf 88' lang='lat' dir='ltr'><strong>Salomonis,</strong></span> <span class='ocrx_word' id='word_1_819' title='bbox 3416 5194 3480 5243; x_wconf 89' lang='lat' dir='ltr'><strong>de</strong></span> <span class='ocrx_word' id='word_1_820' title='bbox 3515 5207 3620 5243; x_wconf 90' lang='lat' dir='ltr'><strong>uno</strong></span> <span class='ocrx_word' id='word_1_821' title='bbox 3641 5194 3803 5258; x_wconf 85' lang='lat' dir='ltr'><strong>justo.</strong></span> 
     </span>
    </p>
   </div>
   <div class='ocr_carea' id='block_1_114' title="bbox 2349 5278 3907 5351">
    <p class='ocr_par' dir='ltr' id='par_1_114' title="bbox 2349 5278 3907 5351">
     <span class='ocr_line' id='line_1_114' title="bbox 2349 5278 3907 5351; baseline 0.002 -19"><span class='ocrx_word' id='word_1_822' title='bbox 2349 5280 2549 5333; x_wconf 89' lang='lat' dir='ltr'><strong>Beatus</strong></span> <span class='ocrx_word' id='word_1_823' title='bbox 2574 5278 2659 5333; x_wconf 92' lang='lat' dir='ltr'><strong>vir</strong></span> <span class='ocrx_word' id='word_1_824' title='bbox 2693 5278 2790 5350; x_wconf 92' lang='lat' dir='ltr'><strong>qui</strong></span> <span class='ocrx_word' id='word_1_825' title='bbox 2834 5278 3095 5334; x_wconf 89' lang='lat' dir='ltr'><strong>inventus</strong></span> <span class='ocrx_word' id='word_1_826' title='bbox 3135 5284 3220 5334; x_wconf 89' lang='lat' dir='ltr'><strong>est</strong></span> <span class='ocrx_word' id='word_1_827' title='bbox 3260 5280 3380 5334; x_wconf 90' lang='lat' dir='ltr'><strong>sine</strong></span> <span class='ocrx_word' id='word_1_828' title='bbox 3423 5280 3665 5349; x_wconf 87' lang='lat' dir='ltr'><strong>macula,</strong></span> <span class='ocrx_word' id='word_1_829' title='bbox 3715 5284 3774 5335; x_wconf 89' lang='lat' dir='ltr'><strong>et</strong></span> <span class='ocrx_word' id='word_1_830' title='bbox 3816 5280 3907 5351; x_wconf 86' lang='lat' dir='ltr'><strong>qui</strong></span> 
     </span>
    </p>
   </div>
   <div class='ocr_carea' id='block_1_115' title="bbox 2272 5373 3909 5446">
    <p class='ocr_par' dir='ltr' id='par_1_115' title="bbox 2272 5373 3909 5446">
     <span class='ocr_line' id='line_1_115' title="bbox 2272 5373 3909 5446; baseline 0.001 -21"><span class='ocrx_word' id='word_1_831' title='bbox 2272 5375 2400 5445; x_wconf 89' lang='lat' dir='ltr'><strong>post</strong></span> <span class='ocrx_word' id='word_1_832' title='bbox 2445 5389 2651 5428; x_wconf 91' lang='lat' dir='ltr'><strong>aurum</strong></span> <span class='ocrx_word' id='word_1_833' title='bbox 2697 5389 2815 5428; x_wconf 91' lang='lat' dir='ltr'><strong>non</strong></span> <span class='ocrx_word' id='word_1_834' title='bbox 2860 5373 3019 5444; x_wconf 88' lang='lat' dir='ltr'><strong>abiit,</strong></span> <span class='ocrx_word' id='word_1_835' title='bbox 3061 5390 3167 5429; x_wconf 91' lang='lat' dir='ltr'><strong>nec</strong></span> <span class='ocrx_word' id='word_1_836' title='bbox 3210 5374 3457 5445; x_wconf 85' lang='lat' dir='ltr'><strong>speravit</strong></span> <span class='ocrx_word' id='word_1_837' title='bbox 3496 5374 3558 5428; x_wconf 93' lang='lat' dir='ltr'><strong>in</strong></span> <span class='ocrx_word' id='word_1_838' title='bbox 3590 5374 3834 5446; x_wconf 90' lang='lat' dir='ltr'><strong>pecunia</strong></span> <span class='ocrx_word' id='word_1_839' title='bbox 3859 5380 3909 5429; x_wconf 89' lang='lat' dir='ltr'><strong>et</strong></span> 
     </span>
    </p>
   </div>
   <div class='ocr_carea' id='block_1_116' title="bbox 2272 5466 3908 5536">
    <p class='ocr_par' dir='ltr' id='par_1_116' title="bbox 2272 5466 3908 5536">
     <span class='ocr_line' id='line_1_116' title="bbox 2272 5466 3908 5536; baseline 0 -15"><span class='ocrx_word' id='word_1_840' title='bbox 2272 5466 2572 5521; x_wconf 89' lang='lat' dir='ltr'><strong>thesauris.</strong></span> <span class='ocrx_word' id='word_1_841' title='bbox 2605 5467 2737 5532; x_wconf 90' lang='lat' dir='ltr'><strong>Quis</strong></span> <span class='ocrx_word' id='word_1_842' title='bbox 2780 5471 2866 5522; x_wconf 87' lang='lat' dir='ltr'><strong>est</strong></span> <span class='ocrx_word' id='word_1_843' title='bbox 2900 5468 3013 5536; x_wconf 91' lang='lat' dir='ltr'><strong>hic,</strong></span> <span class='ocrx_word' id='word_1_844' title='bbox 3054 5473 3111 5522; x_wconf 91' lang='lat' dir='ltr'><strong>et</strong></span> <span class='ocrx_word' id='word_1_845' title='bbox 3163 5467 3517 5523; x_wconf 90' lang='lat' dir='ltr'><strong>laudabimus</strong></span> <span class='ocrx_word' id='word_1_846' title='bbox 3562 5467 3746 5523; x_wconf 76' lang='lat' dir='ltr'><strong>eum?</strong></span> <span class='ocrx_word' id='word_1_847' title='bbox 3787 5468 3908 5523; x_wconf 81' lang='lat' dir='ltr'><strong>fecit</strong></span> 
     </span>
    </p>
   </div>
   <div class='ocr_carea' id='block_1_117' title="bbox 2272 5560 3904 5634">
    <p class='ocr_par' dir='ltr' id='par_1_117' title="bbox 2272 5560 3904 5634">
     <span class='ocr_line' id='line_1_117' title="bbox 2272 5560 3904 5634; baseline 0.001 -19"><span class='ocrx_word' id='word_1_848' title='bbox 2272 5560 2427 5615; x_wconf 89' lang='lat' dir='ltr'><strong>enim</strong></span> <span class='ocrx_word' id='word_1_849' title='bbox 2453 5560 2731 5617; x_wconf 89' lang='lat' dir='ltr'><strong>mirabilia</strong></span> <span class='ocrx_word' id='word_1_850' title='bbox 2747 5560 2807 5616; x_wconf 88' lang='lat' dir='ltr'><strong>in</strong></span> <span class='ocrx_word' id='word_1_851' title='bbox 2830 5561 2943 5617; x_wconf 91' lang='lat' dir='ltr'><strong>vita</strong></span> <span class='ocrx_word' id='word_1_852' title='bbox 2968 5578 3086 5617; x_wconf 89' lang='lat' dir='ltr'><strong>sua.</strong></span> <span class='ocrx_word' id='word_1_853' title='bbox 3116 5562 3250 5627; x_wconf 91' lang='lat' dir='ltr'><strong>Quis</strong></span> <span class='ocrx_word' id='word_1_854' title='bbox 3274 5562 3545 5634; x_wconf 89' lang='lat' dir='ltr'><strong>probatus</strong></span> <span class='ocrx_word' id='word_1_855' title='bbox 3572 5566 3659 5618; x_wconf 91' lang='lat' dir='ltr'><strong>est</strong></span> <span class='ocrx_word' id='word_1_856' title='bbox 3694 5561 3755 5617; x_wconf 92' lang='lat' dir='ltr'><strong>in</strong></span> <span class='ocrx_word' id='word_1_857' title='bbox 3796 5562 3904 5630; x_wconf 89' lang='lat' dir='ltr'><strong>illo,</strong></span> 
     </span>
    </p>
   </div>
   <div class='ocr_carea' id='block_1_118' title="bbox 2271 5703 3905 5861">
    <p class='ocr_par' dir='ltr' id='par_1_118' title="bbox 2271 5703 3905 5861">
     <span class='ocr_line' id='line_1_118' title="bbox 2271 5703 3905 5861; baseline 0.004 -32"><span class='ocrx_word' id='word_1_858' title='bbox 2271 5709 2386 5861; x_wconf 47' lang='lat' dir='ltr'><strong>tu}?</strong></span> <span class='ocrx_word' id='word_1_859' title='bbox 2399 5703 2768 5859; x_wconf 43' lang='lat'><strong>513332523?</strong></span> <span class='ocrx_word' id='word_1_860' title='bbox 2753 5723 3018 5861; x_wconf 38' lang='lat' dir='ltr'><strong>Sationes</strong></span> <span class='ocrx_word' id='word_1_861' title='bbox 3032 5778 3391 5861; x_wconf 71' lang='lat' dir='ltr'><strong>assignantur</strong></span> <span class='ocrx_word' id='word_1_862' title='bbox 3407 5793 3515 5861; x_wconf 88' lang='lat' dir='ltr'><strong>pro</strong></span> <span class='ocrx_word' id='word_1_863' title='bbox 3534 5778 3905 5852; x_wconf 79' lang='lat' dir='ltr'><strong>subsequente</strong></span> 
     </span>
    </p>
   </div>
   <div class='ocr_carea' id='block_1_119' title="bbox 2271 5845 3511 5921">
    <p class='ocr_par' dir='ltr' id='par_1_119' title="bbox 2271 5845 3511 5921">
     <span class='ocr_line' id='line_1_119' title="bbox 2271 5845 3511 5921; baseline 0.006 -20"><span class='ocrx_word' id='word_1_864' title='bbox 2271 5845 2412 5902; x_wconf 87' lang='lat' dir='ltr'><strong>festo</strong></span> <span class='ocrx_word' id='word_1_865' title='bbox 2438 5845 2713 5919; x_wconf 73' lang='lat' dir='ltr'><strong>passionis</strong></span> <span class='ocrx_word' id='word_1_866' title='bbox 2738 5849 2914 5907; x_wconf 83' lang='lat' dir='ltr'><strong>sancti</strong></span> <span class='ocrx_word' id='word_1_867' title='bbox 2937 5845 3205 5906; x_wconf 74' lang='lat' dir='ltr'><strong>Iohannis</strong></span> <span class='ocrx_word' id='word_1_868' title='bbox 3234 5845 3511 5921; x_wconf 63' lang='lat' dir='ltr'><strong>Baptista.</strong></span> 
     </span>
    </p>
   </div>
  </div>
