4006 6228
141 303 235 354 523

769 304 1377 365 SACRAMENTARIUM
1416 311 1859 369 GALLICANUM.
1903 342 1969 352 —-—
2010 315 2374 372 LECTIONES
2408 318 2852 385 QUOTIDIANJL'.

3391 329 3493 380 526

122 413 172 463 et
190 406 479 480 perfectus
507 408 773 466 inventus
798 416 903 480 est,
928 418 985 468 et
1010 414 1117 469 erit
1144 416 1226 469 illi
1257 418 1459 487 gloria.
1501 420 1609 484 Qui
1645 438 1745 492 po-
1771 437 1830 508 Α
1851 439 2137 494 perquem
2152 441 2445 479 accessum
2461 426 2744 480 habemus
2757 427 2941 482 fidein
2956 428 3144 500 gratia
3158 429 3285 498 ista,
3301 431 3359 485 in
3376 448 3490 503 qua

120 500 213 555 tuit
238 503 590 572 transgredi,
632 508 687 558 et
730 522 847 560 non
879 511 966 560 est
1008 512 1427 581 transgressus;
1461 516 1519 567 et
1559 514 1748 568 facere

122 594 278 659 mala,
310 597 370 647 et
399 611 525 649 non
559 597 698 651 fecit
725 614 738 652 :
768 598 901 655 ideo
937 602 1190 657 stabilita
1222 608 1357 658 sunt
1385 605 1539 660 bona
1578 606 1749 673 illius,

121 692 168 741 et
196 688 595 760 eleemosynas
631 691 782 746 illius
811 695 1107 750 enarrabit
1137 698 1376 753 ecclesia
1398 702 1748 755 sanctorum.

265 803 444 854 Lectio
480 806 649 856 sancti
682 807 953 873 Evangelii
986 811 1278 862 secundum
1312 814 1563 865 Marcum.

182 901 239 953 ln
266 898 361 953 illo
391 902 662 971 tempore
682 903 899 958 audivit
937 906 1190 961 Herodes
1222 910 1510 964 tetrarcha
1534 910 1750 965 famam

116 994 253 1058 Jesu,
283 992 473 1046 tenuit
509 995 858 1065 Iohannem,
890 1002 949 1052 et
991 1000 1251 1071 alligavit
1285 1018 1440 1069 eum,
1473 1008 1531 1058 et
1560 1005 1751 1075 posuit

118 1086 168 1138 in
190 1101 414 1139 carcere
444 1091 688 1159 prOpter
714 1091 1100 1147 Herodiadem
1138 1110 1374 1149 uxorem
1414 1097 1607 1151 fratris
1638 1098 1744 1152 sui.

119 1178 338 1233 Dicebat
366 1180 532 1235 enim
572 1182 654 1235 illi
692 1184 988 1240 Iohannes
1016 1203 1029 1241 :
1063 1188 1188 1242 Non
1220 1188 1354 1243 licet
1392 1190 1495 1244 tibi
1532 1191 1747 1246 habere

118 1288 251 1326 eam.
272 1273 341 1326 Et
365 1274 553 1328 voluit
572 1275 735 1331 illum
753 1278 1015 1333 occidere
1037 1297 1049 1334 :
1077 1281 1270 1336 timuit
1292 1284 1591 1354 populum,
1614 1285 1751 1357 quia

116 1366 244 1420 sicut
274 1368 628 1439 prophetam
659 1388 793 1425 eum
822 1372 1130 1428 habebant.
1163 1375 1261 1429 Die
1302 1381 1497 1431 autem
1542 1378 1750 1432 natalis

117 1460 324 1514 saltavit
346 1461 469 1516 illia
500 1463 840 1518 Herodiadis
869 1465 928 1519 in
962 1467 1177 1535 medio,
1199 1472 1257 1522 et
1276 1470 1492 1539 placuit
1516 1471 1745 1526 Herodi.

116 1552 264 1606 Unde
286 1569 421 1608 cum
438 1555 779 1626 jnramento
796 1558 1083 1629 pollicitus
1096 1564 1183 1615 est
1204 1562 1256 1615 ei
1279 1562 1417 1616 dare
1437 1564 1749 1634 quodcum-

116 1662 215 1716 que
258 1649 609 1717 postulasset
653 1650 724 1703 ab
755 1668 846 1706 eo.
874 1654 948 1705 At
978 1644 1073 1708 illa
1105 1656 1453 1725 praemonita
1486 1673 1519 1711 a
1562 1662 1747 1712 matre

115 1756 205 1793 sua
232 1756 243 1793 :
266 1740 349 1793 Da
380 1740 549 1809 mihi,
585 1742 791 1814 inquit,
829 1744 921 1800 hic
956 1746 1018 1800 in
1054 1746 1209 1802 disco
1251 1754 1421 1820 caput
1466 1751 1746 1805 Johannis

1853 520 2090 583 stamus,
2107 521 2165 571 et
2177 519 2497 588 gloriamur
2517 519 2577 574 in
2597 536 2696 591 spe
2719 520 2919 591 gloria:
2944 520 3200 577 filiorum
3219 524 3341 578 Dei.
3364 526 3488 579 Non

1853 611 2037 664 solum
2084 614 2300 679 autem,
2336 614 2437 668 sed
2474 616 2532 667 et
2560 614 2882 684 gloriamur
2912 615 2969 669 in
2996 615 3485 685 tribulationibus,

1854 703 2099 757 scientes
2115 705 2272 775 quod
2284 706 2579 761 tribulatio
2596 707 2939 778 patientiam
2958 713 3253 780 operatur,
3269 711 3491 781 patien-

1854 795 1933 850 tia
1954 799 2150 850 autem
2170 799 2595 867 probationem,
2609 801 2875 872 probatio
2892 819 3026 858 vero
3045 820 3230 874 spem,
3245 820 3376 875 spes
3396 821 3492 858 au-

1852 892 1970 943 tem
1996 906 2112 943 non
2127 891 2462 946 confundit:
2485 894 2620 963 quia
2632 894 2840 948 caritas
2856 895 2957 949 Dei
2976 896 3177 951 defusa
3192 901 3279 950 est
3296 896 3355 951 in
3374 914 3493 952 cor-

1852 982 2016 1036 dibus
2030 983 2227 1037 vestris
2240 1002 2342 1055 per
2353 986 2625 1056 Spiritum
2638 991 2900 1042 sanctum
2910 989 3028 1060 ,qui
3041 989 3210 1044 datus
3224 993 3310 1044 est
3321 990 3490 1045 nobis

1852 1077 1923 1129 Ut
1953 1076 2093 1146 quid
2119 1076 2276 1131 enim
2300 1078 2571 1146 Christus,
2596 1097 2727 1134 cum
2756 1081 2943 1137 adhuc
2962 1082 3181 1137 inﬁrmi
3205 1099 3482 1150 essemus,

1852 1170 2169 1224 secundum
2201 1175 2430 1242 tempus
2447 1188 2550 1242 pro
2574 1172 2764 1244 impiis
2783 1178 3047 1230 mortuus
3064 1177 3188 1231 est?
3207 1176 3308 1231 Vix
3329 1177 3488 1232 enim

1852 1279 1955 1333 pro
1976 1264 2135 1333 justo
2164 1265 2292 1335 quis
2320 1265 2593 1331 moritur;
2614 1283 2749 1321 nam
2782 1284 2885 1338 pro
2910 1268 3064 1323 bono
3093 1270 3331 1325 forsitan
3362 1270 3490 1341 quis

1851 1359 1909 1409 et
1932 1356 2145 1411 audeat
2161 1358 2311 1412 mori
2329 1357 2356 1412 ?
2370 1360 2763 1414 Commendat
2780 1364 2977 1415 autem
2997 1378 3163 1416 suam
3184 1363 3485 1418 caritatem

1850 1450 1999 1503 Deus
2029 1450 2087 1504 in
2117 1451 2299 1519 nobis,
2327 1452 2604 1522 quoniam
2636 1469 2768 1507 cum
2814 1454 3001 1509 adhuc
3030 1460 3360 1525 peccatores
3398 1472 3486 1510 es-

1850 1560 2060 1610 semus,
2096 1544 2352 1598 Christus
2392 1562 2497 1615 pro
2537 1545 2703 1600 nobis
2734 1550 2997 1601 mortuus
3046 1552 3152 1602 est.
3174 1549 3346 1603 Multo
3377 1548 3486 1619 igi-

1849 1639 1942 1690 tur
1965 1637 2152 1706 magis
2164 1637 2459 1707 justificati
2482 1638 2538 1692 in
2566 1640 2850 1710 sanguine
2872 1639 3069 1711 ipsius,
3092 1640 3227 1696 salvi
3252 1640 3482 1707 erimus.

2003 1729 2177 1779 Lectio
2206 1729 2372 1779 sancti
2406 1730 2675 1794 Evangelii
2712 1732 2999 1781 secundum
3024 1732 3329 1782 Iohannem.

117 1833 386 1903 Baptistae.
414 1836 486 1889 Et
518 1809 888 1892 contristatus
921 1842 1009 1893 est
1032 1856 1148 1896 rex.
1182 1809 1424 1912 Propter
1442 1843 1740 1913 juramen-
1765 1812 1821 1883 Β
1850 1902 1881 1913 Α
1917 1809 2126 1913 Ἦθδυδ
2293 1811 2599 1913 ῗωδυέδῐξδ
2622 1812 2897 1913 noramus
2921 1815 3081 1913 Jesu?
3109 1813 3273 1913 juxui
3322 1829 3483 1913 mire

115 1930 225 1980 tum
253 1930 448 1982 autem
487 1932 548 1983 et
585 1946 685 1984 eos
714 1932 813 2002 qui
842 1932 1063 2003 pariter
1103 1935 1539 2004 recumbebant,
1573 1937 1745 2008 jussit

116 2019 245 2074 dari.
270 2020 555 2093 Misitque,
586 2027 644 2077 et
669 2024 973 2079 decollavit
1008 2028 1337 2082 Iohannem
1379 2029 1437 2084 in
1465 2047 1698 2085 carcere
1725 2049 1739 2098 ;

115 2116 163 2167 et
183 2114 413 2168 allatum
466 2120 557 2169 est
600 2121 774 2188 caput
817 2118 941 2189 ejus
984 2119 1043 2173 in
1088 2120 1265 2185 disco,
1311 2126 1368 2175 et
1418 2123 1621 2177 datum
1659 2129 1746 2179 est

116 2207 323 2277 puellae,
352 2211 411 2261 et
436 2209 572 2262 tulit
600 2210 775 2264 matri
815 2228 952 2266 sua}.
992 2213 1059 2266 Et
1098 2213 1438 2270 accedentes
1481 2216 1742 2288 discipuli
1786 2218 1803 2235 ‘

117 2299 243 2369 ejus,
268 2301 531 2356 tulerunt
554 2319 761 2374 corpus
787 2305 930 2375 ejus,
966 2309 1024 2359 et
1048 2307 1402 2378 sepelierunt
1436 2309 1596 2365 illud.

714 2437 914 2477 INCIPIT
952 2438 1131 2479 MISSA.

180 2522 319 2577 Deus
353 2526 446 2579 cui
495 2531 696 2581 sancta
743 2532 1179 2586 conversatione
1238 2532 1457 2589 directa
1509 2535 1743 2607 gloriosi

117 2616 375 2673 Johannis
401 2620 628 2675 oranda
666 2623 957 2691 sanctitas,
1004 2625 1357 2682 celebranda
1385 2629 1744 2685 sollemnitas

120 2711 338 2781 est:qui
364 2714 666 2784 quondam
700 2732 829 2770 cum
861 2717 1241 2773 adnunciaret
1272 2720 1611 2776 mirabiliter
1640 2723 1745 2777 Re-

121 2800 445 2874 demtorem,
492 2810 849 2879 expectabat,
893 2813 1187 2881 speculum
1220 2815 1477 2885 luminis,
1512 2816 1741 2870 initium

119 2894 481 2967 baptismatis,
523 2902 919 2957 testimonium
942 2906 1227 2973 veritatis;
1264 2911 1319 2961 et
1344 2907 1401 2961 in
1430 2909 1740 2979 plenitudi-

121 3003 239 3043 nem
256 2991 460 3046 Christi
489 2993 809 3065 signorum,
838 3000 968 3068 post
988 2999 1153 3069 signa
1176 3001 1557 3069 monstrabat,
1592 3019 1740 3057 nun-

118 3081 222 3135 cius
237 3084 463 3153 'salutis,
496 3089 737 3142 aemulus
764 3090 1045 3161 passionis
1070 3109 1082 3145 :
1114 3093 1307 3148 serviit
1327 3095 1612 3166 propheta
1640 3095 1742 3150 ba-

1845 1902 2094 1969 Galileee,
2118 1902 2261 1957 vidit
2290 1904 2433 1958 duos
2467 1905 2694 1971 fratres,
2723 1905 2947 1973 Simon,
2980 1905 3077 1977 qui
3104 1908 3343 1960 vocatur
3377 1908 3482 1961 Pe-

1847 1998 1985 2064 trus,
2018 1999 2075 2049 et
2098 1997 2391 2052 Andream
2429 1998 2670 2052 fratrem
2710 1998 2853 2069 ejus,
2888 1999 3189 2053 mittentes
3234 2001 3381 2054 retia
3423 2001 3482 2055 in

1847 2105 2027 2157 mare,
2053 2094 2218 2145 erant
2234 2091 2390 2145 enim
2416 2090 2760 2162 piscatores,
2791 2095 2848 2145 et
2862 2092 2943 2146 ait
2961 2092 3073 2147 illis
3091 2109 3104 2145 :
3123 2092 3326 2147 Venite
3355 2097 3487 2164 post

1846 2199 1959 2249 me,
1984 2187 2042 2237 et
2066 2184 2277 2238 faciam
2301 2201 2400 2239 vos
2420 2184 2737 2255 piscatores
2756 2185 3082 2240 hominum.
3105 2187 3176 2239 At
3197 2186 3280 2240 illi
3301 2186 3482 2241 conti-

1847 2293 1961 2330 nuo
1993 2277 2206 2331 relictis
2233 2278 2452 2332 retibus
2478 2278 2593 2333 suis
2621 2279 2800 2333 secuti
2850 2282 2984 2333 sunt
3016 2296 3171 2333 eum.
3201 2280 3335 2334 Post
3359 2279 3482 2334 haec

1846 2369 1985 2424 dicit
2010 2372 2171 2425 Jesus
2196 2373 2365 2427 Petro
2397 2389 2409 2425 ε
2435 2372 2636 2427 Simon
2666 2375 2961 2429 Iohannes
3001 2371 3191 2444 diligis
3228 2389 3324 2427 me
3355 2373 3483 2444 plus

1846 2463 1932 2517 his
1952 2463 1980 2518 Ἰ
2006 2463 2153 2519 Dicit
2178 2465 2230 2518 ei
2262 2481 2274 2518 :
2300 2465 2505 2533 Etiam,
2537 2467 2805 2534 Domine,
2837 2470 2899 2520 tu
2925 2465 3033 2521 scis
3068 2465 3204 2536 quia
3248 2482 3380 2521 amo
3402 2470 3478 2521 te.

1843 2556 1988 2611 Dicit
2008 2558 2059 2611 ei
2085 2574 2097 2611 :
2120 2559 2295 2612 Pasce
2326 2574 2509 2629 agnos
2536 2576 2718 2615 meos.
2740 2559 2883 2616 Dicit
2913 2559 2967 2613 ei
2994 2559 3206 2613 iterum
3242 2575 3256 2613 :
3280 2558 3480 2615 Simon

1841 2650 2134 2705 Iohannes
2155 2651 2347 2722 diligis
2371 2652 2505 2706 me?
2527 2655 2600 2707 At
2627 2654 2721 2707 ille
2750 2652 2830 2708 ait
2857 2668 2869 2707 :
2894 2652 3103 2720 Etiam,
3127 2652 3394 2718 Domine,
3419 2656 3481 2707 tu

1843 2743 1951 2798 scis
1977 2745 2111 2815 quia
2137 2760 2272 2800 amo
2297 2747 2373 2799 te.
2396 2745 2541 2800 Dicit
2568 2746 2621 2799 ei
2650 2764 2662 2801 :
2694 2748 2868 2801 Pasce
2894 2761 3078 2816 agnos
3116 2761 3299 2801 meos.
3332 2745 3482 2800 Dicit

1845 2838 1899 2891 ei
1932 2837 2099 2893 tertio
2123 2855 2136 2892 :
2161 2838 2363 2893 Simon
2381 2839 2695 2907 Iohannes,
2718 2856 2879 2894 amas
2918 2856 3015 2893 me
3037 2838 3064 2893 ?
3100 2837 3480 2893 Contristatus

1841 2931 2061 2998 Petrus,
2092 2931 2229 3002 quia
2255 2931 2394 2985 dixit
2418 2932 2473 2985 ei
2500 2932 2692 2999 tertio,
2721 2934 2898 2987 Amas
2936 2948 3028 2985 me
3047 2930 3074 2985 ?
3106 2932 3174 2985 Et
3204 2930 3341 2985 dicit
3378 2932 3429 2985 ei
3462 2949 3476 2986 :

1842 3023 2104 3091 Domine,
2134 3028 2195 3079 tu
2232 3025 2382 3079 nosti
2413 3025 2634 3093 omnia,
2684 3028 2745 3079 tu
2777 3025 2882 3080 scis
2909 3025 3043 3096 quia
3069 3040 3205 3078 amo
3224 3026 3302 3078 te.
3335 3024 3481 3079 Dicit

1845 3117 1898 3171 ei
1928 3135 1941 3171 :
1980 3119 2153 3172 Pasce
2204 3135 2335 3173 oves
2379 3135 2559 3173 meas.
2588 3121 2792 3185 Amen,
2817 3135 2992 3173 amen
3020 3117 3148 3172 dico
3191 3119 3316 3187 tibi,
3345 3134 3479 3173 cum

119 3175 329 3282 ῐξξίεωρν
344 3178 599 3282 δέρίίεῐθι
614 3183 914 3254 martyrio:
939 3188 997 3237 θί
1013 3186 1207 3282 ῘΘΒΠΨ
1231 3187 1333 3241 Dei
1356 3187 1562 3282 Filium
1576 3206 1741 3243 mun‘
1759 3190 1814 3263 (ἶ
1841 3226 1993 3265 esses
2011 3210 2232 3282 junior,
2257 3212 2531 3282 cingebas
2550 3215 2629 3278 te,
2652 3214 2712 3266 et
2734 3175 3074 3267 ainbulabas
3104 3213 3203 3267 ubi
3225 3175 3478 3268 volebas.

118 3266 168 3322 di
190 3270 552 3329 redemtione
575 3278 903 3343 venturum,
931 3295 1104 3349 quem
1127 3280 1484 3337 adnunciare
1509 3300 1569 3337 se
1597 3300 1743 3354 prae-

120 3360 382 3420 dicatione
425 3369 719 3423 sermonis
767 3370 1039 3439 ostendit,
1098 3390 1295 3429 amare
1343 3392 1401 3429 se
1455 3375 1737 3433 effusione

118 3457 389 3527 sanguinis
415 3462 814 3532 conprobavit.

660 3566 909 3617 Collectio
956 3573 1175 3620 secreta.

181 3644 381 3703 Exaudi
406 3664 518 3703 nos
548 3649 835 3706 bonorum
857 3653 1119 3708 omnium
1153 3655 1537 3727 dispensator,
1565 3661 1738 3730 atque

121 3734 177 3790 in
200 3738 519 3796 electissimi
561 3743 645 3797 tui
690 3745 970 3800 Johannis
1029 3747 1418 3804 sollemnitate
1470 3752 1739 3822 praesenti

122 3826 441 3889 delictorum
477 3835 902 3908 indulgentiam
927 3840 1186 3911 placatus
1215 3841 1511 3907 adtribue;
1535 3844 1627 3898 cui
1659 3848 1739 3899 to-

121 3923 230 3977 tum
254 3924 309 3980 in
337 3926 612 3982 virtutem
631 3930 813 3985 sancti
841 3931 1086 4003 Spiritus
1113 3934 1185 3988 ab
1226 3950 1324 3989 ore
1366 3937 1734 4004 translatum,

123 4012 350 4074 Christus
398 4020 511 4075 fuit
542 4023 834 4078 moriendi
879 4041 1069 4093 causa,
1117 4026 1209 4081 cui
1256 4028 1513 4083 Christus
1552 4030 1741 4085 fuerat

123 4121 273 4164 causa
323 4114 619 4169 nascendi.
674 4118 798 4187 Ipse
849 4116 1026 4190 igitur
1065 4120 1377 4175 nativitatis
1433 4122 1737 4178 dominicae

124 4202 360 4273 nuncius,
391 4206 518 4278 ipse
540 4225 861 4279 praecursor
878 4212 1155 4283 probatus
1177 4217 1262 4267 est
1284 4214 1585 4285 passionis.
1609 4218 1733 4271 Per.

752 4308 1085 4374 Contestatio.

182 4403 312 4463 Vere
344 4410 589 4484 dignum
611 4418 669 4470 et
688 4415 907 4495 justum
939 4419 1439 4491 est,~omnipotens
1462 4423 1610 4477 Deus
1632 4440 1738 4495 per

127 4494 389 4559 Christum
418 4494 731 4563 Dominum
754 4515 1037 4566 nostrum.
1066 4512 1168 4568 Cui
1191 4513 1250 4568 in
1270 4519 1580 4587 conspectu
1599 4518 1737 4572 vati-

126 4587 335 4662 cinium,
465 4603 594 4654 actu
632 4601 1008 4674 baptismum,
1047 4605 1107 4660 in
1155 4606 1315 4661 obitu
1343 4608 1685 4681 martyrium
1720 4628 1732 4665 :

128 4695 225 4750 quo
243 4702 343 4757 per
362 4707 538 4747 unam
563 4695 950 4768 eamdemque
972 4698 1464 4771 dispensationem
1484 4702 1738 4758 ostendit

130 4782 399 4844 generatio
434 4801 605 4856 quem
630 4789 915 4859 promisit,
947 4794 1304 4850 conversatio
1320 4811 1492 4867 quem
1520 4795 1732 4865 docuit,

127 4871 295 4960 passio
340 4893 511 4947 quem
551 4879 749 4936 dilexit
782 4900 794 4937 :
826 4885 1138 4956 prophetat
1162 4886 1221 4941 in
1249 4891 1433 4955 utero,
1460 4889 1736 4960 pradicet

129 4957 178 5055 in
197 4969 408 5037 saculo,
433 4979 803 5031 consummat
819 4976 879 5031 in
901 4979 1136 5049 gaudio.
1157 4982 1203 5034 A
1217 4980 1442 5052 justitia
1462 4957 1731 5055 elegitur,

131 5051 192 5106 de
212 5055 426 5126 justitia
453 5065 726 5137 loquitur,
760 5086 865 5141 pro
894 5070 1121 5141 justitia
1156 5051 1493 5130 decolletur.
1522 5051 1734 5131 Tantus

131 5151 397 5219 prophetae
429 5159 702 5229 splendor
736 5162 794 5217 in
832 5165 1078 5220 carceris
1112 5167 1356 5221 claustra
1386 5167 1729 5237 detruditur,

130 5241 459 5310 etpreciosus
469 5253 584 5308 Deo
610 5256 847 5327 sanguis
866 5259 1212 5315 meretricia!
1236 5261 1555 5317 saltationis
1575 5279 1731 5318 mer-

131 5331 251 5388 cede
282 5338 519 5413 taxatur,
563 5350 736 5419 atque
783 5349 936 5405 inter
976 5352 1283 5423 gentilicia;
1322 5356 1630 5427 voluptatis
1668 5356 1735 5410 ﬁt

131 5427 303 5493 epulas
319 5438 626 5504 speculum.
650 5440 751 5496 Cui
768 5442 977 5499 merito
997 5460 1204 5500 omnes
1225 5448 1438 5518 angeli.
1468 5447 1729 5504 Sanctus.

410 5569 567 5610 HISSA
605 5572 659 5611 ΙΝ
699 5573 903 5615 NA'I'ALE
939 5576 1090 5617 PETRI
1130 5579 1195 5618 ET
1234 5579 1411 5620 PAULI.

132 5624 334 5693 Ερὶιιοια
354 5642 491 5697 Pauli
505 5648 725 5711 apostoli
739 5649 805 5700 ad
820 5651 1099 5704 Romanos.
1111 5655 1167 5705 In
1178 5656 1349 5706 natale
1360 5656 1733 5722 apostolorum.

193 5724 417 5805 Fratres,
428 5737 727 5809 justiﬁcati
751 5741 930 5813 igitur
947 5758 1014 5800 ex
1030 5746 1166 5815 fide,
1193 5764 1396 5820 pacem
1417 5748 1736 5805 habeamus

138 5816 198 5871 ad
225 5820 393 5883 Deum
427 5848 530 5903 per
550 5833 863 5891 Dominum
887 5837 1150 5894 nostrum
1181 5816 1376 5897 Iesum
1402 5840 1691 5899 Christum
1720 5860 1732 5899 :

424 5926 697 5997 PATROL.
745 5931 978 6003 LXXII.

1838 3304 1983 3360 Cum
2015 3307 2211 3359 autem
2239 3305 2518 3372 senueris,
2550 3305 2824 3360 extendes
2848 3321 3057 3361 manus
3084 3309 3232 3375 tuas,
3257 3310 3317 3361 et
3336 3304 3479 3360 alius

1842 3401 1896 3452 te
1924 3398 2135 3469 cinget,
2170 3403 2228 3453 et
2253 3398 2425 3455 ducet
2451 3415 2565 3469 quo
2584 3402 2644 3452 tu
2674 3415 2792 3454 non
2816 3398 2917 3453 vis.
2949 3400 3064 3455 Hoc
3091 3403 3288 3455 autem
3318 3398 3477 3466 dixit,

1841 3491 2173 3562 signiﬁcans
2204 3509 2318 3564 qua
2346 3495 2533 3546 morte
2576 3495 2727 3546 esset
2761 3492 3176 3549 clarificaturus
3201 3496 3404 3551 Deum.

2442 3602 2644 3642 INCIPIT
2682 3603 2859 3642 MISSA.

1912 3676 2058 3730 Deus
2079 3673 2177 3745 qui
2203 3674 2355 3728 hunc
2386 3674 2588 3745 [diem]
2622 3675 2927 3729 beatorum
2959 3677 3192 3729 tuorum
3237 3676 3392 3731 Petri
3420 3680 3480 3732 et

1838 3767 1997 3823 Pauli
2021 3766 2301 3838 martyrio
2325 3766 2671 3821 consecrasti
2690 3784 2703 3833 ;
2719 3766 3035 3821 Ecclesiam
3068 3770 3228 3822 tuam
3249 3783 3477 3837 eorum,

1841 3876 2188 3932 quaesumus,
2236 3858 2573 3929 magisterio
2638 3858 2963 3931 gubernare
3022 3858 3322 3931 [digneris]
3371 3876 3477 3933 per

1839 3971 1983 4026 quos
2014 3952 2258 4025 sumpsit
2284 3951 2542 4007 inicium.

2521 4036 2795 4087 Collectio.

1908 4118 2333 4189 Apostolorum,
2380 4116 2648 4186 Domine,
2691 4116 2999 4173 beatorum
3042 4116 3194 4173 Petri
3234 4120 3293 4173 et
3318 4117 3474 4175 Pauli

1838 4211 2166 4266 desiderata
2201 4211 2506 4267 sollemnia
2550 4227 2920 4268 recensemus
2946 4229 2959 4279 ;
2987 4214 3219 4285 praesta,
3251 4228 3473 4285 quasu-

1838 4322 1987 4373 mus,
2017 4309 2078 4360 ut
2111 4322 2316 4361 eorum
2356 4305 2775 4378 supplicatione
2826 4305 3182 4372 muniamur,
3225 4320 3473 4377 quorum

1837 4399 2097 4471 regimur
2127 4399 2473 4472 principatu.

2472 4483 2598 4533 Post
2628 4483 2858 4533 nomina.

1755 4559 1814 4631 D
1907 4569 2215 4640 Largiente
2243 4571 2319 4637 te,
2339 4566 2605 4635 Domine,
2636 4565 2907 4622 natalicio
2930 4564 3083 4621 Petri
3108 4568 3165 4620 et
3194 4564 3356 4622 Pauli
3382 4568 3469 4624 lu-

1838 4679 1972 4717 men
2002 4661 2214 4715 eﬂ‘ulsit
2240 4678 2252 4715 :
2285 4659 2558 4727 concede,
2587 4674 2935 4730 quaesumus,
2959 4660 3023 4711 ut
3047 4656 3332 4714 hodierna
3351 4660 3472 4731 glo-

1836 4755 1921 4810 ria
1950 4753 2230 4826 passionis
2257 4753 2403 4808 sicut
2429 4750 2540 4805 illis
2561 4749 3061 4821 magniﬁccntiam
3083 4749 3284 4807 tribuit
3316 4768 3467 4809 sem-

1835 4848 2144 4921 piternam,
2174 4846 2253 4902 ita
2280 4844 2446 4900 nobis
2474 4843 2702 4898 veniam
2743 4842 3025 4914 largiatur
3054 4848 3336 4916 optatam.

2487 4936 2565 4986 Ad
2608 4948 2812 4999 pacem.

1905 5025 2140 5080 Munera
2169 5036 2298 5093 quae
2341 5017 2677 5085 deferimus,
2723 5015 2990 5083 Domine,
3032 5017 3320 5089 benignus
3363 5019 3467 5077 ad-

1836 5134 2033 5187 sume;
2063 5115 2165 5188 qui
2187 5112 2398 5169 nostris
2420 5109 2755 5183 inpedimur
2794 5109 3047 5179 offensis,
3071 5112 3466 5182 apostolorum

1834 5210 2099 5284 precibus
2123 5208 2484 5279 adjuvemur.

2478 5287 2810 5338 Contestatio.

1904 5375 2046 5428 Vere
2069 5371 2313 5443 dignum
2332 5374 2390 5424 et
2402 5369 2624 5441 justum
2647 5372 2753 5437 est,
2777 5368 3162 5439 omnipotens,
3185 5369 3240 5419 te
3258 5364 3467 5435 glorio-

1834 5484 1962 5523 sum
1989 5466 2050 5521 in
2076 5464 2285 5521 sanctis
2316 5464 2447 5532 tuis,
2482 5466 2538 5517 te
2568 5462 2899 5518 mirabilem
2930 5461 2989 5516 in
3033 5459 3146 5513 tuis
3171 5457 3466 5532 discipulis

1835 5561 2183 5618 declamare.
2212 5560 2287 5614 Te
2315 5558 2472 5613 enim
2493 5573 2691 5612 verum
2713 5557 2896 5611 Deum
2925 5554 3305 5626 deprecantes
3326 5570 3465 5627 apo-

1835 5655 1967 5712 stoli
1986 5654 2048 5710 in
2075 5669 2311 5711 omnem
2336 5655 2551 5707 terram
2582 5665 2789 5705 sonum
2812 5646 3203 5720 praebuerunt,
3232 5650 3291 5703 et
3315 5648 3375 5703 in
3406 5648 3470 5703 fl-

1835 5766 1939 5805 nes
1972 5748 2126 5805 orbis
2156 5751 2326 5803 terra:
2356 5744 2595 5800 verbum
2627 5742 2810 5799 sancti
2852 5741 3185 5798 certaminis
3211 5739 3465 5797 tradide-

1834 5846 1987 5897 runt.
2023 5843 2097 5895 Ex
2138 5840 2344 5911 quibus
2384 5839 2615 5893 beatum
2652 5838 2886 5892 Petrum
2929 5835 2983 5888 in
3016 5834 3467 5891 fundamentum

3077 5936 3145 5995 l7
