4006 6228
502 306 602 361 523

1381 299 1709 355 APPENDIX
1749 298 1835 352 AD
1870 296 2089 353 ΟΡΕΒΑ
2128 298 2182 350 S.
2223 296 2520 352 GERMANI
2562 294 2987 351 PARISIENSIS.

3780 284 3883 337 5'24

498 410 763 465 Ecclesia:
795 408 1127 475 conlocasti,
1152 407 1312 477 cujus
1327 405 1511 459 ﬁdein
1535 404 1800 458 omnium
1823 403 2131 474 discipulo-
2154 416 2213 487 Α
2234 405 2391 458 Nunc
2422 420 2560 473 ergo
2587 405 2740 459 dono
2755 401 3073 473 majestatis
3087 404 3198 453 tua:
3210 395 3577 469 agnoscimus
3592 390 3889 463 reliquias

500 522 631 558 rum
659 508 889 558 tuorum
926 502 1135 573 gaudio
1164 498 1520 555 confortasti.
1550 498 1687 551 Huic
1713 497 1973 568 gentium
2006 513 2131 551 ma-

501 597 747 668 gistrum
771 595 1057 650 tradidisti
1088 595 1392 663 collegam,
1416 591 1788 646 novissimum
1814 591 2047 661 quidem
2076 590 2135 644 in

501 707 753 755 cursum,
769 689 870 743 sed
882 688 1165 758 aequalem
1189 686 1261 739 ad
1276 684 1607 755 prmmium.
1631 685 1761 738 Plus
1776 684 1932 738 enim
1954 682 2136 737 omni-

502 783 845 838 buslaborat
872 781 927 834 in
958 778 1385 851 praedicatione,
1405 777 1711 849 quiplusin
1736 776 2135 848 persecutione

504 876 968 947 prmsumpserat;
985 877 1043 926 et
1054 888 1225 942 quem
1240 872 1479 926 Saulum
1494 874 1939 942 persequentem
1954 869 2138 924 nomi-

502 970 681 1023 nabat
701 969 746 1033 ⁸,
776 966 1023 1021 Ecclesia
1035 964 1447 1035 praedicantem
1470 965 1711 1019 Paulum
1733 965 2003 1035 appellat.
2030 965 2140 1017 Par

500 1062 747 1116 efﬁcitur
772 1061 941 1113 Petro
960 1059 1017 1112 in
1041 1058 1327 1129 passione,
1348 1062 1411 1111 ut
1426 1058 1695 1112 credatur
1711 1058 1833 1127 ejus
1853 1057 2139 1127 particeps

502 1170 625 1208 esse
650 1152 708 1206 in
734 1152 1226 1207 remuneratione.
1251 1153 1378 1209 Haec
1398 1155 1459 1205 tu
1480 1151 1699 1218 omnia,
1720 1150 1984 1215 Domine,
2008 1165 2140 1220 ope-

501 1246 667 1313 raris,
696 1245 793 1317 qui
826 1262 859 1299 a
881 1244 1177 1315 prophetis
1203 1244 1640 1309 demonstreris,
1671 1243 1743 1297 ab
1765 1242 1987 1313 angelis
2007 1242 2143 1297 ado-

501 1340 666 1409 raris,
691 1343 750 1393 et
774 1338 848 1392 ad
874 1354 1051 1393 omne
1081 1339 1350 1392 saeculum
1377 1338 1771 1408 apostolorum
1797 1335 2016 1390 lumine
2049 1335 2144 1389 de-

506 1433 761 1488 clararis.
789 1434 858 1486 Et
874 1432 1006 1486 ideo
1019 1447 1151 1485 cum
1168 1431 1390 1501 angelis
1403 1434 1462 1484 et
1487 1430 1853 1500 archangelis
1872 1428 2137 1484 conlaud.

837 1559 997 1602 ιῐεελ
1038 1558 1225 1598 SANC’I'I
1267 1558 1577 1598 SIGISMUNDI
1620 1558 1799 1597 REGIS.

754 1630 983 1693 Epistols
1005 1630 1256 1680 Johannis
1287 1630 1509 1694 apostoli
1535 1631 1601 1680 ad
1637 1634 1820 1694 gentes
1848 1631 1894 1678 ιι.

582 1716 826 1783 Fratres,
861 1716 1039 1769 nolite
1072 1716 1314 1787 diligere
1357 1716 1663 1783 mundum,
1696 1733 1801 1769 nec
1832 1732 1901 1769 ea
1930 1730 2057 1785 quas
2083 1712 2141 1766 in

2236 514 2359 551 esse
2391 497 2614 552 homini
2642 496 2900 569 paciﬁeo.
2932 496 3011 550 Tu
3029 509 3189 564 ergo,
3213 491 3456 547 Domine
3478 490 3626 544 Deus
3652 487 3888 547 noster,

2236 590 2331 662 qui
2364 590 2514 644 inter
2533 591 2815 644 bellorum
2834 590 3135 654 tumultus,
3153 603 3267 640 non
3283 583 3724 639 examinatione
3754 593 3889 649 per-

2238 683 2531 750 secutoris,
2561 684 2741 737 electo
2770 686 2866 736 tuo
2894 679 3269 750 Sigismundo
3300 676 3666 747 triumphum
3727 687 3886 725 mar-

2237 776 2369 846 tyrii
2403 775 2712 841 contulisti,
2744 779 2804 828 tu
2831 772 3219 845 dispensanda
3240 769 3589 843 pauperibus
3617 762 3891 837 pulsanti

2237 846 2462 941 aperire
2505 869 2775 939 dignatus
2820 885 2899 934 es,
2948 870 3175 921 secutus
3218 864 3489 935 gratiam,
3530 859 3893 915 consecutus

2239 962 2719 1028 misericordiam,
2750 965 2813 1016 ut
2837 966 2966 1032 post
2989 963 3239 1014 mortem
3263 955 3535 1012 ostendas
3557 954 3617 1008 in
3639 951 3892 1012 virtute,

2240 1074 2413 1128 quem
2441 1060 2575 1111 ante
2602 1060 2851 1111 mortem
2876 1052 3117 1108 ﬁrmasti
3141 1052 3202 1106 in
3218 1050 3353 1105 fide.
3383 1051 3503 1104 Tua
3528 1047 3694 1102 enim
3729 1043 3890 1097 dona

2240 1155 2391 1218 sunt,
2417 1151 2677 1217 Domine,
2728 1153 2793 1203 ut
2818 1149 2877 1202 in
2914 1146 3152 1202 nomine
3188 1143 3354 1199 electi
3392 1142 3474 1197 tui
3515 1135 3891 1212 Sigismundi

2244 1261 2346 1315 per
2390 1243 2867 1298 communionem
2908 1240 3164 1311 corporis
3202 1242 3259 1292 et
3305 1234 3603 1307 sanguinis
3643 1229 3893 1287 Domini

2244 1338 2421 1393 nostri
2448 1340 2580 1393 Jesu
2608 1337 2811 1393 Christi
2840 1335 2961 1391 Filii
2988 1334 3074 1388 tui
3098 1350 3131 1387 a
3153 1331 3370 1387 famulo
3397 1333 3496 1384 tuo
3521 1328 3603 1383 ill.
3629 1329 3895 1395 tempes

2244 1432 2375 1486 tatis
2400 1431 2639 1501 frigora,
2680 1429 2929 1484 febrium
2972 1427 3243 1482 ardorem
3274 1424 3538 1495 repellas,
3568 1425 3626 1475 et
3666 1418 3889 1473 sanita-

2243 1530 2362 1580 tem
2388 1525 2691 1596 pristinam
2724 1538 2988 1577 revocare
3020 1519 3294 1591 digneris.
3334 1518 3567 1581 Praesta,
3597 1528 3789 1585 quem
3836 1510 3890 1562 in

2242 1619 2518 1673 Trinitate
2551 1617 2789 1672 laudant
2815 1631 3019 1671 omnes
3050 1612 3262 1684 angeli.

2582 1744 2736 1784 HISSA
2777 1745 2832 1783 IN
2864 1740 3185 1783 SANCTORUM
3224 1736 3538 1779 MARTYRUM.

510 1809 729 1865 mundo
762 1812 913 1863 sunt
944 1809 1149 1879 δίἿυίδ
1179 1785 1366 1879 diligit
1398 1808 1700 1876 mundum:
1732 1825 1850 1863 ηοη
1885 1812 1973 1862 εει
2000 1806 2142 1861 cari‘
2166 1785 2223 1858 B
2249 1824 2423 1875 Lectio
2438 1819 2916 1887 Apocalysissancti
2935 1816 3197 1879 lohannis,
3211 1816 3264 1865 in
3281 1812 3616 1865 sanctorumd
3638 1806 3887 1872 legenda.

510 1906 599 1957 tas
626 1902 808 1956 Patris
831 1902 886 1955 in
911 1917 1013 1955 eo:
1042 1901 1319 1973 quoniam
1341 1918 1512 1956 omne
1539 1901 1695 1973 quod
1717 1905 1803 1956 est
1822 1901 1883 1955 in
1904 1900 2146 1966 mundo,

512 1994 973 2066 concupiscentia
997 1995 1204 2060 carnis,
1243 2000 1299 2048 et
1319 1995 1781 2066 concupiscentia
1826 1996 2146 2059 oculorum,

514 2093 571 2142 et
602 2088 873 2159 superbia
905 2088 1053 2142 vitte.

666 2180 840 2230 Lectio
866 2179 1034 2230 sancti
1060 2178 1330 2243 Evangelii
1354 2178 1648 2229 secundum
1674 2179 1989 2230 Matthmum.

584 2266 793 2320 Diebus
822 2266 951 2331 illis,
984 2265 1261 2320 circuibat
1284 2264 1560 2320 Dominus
1585 2267 1748 2319 Jesus
1780 2267 1963 2319 totam
1999 2263 2149 2318 Gali-

511 2360 699 2426 laaam,
745 2360 959 2413 docens
993 2359 1051 2412 in
1101 2358 1413 2429 synagogis
1456 2375 1681 2423 eorum,
1729 2361 1786 2412 et
1828 2358 2150 2428 praedicans

512 2453 887 2523 Evangelium
914 2451 1100 2522 regni,
1126 2454 1186 2504 et
1214 2468 1428 2505 sanans
1456 2467 1693 2505 omnem
1722 2452 2068 2521 languorem
2096 2454 2154 2505 et

518 2562 754 2601 omnem
779 2544 1183 2599 infirmitatem
1218 2544 1275 2597 in
1306 2546 1542 2615 populo.
1571 2546 1641 2598 Et
1657 2544 1798 2598 abiit
1818 2544 2015 2615 opinio
2030 2544 2153 2615 ejus

517 2640 576 2693 in
599 2641 781 2692 totam
812 2638 1058 2707 Syriam,
1090 2641 1148 2690 et
1178 2637 1515 2691 obtulerunt
1540 2636 1592 2691 ei
1639 2653 1841 2691 omnes
1872 2638 2024 2691 male
2051 2637 2151 2690 ha-

517 2732 720 2785 bentes
746 2730 919 2784 variis
944 2731 1318 2799 languoribus
1347 2734 1403 2784 et
1430 2731 1735 2785 tormentis
1766 2729 2149 2801 comprehen-

518 2842 629 2891 sos,
659 2828 717 2879 et
741 2823 961 2879 curavit
980 2840 1097 2878 eos.

1127 2932 1321 2972 INCIPIT
1359 2932 1540 2973 MISSA.

590 3011 1066 3083 Omnipotentem
1106 3011 1440 3077 Dominum,
1471 3010 1571 3081 qui
1620 3027 1725 3082 per
1768 3012 2058 3082 apostolos
2098 3014 2156 3065 et

522 3109 802 3176 martyres
829 3121 961 3160 suos
983 3105 1208 3158 diversa
1233 3105 1549 3158 sanitatum
1580 3103 1735 3159 dona
1760 3105 2022 3176 largitur,
2046 3106 2155 3159 fra-

519 3202 636 3252 tres
662 3196 1035 3265 dilectissimi,
1069 3198 1467 3268 deprecemur,
1494 3200 1556 3250 ut
1585 3198 1717 3252 huic
1751 3215 1914 3253 servo
1941 3215 2043 3254 suo
2070 3198 2150 3251 ill.

523 3291 619 3362 qui
654 3291 774 3362 typi
801 3291 1069 3361 quartani
1095 3290 1396 3344 vexatione
1422 3290 1717 3360 fatigatur,
1746 3291 1932 3347 fidelis
1952 3292 2155 3346 famuli

522 3384 607 3438 sui
635 3383 992 3454 Sigismundi
1014 3383 1280 3455 precibus
1301 3384 1622 3437 clementer
1643 3388 1924 3453 occurrat;
1940 3389 1999 3440 et
2017 3385 2156 3439 dum

526 3477 691 3532 nobis
732 3477 884 3532 illius
914 3477 1052 3532 facit
1076 3476 1304 3543 merita,
1338 3476 1428 3530 isti
1469 3478 1732 3532 conferat
1781 3479 2153 3533 medicinam.

1224 3570 1455 3621 Secreta.

595 3651 829 3720 lnclina,
859 3651 1128 3719 Domine,
1174 3650 1300 3723 pias
1326 3667 1563 3723 precesc
1596 3653 1670 3707 ad
1697 3652 1983 3707 desideria
2024 3670 2153 3724 sup-

524 3745 882 3817 plicantium,
898 3749 957 3800 et
982 3762 1111 3817 quae
1133 3745 1340 3800 devoto
1364 3746 1537 3801 corde
1550 3746 2159 3818 poscimus,benignus

524 3843 766 3898 admitte
791 3862 805 3909 ;
835 3847 898 3899 ut
923 3859 1085 3899 servo
1109 3847 1208 3898 tuo
1238 3842 1317 3897 ill.
1349 3844 1448 3914 qui
1469 3843 1590 3915 typi
1617 3845 1885 3915 quartani
1916 3845 2160 3900 vexatio-

2320 1917 2466 1984 Vidi,
2499 1918 2556 1969 et
2582 1931 2711 1969 ecce
2743 1931 2887 1968 unus
2918 1912 2990 1966 de
3017 1910 3341 1965 senioribus
3368 1907 3566 1961 dicens
3594 1902 3744 1958 mihi
3778 1920 3794 1956 :
3825 1901 3887 1954 Hi

2250 2012 2347 2082 qui
2376 2010 2567 2064 amicti
2600 2012 2733 2062 sunt
2758 2009 2932 2062 stolas
2954 2006 3133 2072 albas,
3162 2003 3257 2075 qui
3289 2006 3421 2056 sunt
3442 2003 3500 2053 et
3533 1997 3691 2052 unde
3720 2011 3891 2049 vene-

2250 2104 2433 2158 runt?
2479 2105 2547 2157 Et
2590 2102 2731 2156 dixit
2769 2101 2845 2154 illi
2883 2116 2895 2153 :
2929 2098 3169 2153 Domine
3214 2096 3315 2161 mi,
3354 2099 3413 2149 tu
3460 2092 3587 2147 scis.
3632 2092 3698 2144 Et
3745 2087 3887 2142 dixit

2250 2198 2394 2252 mihi
2426 2214 2439 2251 :
2469 2196 2531 2250 Hi
2560 2198 2691 2249 sunt
2710 2194 2805 2265 qui
2826 2193 3065 2247 veniunt
3084 2192 3154 2244 de
3177 2186 3543 2243 tribulatione
3566 2198 3807 2253 magna,
3832 2184 3887 2233 el

2251 2292 2513 2346 laverunt
2539 2290 2715 2343 stolas
2736 2303 2884 2354 suas,
2921 2288 2979 2339 et
3005 2283 3420 2339 dealbaverunt
3447 2295 3543 2333 eas
3568 2278 3627 2332 in
3656 2273 3890 2344 sangui-

2254 2402 2326 2439 ne
2352 2383 2521 2454 Agni.
2554 2382 2687 2436 ldeo
2712 2384 2843 2434 sunt
2865 2383 3001 2434 ante
3030 2378 3305 2432 thronum
3325 2375 3443 2439 Dei,
3474 2376 3531 2426 et
3556 2369 3821 2424 serviunt
3839 2367 3886 2420 ei

2254 2478 2344 2533 die
2378 2494 2442 2531 ac
2470 2479 2636 2530 nocte
2668 2474 2726 2528 in
2758 2473 2978 2544 templo
3009 2471 3167 2542 ejus;
3192 2473 3251 2522 et
3271 2467 3369 2539 qui
3400 2466 3564 2520 sedet
3586 2464 3647 2518 in
3672 2463 3887 2516 throno

2253 2570 2535 2625 habitabit
2577 2584 2749 2639 super
2787 2567 2933 2621 illos.
2982 2566 3105 2618 Non
3153 2561 3408 2617 esurient
3450 2574 3640 2628 neque
3692 2554 3887 2609 sitient

2254 2664 2518 2735 amplius,
2563 2678 2751 2733 neque
2795 2659 2965 2714 cadet
3007 2674 3179 2728 super
3212 2656 3339 2710 illos
3375 2654 3479 2719 sol,
3511 2667 3704 2721 neque
3746 2648 3889 2702 ullus

2255 2762 2424 2813 trstus
2448 2775 2461 2812 :
2485 2756 2763 2828 quoniam
2784 2756 3002 2824 Agnus,
3033 2750 3130 2822 qui
3157 2750 3215 2803 in
3242 2747 3432 2803 medio
3451 2744 3650 2800 throni
3671 2746 3781 2809 est,
3800 2756 3882 2795 re-

2252 2856 2354 2924 get
2376 2852 2521 2917 illos,
2548 2854 2607 2904 et
2622 2848 2870 2904 deducet
2899 2863 2997 2901 eos
3020 2845 3094 2900 ad
3123 2843 3252 2898 vitm
3272 2842 3461 2897 fontes
3492 2852 3803 2910 aquarum,
3835 2837 3887 2887 et

2255 2946 2547 3015 absterget
2572 2945 2721 2998 Deus
2742 2956 2978 2997 omnem
3007 2938 3308 2992 lacrimam
3340 2952 3406 2989 ex
3440 2932 3616 2989 oculis
3662 2944 3883 2985 eorum.

2551 3052 2779 3117 Epistula
2806 3051 2950 3101 Pauli
2972 3048 3196 3113 apostoli
3222 3046 3289 3097 ad
3322 3045 3588 3096 Hebmos.

2174 3156 2229 3229 ρ
2327 3151 2570 3215 Fratres,
2596 3146 2771 3202 sancti
2799 3161 2905 3217 per
2929 3145 3107 3199 fidem
3130 3142 3390 3196 vicerunt
3417 3153 3619 3209 regna,
3663 3131 3881 3206 operati

2256 3252 2391 3303 sunt
2407 3246 2713 3318 justitiam,
2745 3244 2939 3315 adepti
2971 3245 3104 3296 sunt
3132 3237 3628 3311 repromissiones,
3653 3232 3884 3287 obtura-

2257 3345 2464 3397 verunt
2514 3358 2615 3395 ora
2671 3341 2925 3404 leonum,
2970 3335 3338 3390 extinxerunt
3381 3331 3667 3400 impetum
3719 3324 3883 3396 ignis.

2258 3435 2587 3505 effugerunt
2629 3431 2811 3486 aciem
2858 3429 3054 3501 gladii,
3098 3426 3513 3482 convaluerunt
3546 3421 3617 3475 de
3648 3415 3884 3474 inﬁmi-

2259 3533 2397 3595 tate,
2428 3529 2604 3582 fortes
2624 3525 2761 3580 facti
2790 3527 2924 3578 sunt
2948 3523 3008 3577 in
3033 3521 3205 3576 bello.

2416 3638 2589 3690 Lectio
2615 3637 2781 3687 sancti
2802 3633 3073 3698 Evangelii
3096 3630 3385 3682 secundum
3405 3626 3725 3678 Matthmum.

2332 3733 2541 3787 Videns
2589 3730 2865 3785 Dominus
2888 3731 3050 3783 Jesus
3078 3726 3295 3791 turbas,
3327 3720 3588 3777 ascendit
3610 3719 3673 3773 in
3724 3731 3885 3771 mon-

2261 3832 2379 3883 tem
2412 3845 2425 3881 :
2452 3832 2657 3880 etcum
2686 3824 2945 3889 sedisset,
2975 3821 3342 3875 accesserunt
3371 3816 3445 3870 ad
3473 3830 3607 3868 eum
3627 3808 3884 3881 discipuli

527 3954 598 3991 ne
625 3901 922 4009 fatigatur,
949 3937 1134 3990 fidelis
1154 3901 1385 3990 famuli;
1404 3901 1868 4008 tuivS‘igi‘smundi
1899 3938 2160 4008 precibus
2263 3923 2405 3993 eius:
2433 3924 2492 3975 et
2515 3918 2777 3990 aperiens
2808 3933 2871 3970 οε
2897 3932 3063 3969 suum
3092 3912 3337 4009 docebat
3363 3908 3687 4009 905_dicens
3705 3922 3720 3959 ³
3738 3901 3884 3958 Beati

524 4031 842 4085 clementer
872 4046 1173 4083 occurras:
1208 4029 1375 4083 nobis
1402 4030 1554 4084 illius
1579 4032 1893 4101 patefacias
1929 4032 2157 4101 merita,

525 4122 799 4192 praesenti
820 4124 1039 4191 aegroto
1064 4123 1329 4176 conferas
1356 4123 1727 4178 medicinam.

1165 4215 1501 4265 Contestatio.

599 4296 741 4349 Vere
773 4294 1013 4366 dignum
1043 4298 1100 4347 et
1117 4263 1846 4369 justumest,vomnipotens
1873 4301 2040 4369 Deus,
2056 4317 2159 4358 no-

2262 4031 2544 4088 pauperes
2563 4011 2783 4083 spiritu,
2812 4008 3089 4080 quoniam
3122 4007 3377 4078 ipsorum
3407 4006 3495 4057 est
3518 4014 3769 4071 regnum
3794 4012 3887 4051 cm-

2261 4112 2468 4165 lorum.
2499 4105 2659 4161 Beati
2690 4104 2879 4170 mites,
2919 4101 3193 4174 quoniam
3222 4098 3327 4170 ipsi
3370 4094 3751 4169 possidebunt
3777 4094 3882 4143 ter-

2260 4219 2408 4259 ram.
2433 4200 2589 4255 Beati
2609 4198 2707 4269 qui
2730 4196 2989 4252 esuriunt
3005 4199 3062 4250 et
3076 4194 3276 4249 sitiunt
3291 4190 3596 4263 justitiam,
3616 4184 3881 4259 quoniam

2260 4296 2368 4369 ipsi
2395 4290 3001 4363 saturabuntur.Beati
3026 4286 3448 4351 misericordes,
3483 4280 3763 4354 quoniam
3787 4275 3881 4348 ipsi

528 4406 664 4445 men
690 4392 854 4443 tuum
887 4388 1145 4457 laudare,
1196 4389 1356 4460 cujus
1392 4390 1753 4462 majestatem
1794 4396 1953 4448 tuam
1999 4397 2160 4449 tanto
2262 4385 2720 4446 misericordiam
2765 4386 3209 4456 consequentur.
3228 4378 3407 4462 Beati
3440 4374 3662 4431 mundo
3699 4369 3879 4427 corde.

526 4482 715 4555 magis
736 4481 964 4537 obnoxii
988 4487 1500 4554 sumus,quantum
1518 4484 1600 4538 illi
1630 4502 1734 4557 pro
1763 4492 2025 4558 suscepta
2037 4505 2163 4543 nos-

528 4577 601 4631 tri
628 4576 882 4647 corporis
922 4576 1248 4631 humilitate
1295 4576 1591 4646 debemus,
1624 4581 1953 4652 exemplum
1997 4581 2162 4637 nobis

2181 4529 2240 4602 D

2263 4483 2541 4557 quoniam
2576 4480 2683 4553 ipsi
2716 4481 2899 4535 Deum
2938 4478 3234 4532 videbunt.
3253 4467 3427 4528 Beati
3465 4467 3710 4542 pacifici,
3751 4479 3879 4536 quo-

2262 4579 2422 4633 niam
2446 4576 2553 4632 ﬁlii
2580 4576 2679 4631 Dei
2704 4573 3078 4629 vocabuntur.
3117 4568 3276 4624 Beati
3304 4566 3402 4638 qui
3429 4561 3877 4646 persgutionem

514 4668 881 4741 relinquens,
906 4672 969 4723 ut
989 4670 1314 4741 sequamini
1335 4671 1575 4743 vestigia
1602 4672 1726 4744 ejus
1746 4674 1845 4745 qui
1861 4678 2161 4746 peccatum
2261 4672 2561 4746 patiuntur
2600 4673 2833 4742 propter
2861 4665 3166 4737 justitiam,
3196 4660 3472 4734 quoniam
3505 4658 3763 4729 ipsorum
3807 4654 3879 4704 est

531 4780 647 4818 non
678 4763 832 4830 fecit,
856 4780 962 4818 nec
981 4763 1143 4819 dolus
1168 4764 1435 4818 inventus
1457 4768 1543 4819 est
1562 4766 1621 4820 in
1653 4784 1750 4821 ore
1777 4768 1919 4839 ejus.
1944 4769 2081 4834 Quis
2103 4769 2161 4824 in
2261 4783 2511 4839 regnum
2536 4766 2826 4823 caelorum.
2858 4760 3017 4815 Beati
3046 4758 3181 4813 estis
3211 4771 3342 4811 cum
3364 4749 3770 4808 maledixerint
3791 4760 3877 4797 vo-

530 4856 640 4912 hoc
671 4856 893 4911 mundo
925 4857 1004 4910 ita
1034 4857 1249 4927 poterit
1275 4858 1459 4929 sequi,
1490 4862 1551 4912 ut
1600 4877 1705 4913 nec
1752 4861 1917 4915 dolus
1951 4863 2009 4916 in
2041 4879 2159 4930 ore,

521 4966 639 5035 nec
664 4953 961 5022 peccatum
989 4948 1112 5019 ejus
1141 4950 1468 5004 inveniatur
1492 4951 1549 5004 in
1573 4968 1747 5023 opere
1769 4954 1797 5008 ‘?
1828 4955 1929 5008 sed
1970 4955 2031 5008 in
2057 4972 2157 5027 pa-

529 5043 755 5109 tientia,
770 5044 1053 5113 quaeDeus
1065 5046 1240 5110 amat,
1256 5043 1531 5114 majestas
1552 5045 1746 5101 divina
1770 5048 2159 5116 commendat,

599 5193 625 5222 ⁸
652 5185 989 5257 Legendum
1012 5184 1238 5257 videtur
1263 5188 1599 5243 nominabas.

598 5257 628 5298 ι)
643 5255 978 5338 ,ὃθᾲιιθηίθε
995 5255 1292 5337 Lectiones
1302 5273 1410 5338 pro
1428 5258 1605 5338 missa
1615 5261 1795 5338 sancti
1808 5261 2159 5338 Sigismundi

528 5330 705 5401 regis,
734 5348 762 5377 «
791 5343 966 5399 quem
994 5330 1071 5401 in_
1087 5330 1439 5401 consortium
1467 5330 1809 5387 Sanctorum
1855 5330 2156 5401 adscitum,

531 5397 657 5472 ipsa
679 5415 772 5480 res
801 5397 927 5479 qua:
949 5397 1549 5480 geritur-manifestat,
1580 5425 1607 5451 ››
1629 5404 1713 5480 ait
1735 5405 2042 5475 Gregorius
2061 5397 2163 5480 Tu-

532 5467 902 5551 rbpensisiin
927 5467 1058 5550 .lib.
1095 5484 1110 5522 ι
1152 5468 1224 5551 de
1263 5470 1454 5551 Gloria
1481 5467 2035 5551 _martyrum,vcap._
2069 5479 2157 5530 75.

532 5563 563 5614 ιε
594 5543 739 5596 Nam
770 5540 817 5593 si
833 5540 941 5614 qui
972 5555 1125 5593 nunc
1150 5540 1453 5614 frigoritici
1477 5542 1534 5596 in
1562 5540 1685 5614 ejus
1714 5540 1936 5600 honore
1958 5540 2161 5600 inissas

2262 4862 2368 4929 bis,
2388 4864 2447 4916 et
2464 4857 2746 4932 persecuti
2760 4873 2860 4911 vos
2878 4853 3114 4919 fuerint,
3136 4854 3195 4905 et
3212 4847 3464 4904 dixerint
3483 4859 3659 4900 omne
3678 4840 3879 4896 malum

2263 4956 2569 5010 adversum
2596 4968 2715 5020 vos,
2745 4948 3117 5014 mentientes,
3144 4946 3383 5017 propter
3403 4956 3497 4995 me
3527 4954 3541 4993 :
3568 4934 3815 5009 gaudete
3833 4932 3879 4982 et

2262 5050 2531 5114 exultate,
2548 5045 2825 5119 quoniam
2849 5057 3076 5098 merces
3085 5042 3275 5093 vestra
3294 5034 3529 5106 copiosa
3542 5033 3632 5085 est
3645 5028 3706 5083 in
3723 5022 3877 5081 caelis.

2262 5190 2321 5246 id
2341 5194 2429 5246 est
2457 5190 2875 5245 confessorum.

2332 5274 2354 5303 ο
2390 5261 2726 5333 Legendum
2755 5258 2982 5333 videtur
3003 5269 3178 5333 aures.

2331 5333 2358 5372 d
2390 5318 2503 5386 Ηίἔ
2527 5331 2729 5402 incipit
2760 5331 3114 5402 Communeq‘
3134 5324 3219 5397 (ut
3266 5318 3493 5389 νοοεηῑ)
3521 5318 3874 5402 ,εδῐξθξίῖἷιξξὲζ

2263 5377 2560 5469 Quae-vero
2601 5377 2921 5469 serquuﬁntur
2964 5377 3263 5469 Lectiones
3292 5377 3647 5446 conveniunt
3686 5377 3877 5469 salici}5

2263 5418 2399 5469 uuas
2426 5419 2560 5457 vero
2601 5418 2661 5456 se
2708 5418 2921 5456 ιιυῐιιιιν
2964 5418 3263 5452 ιιθϐιιυυυδ
3292 5418 3647 5446 υυιινῠιιιιιιιυ
3686 5418 3876 5458 acuto-qv

2262 5474 2629 5547 martyribus,
2663 5418 3083 5547 Sequibusest
3107 5465 3280 5520 missa
3304 5474 3599 5547 sequens,
3633 5465 3876 5547 panifi-

2260 5523 2437 5600 Riihl-5
2449 5523 2759 5601 cExﬁthﬁi
2775 5523 3196 5613 apostolorum,
3210 5523 3526 5613 nequidem
3547 5523 3609 5613 in
3632 5523 3873 5613 gothigg-

522 5611 738 5687 devote
767 5597 1081 5687 celebrent,
1111 5597 1477 5687 ejusque‘pro
1515 5597 1891 5687 requieiDeo—
1915 5597 2162 5672 offerant
2261 5597 2609 5687 o’ﬁixiqiisiﬁ
2630 5597 2865 5687 nomine
2890 5597 3215 5687 martyrum
3233 5597 3410 5659 eti-am
3431 5597 3876 5687 aP°§W13§f°Ef

532 5682 905 5747 oblationem,
928 5682 1187 5735 statim...
1208 5682 1460 5747 pristina:
1473 5682 1705 5739 sanitati
1718 5687 2112 5743 restituuntur.
2128 5709 2156 5738 »

529 5751 620 5830 Sic
755 5750 959 5806 Missali
989 5750 1740 5830 M9;ara_bgm_$acriﬂcium
1778 5757 2017 5813 oﬂ‘ertur
2056 5775 2161 5830 pro

523 5822 809 5894 spiritibus
821 5823 1173 5892 pausantt'um
1192 5823 1416 5891 Hilarii,
1439 5826 1752 5891 Athanasii,
1770 5830 2019 5894 Marini,
2050 5822 2156 5885 etc.

2272 5674 2578 5743 ~reheiisos
2606 5685 2779 5741 fuisse
2808 5684 2968 5754 patet
2993 5674 3062 5735 ei
3103 5677 3280 5733 missa
3322 5674 3626 5745 sequente,
3652 5680 3779 5739 quae
3807 5675 3871 5712 Vl-

2261 5704 2429 5816 getur
2447 5774 2569 5814 esse
2599 5755 2669 5813 de
2691 5753 2961 5811 omnibus
2981 5748 3211 5805 sanctis.

2302 5762 2429 5815 etur
2447 5774 2569 5814 esse
2599 5755 2669 5813 de
2691 5752 2961 5811 omnibus
2981 5752 3211 5805 sanctis.
