4006 6228
201 317 297 367 525

807 440 1001 478 INCIPIT
1040 440 1210 482 IIISSA.

262 510 430 578 Deus,
454 508 554 580 qui
586 510 642 563 in
659 515 985 567 sanctorum
1000 517 1233 569 tuorum
1261 516 1524 571 cordibus
1542 518 1717 573 sancti
1738 536 1823 573 ca-

190 602 319 657 loris
346 603 431 656 tui
457 602 623 674 ignes
652 606 984 674 accendens,
1008 624 1184 678 usque
1213 608 1283 662 ad
1314 611 1573 681 martyrii
1594 628 1687 666 eos
1706 613 1823 683 glo-

197 696 333 750 riosa
360 697 679 751 certamina
705 699 995 766 sustulisti,
1028 706 1091 755 ut
1120 700 1179 755 in
1208 703 1483 774 supplicio
1511 705 1819 774 constituti,

193 791 575 860 persecutores
602 795 729 845 tuos
758 797 812 845 te
836 792 1094 848 vincente
1129 793 1517 865 despicerent,
1546 814 1737 867 poenas
1768 801 1820 853 te

193 882 544 938 confortante
571 889 999 941 contemnerent
1024 929 1037 957 ,
1068 888 1304 958 praemia
1333 892 1388 943 te
1420 896 1821 946 remunerante

195 976 550 1047 perciperent
576 977 635 1032 in
668 977 875 1048 gloria;
905 996 1010 1050 per
1029 980 1254 1035 illorum
1270 985 1343 1051 te,
1368 982 1605 1037 Domine
1624 984 1822 1038 trium-

190 1070 364 1140 phum
409 1070 806 1141 deprecamur,
843 1077 909 1127 ut
949 1073 1113 1128 nobis
1162 1074 1555 1131 remissionem
1608 1077 1821 1131 tribuas

188 1169 566 1235 peccatorum.

894 1237 1121 1287 Secreta.

252 1307 626 1379 Omnipotens
667 1309 814 1363 Deus
842 1314 1052 1379 noster,
1090 1315 1153 1364 tu
1192 1310 1377 1365 tribue
1403 1317 1469 1367 ut
1496 1312 1820 1367 intercessio

189 1400 645 1456 beatissimorum
667 1403 1135 1474 patriarcharum,
1155 1405 1585 1476 prophetarum,
1604 1411 1822 1478 aposto-

188 1495 390 1562 lorum,
426 1499 771 1566 martyrum,
805 1497 1210 1567 confessorum,
1232 1498 1539 1569 virginum,
1565 1504 1620 1553 et
1645 1516 1821 1554 sacer-

187 1585 398 1650 dotum,
430 1590 804 1661 omniumque
820 1595 1164 1660 sanctorum,
1186 1595 1509 1646 nostrarum
1534 1593 1820 1664 profectus

188 1681 255 1734 sit
265 1682 615 1752 animarum,
631 1687 686 1737 et
697 1684 900 1751 cultus,
920 1700 1093 1755 quem
1112 1684 1220 1739 illis
1236 1685 1544 1740 deferimus
1559 1686 1626 1740 ad
1648 1687 1821 1741 hono-

187 1774 497 1841 rem,nobis
510 1776 848 1847 proﬁciatad
860 1778 1191 1845 salutem,ut
1202 1779 1605 1834 intercessione
1619 1796 1819 1835 eorum

188 1868 419 1938 gratiam
448 1874 611 1923 tuam
638 1872 694 1924 et
718 1886 911 1941 pacem
946 1872 1004 1925 in
1035 1871 1196 1925 nobis
1224 1872 1393 1926 facias
1422 1889 1775 1944 permanere.

802 1969 1089 2019 lmmolatio
1113 1969 1300 2020 missae.

255 2049 386 2102 Vere
429 2048 675 2119 dignum
725 2054 780 2104 et
820 2050 1038 2121 justum
1095 2054 1197 2119 est,
1238 2050 1596 2122 omnipotens
1642 2053 1811 2108 Deus.

183 2142 296 2196 Tibi
322 2142 497 2209 enim,
531 2142 789 2211 Domine,
822 2143 955 2197 festa
980 2144 1324 2199 sollemnitas
1343 2144 1552 2214 agitur,
1575 2145 1677 2200 tibi
1697 2145 1815 2201 dies

184 2240 389 2290 sacrata
417 2236 755 2306 celebratur,
797 2253 967 2308 quam
996 2238 1293 2292 beatorum
1322 2242 1552 2293 tuorum
1579 2239 1813 2310 patriar-

182 2330 430 2399 charum,
464 2330 903 2401 prophetarum,
937 2332 1323 2402 apostolorum
1345 2373 1358 2397 ,
1388 2336 1725 2403 martyrum,
1757 2338 1814 2389 et

183 2424 583 2491 confessorum,
622 2423 908 2496 virginum
951 2429 1007 2479 et
1049 2425 1422 2495 sacerdotum,
1468 2426 1527 2480 in
1566 2426 1812 2481 veritatis

183 2522 287 2570 tua
333 2517 727 2572 testiﬁcatione
772 2518 1046 2590 profusis,
1091 2518 1396 2589 magniﬁco
1439 2520 1687 2574 nominis
1728 2520 1811 2575 tui

184 2609 393 2665 honore
414 2611 677 2681 signavit,
702 2611 762 2665 in
779 2628 891 2683 quo
914 2612 1146 2667 unicum
1166 2613 1364 2667 salutis
1389 2618 1595 2668 nostrae
1617 2613 1812 2684 praesi-

183 2703 351 2770 dium,
384 2706 553 2759 Pater
579 2710 809 2774 aeterne,
842 2705 1094 2776 posuisti.
1135 2706 1279 2760 Tuas
1320 2705 1515 2778 igitur,
1546 2707 1805 2777 Domine,

184 2800 427 2868 virtutes,
462 2805 703 2871 tuasque
736 2801 996 2855 victorias
1040 2801 1411 2869 admiramur,
1458 2802 1719 2874 quotiens
1751 2805 1809 2859 in

185 2892 413 2947 Ecclesia
433 2897 532 2947 tua
546 2894 751 2947 horum
769 2893 990 2948 dierum
1004 2894 1145 2949 festa
1164 2895 1514 2950 celebramus
1527 2913 1667 2967 quos
1678 2897 1809 2951 insi-

184 3002 314 3056 gues
333 2992 660 3041 sanctorum
683 2992 913 3042 tuorum
929 2987 1130 3059 palma:
1148 2988 1219 3042 ad
1239 3004 1551 3060 perennem
1582 3007 1805 3046 memo-

180 3078 317 3134 riam
338 3080 790 3152 sollemnemque
812 3082 1069 3136 lastitiam
1096 3081 1352 3137 ﬁdelibus
1374 3083 1598 3154 populis
1625 3102 1803 3139 sacra-

821 317 1429 373 SACRAMISN'I‘ARIUM
1468 320 1915 376 GALLICANUM.
1958 351 2025 360 —
2067 323 2429 379 LECTIONES
2465 326 2913 392 QUOTIDIANJI.

3458 338 3557 388 526

1844 442 1901 514 Α
2537 452 2731 490 INCIPIT
2770 452 2944 492 MISSA.

1995 525 2193 581 Sancte
2235 527 2487 593 Domine,
2534 529 2698 598 cujus
2738 534 2855 584 tam
2895 530 3079 585 multa
3121 535 3206 586 est
3243 531 3550 601 miseratio,

1920 635 2091 689 quam
2119 619 2343 691 c0piosa
2368 621 2663 688 redemtio,
2694 623 2978 694 propicius
3019 640 3083 678 ac
3127 624 3409 696 benignus
3451 642 3555 681 ex-

1921 711 2054 765 audi
2078 728 2271 782 preces
2290 718 2529 784 nostras,
2558 718 2614 769 et
2639 714 2711 769 da
2729 716 3219 772 intercessionibus
3240 718 3555 774 beatissimi

1922 806 2185 875 martyris
2212 806 2294 860 tui
2322 806 2401 861 ill.
2431 819 2456 847 ει
2477 811 2544 861 ut
2581 825 2709 879 quae
2735 825 2838 879 pro
2875 809 3216 866 alterutrum
3244 811 3552 883 poscimus,

1922 897 2090 952 etiam
2114 915 2216 968 pro
2242 900 2449 955 nostris
2477 901 2811 957 criminibus
2838 902 3227 975 impetremus.

2594 1002 2862 1054 Collectio.

1996 1084 2157 1154 Deus,
2187 1085 2288 1156 qui
2330 1103 2432 1140 nos
2457 1087 2526 1141 de
2552 1104 2650 1158 spe
2681 1089 3083 1145 misericordia:
3106 1095 3219 1146 tuae
3244 1092 3349 1147 hac
3368 1092 3551 1164 prima

1922 1177 2138 1233 ratione
2163 1179 2392 1234 voluisti
2417 1178 2692 1250 conﬁteri,
2720 1186 2785 1236 ut
2813 1188 3130 1254 martyrum
3148 1188 3551 1257 tuorum,qu'o—

1921 1286 2048 1324 rum
2076 1270 2169 1326 hic
2204 1272 2474 1344 reliquias
2502 1290 2857 1343 veneramur,
2902 1280 2958 1331 et
2988 1279 3307 1348 praesentia,
3349 1283 3407 1333 et
3443 1295 3547 1333 au-

1920 1364 2057 1419 xilio
2083 1365 2479 1435 circumdares,
2501 1371 2567 1422 ut
2590 1367 2824 1423 haberet
2847 1373 2904 1423 et
2931 1371 3108 1423 oratio
3132 1376 3328 1426 nostra
3345 1372 3546 1428 suffra-

1922 1458 2100 1530 gium,
2130 1464 2187 1514 et
2213 1459 2325 1514 vita
2348 1460 2748 1531 patrocinium,
2777 1462 2918 1516 illud
2942 1469 3263 1519 sanctorum
3288 1465 3551 1522 interces-

1920 1551 2095 1622 sione,
2125 1552 2232 1607 hoc
2276 1570 2534 1609 munere.
2574 1555 2799 1609 Custodi
2835 1555 3031 1626 igitur,
3060 1573 3407 1628 quaesumus,
3437 1561 3547 1615 Do-

1920 1645 2093 1714 mine,
2134 1647 2434 1702 Ecclesiam
2474 1652 2629 1702 tuam
2653 1689 2668 1715 ,
2712 1647 2930 1703 custodi
2967 1649 3154 1704 locum
3206 1650 3402 1721 istum,
3458 1654 3549 1709 vel

1919 1754 2115 1793 omnes
2156 1741 2555 1795 convenientes
2583 1741 2645 1795 in
2672 1758 2738 1796 eo
2778 1741 3047 1811 sutl'ragio
3074 1742 3249 1798 sancti
3284 1746 3549 1816 martyris

1839 1810 1897 1893 Β
1918 1833 2002 1887 tui
2031 1832 2110 1887 ill.
2138 1831 2350 1904 ﬁatque
2380 1833 2541 1888 nobis
2563 1835 2683 1905 ipse
2709 1810 3007 1890 auxiliator
3030 1851 3060 1889 e
3086 1822 3372 1908 cazlo,‘qui
3396 1810 3466 1892 ad
3491 1842 3547 1893 te

1916 1927 2180 1998 praesenti
2224 1927 2489 1998 migravit
2530 1944 2560 1981 e
2607 1928 2847 1998 saeculo;
2899 1928 3083 2001 sitque
3132 1929 3254 1983 haec
3306 1930 3546 1986 vicissim

1915 2020 2211 2075 retributio
2232 2020 2483 2076 muneris
2494 2021 2597 2090 tui,
2616 2025 2676 2075 ut
2694 2026 2980 2077 mereatur
2995 2023 3087 2076 hic
3104 2023 3261 2077 locus
3281 2026 3547 2096 martyris

1916 2096 2174 2184 gratiam,
2202 2113 2301 2185 qui
2328 2113 2479 2167 misit
2506 2114 2770 2168 eumdem
2799 2115 3101 2186 Martyrem
3125 2116 3198 2171 ad
3221 2133 3509 2173 coronam.

2535 2220 2657 2268 Post
2678 2219 2909 2270 nomina.

1985 2305 2215 2360 Munera
2239 2308 2452 2374 nostra,
2481 2321 2826 2376 qumsumus,
2846 2305 3101 2376 Domine,
3130 2306 3437 2379 dignanter
3453 2308 3549 2365 ad-

1912 2414 2101 2463 sume;
2149 2403 2214 2453 ut
2248 2398 2399 2470 quod
2443 2398 2502 2452 in
2550 2398 2766 2454 honore
2809 2399 2988 2454 sancti
3038 2401 3291 2473 Martyris
3335 2402 3421 2457 tui
3462 2402 3543 2458 ill.

1911 2490 2303 2547 venerabiliter
2334 2496 2694 2560 exsecuntur,
2727 2493 2996 2564 impetret
3019 2492 3277 2549 ﬁdelibus
3304 2494 3416 2550 tuis
3440 2512 3542 2551 au-

1912 2584 2113 2640 xilium
2140 2584 2319 2639 oratio
2338 2585 2490 2656 justa
2517 2591 2865 2641 sanctorum.

2576 2691 2652 2741 Ad
2677 2706 2883 2755 pacem.

1984 2776 2221 2830 Oramus
2256 2779 2330 2843 te,
2362 2776 2526 2831 Pater
2550 2782 2767 2845 sancte,
2812 2783 2876 2833 ut
2910 2794 3013 2833 nos
3039 2795 3227 2835 servos
3256 2783 3383 2836 tuos
3407 2781 3543 2838 bea-

1908 2869 2111 2925 tissimi
2162 2868 2429 2939 martyris
2477 2869 2562 2923 tui
2607 2869 2688 2924 ill.
2731 2870 2935 2941 jubeas
2976 2888 3096 2927 esse
3148 2877 3451 2943 consortes,
3485 2875 3544 2930 in

1911 2962 2256 3018 confessione
2285 2962 2626 3033 participes,
2657 2963 2717 3016 in
2755 2963 2866 3019 ﬁde
2909 2964 3154 3036 stabiles,
3193 2966 3253 3021 in
3277 2983 3543 3038 persecu-

1906 3057 2060 3113 tione
2086 3057 2298 3125 ﬁrmos,
2330 3055 2388 3109 in
2434 3055 2799 3111 tribulatione
2844 3058 3143 3129 patientes,
3175 3059 3236 3114 in
3275 3075 3539 3116 consum-

180 3177 374 3228 verunt
392 3190 501 3245 per
518 3149 809 3229 Christum
828 3175 1126 3230 dominum
1148 3149 1432 3230 nostrum.
1448 3149 1555 3231 Cui
1579 3178 1803 3234 merito.
1828 3180 1883 3254 ρ
1908 3152 2159 3207 "latione
2193 3150 2459 3220 νίθίοτθεῖ
2489 3153 2556 3203 ut
2582 3149 2628 3203 Si
2657 3166 2760 3254 Ῑξθδ
2797 3150 2917 3254 ξῙίθδ
2944 3153 3352 3223 Ρθτδθθυίίοηίδ
3383 3155 3539 3254 ifwe‘

655 3292 808 3332 IISSA
846 3293 1006 3333 UNIUS
1042 3294 1323 3334 IARTYRIS.

234 3362 459 3427 Epistola
479 3365 627 3414 Pauli
644 3364 865 3429 apostoli
883 3365 949 3414 ad
976 3366 1289 3427 Corinthios,
1312 3363 1463 3416 unius
1486 3368 1742 3432 martyris.

245 3444 483 3517 Fratres,
539 3445 807 3499 Dominus
861 3446 1004 3500 mihi
1053 3447 1305 3516 adstitit;
1358 3452 1413 3502 et
1474 3448 1806 3506 confortavit

180 3553 282 3607 me,
313 3543 377 3594 ut
404 3554 515 3611 per
536 3555 629 3594 me
659 3538 984 3610 praedicatio
1014 3539 1342 3611 impleatur,
1385 3548 1441 3596 et
1478 3547 1543 3598 ut
1571 3543 1807 3599 audiant

179 3650 363 3689 omnes
415 3637 619 3707 gentes
667 3632 800 3706 quia
823 3633 1092 3689 liberatus
1146 3651 1275 3690 sum
1329 3635 1396 3690 de
1450 3653 1546 3691 ore
1601 3637 1801 3693 leonis.

178 3719 441 3787 ﬁberavit
470 3729 627 3784 enim
652 3745 749 3784 me
776 3729 1065 3798 Dominus,
1094 3734 1152 3784 et
1178 3729 1248 3784 ab
1283 3729 1441 3784 omni
1468 3746 1635 3801 opere
1657 3731 1804 3786 malo

179 3823 384 3878 salvum
408 3823 581 3879 faciet
602 3823 663 3877 in
683 3839 928 3894 regnum
956 3839 1123 3877 suum
1143 3822 1359 3878 caeleste
1383 3865 1396 3893 ,
1427 3824 1517 3878 cui
1545 3824 1723 3896 gloria
1742 3825 1802 3880 in

177 3917 366 3972 saacula
390 3918 752 3972 seculorum.

319 4010 495 4062 Lectio
523 4010 691 4061 sancti
713 4009 978 4074 Evangelii
1002 4009 1292 4059 secundum
1326 4009 1640 4059 Mattbazum.

239 4091 428 4147 Omnis
460 4109 597 4164 ergo
617 4093 717 4164 qui
747 4092 1211 4147 conﬁtebiturme
1230 4108 1415 4146 coram
1442 4091 1795 4162 hominibus,

174 4185 474 4241 conﬁtebor
499 4189 556 4240 et
584 4202 690 4256 ego
718 4202 849 4240 eum
887 4202 1079 4240 coram
1110 4187 1273 4241 Patre
1302 4202 1429 4240 meo
1448 4228 1464 4253 ,
1494 4185 1593 4257 qui
1619 4191 1703 4240 est
1738 4186 1797 4240 in

174 4278 334 4334 caelis.
377 4279 486 4345 Qui
529 4284 721 4334 autem
762 4278 1054 4351 negaverit
1086 4293 1181 4333 me
1216 4296 1405 4334 coram
1448 4278 1794 4349 hominibus,

174 4372 379 4444 negabo
420 4377 480 4428 et
529 4390 636 4445 ego
682 4390 814 4427 eum
857 4390 1048 4428 coram
1074 4375 1234 4428 Patre
1278 4389 1425 4443 meo,
1470 4373 1571 4445 qui
1610 4378 1693 4428 est
1736 4373 1796 4427 in

174 4466 335 4522 caelis.
361 4468 471 4533 Qui
511 4472 663 4522 amat
698 4473 919 4539 patrem
942 4471 1039 4522 aut
1080 4474 1319 4522 matrem
1350 4468 1652 4539 plusquam
1678 4486 1790 4539 me,

173 4576 275 4617 non
304 4566 387 4617 est
423 4579 519 4618 me
558 4562 765 4635 dignus
804 4580 818 4617 :
867 4568 923 4618 et
965 4562 1065 4634 qui
1094 4567 1247 4617 amat
1290 4561 1472 4616 ﬁlium
1495 4567 1593 4617 aut
1617 4551 1872 4624 ﬁliamD

172 4671 331 4726 super
353 4674 468 4726 me,
508 4674 627 4711 non
664 4661 747 4711 est
772 4672 864 4711 me
889 4655 1117 4727 dignus.
1147 4654 1255 4719 Qui
1292 4654 1507 4710 invenit
1540 4655 1790 4711 animam

173 4763 340 4819 suam,
366 4751 566 4822 perdet
587 4751 777 4819 illam;
810 4753 868 4805 et
891 4748 990 4821 qui
1014 4748 1327 4820 perdiderit
1347 4748 1597 4803 animam
1627 4765 1790 4805 suam

172 4848 390 4915 propter
410 4861 525 4914 me,
554 4844 804 4900 inveniet
825 4860 973 4899 eam.
1000 4843 1106 4908 Qui
1143 4842 1346 4915 recipit
1373 4860 1468 4897 vos
1486 4885 1500 4914 ,
1526 4860 1619 4899 me
1644 4844 1788 4898 reci-

172 4934 276 5007 pit;
307 4943 363 4994 et
403 4940 503 5012 qui
545 4955 637 4994 me
680 4938 903 5010 recipit,
946 4937 1147 5009 recipit
1188 4953 1322 4993 eum
1360 4937 1459 5008 qui
1494 4954 1587 4993 me
1615 4937 1788 4994 misit.

172 5030 269 5093 Qui
294 5032 491 5104 recipit
513 5032 854 5104 prophetam
883 5032 942 5087 in
968 5032 1200 5087 nomine
1226 5031 1542 5103 prophetas,
1570 5047 1789 5086 merce-

174 5121 295 5177 dem
318 5126 612 5198 pmphetze
637 5126 902 5198 accipiet;
926 5130 983 5180 et
1007 5125 1104 5197 qui
1133 5123 1335 5197 recipit
1350 5124 1575 5195 justum
1599 5125 1659 5178 in
1681 5140 1789 5179 no-

174 5214 316 5273 mine
333 5219 493 5290 justi,
520 5221 841 5276 mercedem
862 5219 1004 5290 justi
1041 5218 1295 5290 accipiet.
1341 5218 1409 5272 Et
1444 5216 1791 5289 quicumque

174 5313 361 5378 potum
399 5313 619 5369 dederit
665 5313 768 5368 uni
810 5328 882 5368 ex
925 5311 1175 5366 minimis
1202 5310 1321 5366 istis
1360 5309 1592 5366 calicem
1626 5326 1792 5383 aqua:

175 5398 383 5476 frigidm
407 5410 629 5463 tantum
652 5403 711 5460 in
738 5406 971 5461 nomine
992 5404 1275 5478 discipuli,
1297 5420 1464 5461 amen
1493 5403 1616 5459 dico
1633 5403 1793 5459 vobis

174 5509 281 5553 non
303 5500 496 5570 perdet
518 5499 841 5557 mercedem
868 5515 1051 5555 suam.

239 5646 265 5679 ⁸
284 5643 356 5717 In
379 5650 568 5702 nostro
593 5645 904 5717 exemplari
939 5643 1151 5717 passim
1177 5642 1453 5717 scriptum
1478 5644 1561 5717 est
1588 5640 1649 5695 ιι.
1676 5654 1793 5717 non

177 5710 600 5802 ﬁlj‘l‘lgstamen
642 5709 962 5790 vulg-arem-
979 5715 1214 5772 modum
1254 5709 1648 5769 substituimus
1688 5709 1789 5766 ad-

173 5785 309 5851 jecta
328 5785 510 5845 littera
536 5792 578 5845 ἰ.
747 5785 771 5790 ⁷

243 5852 269 5893 δ
306 5858 417 5912 [mo
443 5865 708 5917 centones
733 5876 801 5915 ex
827 5858 997 5912 variis
1014 5857 1323 5929 Scriptura:
1347 5854 1507 5913 locis.
1529 5854 1671 5910 Nam
1702 5851 1789 5909 be-

1906 3245 2073 3311 nerit,
2095 3245 2300 3316 jungat
2326 3244 2737 3299 consummatio
2762 3244 3061 3317 virtutum,
3082 3263 3190 3318 par
3214 3248 3538 3320 praemium,

1907 3345 1963 3394 et
1986 3355 2191 3394 corona
2209 3337 2465 3393 caelestis.

2547 3408 2882 3460 Contestatio.

1977 3495 2114 3549 Vere
2162 3493 2400 3565 dignum
2453 3499 2510 3548 et
2549 3495 2775 3565 justum
2817 3500 2920 3565 est,
2969 3496 3328 3569 omnipotens
3370 3500 3536 3570 Deus,

1905 3588 2190 3644 dedicator
2216 3587 2490 3658 martyrii,
2514 3587 2799 3659 inspector
2814 3588 2966 3655 belli,
2983 3590 3222 3661 largitor
3235 3592 3538 3666 triumphi.

1902 3685 2007 3750 Qui
2032 3686 2183 3740 inter
2208 3685 2549 3756 spiritalium
2572 3702 2843 3757 agonum,
2873 3702 2990 3741 non
3016 3687 3287 3744 effusione
3312 3692 3540 3762 sangui-

1902 3779 2012 3848 nis,
2058 3795 2172 3833 non
2213 3780 2394 3832 morte
2420 3778 2687 3844 hominis,
2715 3780 2811 3833 sed
2848 3780 3133 3850 praeconio
3168 3783 3435 3853 veritatis,
3482 3790 3543 3841 et

1900 3872 1995 3945 pio
2044 3873 2103 3926 in
2138 3876 2193 3926 te
2247 3871 2489 3926 caritatis
2530 3871 2714 3927 ofﬁcio
2766 3873 3076 3944 delectaris,
3128 3876 3536 3933 adtestantibus

1898 3971 2115 4026 meritis
2138 3970 2450 4026 beatissimi
2477 3972 2730 4043 Martyris
2764 3972 2850 4026 tui
2888 3971 2969 4028 ill.
3008 3973 3180 4044 Cujus
3206 3975 3373 4030 hodie
3407 3977 3532 4048 glo-

1897 4065 2105 4119 riosam
2153 4064 2430 4136 passionis
2488 4064 2781 4120 victoriam
2834 4066 3180 4139 recolentes,
3247 4076 3534 4140 sperantes

1896 4175 2001 4231 per
2024 4157 2146 4229 ejus
2172 4157 2441 4230 suffragia
2466 4162 2533 4213 ut
2557 4163 2777 4214 nostras
2801 4176 3028 4232 quoque
3053 4177 3214 4217 voces
3233 4162 3535 4221 admittam

1888 4259 2092 4332 jubeas
2131 4274 2262 4312 cum
2301 4257 2507 4313 sanctis
2552 4259 2769 4331 angelis
2808 4265 2977 4333 atque
3001 4261 3358 4334 archangelis
3395 4264 3527 4333 tuis,

1895 4357 1991 4429 qui
2020 4356 2122 4411 tibi
2160 4356 2440 4429 hymnum
2483 4359 2765 4430 perpetim
2790 4359 3040 4432 supplice
3067 4360 3413 4417 confessione
3439 4361 3526 4416 di-

1894 4456 2103 4519 centes,
2131 4453 2383 4507 Sanctus.

2310 4580 2463 4619 MISSA
2500 4578 2566 4617 DE
2603 4580 2712 4619 Ι]Νο
2748 4580 3107 4622 CONFESSORE.

2261 4655 2487 4704 Lectiob
2535 4654 2807 4705 Hieremiae
2862 4658 3149 4721 prophetas.

1963 4746 2087 4800 Haec
2125 4743 2259 4799 dicit
2285 4742 2594 4797 Dominus:
2628 4744 2950 4799 Benedictio
2974 4748 3198 4803 Domini
3232 4766 3404 4823 super
3429 4769 3522 4807 ca-

1890 4844 1994 4912 put
2009 4837 2172 4909 justi.
2217 4836 2584 4905 Eleemosyna
2625 4835 2776 4889 illius
2818 4853 2933 4891 non
2976 4837 3084 4894 erit
3120 4840 3180 4896 in
3217 4843 3520 4915 oblivione,

1891 4931 2082 4989 omnia
2110 4946 2280 5003 opera
2318 4928 2440 4999 ejus
2474 4927 2619 4983 sicut
2658 4929 2757 4983 lux
2792 4930 2852 4983 in
2881 4938 3176 5003 conspecto
3205 4936 3301 4990 Dei
3345 4937 3524 5009 fulge.

1890 5028 2056 5082 bunt.
2086 5026 2276 5081 Manus
2288 5039 2415 5077 suas
2433 5022 2659 5093 aperuit
2683 5023 3043 5094 pauperibus,
3062 5026 3311 5083 fructum
3330 5034 3521 5085 autem

1842 5146 1849 5158 α
1891 5119 2143 5194 porrexit
2166 5116 2347 5189 inapi.
2390 5117 2451 5170 ln
2488 5114 2880 5171 fortitudinem
2918 5121 2975 5172 et
2999 5117 3263 5173 decorem
3286 5121 3523 5177 indutus

1891 5216 1996 5282 est,
2044 5216 2103 5268 et
2146 5211 2369 5266 laetatus
2418 5214 2503 5265 est
2536 5209 2596 5264 in
2640 5210 2838 5266 diebus
2863 5211 3199 5267 novissimis.
3243 5213 3316 5268 Os
3352 5230 3521 5270 suum

1892 5305 2116 5378 aperuit
2142 5305 2202 5359 in
2228 5303 2649 5375 praedicatione,
2695 5309 2753 5360 et
2793 5305 3048 5362 ordinem
3091 5305 3278 5377 posuit
3303 5306 3518 5379 linguae

1892 5416 2051 5456 suae:
2085 5398 2238 5454 cibos
2281 5400 2476 5452 autem
2510 5397 2709 5469 pigros
2748 5400 3011 5456 comedit.
3064 5398 3302 5475 [Omnia]
3341 5400 3523 5456 factus

1891 5498 1976 5550 est
1997 5491 2281 5562 omnibus,
2314 5494 2375 5546 ut
2396 5507 2595 5546 omnes
2619 5491 2795 5546 salvos
2818 5492 3045 5548 faceret.

1889 5636 2119 5692 nedictio
2145 5636 2359 5691 Domini
2378 5649 2498 5705 sup.
2528 5639 2695 5706 caput
2722 5635 2862 5706 justi
2897 5652 2968 5691 ex
3000 5636 3161 5692 Prov.
3211 5649 3276 5705 x,
3305 5640 3358 5706 6,
3384 5638 3518 5695 eleae

1890 5722 2115 5789 magna
2155 5706 2327 5789 illius,
2376 5710 2506 5786 etc.,
2551 5721 2620 5761 ex
2665 5705 2841 5789 Eccli.‘
2874 5720 2954 5789 In,
3006 5709 3090 5764 l5.
3124 5706 3251 5789 _Alia
3287 5723 3356 5765 ex
3376 5707 3521 5789 _aliis

1891 5775 2049 5847 locis,
2075 5776 2228 5849 quod
2256 5775 2510 5832 etiamin
2542 5775 2800 5851 sequenti
2827 5775 3066 5835 lectione
3090 5776 3518 5841 observandum,
