4006 6228
416 341 516 392 527

753 445 980 508 Epistola
1003 445 1142 494 Pauli
1165 444 1384 508 apostoli
1415 443 1479 494 ad
1503 444 1671 493 Titum
1693 443 1736 491 ⁸.

489 527 728 594 Fratres,
767 526 944 581 timor
985 526 1206 581 Domini
1246 525 1487 579 custodit
1511 524 1765 578 animam
1793 523 1954 594 justi,
1998 528 2054 577 et

415 619 640 689 spiritus
668 618 961 690 sapientiae
990 618 1231 673 erudivit
1265 618 1447 672 illum.
1478 619 1692 671 Tenens
1719 616 2048 688 psalterium

416 718 471 766 et
496 712 807 783 cytharam,
839 713 1057 766 laetatus
1101 715 1184 765 est
1227 711 1297 765 ad
1323 727 1516 765 vocem
1544 710 1763 782 organi.
1812 713 1877 764 Et
1917 710 2052 781 quia

415 804 596 859 dulcis
623 806 731 860 fuit
769 806 828 859 in
865 821 962 859 ore
988 805 1109 875 ejus
1145 804 1459 858 decantatio
1483 804 1666 859 laudis
1689 821 1702 870 ;
1724 804 1963 876 ideoque
1989 803 2048 857 in

413 903 503 958 die
534 904 718 958 obitus
760 904 846 958 sui
890 903 1111 974 gavisus
1142 908 1244 966 est,
1293 920 1359 958 eo
1403 903 1552 974 quod
1598 902 1845 974 suscepit
1886 902 2045 956 illum

413 997 640 1051 dextera
666 997 784 1051 Dei.

572 1095 744 1144 Lectio
770 1094 935 1144 sancti
965 1094 1234 1157 Evangelii
1260 1094 1549 1144 secundum
1575 1095 1887 1144 Mattheum.

485 1182 544 1234 ln
556 1179 654 1233 illo
667 1184 942 1250 tempore,
961 1179 1104 1234 dixit
1119 1179 1397 1234 Dominus
1411 1181 1435 1234 J
1441 1196 1569 1234 esus
1589 1179 1879 1251 discipulis
1897 1178 2040 1233 suis:

409 1273 543 1337 Quis
567 1277 730 1344 putas
756 1277 838 1328 est
857 1272 1036 1327 ﬁdelis
1059 1289 1251 1327 servus
1272 1277 1328 1328 et
1349 1273 1615 1344 prudens,
1641 1290 1812 1345 quem
1836 1272 2043 1326 consti-

407 1366 518 1421 tuit
541 1367 820 1421 Dominus
848 1383 1014 1437 supra
1038 1366 1314 1421 familiam
1339 1383 1520 1436 suam,
1546 1371 1612 1422 ut
1637 1367 1732 1421 det
1755 1366 1833 1420 illi
1853 1366 2044 1420 cibum

406 1460 465 1514 in
493 1460 788 1530 tempore?
819 1462 1017 1514 Beatus
1057 1460 1151 1515 ille
1185 1472 1398 1527 servus,
1431 1477 1624 1532 quem,
1658 1477 1789 1514 cum
1828 1460 2044 1514 venerit

407 1553 682 1608 Dominus
707 1554 846 1623 ejus,
866 1553 1147 1609 invenerit
1166 1554 1244 1608 sic
1263 1553 1589 1609 facientem.
1609 1558 1791 1608 Amen
1807 1553 1930 1608 dico
1951 1568 2043 1607 vo-

404 1650 510 1720 bis,
539 1651 810 1723 quoniam
835 1667 1006 1724 super
1032 1653 1227 1707 omnia
1252 1653 1397 1706 bona
1423 1669 1526 1708 sua
1555 1651 1859 1708 constituet
1885 1668 2038 1707 eum.

997 1775 1226 1813 lNClPIAT
1265 1776 1416 1816 MISSA
1430 1802 1441 1814 .

474 1857 792 1930 Propiciare
804 1857 990 1924 nobis,

402 1951 724 2006 beatissimo
741 1952 1052 2006 confessore
1074 1955 1175 2005 tuo
1198 1951 1302 2020 ill.,
1331 1956 1386 2005 et
1406 1951 1539 2022 quia
1557 1953 1640 2006 tui
1662 1956 1746 2006 est
1764 1952 2035 2018 muneris,

402 2050 603 2117 utquae
618 2045 878 2116 praecipis
893 2044 1161 2116 impleam
1172 2062 1254 2111 us,
1275 2045 1469 2116 gratia:
1480 2048 1592 2100 tua
1610 2046 1804 2101 lumen
1818 2046 2036 2100 emitte.

1111 2141 1383 2192 Collectio.

470 2222 840 2293 Omnipotens
876 2222 1217 2294 sempiterne
1255 2225 1421 2290 Deus,
1469 2224 1558 2277 cui
1599 2229 1798 2278 cuncta
1844 2224 2034 2278 famu-

398 2317 587 2371 lantur
615 2316 896 2371 elementa
915 2359 928 2386 ,
963 2316 1362 2387 interpellante
1399 2335 1502 2388 pro
1529 2318 1688 2371 nobis
1713 2317 2037 2372 beatissimo

397 2409 722 2465 Confessore
757 2415 853 2464 tuo
893 2409 972 2463 ill.
1020 2409 1221 2464 exaudi
1252 2410 1537 2481 propicius
1584 2410 1896 2465 orationem
1940 2428 2036 2465 no-

398 2507 592 2572 stram,
616 2507 671 2557 et
690 2503 876 2557 tribue
904 2502 1064 2556 nobis
1090 2502 1537 2557 misericordiam
1568 2509 1725 2558 tuam
1755 2521 1768 2558 :
1799 2509 1855 2559 et
1887 2521 2036 2576 qum-

397 2611 641 2667 cumque
680 2594 940 2667 praecipis
965 2599 1029 2649 ut
1053 2610 1308 2665 agamus,
1341 2595 1459 2668 ipse
1486 2596 1688 2667 adjuva
1709 2602 1772 2652 ut
1796 2597 2034 2669 implere

398 2688 699 2760 possimus.
1022 2759 1033 2760 ί
1083 2719 1086 2724 -

1019 2759 1138 2808 Post
1164 2758 1396 2808 nomina.

467 2840 672 2910 Sancti,
688 2840 946 2909 Domine,
975 2841 1307 2895 confessoris
1321 2841 1404 2895 tui
1419 2841 1496 2894 ill.
1516 2841 1704 2896 tribue
1718 2841 1879 2895 nobis
1897 2857 2032 2912 sup-

397 2933 790 3005 plicationibus
818 2933 992 2988 foveri
1013 2953 1028 3003 ;
1061 2941 1124 2989 ut
1151 2935 1310 3005 cujus
1339 2934 1750 3005 depositionem
1771 2934 2031 3004 colimus,

396 3027 664 3098 obsequio
707 3028 828 3098 ejus
871 3028 1023 3099 apud
1067 3034 1120 3084 te
1162 3028 1675 3096 intercessionibus,
1719 3033 1774 3082 et
1817 3028 2036 3082 meritis

396 3121 884 3177 commendemur.
909 3122 1208 3176 Proﬁciunt
1227 3123 1350 3174 haec
1373 3138 1499 3192 quae
1522 3121 1813 3177 offerimus
1831 3139 1933 3193 pro
1955 3122 2036 3176 in-

397 3215 722 3270 columitate
749 3214 1080 3284 viventium,
1110 3221 1165 3270 et
1191 3231 1292 3285 pro
1319 3215 1516 3285 requie
1541 3215 1959 3270 defunctorum.

1059 3311 1136 3362 Ad
1167 3325 1369 3362 pacem.

1059 3327 1136 3362 Λα
1166 3327 1369 3375 pacem.

469 3393 837 3464 Omnipotens
882 3391 1226 3462 sempiterna
1273 3392 1438 3457 Deus,
1486 3393 1558 3446 da
1602 3393 1764 3447 nobis
1790 3393 1848 3447 in
1894 3410 2034 3464 prae-

399 3486 544 3540 senti
583 3485 879 3540 festivitate
923 3484 1234 3539 beatissimi
1272 3485 1602 3540 confessoris
1647 3486 1727 3540 tui
1776 3486 1858 3542 ill.
1907 3503 2034 3541 con-

400 3594 542 3651 grua
572 3578 866 3634 devotione
915 3579 1180 3650 gaudere,
1235 3583 1298 3633 ut
1338 3583 1395 3633 et
1421 3579 1732 3650 potentiam
1775 3585 1932 3634 tuam
1974 3580 2034 3634 in

400 3673 521 3745 ejus
543 3673 785 3744 glorioso
805 3674 1171 3729 continentiae
1193 3675 1350 3730 cultu
1370 3675 1691 3745 laudemus,
1706 3679 1761 3729 et
1781 3675 2034 3729 divinum

400 3767 756 3822 obtineamus
783 3767 1085 3824 auxilium.

1055 3860 1386 3911 Contestatio.

473 3949 611 4002 Vere
642 3948 884 4019 dignum
910 3951 966 4001 et
985 3946 1206 4016 justum
1236 3952 1320 4000 est
1337 3988 1352 4014 ,
1381 3946 1743 4019 omnipotens
1772 3947 1934 4017 Deus,
1980 3951 2036 4002 te

401 4042 634 4098 adorare
660 4040 719 4095 in
744 4040 966 4108 sanctis,
989 4038 1048 4092 in
1070 4038 1277 4110 quibus
1301 4039 1642 4110 gloriticatus
1671 4056 1751 4110 es,
1778 4040 2030 4111 Domine,

401 4135 790 4201 vehementer,
818 4133 916 4203 qui
946 4131 1047 4184 tibi
1072 4132 1427 4186 adhaerentes
1451 4132 1809 4188 calcaverunt
1833 4151 2032 4205 super-

402 4229 654 4284 bientem
681 4225 1068 4281 excellentiam
1105 4225 1307 4279 mundi
1336 4225 1540 4279 virtute
1570 4226 1809 4296 Spiritus
1835 4228 2030 4298 sancti,

405 4324 830 4376 contemnentes
855 4317 1154 4372 blanditias
1199 4322 1255 4372 et
1299 4317 1606 4373 inlecebras
1640 4321 1837 4374 mundi
1864 4322 2034 4391 hujus

407 4419 463 4471 et
488 4414 714 4469 frivolas
739 4428 993 4484 pompas.
1023 4411 1100 4466 Ex
1127 4411 1336 4482 quibus
1377 4411 1574 4466 beatus
1597 4416 1729 4468 tuus
1757 4414 2036 4469 confessor

406 4509 488 4565 ill.
521 4507 784 4576 emicuit,
815 4505 1097 4561 mundum
1125 4505 1437 4560 contemtui
1467 4506 1646 4560 crucis
1672 4511 2031 4579 postponens.

1294 336 1624 392 APPENDIX
1664 335 1750 388 AD
1788 334 2005 388 OPERA
2049 334 2101 387 S.
2143 333 2440 387 GERMANI
2481 333 2906 389 PARISIENSIS.

2055 3205 2108 3278 C

3698 333 3807 385 5‘28

2076 440 2372 526 Aradices
2422 457 2568 510 suas,
2611 447 2666 496 et
2716 459 2831 496 non
2870 441 3098 497 timebit
3149 459 3279 497 cum
3329 444 3546 499 venerit
3597 448 3799 499 aestus.

2156 535 2220 587 Et
2247 533 2354 588 erit
2379 534 2578 589 folium
2609 536 2730 606 ejus
2777 535 2970 605 viride,
3020 539 3077 591 et
3123 536 3181 590 in
3225 541 3481 607 tempore
3525 537 3802 591 siccitatis

2152 643 2266 680 non
2315 627 2422 681 erit
2466 628 2790 698 sollicitum,
2837 646 2941 683 nec
2983 629 3292 701 aliquando
3339 631 3555 685 desinet
3609 631 3801 684 facere

2150 726 2417 780 fructum.
2462 729 2703 781 Pravum
2748 733 2831 782 est
2876 745 2972 782 cor
3015 728 3274 782 omnium
3315 733 3370 782 et
3397 729 3795 795 inscrutabile,

2150 819 2276 890 quis
2317 825 2614 890 cognoscet
2656 821 2838 875 illud?
2885 823 3002 892 Ego
3051 822 3324 876 Dominus
3369 827 3627 877 scrutaris
3675 839 3797 888 cor,

2149 918 2204 966 et
2230 913 2478 983 probans
2506 930 2688 983 renes,
2732 914 2830 984 qui
2875 915 2945 968 do
2993 915 3300 986 unicuique
3332 915 3498 985 juxta
3536 915 3688 969 viam
3735 921 3798 970 et

2141 1007 2307 1076 juxta
2338 1009 2586 1062 fructum
2623 1008 3089 1062 adinventionum
3125 1025 3380 1064 suarum.
3410 1009 3626 1064 Solium
3659 1010 3789 1080 glo-

2149 1100 2247 1153 riae
2289 1118 2318 1154 a
2364 1101 2640 1173 principio
2685 1102 2840 1156 locus
2866 1102 3324 1156 sanctiﬁcationis
3353 1108 3582 1169 nostrae,
3613 1119 3793 1174 expe-

2148 1193 2313 1247 ctatio
2351 1194 2516 1249 Israel
2562 1195 2852 1250 Dominus.
2897 1197 3106 1250 Omnes
3151 1195 3250 1266 qui
3285 1200 3339 1249 te
3383 1195 3795 1267 derelinquunt

2146 1287 2582 1357 confundentur,
2614 1289 2939 1343 recedentes
2983 1289 3040 1343 in
3077 1292 3222 1342 terra
3269 1288 3605 1356 scribentur,
3641 1305 3790 1360 quo-

2144 1381 2296 1434 niam
2326 1381 2754 1452 dereliquerunt
2790 1398 2991 1436 venam
3025 1398 3299 1453 aquarum
3337 1381 3647 1436 viventium
3677 1385 3789 1437 Do-

2143 1473 2388 1528 minum.
2418 1475 2562 1529 Sana
2591 1492 2712 1542 me,
2747 1475 3017 1545 Domine,
3048 1481 3104 1530 et
3140 1475 3414 1543 sanabor;
3446 1476 3663 1529 salvum
3693 1493 3790 1531 me

2142 1567 2249 1636 fac,
2281 1573 2336 1622 et
2361 1567 2547 1622 salvus
2575 1584 2692 1634 ero,
2723 1569 2992 1639 quoniam
3019 1569 3138 1623 laus
3165 1585 3295 1622 mea
3323 1574 3384 1624 tu
3412 1584 3489 1637 es,
3525 1569 3785 1635 Domine,

2143 1660 2288 1715 Deus
2315 1677 2499 1714 meus.

2389 1749 2620 1812 Epistola
2649 1747 2795 1798 Pauli
2826 1747 3046 1812 apostoli
3084 1747 3149 1797 ad
3181 1747 3526 1798 Timotheum.

1008 1858 1242 1912 Domine
1270 1859 1465 1911 ovibus
1482 1859 1592 1912 tuis
1629 1858 2038 1913 interveniente
2059 1833 2114 1903 B
2211 1823 2452 1890 Fratres,
2488 1821 2674 1875 omnis
2704 1821 2996 1891 Scriptura
3025 1820 3294 1875 divinitus
3320 1820 3595 1891 inspirata
3620 1821 3784 1876 utilis

1251 1901 1262 1924 3
1600 1900 1612 1924 ν
2206 1920 2215 1924 -
2301 1915 2316 1924 ς
2363 1915 2377 1924 .
2544 1915 2558 1924 ι
2769 1915 2780 1924 1
3047 1915 3060 1924 ς.
3262 1914 3276 1924 «-
3430 1913 3440 1923 ο
3580 1914 3595 1924 ι.
3725 1915 3735 1924 ο

1251 1901 1262 1927 3

2139 1920 2224 1968 est
2250 1915 2321 1968 ad
2347 1915 2685 1984 docendum,
2715 1915 2784 1969 ad
2807 1915 3188 1984 arguendum,
3212 1914 3278 1968 ad
3300 1913 3703 1985 corrigendum
3720 1915 3785 1970 in

2131 2008 2374 2079 justitia,
2421 2013 2482 2062 ut
2522 2009 2806 2097 perfectus
2838 2008 2910 2062 sit
2939 2007 3124 2061 omnis
3169 2007 3338 2062 homo
3365 2008 3481 2077 Dei,
3515 2008 3587 2061 ad
3613 2025 3784 2063 onme

2140 2118 2280 2172 opus
2307 2101 2521 2156 bonum
2551 2101 2880 2156 instructus.
2903 2101 3188 2156 Testiﬁcor
3211 2118 3400 2155 coram
3421 2101 3532 2155 Deo
3553 2106 3609 2155 et
3628 2101 3784 2156 Chri-

2139 2199 2224 2249 sto
2253 2197 2404 2264 Jesu,
2438 2196 2534 2266 qui
2568 2194 2924 2266 judicaturus
2967 2199 3049 2248 est
3086 2195 3240 2248 vivos
3275 2199 3332 2248 et
3373 2199 3646 2261 mortuos,
3676 2213 3781 2266 per

2137 2289 2441 2344 adventum
2481 2288 2656 2359 ipsius
2685 2293 2741 2343 et
2765 2304 3005 2358 regnum
3049 2288 3171 2358 ejus
3194 2330 3208 2354 ,
3245 2288 3493 2359 praedica
3519 2288 3782 2356 verbum,

2137 2381 2284 2435 insta
2311 2386 2608 2452 oportune,
2639 2381 2964 2452 inportune.
2996 2382 3078 2434 Tu
3110 2397 3241 2434 vero
3268 2380 3472 2450 vigila,
3501 2380 3563 2435 in
3592 2382 3781 2437 omni-

2136 2474 2242 2527 bus
2268 2473 2478 2543 labora,
2507 2491 2649 2545 opus
2676 2474 2761 2528 fac
2798 2474 3178 2545 evangelistae,
3207 2472 3589 2528 ministerium
3614 2477 3782 2529 tuum

2135 2567 2328 2639 imple.
2373 2570 2489 2639 Ego
2535 2568 2689 2622 enim
2710 2569 2832 2639 jam
2863 2568 3026 2636 libor,
3068 2573 3122 2621 et
3166 2571 3392 2638 tempus
3423 2567 3787 2623 resolutionis

2135 2677 2278 2716 meae
2307 2661 2499 2716 instat.
2533 2662 2751 2715 Bonum
2779 2665 3063 2716 certamen
3100 2659 3341 2729 certavi,
3381 2677 3613 2716 cursum
3641 2679 3781 2716 con-

2135 2754 2432 2822 summavi,
2456 2748 2626 2809 ﬁdem
2655 2753 2888 2809 servavi.
2921 2755 2979 2807 ln
3010 2753 3228 2824 reliquo
3259 2754 3504 2825 reposita
3525 2760 3609 2809 est
3638 2755 3780 2810 mihi

2135 2864 2342 2902 corona
2381 2847 2639 2919 justitim,
2671 2864 2845 2919 quam
2886 2847 3082 2902 reddet
3117 2847 3260 2902 mihi
3289 2847 3555 2902 Dominus
3584 2849 3646 2902 in
3685 2848 3781 2902 illa

2134 2941 2223 2996 die
2246 2942 2436 3011 justus
2459 2942 2637 3012 judex
2667 2958 2680 2996 :
2715 2959 2828 2996 non
2874 2942 3055 2996 solum
3103 2940 3269 3010 mihi,
3322 2941 3418 2996 sed
3446 2946 3501 2996 et
3545 2942 3635 2995 his
3680 2943 3780 3013 qui

2135 3033 2382 3104 diligunt
2411 3036 2716 3089 adventum
2747 3035 2793 3104 ej
2805 3052 2886 3089 us.

2293 3122 2466 3172 Lectio
2496 3123 2660 3172 sancti
2691 3122 2957 3186 Evangelii
2984 3122 3272 3172 secundum
3302 3122 3616 3172 Mattheum.

2208 3196 2386 3249 Homo
2439 3195 2670 3266 quidam
2725 3195 3080 3265 proficiscens
3130 3196 3345 3249 vocavit
3385 3212 3571 3249 servos
3621 3211 3774 3261 suos,

2134 3292 2189 3344 et
2227 3288 2461 3343 tradidit
2504 3288 2608 3342 illis
2638 3288 2786 3342 bona
2831 3305 2949 3342 sua.
2997 3290 3062 3343 Et
3088 3289 3187 3342 uni
3225 3289 3380 3343 dedit
3404 3289 3660 3361 quinque
3689 3295 3775 3342 ta-

2135 3383 2303 3450 lenta,
2361 3381 2456 3435 alii
2503 3387 2692 3436 autem
2737 3382 2870 3449 duo,
2915 3381 3012 3435 alii
3056 3398 3188 3436 vero
3215 3398 3420 3451 unum,
3461 3382 3774 3454 unicuique

2135 3475 2445 3529 secundum
2486 3475 2776 3545 propriam
2805 3475 3104 3543 virtutem,
3137 3478 3192 3528 et
3233 3475 3518 3545 profectus
3547 3481 3631 3531 est
3661 3479 3775 3530 sta-

2135 3568 2260 3621 tim.
2283 3567 2434 3622 Abiit
2467 3572 2656 3621 autem
2681 3567 2777 3638 qui
2800 3567 3056 3639 quinque
3071 3568 3282 3622 talenta
3295 3574 3607 3639 acceperat,
3637 3584 3777 3640 ope-

2135 3664 2292 3714 ratus
2324 3664 2407 3734 est
2436 3661 2494 3714 in
2523 3661 2622 3725 eis,
2653 3665 2709 3716 et
2735 3662 2984 3716 lucratus
3014 3666 3100 3716 est
3126 3661 3234 3715 alia
3259 3661 3535 3733 quinque.
3564 3661 3777 3734 Simili;

2134 3759 2223 3809 ter
2265 3729 2370 3826 qui
2409 3755 2519 3808 duo
2571 3761 2879 3827 acceperat,
2929 3755 3176 3810 lucratus
3219 3725 3305 3809 est
3342 3725 3450 3809 alia
3485 3755 3617 3810 duo.
3673 3725 3790 3820 011.1

2134 3853 2324 3903 autem
2378 3865 2557 3902 unum
2613 3853 2925 3920 acceperat,
2980 3849 3173 3903 abiens
3219 3847 3361 3902 fodit
3408 3849 3467 3902 in
3506 3853 3673 3917 terra,
3719 3853 3782 3904 et

2134 3941 2425 3997 abscondit
2451 3943 2748 4013 pecuniam
2781 3942 3001 3996 Domini
3042 3943 3330 4016 sui.‘Post
3375 3943 3619 3997 multum
3643 3958 3780 3998 vero

2134 4035 2425 4107 temporis,
2457 4036 2613 4091 venit
2641 4034 2902 4091 dominus
2927 4051 3217 4090 servorum
3244 4035 3492 4102 illorum,
3518 4040 3574 4090 et
3593 4035 3783 4107 posuit

2135 4129 2416 4184 rationem
2443 4146 2574 4184 cum
2603 4129 2703 4184 eis.
2739 4131 2805 4184 Et
2839 4130 3108 4184 accedens
3147 4129 3244 4202 qui
3289 4129 3540 4202 quinque
3568 4131 3784 4185 talenta

2134 4228 2447 4294 acceperat,
2500 4223 2704 4278 obtulit
2749 4223 2859 4277 alia
2911 4224 3183 4294 quinque,
3226 4223 3417 4278 dicens
3456 4240 3470 4278 :
3519 4223 3778 4293 Domine,

2135 4317 2388 4388 quinque
2425 4317 2636 4371 talenta
2682 4317 2957 4373 tradidisti
2995 4317 3158 4383 mihi,
3201 4333 3328 4372 ecce
3370 4317 3480 4371 alia
3523 4317 3777 4389 quinque

2134 4410 2555 4481 superlucratus
2578 4427 2725 4465 sum.
2742 4409 2832 4465 Ait
2864 4410 2944 4464 illi
2973 4410 3237 4482 dominus
3249 4411 3397 4482 ejus:
3420 4412 3595 4482 Euge,
3622 4427 3779 4466 serve

2134 4502 2280 4557 bone
2308 4508 2363 4559 et
2386 4504 2585 4572 ﬁdelis,
2607 4504 2741 4576 quia
2769 4520 2940 4574 super
2967 4521 3148 4576 pauca
3185 4504 3342 4559 fuisti
3374 4503 3574 4569 tidelis,
3607 4520 3781 4576 super

408 4605 709 4674 PrOpterea
734 4616 887 4655 nunc
934 4599 1235 4671 requiescit
1259 4597 1316 4653 in
1347 4615 1480 4670 pace
1506 4604 1623 4669 tua,
1655 4600 1796 4654 nihil
1825 4601 2032 4656 inlece-
2052 4576 2112 4649 D
2137 4596 2321 4651 multa
2345 4602 2400 4652 te
2429 4598 2802 4666 constituam;
2832 4597 2982 4652 intra
3018 4598 3076 4652 in
3108 4597 3382 4669 gaudium
3417 4596 3634 4652 domini
3671 4597 3774 4652 tui.

409 4699 662 4762 brosum,
677 4694 820 4749 nihil
831 4693 952 4764 jam
969 4699 1225 4748 metuens
1235 4694 1534 4748 adversum
1546 4735 1558 4748 .
1573 4691 1673 4748 Cui
1690 4693 1920 4766 inspira,
1936 4695 2039 4749 mi-

410 4790 644 4846 sericors
671 4788 834 4857 Deus,
865 4786 1212 4842 intercedere
1252 4787 1354 4841 tibi
1391 4803 1495 4857 pro
1524 4786 1716 4857 nobis;
1763 4791 1830 4842 ut
1866 4804 2039 4859 quem

409 4882 590 4939 fecisti
618 4881 686 4936 de
709 4897 808 4935 sua
829 4880 1091 4935 felicitate
1118 4895 1402 4946 securum,
1431 4879 1596 4934 facias
1617 4897 1719 4951 pro
1748 4885 1941 4935 nostra
1968 4880 2037 4934 li-

408 4977 697 5036 beratione
711 4973 1139 5044 sollicitum,per
1147 4972 1432 5028 Christum
1445 4973 1748 5028 Dominum
1757 4977 2036 5031 nostrum.

763 5103 916 5144 HISSA
953 5100 1140 5142 SANCTI
1176 5101 1396 5140 ΗΑΒἹἹΝῙ
1437 5101 1682 5140 EPISCOPI.

414 5185 588 5239 Lectio
628 5183 902 5254 Hieremias
926 5177 1624 5304 prepheqtgcgippgpositione
1651 5179 1815 5229 sancti
1839 5179 2043 5230 Martini

484 5327 819 5386 Benedictus
865 5321 951 5377 vir
993 5321 1092 5394 qui
1139 5321 1368 5376 conﬁdit
1413 5321 1475 5376 in
1524 5322 1793 5394 Domino,
1830 5327 1889 5378 et
1933 5324 2043 5380 erit

413 5424 686 5483 Dominus
734 5417 940 5474 ﬁducia
989 5416 1126 5487 ejus.
1181 5416 1248 5468 Et
1284 5415 1393 5470 erit
1434 5416 1594 5487 quasi
1626 5416 1847 5488 lignum
1888 5417 2041 5490 quod

412 5518 856 5590 transplantatur
875 5527 1046 5582 super
1063 5525 1256 5582 aquas,
1282 5509 1433 5581 quod
1451 5510 1523 5565 ad
1542 5510 1846 5565 humorem
1867 5511 2044 5566 mittit

423 5657 428 5662 ’
483 5659 510 5689 ⁸
546 5644 778 5732 Nihil
806 5653 1065 5732 sequenti
1083 5651 1344 5732 Lectione
1373 5652 1627 5732 e_x_Pauli
1659 5653 1892 5732 apostoli
1919 5654 2040 5732 epi-

415 5735 560 5792 stola
595 5731 665 5786 ad
694 5723 930 5804 _Titur_ri;
968 5723 1064 5778 sed
1105 5723 1255 5777 varia
1293 5728 1426 5804 sunt
1459 5724 1583 5804 loca
1621 5723 2038 5804 ex’Scriptuf'is,

413 5817 602 5875 neque
645 5798 717 5853 ad
749 5796 1006 5862 verbum,
1052 5809 1237 5864 neque
1266 5795 1436 5848 etiam
1472 5795 1541 5848 ad
1579 5811 1811 5850 sensum
1837 5795 2037 5856 relata.

413 5876 509 5929 Hae
539 5869 824 5924 Lectiones
847 5880 952 5935 pro
973 5879 1089 5917 uno
1116 5865 1450 5920 confessore.

2742 4702 2934 4743 INCIPIT
2973 4703 3151 4744 MISSA.

2211 4767 2478 4821 Sanctum
2509 4767 2565 4820 in
2591 4767 2964 4834 mirabilibus,
2997 4767 3323 4822 mirabilem
3350 4768 3531 4822 Deum
3561 4765 3624 4820 in
3649 4782 3771 4820 san-

2139 4859 2241 4912 ctis
2266 4859 2378 4913 suis
2402 4865 2460 4915 et
2486 4861 2797 4915 confessore
2837 4877 2938 4915 suo
2965 4861 3199 4917 Martino
3231 4859 3453 4934 [fratres
3479 4861 3777 4930 carissimi,

2141 4953 2504 5023 deprecemus
2537 4953 2572 5027 :]
2619 4959 2683 5009 ut
2724 4955 2883 5025 cujus
2920 4955 3303 5009 venerabilem
3333 4955 3484 5010 diem
3525 4953 3776 5017 celebra-

2140 5060 2287 5116 mus,
2317 5063 2642 5103 mereamur
2665 5049 2786 5120 ejus
2821 5064 2940 5103 esse
2982 5049 3298 5120 participes.
3337 5049 3433 5103 Hic
3471 5049 3576 5117 vir,
3605 5063 3779 5119 quem

2142 5140 2637 5196 adnumerandum
2663 5143 2948 5213 apostolis,
2981 5142 3323 5213 martyribus
3348 5141 3776 5213 adgregandum

2141 5234 2397 5304 proxima
2435 5234 2513 5289 ita
2558 5235 2619 5289 in
2662 5251 2784 5290 rem
2822 5242 3081 5309 tempora
3115 5237 3496 5308 protulerunt.
3529 5235 3776 5290 Dubium

2141 5327 2294 5382 enim
2318 5345 2432 5382 non
2459 5333 2543 5384 est
2569 5333 2629 5385 ut
2654 5329 2728 5385 sit
2751 5337 2966 5403 martyr
2985 5330 3045 5386 in
3070 5330 3226 5399 caelo,
3240 5329 3352 5401 ‘qui
3369 5329 3477 5384 fuit
3496 5328 3779 5384 confessor

2142 5420 2200 5474 in
2222 5422 2444 5492 saeculo,
2474 5439 2606 5478 cum
2631 5424 2873 5478 sciamus
2904 5441 3019 5480 non
3037 5424 3339 5480 Martinum
3365 5423 3659 5494 martyrio,
3679 5421 3777 5476 sed

2142 5515 2478 5586 martyrium
2506 5517 2745 5573 defuisse
2779 5518 3036 5574 Martino.
3066 5518 3306 5573 Oremus
3329 5517 3427 5590 qui
3453 5516 3514 5572 in
3552 5519 3777 5570 tantum

2221 5660 2248 5701 δ
2277 5662 2353 5716 Ita
2377 5664 2504 5732 post
2541 5677 2840 5717 commune
2883 5663 3265 5718 confessorum
3303 5660 3561 5732 sequitur
3601 5659 3777 5732 missa

2143 5732 2210 5788 de
2240 5730 2428 5786 sancto
2456 5733 2686 5787 Martino
2717 5734 2774 5788 in
2800 5734 3031 5789 Gothico
3071 5733 3270 5788 Missali
3295 5774 3308 5803 ,
3337 5730 3436 5787 ubi
3464 5737 3660 5787 tamen
3687 5730 3775 5785 di-

2141 5819 2298 5875 versa
2323 5803 2391 5856 de
2420 5819 2486 5858 eo
2511 5803 2684 5875 missa
2707 5811 2918 5875 praeter
2942 5804 3596 5875 Contestationem,vque
3623 5805 3779 5858 utro-

2140 5872 2311 5946 bique
2334 5877 2420 5926 est
2442 5873 2660 5927 eadem.
