4006 6228
194 388 290 439 529

827 380 1438 438 SACRAMENTARIUM
1472 378 1918 437 GALLICANUM.
1963 407 2029 418 --
2068 379 2434 437 LECTIONES
2469 381 2914 450 QUUI‘IDIANAS.

3459 378 3560 443 530

195 490 421 556 Domini
448 490 642 564 potuit
663 505 895 563 aequare
921 489 1178 557 virtutes,
1210 488 1483 561 dignetur
1500 488 1560 544 in
1586 488 1826 544 tribula-
1852 499 1911 573 Α
1933 489 2031 560 qui
2056 488 2639 561 gaudent,tamquam
2654 505 2770 546 non
2784 490 3125 562 gaudentes;
3150 493 3208 546 et
3223 489 3320 563 qui
3336 493 3559 562 emunt,

192 586 345 643 tione
369 585 717 653 defendere,
741 585 841 657 qui
870 588 1075 657 potens
1104 584 1214 640 fuit
1242 588 1505 641 mortuos
1534 583 1824 639 suscitare.

255 758 427 824 Deus,
458 757 622 829 cujus
657 772 762 828 per
787 683 1433 812 surgfriliiziwantistitem
1460 758 1520 810 et
1543 756 1830 811 confesso-

191 868 309 907 rem
346 853 518 905 tuum
569 850 878 907 Martinam
912 849 1157 922 fulgoris
1205 849 1287 904 tui
1334 850 1532 904 lumen
1577 848 1826 916 effulsit;

194 946 343 1016 cujus
371 944 553 999 hodie
576 943 1342 1016 felicemtransmigrationis
1359 943 1513 997 diem
1530 942 1825 997 celebran-

193 1043 289 1106 tes,
317 1038 699 1093 clementiam
734 1042 896 1093 tuam
937 1037 1221 1110 supplices
1261 1054 1583 1104 exoramus,
1624 1040 1689 1091 ut
1724 1038 1828 1091 Ec-

188 1132 419 1188 clesiam
448 1135 615 1188 tuam
647 1135 1088 1188 conversantem
1119 1131 1180 1187 in
1222 1130 1591 1187 tribulatione
1624 1131 1824 1203 digne-

190 1231 277 1283 tur
302 1226 647 1293 defendere,
676 1225 822 1282 cuia
843 1229 900 1281 te
915 1226 1053 1281 satis
1072 1227 1234 1297 larga
1253 1225 1468 1297 pietate
1493 1240 1827 1281 concessum

189 1324 271 1376 est
298 1320 483 1377 etiam
518 1323 780 1377 mortuos
804 1319 1101 1376 suscitare.

819 1417 945 1466 Post
970 1413 1201 1465 nomina.

255 1489 508 1561 Largam
538 1488 642 1543 Dei
667 1489 849 1543 Patris
894 1488 1310 1559 omnipotentis
1346 1486 1826 1555 misericordiam,

188 1584 391 1637 fratres
421 1581 726 1647 carissimi,
746 1582 1145 1654 deprecemur,
1168 1585 1232 1635 ut
1258 1581 1670 1637 intercessione
1704 1598 1830 1637 san-

188 1676 257 1731 cti
284 1692 349 1730 ac
367 1675 693 1730 beatissimi
726 1675 996 1731 antistitis
1022 1676 1107 1729 sui
1128 1675 1374 1743 Martini,
1402 1676 1563 1747 cujus
1590 1675 1825 1730 hodier-

189 1786 260 1826 na
306 1769 400 1824 die
466 1769 725 1824 ofﬁcium
772 1768 1340 1824 commemorationis
1411 1768 1825 1841 impendimus,

1929 587 2230 655 tamquam
2248 599 2364 637 non
2380 583 2821 655 possidentes;et
2833 584 2933 656 qui
2947 588 3182 640 utuntur
3193 586 3301 641 hoc
3317 586 3559 655 mundo,

1930 680 2229 748 tamquam
2263 692 2381 731 non
2410 680 2678 744 utantur;
2712 679 2969 749 praeterit
2988 679 3145 734 enim
3181 679 3369 750 figura
3392 680 3562 752 hujus

1929 771 2153 825 mundi.
2181 771 2321 825 Volo
2354 773 2549 826 autem
2575 788 2675 826 vos
2704 771 2827 827 sine
2862 772 3244 828 sollicitudine
3278 790 3421 828 esse.
3453 773 3561 839 Qui

1931 864 2052 919 sine
2084 880 2259 919 uxore
2289 868 2395 931 est,
2418 864 2692 919 sollicitus
2721 869 2808 919 est
2838 882 2967 937 quae
2993 866 3218 921 Domini
3243 871 3395 936 sunt,
3425 883 3563 939 quo-

1930 958 2107 1029 modo
2133 959 2360 1029 placeat
2378 958 2517 1013 Deo.
2553 958 2660 1023 Qui
2687 962 2883 1014 autem
2900 976 3032 1015 cum
3062 976 3236 1015 uxore
3267 964 3372 1028 est,
3406 960 3562 1017 solli-

1929 1052 2073 1107 citus
2104 1054 2191 1107 est
2216 1068 2344 1123 quas
2382 1056 2517 1106 sunt
2540 1052 2763 1119 mundi,
2797 1054 3090 1125 quomodo
3122 1054 3350 1125 placeat
3374 1054 3557 1123 uxori,

1930 1150 1989 1201 et
2018 1145 2227 1201 divisus
2255 1148 2360 1200 est.
2394 1146 2462 1199 Et
2504 1146 2713 1201 mulier
2742 1147 3005 1219 innupta,
3053 1151 3112 1202 et
3149 1148 3309 1219 virgo
3347 1148 3564 1220 cogitat

1930 1256 2059 1311 quae
2091 1243 2225 1294 sunt
2249 1238 2502 1307 Domini,
2546 1242 2609 1293 ut
2637 1239 2709 1293 sit
2748 1244 2947 1295 sancta
2974 1258 3214 1313 corpore
3245 1246 3304 1297 et
3337 1242 3558 1313 spiritu.

2085 1335 2262 1384 Lectio
2286 1333 2452 1384 sancti
2476 1333 2745 1398 Evangelii
2772 1333 3061 1384 secundum
3089 1334 3402 1385 Matlhmum.

2001 1420 2197 1476 Simile
2242 1419 2352 1474 erit
2384 1435 2634 1490 regnum
2673 1420 2948 1475 caelorum
2989 1418 3188 1474 decem
3222 1420 3559 1491 virginibus,

1930 1531 2058 1587 qum
2092 1513 2442 1585 accipientes
2480 1512 2780 1583 lampades
2827 1529 2977 1581 suas,
3029 1512 3290 1568 exierunt
3335 1514 3561 1569 obviam

1929 1623 2138 1679 sponso
2162 1610 2221 1661 et
2233 1622 2479 1678 sponsas.
2500 1604 2767 1676 Quinque
2782 1608 2975 1660 autem
2999 1622 3064 1660 ex
3079 1604 3160 1660 eis
3179 1608 3346 1661 erant
3366 1607 3560 1675 fatuae,

1929 1706 1987 1755 et
2013 1701 2268 1772 quinque
2310 1698 2645 1770 prudentes.
2677 1698 2792 1753 Sed
2824 1698 3080 1770 quinque
3115 1699 3289 1754 fatuas
3318 1699 3564 1771 acceptis

1927 1793 2290 1866 lampadibus
2304 1808 2422 1847 non
2440 1795 2773 1847 sumserunt
2789 1792 2981 1847 oleum
2999 1808 3194 1847 secum
3215 1808 3228 1847 :
3248 1792 3563 1863 prudentes

190 1863 306 1935 ejus
331 1863 665 1918 interventu
715 1879 822 1959 Per
868 1862 1325 1917 misericordiam
1362 1862 1589 1917 Domini
1633 1862 1823 1917 indul‘
1844 1869 1901 1942 B
1926 1862 2065 1943 vero
2095 1889 2443 1959 acceperunt
2471 1887 2666 1941 oleum
2709 1885 2770 1939 in
2805 1885 2950 1940 vasis
2980 1872 3124 1940 'cum
3179 1886 3557 1958 lampadibus.

189 1958 444 2031 gentiam
472 1956 755 2028 consequi
781 1972 1131 2011 mereamur.

856 2049 934 2099 Ad
964 2062 1167 2099 nacem.

856 2064 934 2099 Λα
1000 2064 1167 2099 acem.

252 2121 491 2189 Exaudi,
526 2120 795 2189 Domine,
835 2064 1036 2192 precles
1081 2122 1326 2189 nostras,
1375 2136 1520 2193 quas
1554 2120 1613 2175 in
1644 2121 1825 2176 sancti

188 2214 530 2270 confessoris
563 2219 620 2269 et
645 2214 961 2270 sacerdotis
992 2214 1243 2286 episcopi
1282 2214 1365 2269 tui
1403 2214 1627 2269 Martini
1666 2231 1823 2269 com-

190 2308 609 2363 memoratione
636 2308 973 2375 deferimus,
1001 2311 1058 2362 et
1085 2310 1314 2379 prmsta,
1340 2311 1404 2363 ut
1430 2307 1575 2362 sicut
1620 2307 1713 2362 ille
1762 2308 1823 2362 in

190 2405 493 2473 conspectu
525 2406 624 2457 tuo
654 2401 750 2472 qui
774 2401 875 2455 tibi
907 2401 1079 2473 digne
1098 2401 1310 2455 meruit
1340 2400 1612 2455 famulari
1638 2401 1825 2456 clarus

189 2512 409 2567 semper
461 2495 668 2563 extitit,
726 2495 805 2550 ita
860 2495 984 2566 ejus
1024 2511 1130 2549 nos
1174 2494 1513 2567 supplicatio
1560 2494 1617 2548 in
1658 2494 1824 2549 bonis

192 2589 402 2644 actibus
432 2589 687 2659 adjuvet.
720 2590 847 2643 Per.

838 2679 1174 2730 Contestatio.

255 2755 393 2808 Vere
430 2754 680 2825 dignum
720 2755 778 2806 et
793 2752 1013 2825 justum
1041 2756 1144 2819 est,
1175 2750 1542 2823 omnipotens
1567 2752 1736 2819 Deus,
1764 2756 1821 2806 te

192 2846 245 2900 in
269 2846 497 2902 Martini
523 2846 603 2900 tui
630 2845 894 2901 laudibus
918 2845 1228 2911 honorare,
1245 2844 1341 2915 qui
1369 2844 1547 2899 sancti
1580 2844 1822 2916 Spiritus

192 2940 265 2994 tui
292 2940 443 2995 dono
476 2956 804 3005 succensus,
832 2939 988 2993 itain
1018 2939 1141 3010 ipso
1171 2938 1433 2993 tirocinio
1462 2937 1595 2992 fidei
1638 2939 1822 3009 perfe-

192 3037 305 3087 ctus
332 3033 599 3088 inventus
635 3036 741 3101 est,
770 3035 833 3086 ut
853 3031 1143 3088 Christum
1178 3031 1409 3085 texisset
1448 3030 1507 3085 in
1534 3047 1817 3103 paupere;

192 3129 245 3180 et
259 3130 497 3193 vestem,
528 3143 704 3198 quam
731 3142 949 3197 egenus
970 3127 1289 3197 acceperat,
1318 3124 1520 3179 mundi
1544 3125 1821 3180 Dominus

1924 1983 2142 2038 Moram
2163 1983 2359 2036 autem
2373 1979 2622 2035 faciente
2635 1995 2868 2050 sponso,
2890 1979 3564 2035 dormitaveruntomnes

1927 2079 1986 2131 et
2009 2074 2388 2130 dormierunt.
2404 2071 2589 2128 Media
2601 2076 2797 2127 autem
2812 2075 3001 2140 nocte,
3015 2073 3237 2127 clamor
3249 2072 3432 2128 factus
3444 2076 3558 2129 est:

1924 2171 2066 2224 Ecce
2092 2184 2334 2240 sponsus
2361 2166 2538 2233 venit,
2563 2165 2709 2220 exite
2738 2165 2965 2220 obviam
3006 2165 3078 2220 ei.
3109 2167 3264 2221 Tunc
3299 2183 3559 2222 surrexe-

1924 2267 2061 2318 runt
2092 2278 2294 2318 omnes
2323 2260 2575 2331 virgines
2602 2260 2733 2326 illae,
2768 2262 2826 2313 et
2861 2263 3213 2314 ornaverunt
3261 2259 3561 2331 lampades

1924 2374 2073 2411 suas.
2103 2356 2294 2410 Fatuae
2318 2357 2513 2408 autem
2535 2352 2891 2424 sapientibus
2911 2352 3212 2408 dixerunt:
3236 2355 3377 2408 Date
3397 2352 3561 2409 nobis

1925 2452 1996 2505 de
2028 2451 2155 2505 oleo
2182 2452 2392 2516 vestro,
2416 2447 2552 2519 quia
2570 2446 2870 2518 lampades
2894 2449 3107 2501 nostras
3126 2447 3557 2519 extinguuntur.

1924 2542 2370 2616 Responderunt
2384 2540 2700 2613 prudentes
2717 2540 3001 2595 dicentes:
3030 2542 3110 2595 Ne
3142 2541 3290 2595 forte
3311 2557 3428 2596 non
3450 2542 3564 2596 suf-

1922 2640 2077 2693 ﬁciat
2117 2637 2284 2692 nobis
2324 2638 2383 2690 et
2426 2635 2605 2701 vobis,
2654 2634 2730 2687 ite
2771 2634 2962 2705 potius
3002 2633 3077 2688 ad
3120 2633 3455 2702 vendentes,
3502 2638 3562 2691 et

1924 2732 2101 2787 emite
2130 2730 2308 2785 vobis.
2334 2729 2481 2783 Dum
2505 2730 2702 2783 autem
2715 2726 2868 2781 irent
2880 2728 3268 2795 emere,venit
3286 2745 3555 2799 sponsus;

1923 2829 1981 2881 et
2007 2842 2135 2897 qua:
2155 2826 2373 2896 paratae
2394 2824 2561 2876 erant
2586 2821 2947 2875 intraverunt
2963 2837 3092 2875 cum
3110 2838 3179 2876 eo
3203 2821 3277 2876 ad
3304 2822 3553 2893 nuptias,

1922 2923 1981 2973 et
2008 2919 2200 2973 clausa
2225 2919 2311 2970 est
2332 2915 2532 2987 janua.
2556 2913 2871 2968 Novissime
2891 2916 3174 2968 venerunt
3194 2913 3432 2986 reliquie
3454 2914 3558 2969 vir-

1920 3011 2084 3083 gines
2118 3010 2373 3065 dicentes
2403 3025 2416 3062 :
2463 3006 2731 3073 Domine,
2774 3005 3041 3073 Domine,
3064 3006 3224 3078 aperi
3258 3006 3443 3061 nobis.
3483 3010 3557 3061 At

1917 3106 2013 3160 ille
2050 3103 2408 3176 respondens
2449 3101 2530 3156 ait
2561 3117 2574 3155 :
2603 3103 2786 3155 Amen
2818 3099 2945 3155 dico
2984 3098 3164 3168 vobis,
3204 3100 3395 3155 nescio
3432 3116 3550 3156 vos.

192 3218 478 3275 induisset.
511 3193 565 3275 θ’
582 3219 713 3273 felix
745 3193 1001 3290 largitas,
1026 3193 1222 3289 inqua
1241 3217 1508 3272 divinitas
1536 3217 1814 3289 operitur!
1839 3240 1894 3315 ρ
1918 3199 2159 3270 Visﬂate
2191 3197 2405 3269 itaque,
2435 3195 2569 3267 quia
2594 3193 2826 3249 nescitis
2856 3193 3012 3248 diem
3032 3209 3221 3265 neque
3250 3194 3479 3249 horam-

192 3328 222 3368 o
246 3313 521 3385 clamydis
538 3314 788 3384 gloriosa
816 3312 1036 3379 divisio,
1065 3328 1193 3383 quae
1207 3311 1454 3365 militem
1481 3311 1620 3366 texit
1647 3314 1705 3366 et
1724 3328 1816 3365 re-

191 3407 347 3477 gem!
378 3406 784 3461 inaestimabile
814 3405 1031 3460 donum
1074 3408 1160 3458 est
1198 3405 1353 3477 quod
1394 3404 1599 3459 vestire
1638 3405 1820 3459 Deum

193 3499 390 3555 meruit
414 3500 675 3555 Deitatis.
706 3500 889 3571 Digne
933 3498 1066 3554 huic
1107 3497 1482 3553 confessionis
1522 3500 1633 3551 tua:
1681 3513 1823 3569 prm-

194 3593 361 3648 mium
391 3593 760 3660 commisisti;
789 3593 964 3664 digne
994 3592 1373 3647 Arrianorum
1403 3608 1520 3646 non
1538 3591 1822 3663 subjacuit

194 3686 426 3743 feritati:
450 3688 631 3759 digne
664 3690 888 3743 tantum
917 3702 1116 3741 amore
1144 3685 1416 3742 Martinus
1442 3684 1820 3756 persecutoris

200 3782 471 3837 tormenta
502 3798 620 3836 non
642 3780 835 3835 timuit
861 3796 1093 3835 securus
1117 3796 1130 3834 :
1161 3778 1298 3851 quia
1320 3781 1485 3833 tanta
1496 3782 1583 3832 est
1602 3778 1819 3849 gloriﬁ-

197 3873 331 3929 catio
367 3874 671 3947 passionis,
721 3878 784 3928 ut
822 3891 927 3944 per
961 3873 1346 3944 quantitatem
1398 3871 1569 3926 vestis
1598 3872 1817 3942 exiguae

196 3967 385 4024 vestire
398 3969 688 4025 Christum
706 3966 921 4022 meruit
934 3970 991 4020 et
1008 3966 1221 4021 videre.
1247 3965 1290 4021 Ο
1312 3965 1525 4019 animae
1538 3964 1818 4019 imitanda

194 4058 545 4133 benignitas!
581 4079 613 4117 o
640 4062 918 4116 virtutum
936 4060 1267 4114 veneranda
1284 4059 1546 4130 potentia
1564 4058 1575 4112 l
1601 4057 1679 4113 sic
1700 4058 1819 4129 egit

197 4156 423 4228 suscepti
456 4155 823 4228 pontificatus
841 4153 1118 4221 officium,
1145 4157 1207 4207 ut
1221 4169 1325 4224 per
1350 4154 1599 4207 formam
1617 4152 1819 4222 proba-

195 4246 311 4302 bilis
332 4250 460 4305 vita:
483 4247 908 4304 observantiam
929 4246 1184 4317 exegerit
1210 4246 1543 4317 disciplinae.
1573 4244 1663 4301 Sic
1676 4261 1816 4316 apo-

196 4341 375 4397 stolica
411 4343 621 4398 virtute
655 4341 1020 4413 sperantibus
1061 4339 1304 4395 contulit
1341 4338 1714 4406 medicinam,
1755 4342 1819 4393 ut

194 4434 323 4488 alios
334 4435 861 4508 supplicationibus,
878 4434 1019 4489 alios
1032 4433 1151 4487 visu
1165 4432 1414 4487 salvarit.
1436 4434 1564 4487 Haec
1591 4435 1689 4489 tua
1709 4434 1814 4499 est,

196 4526 443 4598 Domine,
470 4529 806 4583 veneranda
840 4527 1118 4599 potentia,
1150 4526 1241 4582 cui
1287 4543 1417 4581 cum
1456 4526 1654 4597 lingua
1698 4542 1816 4581 non

2524 3313 2726 3355 INCIPIT
2766 3312 2942 3353 MISSA.

1990 3393 2327 3466 Propitiare,
2373 3391 2643 3459 Domine,
2690 3389 3203 3463 supplicationibus
3242 3390 3472 3457 nostris,
3495 3394 3556 3446 et

1918 3490 2220 3544 ﬂammam
2246 3487 2305 3541 in
2333 3485 2499 3540 nobis
2522 3488 2635 3539 tuae
2666 3484 2921 3539 caritatis
2945 3483 3227 3551 accende;
3260 3486 3325 3537 ut
3342 3486 3554 3539 sanctas

1918 3585 2033 3636 tua:
2061 3580 2299 3652 virginis
2327 3579 2406 3633 ill.
2436 3578 2525 3632 vel
2554 3577 2847 3648 martyris,
2894 3593 3023 3647 qua:
3055 3592 3255 3630 sexum
3283 3592 3414 3631 cum
3445 3593 3550 3631 saa-

1918 3676 2045 3730 culo
2069 3674 2221 3740 vicit,
2250 3672 2410 3744 cujus
2436 3687 2542 3725 nos
2576 3669 2760 3724 fecisti
2802 3685 2925 3723 esse
2969 3667 3312 3735 imitatores,
3344 3668 3553 3740 jubeas

1918 3784 2042 3823 esse
2063 3768 2375 3822 consortes.

2601 3829 2874 3882 Collectio.

1990 3920 2159 3986 Deus,
2186 3916 2284 3989 qui
2305 3913 2675 3971 candidatam
2701 3916 2862 3968 tuam
2880 3910 2960 3966 ill.
2988 3910 3316 3983 virginitate
3337 3912 3554 3984 pariter

1919 4016 1977 4068 et
2003 4010 2279 4083 martyrio
2308 4010 2368 4064 in
2394 4008 2553 4062 fonte
2576 4005 2685 4060 vivi
2711 4005 3045 4061 certaminis
3061 4004 3309 4074 abluisti,
3336 4010 3398 4061 ut
3413 4023 3549 4062 con-

1916 4105 2183 4162 fessionis
2201 4102 2446 4176 gloriam
2466 4116 2634 4156 roseo
2655 4099 2739 4154 sui
2760 4098 3061 4171 sanguinis
3081 4099 3288 4154 decore
3324 4103 3551 4169 ornata,

1918 4217 2017 4273 spe
2049 4200 2286 4254 caneret
2304 4194 2578 4262 victoriae,
2600 4196 2657 4249 et
2673 4193 2918 4248 mudum
2946 4193 3005 4248 in
3028 4192 3142 4248 suis
3163 4193 3553 4249 dormientem

1916 4290 2165 4366 peccatis
2190 4290 2264 4346 ad
2293 4288 2721 4345 confessionem
2750 4286 2835 4341 tui
2864 4286 3119 4342 nominis
3144 4286 3453 4354 excitaret;
3478 4288 3554 4343 da

1919 4388 1968 4458 ej
1979 4404 2042 4441 us
2058 4384 2378 4458 patrocinio
2400 4380 2649 4455 peccatis
2660 4381 3327 4453 nostrisindulgentiam,
3349 4382 3445 4454 qui
3459 4381 3557 4438 de-

1919 4480 2050 4535 disti
2076 4478 2322 4535 certanti
2342 4492 2643 4533 coronam.
2933 4476 2942 4485 '

2539 4569 2659 4617 Post
2690 4567 2925 4617 nomina.

199 4623 465 4692 suppleat,
487 4622 712 4678 meritis
741 4626 959 4689 exorat’
1006 4638 1111 4693 Per
1152 4619 1441 4676 Christum
1486 4619 1810 4676 Dominum’
1834 4608 1893 4680 υ
1985 4648 2510 4724 Supplicationibus
2532 4608 3058 4715 nostrisZBoinine,
3088 4645 3441 4717 propiciatus
3468 4646 3553 4701 in-

658 4739 820 4780 MISSA
859 4739 1021 4781 UNIUS
1059 4736 1317 4779 VIRGINIS.

473 4812 705 4877 Epistola
728 4811 874 4861 Pauli
897 4811 1120 4876 apostoli
1143 4810 1208 4860 ad
1236 4812 1516 4861 Romanos.

263 4898 496 4967 Fratres,
526 4898 597 4953 de
630 4897 949 4969 virginibus
971 4898 1324 4968 praeceptum
1338 4893 1697 4951 Domininon
1710 4894 1811 4948 ha-

202 4988 316 5058 beo,
347 4992 648 5048 consilium
675 4993 872 5045 autem
899 4990 994 5058 do,
1029 4994 1329 5061 tamquam
1358 4986 1817 5043 misericordiam

204 5089 522 5141 consecutus
547 5102 582 5141 a
611 5085 880 5152 Domino,
896 5083 1080 5138 utsim
1103 5082 1309 5137 fidelis.
1336 5081 1610 5137 Existimo
1623 5083 1819 5135 autem

205 5170 300 5227 hoc
338 5174 555 5230 bonum
589 5191 712 5230 esse
752 5176 993 5246 propter
1030 5167 1349 5227 instantem
1391 5169 1816 5235 necessitatem,

204 5263 461 5329 quoniam
488 5264 708 5320 bonum
747 5265 835 5318 est
870 5260 1092 5316 homini
1130 5260 1207 5314 sic
1246 5275 1390 5314 esse.
1430 5258 1711 5329 Alligatus
1760 5272 1820 5310 es

204 5356 377 5410 uxori?
398 5358 516 5413 noli
537 5373 793 5429 quaerere
821 5353 1428 5410 solutionem.Solutus
1448 5368 1509 5407 es
1530 5351 1602 5406 ab
1614 5348 1820 5406 uxore?

207 5447 311 5502 noli
337 5466 589 5522 quaarere
610 5466 871 5505 uxorem.
905 5448 963 5504 Si
1000 5451 1196 5503 autem
1234 5446 1522 5518 acceperis
1560 5459 1818 5511 uxorem,

210 5553 313 5595 non
338 5544 595 5614 peccasti.
615 5545 684 5598 Et
700 5544 747 5599 si
775 5542 1036 5614 nupserit
1062 5541 1245 5613 virgo,
1269 5557 1388 5594 non
1405 5538 1700 5610 peccabit;
1728 5536 1822 5591 tri-

210 5629 544 5692 bulationem
571 5637 761 5692 carnis
786 5636 1092 5691 habebunt
1108 5631 1459 5705 hujusmodi,
1485 5646 1596 5701 ego
1622 5633 1820 5684 autem

215 5725 354 5781 vobis
380 5746 570 5801 parco.
590 5731 707 5786 Hoc
755 5731 949 5803 itaque
980 5728 1129 5796 dico,
1152 5728 1381 5794 fratres,
1405 5728 1633 5795 tempus
1651 5721 1823 5777 breve

217 5820 608 5895 est.Reliquum
633 5827 720 5879 est
736 5828 798 5880 ut
815 5823 911 5896 qui
928 5822 1148 5878 habent
1164 5836 1368 5876 uxores
1377 5822 1680 5889 tamquam
1706 5832 1824 5871 non

222 5906 471 5973 habentes
489 5917 631 5986 sint;
660 5921 718 5973 et
739 5917 836 5992 qui
863 5916 1025 5985 ﬂent,
1056 5918 1357 5988 tamquam
1386 5928 1502 5968 non
1514 5910 1744 5977 flentes;
1770 5913 1827 5965 et

1914 4745 2110 4813 tende,
2146 4760 2286 4815 quas
2312 4742 2372 4796 in
2399 4743 2611 4795 sancta;
2645 4742 2761 4794 tum
2790 4739 2869 4794 ill.
2904 4739 3146 4810 virginis
3187 4742 3246 4794 et
3283 4739 3553 4811 martyris

1915 4835 2473 4895 commemoratione
2502 4831 2851 4900 deferimus;
2886 4834 2945 4886 et
2970 4832 3080 4888 hoc
3106 4832 3447 4889 sacrificium
3466 4850 3555 4888 su-

1915 4950 2020 5006 per
2044 4931 2288 4986 inlatum
2316 4927 2397 4982 ita
2423 4927 2743 4981 clementer
2762 4925 3014 4980 adtende
3038 4944 3051 4981 :
3076 4930 3139 4981 ut
3158 4927 3256 4999 qui
3279 4927 3551 4982 ﬁduciam

1919 5027 1990 5081 de
2022 5023 2251 5097 propria
2269 5019 2493 5092 justitia
2520 5035 2637 5074 non
2663 5018 2968 5087 habemus,
3003 5019 3126 5089 ejus
3157 5036 3286 5090 quae
3316 5020 3417 5075 tibi
3438 5021 3557 5092 pla-

1919 5135 2048 5175 cere
2078 5116 2291 5173 meruit
2315 5113 2577 5187 precibus
2607 5112 2966 5183 adjuvemur.
2984 5113 3111 5167 Per.

2573 5200 2652 5251 Ad
2694 5214 2898 5265 pacem.

1990 5284 2234 5353 Exaudi,
2262 5284 2530 5351 Domine,
2563 5299 2764 5355 preces
2792 5284 3018 5338 nostras
3046 5281 3104 5337 in
3133 5280 3224 5335 die
3256 5281 3552 5337 sollemni-

1920 5381 2054 5436 tatis
2098 5378 2408 5451 magniﬁco
2464 5380 2675 5432 sancta:
2714 5376 2951 5448 virginis
2998 5379 3053 5431 et
3090 5373 3377 5447 martyris,
3425 5390 3555 5445 quas

1920 5475 2209 5531 mundum
2236 5472 2368 5528 vicit
2393 5488 2524 5527 cum
2559 5470 2750 5542 fragili
2783 5487 2938 5538 sexu,
2975 5474 3033 5525 et
3064 5470 3217 5524 dona
3244 5469 3367 5541 ejus
3401 5467 3555 5540 apud

1922 5573 1980 5625 te
1996 5569 2325 5624 interventu
2344 5567 2621 5638 placatus,
2648 5568 2712 5619 ut
2739 5564 2924 5619 cuncti
2942 5563 3040 5635 qui
3062 5562 3410 5631 adsistimus,
3432 5561 3555 5634 ejus

1888 5676 1899 5681 ‘
1921 5662 2270 5720 memoriam
2292 5660 2751 5732 frequentantes,
2787 5658 2943 5729 pacis
2974 5662 3032 5712 et
3056 5656 3310 5712 caritatis
3329 5655 3554 5711 vinculo

1924 5756 2285 5828 colligemur.

2570 5820 2898 5874 Contestatio.

1997 5910 2140 5963 Vere
2166 5907 2409 5978 dignum
2442 5907 2501 5960 et
2520 5903 2740 5975 justum
2767 5906 2872 5972 est,
2894 5901 3263 5973 omnipotens
3295 5900 3460 5965 Deus,
3496 5898 3555 5952 in
