4006 6228
423 374 518 431 53l

1296 363 1628 421 APPENDIX
1666 363 1754 417 AD
1789 360 2012 415 OI’EItA
2049 358 2104 413 S.
2142 356 2441 413 GERMANI
2482 355 2908 411 PARISIENSIS.

3683 353 3797 405 532

416 483 642 555 virgine
666 482 941 538 decorosa
957 482 1014 536 te
1034 480 1228 553 palma
1247 475 1505 532 laudare.
1532 470 1749 527 Etideo
1771 485 1875 542 pro
1900 485 2052 524 mar-
2073 473 2132 550 Α
2153 464 2505 523 conditionis
2543 467 2754 521 nostrae
2802 463 2993 519 infusa
3028 460 3251 517 virtutis
3298 464 3411 518 tua
3443 460 3800 536 dignatione

421 582 549 651 tyre
573 580 671 632 tua
686 578 765 632 ill.
789 577 875 631 vel
902 574 1122 645 virgine
1149 572 1423 626 decorosa
1446 566 1683 622 honoris
1711 562 2052 635 obsequium

424 673 836 746 persolventes,
882 668 1164 741 supplices
1218 661 1538 719 clementiae
1587 664 1698 715 tuae
1758 657 2053 713 fundimus

425 783 646 840 preces,
676 767 952 835 rogantes
972 764 1033 815 ut
1049 777 1154 815 nos
1175 757 1442 812 exaudire
1467 754 1741 825 digneris,
1770 756 1823 807 et
1848 752 1906 807 in
1930 768 2054 806 san-

427 864 532 917 ctae
572 860 651 914 ill.
690 855 1071 912 sollemnitate
1101 851 1373 917 ltetiﬁces,
1408 866 1522 920 quo
1550 851 1747 903 sancta
1784 847 1861 901 ill.
1892 846 2052 916 virgo

427 955 566 1011 dum
608 954 889 1008 humanas
936 946 1163 1018 miptias
1192 943 1446 1015 tempsit,
1479 958 1750 1015 sponsum
1789 940 1915 1007 sibi,
1957 940 2053 1011 qui

424 1050 736 1121 perpetuus
778 1040 1226 1097 immortalitatis
1262 1038 1502 1110 praemio
1549 1040 1717 1101 esset,
1756 1033 2051 1105 adjunxit:

424 1141 514 1197 cui
540 1136 913 1195 confessionis
938 1133 1272 1188 testimonio
1301 1149 1359 1185 se
1377 1128 1554 1201 elegit
1581 1128 1880 1200 sanguinis
1899 1143 2052 1182 mar-

420 1233 570 1306 tyrio
601 1245 957 1295 consecrare,
988 1229 1050 1281 ut
1080 1225 1374 1297 virginalis
1400 1222 1700 1293 integritas
1731 1238 1799 1276 eo
1826 1223 1976 1275 esset
1994 1220 2052 1274 in

424 1342 635 1399 sponsa
683 1322 1031 1396 praeclarior,
1077 1325 1205 1390 quae
1239 1316 1537 1388 sanguinis
1578 1332 1743 1370 rosea
1784 1314 2057 1367 diadema

424 1420 695 1476 micabat.
726 1420 788 1472 In
816 1415 987 1487 hujus
1009 1429 1147 1483 ergo
1173 1412 1284 1467 tale
1308 1410 1624 1482 gloriosum
1641 1412 1939 1463 certamen
1964 1424 2057 1460 vo-

422 1517 618 1570 torum
644 1512 745 1567 tibi
774 1509 991 1565 hostias
1015 1507 1409 1572 immolamus,
1434 1503 1634 1559 laudes
1663 1502 1764 1557 tibi
1797 1518 1924 1555 cum
1953 1517 2053 1555 an~

427 1607 569 1680 gelis
590 1606 957 1662 conclamant
982 1601 1238 1656 dicentes
1267 1617 1280 1654 :
1310 1600 1570 1654 Sanctus.

639 1720 1026 1764 COLLECTIONES
1066 1721 1116 1759 IN
1158 1716 1511 1758 DEDICATIONE
1549 1714 1833 1755 ECCLESLE.

542 1800 718 1852 Lectio
742 1801 861 1862 post
884 1795 1210 1867 praphetiam
1241 1794 1295 1843 in
1323 1791 1649 1843 dedicatione
1677 1789 1944 1841 Ecclesia.

494 1856 842 1951 Benedicite,
876 1856 1026 1937 Deus
1056 1883 1250 1935 sancte
1278 1879 1451 1933 Israel
1486 1877 1583 1948 qui
1617 1876 1906 1931 caelestem
1932 1874 2056 1928 Hie-
2077 1856 2134 1928 B

420 1980 672 2036 rusalem
698 1976 931 2032 cottidie
962 1974 1278 2045 multiplice
1321 1972 1567 2027 aedificas
1603 1968 2055 2040 congregatione

421 2076 772 2137 sanctorum,
806 2070 1024 2141 respice
1053 2085 1224 2140 super
1245 2067 1483 2121 domum
1510 2064 1679 2129 hanc,
1709 2062 1869 2133 cujus
1891 2065 2055 2115 nata-

420 2167 488 2222 lis
518 2168 605 2221 est
634 2163 827 2231 hodie,
860 2180 987 2235 qua
1010 2162 1067 2216 in
1098 2162 1322 2216 honore
1353 2161 1677 2228 martyrum
1707 2160 1937 2210 tuorum
1974 2155 2054 2208 ill.

420 2264 653 2321 condita
672 2264 776 2329 est,
800 2264 857 2316 et
874 2263 1102 2332 praesta,
1137 2262 1199 2313 ut
1228 2275 1432 2314 omnes
1456 2257 1789 2310 invocantes
1819 2258 1874 2308 te
1909 2254 1967 2308 in
1990 2271 2059 2308 ea

419 2357 720 2413 inveniant
746 2356 1012 2421 salutem,
1042 2352 1258 2407 infirmi
1281 2349 1651 2415 medicinam,
1671 2346 1952 2402 vulnerati
1977 2364 2059 2401 re-

421 2449 702 2515 medium,
734 2450 1043 2503 macrentes
1077 2445 1373 2517 gaudium,
1408 2443 1660 2497 reditum
1694 2441 1921 2513 captivi,
1948 2458 2059 2512 pte-

420 2543 671 2599 nitentes
698 2540 1143 2611 indulgentiam,
1181 2538 1263 2592 rei
1305 2537 1558 2601 veniam,
1611 2534 1781 2590 vincti
1819 2536 2057 2589 solutio-

422 2654 578 2703 nem,
594 2637 841 2709 orantes
869 2632 1221 2705 praesidium.

969 2737 1100 2785 Item
1126 2733 1225 2784 alia
1251 2732 1504 2797 ejusdem.

490 2823 779 2879 Ascendat
817 2820 1003 2876 oratio
1035 2822 1231 2874 nostra
1269 2834 1373 2889 per
1407 2834 1614 2872 manus
1651 2815 1830 2871 sancti
1865 2815 2057 2887 angeli

424 2919 508 2973 tui
553 2918 626 2973 ad
659 2915 916 2971 divinum
951 2914 1131 2968 altare
1169 2916 1352 2977 tuum,
1395 2910 1658 2975 Domine,
1708 2927 1839 2964 cum
1882 2909 2059 2964 odore

424 3008 715 3067 suavitatis
741 3012 874 3075 tua},
907 3006 1361 3062 commendante
1385 3004 1661 3059 advocato
1692 3002 1934 3058 Domino
1965 3020 2062 3057 no-

422 3106 540 3159 stro
566 3105 697 3159 Jesu
727 3102 972 3167 Christo,
1002 3117 1132 3154 cum
1165 3115 1278 3171 quo
1308 3098 1413 3152 tibi
1440 3101 1526 3152 est
1551 3098 1878 3168 imperium,
1905 3099 2063 3167 pote-

424 3200 559 3263 stas,
584 3197 791 3260 honor,
834 3196 977 3260 laus,
1008 3193 1302 3263 majestas,
1341 3190 1547 3261 gloria,
1590 3190 1900 3256 aaternitas,
1930 3206 2060 3244 cum

425 3290 642 3360 Spiritu
668 3290 865 3342 sancto
898 3287 955 3340 in
989 3287 1196 3340 saecula
1234 3285 1593 3339 saeculorum.

942 3404 1099 3444 MISSA
1139 3404 1243 3443 PRO
1283 3401 1542 3443 .EGROTIS.

570 3480 803 3544 Epistola
822 3479 1004 3530 Jacobi
1028 3478 1250 3544 apostoli
1273 3478 1338 3529 ad
1365 3480 1546 3542 gentes
1565 3491 1659 3541 pro
1684 3476 1919 3528 inﬁrmis.

499 3568 743 3633 Fratres,
766 3566 1095 3620 infirmatur
1120 3564 1325 3636 aliquis
1356 3564 1413 3617 in
1439 3563 1643 3618 vobis?
1679 3563 1912 3617 inducat
1933 3578 2060 3633 pre-

428 3657 689 3728 sbyteros
728 3655 1014 3722 Ecclesiae,
1050 3657 1105 3708 et
1149 3656 1319 3708 orent
1356 3669 1529 3723 super
1559 3653 1734 3707 eum?
1783 3654 2066 3723 ungentes

427 3767 559 3805 cum
587 3751 714 3805 oleo
742 3749 801 3803 in
834 3748 1072 3803 nomine
1103 3747 1333 3801 Domini
1362 3764 1375 3813 ;
1412 3749 1469 3800 et
1498 3747 1682 3801 oratio
1718 3746 1852 3800 ﬁdei
1883 3747 2066 3800 salva-

428 3844 515 3900 bit
536 3844 852 3909 infirmum,
887 3845 945 3896 et
977 3841 1248 3896 allevabit
1275 3857 1409 3895 eum
1453 3841 1769 3905 Dominus;
1817 3844 1876 3893 et
1920 3839 1967 3893 si
2004 3838 2064 3893 in

427 3937 678 4011 peccatis
704 3935 796 4002 sit,
827 3934 1151 3990 dimittetur
1186 3935 1258 3989 ei.
1306 3933 1674 3989 Conﬁtemini
1725 3934 2065 3987 alterutrum

428 4032 664 4103 peccata
689 4030 899 4094 vestra,
934 4031 992 4081 et
1022 4030 1181 4082 orate
1212 4044 1315 4099 pro
1342 4027 1610 4093 invicem,
1642 4030 1698 4081 et
1743 4024 2063 4081 salvemini.

430 4123 667 4179 Multum
700 4120 860 4175 enim
885 4120 1037 4174 valet
1066 4120 1396 4190 deprecatio
1418 4119 1560 4190 justi
1589 4119 1848 4173 adsidua.
1880 4118 2068 4172 Helias

435 4217 560 4270 erat
584 4215 762 4269 homo
784 4212 985 4266 similis
1007 4212 1172 4266 nobis
1192 4212 1493 4283 passibilis,
1515 4216 1573 4266 et
1599 4212 1861 4267 oratione
1889 4211 2071 4265 oravit

434 4311 495 4363 ut
522 4324 638 4362 non
666 4307 894 4378 plueret
936 4321 1108 4376 super
1146 4307 1361 4359 terram
1395 4321 1407 4359 :
1439 4308 1497 4358 et
1536 4321 1651 4359 non
1697 4304 1843 4375 pluit
1884 4320 2069 4357 annos

435 4405 551 4455 tres
579 4403 637 4455 et
652 4415 881 4455 menses
899 4415 1014 4453 sex.
1035 4399 1102 4452 Et
1122 4414 1351 4452 rursum
1369 4397 1571 4465 oravit,
1596 4399 1654 4451 et
1678 4398 1881 4452 caelum
1912 4396 2071 4451 dedit

434 4494 706 4567 pluviam,
739 4495 797 4547 et
824 4494 977 4547 terra
1009 4491 1171 4546 dedit
1199 4492 1449 4545 fructum
1477 4507 1662 4545 suum.

643 4593 819 4645 Lectio
844 4592 1013 4644 sancti
1036 4591 1305 4657 Evangelii
1328 4591 1619 4643 secundum
1646 4593 1856 4642 Lucam.

508 4682 570 4735 In
592 4684 857 4751 tempore
886 4679 983 4735 illo
1014 4678 1292 4735 Dominus
1324 4679 1519 4733 noster
1535 4679 1696 4733 Jesus
1717 4677 1970 4733 Christus
1989 4677 2072 4731 in-

435 4772 632 4828 troivit
657 4773 716 4826 in
741 4772 980 4827 domum
1007 4771 1161 4827 Petri
1185 4788 1198 4825 :
1225 4787 1419 4827 socrus
1436 4773 1630 4825 autem
1648 4770 1899 4826 Simonis
1917 4773 2072 4825 tene-

435 4867 610 4922 batur
635 4865 863 4936 magnis
889 4865 1143 4919 febrilus.
1174 4866 1242 4919 Et
1271 4867 1622 4935 rogaverunt
1650 4863 1815 4918 illum
1848 4880 1953 4935 pro
1980 4880 2068 4918 ea.

437 4961 506 5015 Et
539 4960 698 5013 stans
744 4974 917 5029 super
955 4958 1137 5025 illam,
1178 4957 1484 5029 imperavit
1538 4956 1705 5024 febri,
1752 4960 1811 5012 et
1858 4956 2075 5016 dimisit

434 5053 618 5108 illam.
648 5052 716 5105 Et
745 5050 1020 5105 continuo
1062 5068 1323 5122 surgens,
1352 5049 1721 5105 ministrabat
1759 5050 1887 5105 illis.
1927 5050 2071 5106 Cum

435 5147 519 5200 sol
546 5147 740 5200 autem
773 5144 1092 5213 occidisset,
1126 5160 1330 5201 omnes
1357 5143 1456 5215 qui
1490 5144 1787 5199 habebant
1810 5143 2073 5198 inﬁrmos

433 5238 607 5294 variis
650 5238 1046 5310 languoribus,
1086 5237 1377 5292 ducebant
1411 5236 1539 5292 illos
1573 5236 1646 5291 ad
1679 5254 1833 5293 eum.
1865 5240 1939 5292 At
1976 5236 2071 5292 ille

439 5331 680 5403 singulis
705 5347 915 5387 manus
944 5331 1366 5402 imponens.....

1045 5458 1244 5499 INCIPIT
1282 5457 1459 5499 MISSA.

510 5536 891 5607 Omnipotens
940 5536 1292 5609 sempiterno
1342 5537 1512 5604 Deus,
1555 5535 1655 5607 qui
1699 5535 2071 5607 fragilitatem

504 5669 528 5699 '
553 5670 653 5725 Hic
678 5669 872 5742 deficit
891 5671 1109 5727 Missale
1136 5669 1462 5742 Gothicum,
1498 5671 1555 5742 in
1588 5687 1701 5741 quo
1730 5672 1862 5742 post
1899 5669 2067 5742 Com-

438 5758 613 5796 mune
659 5741 1052 5796 confessorum
1100 5745 1159 5797 et
1196 5741 1433 5795 missam
1481 5741 1551 5795 de
1592 5740 1790 5797 sancto
1827 5740 2069 5797 Martino

436 5814 755 5881 sequuntur
788 5827 884 5865 sex
919 5812 1107 5866 missae
1139 5811 1550 5877 dominicales;
1596 5815 1715 5867 tum
1756 5815 1921 5869 missa
1959 5815 2065 5868 Ro-

437 5882 631 5935 mmsis
653 5881 975 5947 cottidiana,
1007 5897 1132 5953 qua:
1155 5882 1357 5961 mutila
1383 5885 1486 5936 est.

2152 562 2480 627 conﬁrmas,
2510 564 2573 614 ut
2602 558 2943 615 salutaribus
2970 558 3243 613 remediis
3263 556 3493 628 pietatis
3522 561 3638 612 tuae
3667 572 3802 613 cor-

2154 674 2295 729 pora
2322 658 2517 709 nostra
2544 657 2603 707 et
2630 654 2897 707 membra
2922 656 3283 722 vegetentur,
3308 669 3478 723 super
3504 652 3800 706 famulum

2152 754 2314 805 tuum
2364 749 2441 803 ill.
2476 747 2759 820 propitius
2804 745 3061 814 intende,
3112 750 3175 799 ut
3228 746 3388 801 omni
3446 743 3799 799 necessitate

2154 860 2447 916 corporea:
2468 840 2820 896 inﬁrmitatis
2859 842 3103 907 exclusa,
3130 840 3318 911 gratia
3342 840 3398 895 in
3433 856 3567 895 eum
3596 836 3796 912 pristi-

2156 955 2244 994 nae
2275 935 2535 992 sanitatis
2563 936 2819 1007 perfecta
2841 938 3159 1006 reparetur.
3194 935 3318 991 Per.

2227 1101 2511 1155 Virtutum
2539 1024 3174 1168 ccelestiunfcgtsrfqui
3200 1098 3273 1152 ab
3294 1096 3565 1151 humanis
3592 1112 3803 1167 corpo-

2155 1195 2314 1250 ribus
2354 1209 2590 1249 omnem
2646 1194 2987 1262 languorem
3019 1193 3078 1245 et
3108 1206 3340 1245 omnem
3390 1189 3797 1245 inﬁmitatem

2157 1287 2426 1361 praecepti
2458 1287 2544 1341 tui
2581 1289 2863 1357 potestate
2896 1284 3151 1355 depellis,
3180 1285 3377 1339 adesto
3407 1284 3693 1355 propitius
3714 1284 3801 1337 fa-

2156 1384 2313 1437 mqu
2360 1385 2458 1435 tuo
2498 1380 2600 1445 il|.,
2638 1382 2701 1433 ut
2741 1377 2954 1449 fugatis
2998 1378 3447 1445 inﬁrmitatibus,
3492 1380 3549 1431 et
3577 1377 3797 1431 viribus

2157 1474 2456 1546 reparatis,
2474 1471 2695 1527 nomini
2718 1474 2914 1526 sancto
2941 1475 3039 1526 tuo
3070 1472 3383 1526 instaurata
3408 1470 3671 1542 protinus
3701 1487 3823 1537 δεμ,

2162 1569 2338 1624 nitate
2357 1567 2679 1622 benedicat.

2777 1638 2898 1687 Post
2932 1636 3160 1686 nomina.

2228 1712 2441 1766 Adesto
2459 1708 2966 1781 supplicationibus
2986 1708 3214 1775 nostris,
3230 1709 3599 1781 omnipotens
3619 1710 3794 1775 Deus,

2162 1809 2219 1859 et
2240 1806 2387 1859 hanc
2422 1804 2775 1858 oblationem
2806 1819 2910 1874 pro
2937 1801 3332 1857 incolomitate
3362 1803 3563 1857 famuli
3596 1803 3681 1857 tui
3710 1802 3793 1857 ill.

2160 1899 2412 1953 oblatam
2445 1897 2827 1962 sanctificans,
2853 1899 2914 1949 tu
2943 1895 3039 1966 qui
3062 1912 3123 1950 es
3144 1896 3414 1950 humana:
3465 1895 3797 1967 fragilitatis

2158 1992 2450 2063 singulare
2482 1989 2835 2061 praesidium,
2865 1989 3057 2043 auxilii
3104 1989 3187 2043 tui
3214 1990 3453 2043 ostende
3478 1989 3750 2043 virtutem
3776 2009 3790 2057 ;

2159 2090 2221 2139 ut
2245 2102 2355 2156 ope
2387 2083 2797 2139 misericordia
2822 2087 2935 2137 tua;
2958 2083 3206 2153 adjutus,
3236 2083 3311 2137 ad
3337 2083 3537 2138 omnia
3576 2083 3786 2138 sanita-

2160 2179 2231 2233 tis
2250 2181 2552 2250 reparetur
2577 2177 2784 2232 officia.

2816 2247 2892 2297 Ad
2932 2260 3136 2311 pacem.

2233 2320 2542 2389 Sacrificia,
2598 2320 2862 2387 Domine,
2905 2319 3007 2374 tibi
3045 2335 3177 2373 cum
3215 2319 3477 2375 Ecclesiae
3529 2320 3793 2392 precibus

2161 2415 2541 2481 immolanda,
2568 2430 2914 2486 quaesumus,
2949 2413 3124 2468 corda
3153 2416 3349 2468 nostra
3385 2413 3710 2485 puriﬁcent,
3737 2418 3792 2467 et

2162 2508 2537 2579 indulgentiae
2567 2510 2679 2561 tum
2706 2506 2869 2561 nobis
2894 2507 3049 2561 dona
3078 2506 3386 2562 concilient
3404 2511 3462 2562 et
3492 2507 3563 2562 de
3591 2507 3791 2563 adver-

2163 2598 2237 2651 sis
2264 2613 2539 2669 prospera
2564 2595 2775 2650 sentire
2808 2595 3039 2650 faciant.

2804 2684 3140 2735 Contestatio.

2233 2767 2375 2820 Vere
2408 2766 2649 2837 dignum
2678 2769 2735 2819 et
2748 2766 2968 2836 justum
3000 2769 3104 2833 est,
3143 2768 3509 2838 omnipotens
3540 2770 3710 2835 Deus,
3741 2775 3796 2823 te

2163 2859 2473 2915 Dominum
2502 2859 2676 2913 totius
2692 2858 3101 2914 misericordiae
3120 2860 3178 2914 in
3204 2861 3799 2918 necessitatibusinvo-

2163 2970 2312 3017 care,
2347 2952 2444 3023 qui
2474 2952 2794 3007 dominaris
2822 2952 2951 3006 vitm
2986 2957 3044 3007 et
3082 2954 3277 3019 morti,
3307 2954 3402 3025 qui
3434 2971 3494 3008 es
3540 2955 3798 3009 medicus

2164 3046 2510 3101 animarum.
2546 3046 2921 3101 Sanctiﬁcans
2946 3064 3084 3118 ergo
3123 3048 3272 3101 hanc
3308 3047 3665 3102 oblationem
3693 3066 3798 3119 pro

2162 3139 2557 3195 incolomitate
2588 3139 2787 3193 famuli
2819 3139 2902 3193 tui
2940 3140 3022 3194 ill.
3051 3140 3328 3207 oblatam,
3362 3157 3714 3210 quaesumus,
3739 3147 3801 3197 ut

2084 3229 2138 3301 C
2164 3232 2438 3303 respicias
2454 3231 2733 3303 propitius
2747 3231 2817 3285 de
2830 3234 3155 3303 praeparato
3173 3232 3501 3288 habitacula
3516 3237 3614 3288 tuo
3629 3252 3803 3306 super

2165 3343 2319 3393 eum,
2367 3325 2465 3396 qui
2496 3324 2719 3379 diversa
2749 3325 3091 3396 aegritudine
3120 3326 3467 3393 continetur,
3510 3331 3570 3381 et
3607 3328 3800 3383 visites

2167 3432 2297 3470 eum
2326 3415 2650 3470 visitatione
2670 3419 2768 3470 tua
2783 3416 3013 3481 caelesti,
3040 3415 3183 3470 sicut
3196 3415 3423 3471 visitare
3447 3416 3721 3488 dignatus
3743 3435 3802 3472 es

2166 3525 2391 3564 socrum
2425 3508 2595 3575 Petri,
2624 3526 2867 3579 puerum
2898 3508 3281 3576 Centurionis,
3302 3513 3358 3563 et
3379 3509 3611 3565 Sarram
3631 3511 3805 3565 ancil-

2166 3603 2282 3656 lam
2303 3603 2689 3656 tuam.Alleva
2701 3618 2854 3668 eum,
2870 3602 3132 3669 Domine,
3156 3602 3227 3657 de
3255 3605 3432 3657 strato
3456 3602 3674 3658 doloris
3693 3605 3798 3671 sui,

2171 3699 2231 3749 ut
2244 3696 2428 3749 salvus
2446 3699 2618 3765 atque
2632 3695 2933 3749 incolomis
2950 3695 3007 3749 in
3017 3695 3263 3749 Ecclesia
3279 3695 3381 3749 tibi
3396 3713 3493 3771 ore
3508 3696 3686 3750 David
3714 3697 3798 3751 di-

2168 3776 2296 3843 cere
2310 3788 2487 3860 possit
2501 3788 2820 3859 :Castigans
2833 3788 3127 3858 castigavit
3138 3806 3231 3842 me
3245 3789 3540 3855 Dominus,
3556 3793 3613 3843 et
3624 3791 3801 3844 morti

2169 3899 2285 3937 non
2316 3880 2554 3936 tradidit
2578 3898 2693 3948 me,
2728 3898 2831 3953 per
2853 3881 3142 3937 Christum
3173 3882 3481 3937 Dominum
3516 3886 3797 3938 nostrum.

2652 3986 2809 4026 MISSA
2848 3987 2900 4024 ΙΝ
2940 3985 3224 4026 DEDICATIO
3232 3987 3315 4027 NE.

2171 4051 2343 4101 Lectio
2368 4050 2487 4100 libri
2514 4050 2729 4100 Genesis
2776 4049 2997 4113 legenda
3028 4049 3080 4099 in
3110 4050 3443 4100 Dedicatione
3469 4050 3755 4102 Ecclesiae!)
3787 4088 3799 4100 .

2238 4134 2519 4202 Tempore
2542 4131 2658 4197 illo,
2691 4148 2953 4202 egressus
2969 4131 3143 4186 Iacob
3172 4131 3242 4185 de
3266 4132 3566 4199 Bersabee,
3596 4149 3800 4204 perge-

2170 4225 2268 4278 bat
2297 4227 2489 4279 Aram.
2513 4226 2772 4296 Cumque
2802 4225 3050 4279 venisset
3073 4224 3145 4278 ad
3168 4226 3483 4295 quemdam
3514 4228 3727 4293 locum,
3747 4230 3803 4281 et

2171 4319 2342 4372 vellet
2375 4318 2430 4372 in
2463 4335 2532 4372 eo
2563 4318 2925 4390 requiescere
2953 4322 3082 4389 post
3116 4318 3250 4372 solis
3292 4318 3642 4385 occubitum,
3676 4320 3803 4374 tulit

2172 4410 2242 4466 de
2264 4411 2570 4482 lapidibus,
2604 4429 2747 4483 quos
2768 4413 3098 4483 subponens
3125 4411 3301 4482 capiti
3319 4429 3421 4467 suo
3448 4412 3724 4467 dormivit
3746 4413 3800 4467 in

2171 4505 2379 4560 eodem
2402 4506 2562 4569 loco;
2593 4505 2847 4576 viditque
2870 4506 2929 4561 in
2952 4505 3169 4560 somnis
3191 4507 3407 4560 scalam
3432 4508 3687 4560 stantem
3710 4523 3801 4560 su-

2090 4591 2150 4663 D
2174 4615 2277 4670 per
2300 4603 2534 4665 terram,
2559 4602 2617 4653 et
2641 4614 2917 4653 cacumen
2951 4599 3073 4669 ejus
3104 4602 3351 4669 tangens
3371 4588 3596 4665 caelum,
3616 4602 3676 4653 et
3702 4617 3801 4654 an-

2175 4693 2333 4763 gelos
2362 4709 2592 4763 quoque
2616 4691 2715 4746 Dei
2740 4692 3118 4747 ascendentes
3166 4695 3225 4745 et
3258 4692 3678 4747 descendentes
3704 4710 3805 4764 per

2174 4802 2323 4853 eam,
2352 4788 2410 4839 et
2434 4785 2741 4839 Dominum
2763 4784 3021 4839 innixum
3043 4787 3209 4840 scala:
3226 4785 3516 4839 dicentem
3534 4785 3641 4840 sibi
3657 4803 3669 4840 :
3685 4787 3801 4856 Ego

2174 4894 2300 4932 sum
2348 4878 2626 4934 Dominus
2672 4879 2821 4932 Deus
2845 4878 3139 4934 Abraham
3184 4879 3364 4950 patris
3408 4879 3511 4945 tui,
3554 4882 3613 4933 et
3655 4879 3804 4934 Deus

2173 4974 2347 5027 Isaac.
2384 4974 2618 5026 Terram
2656 4972 2714 5025 in
2751 4988 2866 5042 qua
2901 4972 3141 5041 dormis,
3182 4973 3284 5027 tibi
3323 4973 3474 5028 dabo
3512 4975 3569 5025 et
3595 4971 3801 5026 semini

2176 5068 2273 5120 tuo
2304 5082 2316 5119 :
2348 5066 2569 5135 eritque
2589 5080 2787 5119 semen
2811 5069 2971 5120 tuum
2995 5067 3155 5137 quasi
3178 5065 3360 5138 pulvis
3386 5070 3573 5121 terrae.
3590 5065 3803 5140 Dilata-

2172 5158 2327 5212 beris
2357 5157 2429 5212 ad
2453 5157 2811 5213 occidentem
2832 5162 2889 5213 et
2921 5159 3723 5231 orientem,septemtrionem
3749 5161 3804 5212 et

2174 5251 2509 5316 meridiem;
2536 5253 2594 5305 et
2622 5251 3041 5308 benedicentur
3067 5253 3126 5307 in
3147 5256 3201 5306 te
3224 5256 3281 5307 et
3303 5253 3526 5308 semine
3543 5256 3646 5308 tuo
3665 5269 3802 5307 cun-

2173 5349 2276 5399 ctze
2307 5345 2487 5399 tribus
2506 5348 2696 5413 terras,
2730 5349 2789 5400 et
2808 5363 2907 5402 ero
2934 5348 3123 5401 custos
3140 5349 3271 5400 tuus
3291 5362 3661 5417 quocumque
3683 5362 3805 5417 per-

2173 5438 2403 5493 rexeris.
2435 5440 2504 5493 Et
2527 5439 2802 5494 reducam
2830 5444 2888 5495 te
2918 5440 2979 5511 in
3011 5444 3222 5495 terram
3250 5439 3420 5506 hanc,
3456 5455 3561 5493 nec
3609 5439 3799 5494 dimit-

2173 5535 2292 5587 tam
2305 5532 2417 5587 nisi
2428 5534 2790 5605 complevero
2804 5532 3068 5588 universa
3081 5548 3208 5604 quae
3222 5530 3501 5587 dixi.Cum
3509 5547 3621 5603 que
3635 5531 3802 5602 evigi-

2243 5670 2270 5710 δ
2299 5671 2428 5725 Haec
2447 5670 2639 5725 Lectio
2668 5670 2809 5725 item
2830 5670 3153 5725 assignatur
3163 5668 3222 5724 in
3240 5667 3604 5723 Lectionario
3631 5669 3800 5723 Laxo-

2173 5739 2358 5813 viensi
2380 5757 2484 5813 pro
2517 5740 2902 5813 dedicatione,
2934 5738 3004 5797 de
3034 5754 3147 5813 qua
3179 5739 3441 5813 superius
3475 5738 3794 5813 assignatas.

2174 5814 2305 5865 sunt
2331 5811 2728 5867 Collectiones.
