4006 6228
153 362 243 411 533

769 357 1379 417 SACRAMENTARIUM
1416 361 1862 465 GALL‘ICANUM.
1906 392 1972 403 -—
2012 367 2378 427 LECTIONES
2413 374 2863 442 QUOTlDlAN/E.

3398 380 3503 439 534

151 467 301 526 lasset
330 462 499 524 Iacob
540 464 613 525 de
651 481 874 538 somno,
925 468 1006 525 ait
1035 484 1050 525 :
1096 468 1239 526 Vere
1276 467 1547 527 Dominus
1582 462 1665 527 est
1708 470 1767 528 in
1788 472 2011 556 Adixit
2032 477 2184 548 deos,
2213 478 2286 535 ad
2305 495 2447 553 quos
2474 497 2661 539 sermo
2694 483 2791 540 Dei
2813 483 2994 540 factus
3021 489 3126 556 est,
3167 489 3225 543 et
3246 502 3363 544 non
3393 503 3499 561 po-

150 563 254 619 loco
279 561 404 629 isto,
436 566 494 618 et
518 578 631 635 ego
664 561 1001 619 nesciebam.
1032 564 1354 635 Pavensque
1383 580 1397 619 :
1442 565 1624 629 Quam
1649 569 1765 622 ter-

153 656 330 725 ribilis,
358 655 571 729 inquit,
603 662 686 713 est
718 657 877 713 locus
918 656 1050 714 iste!
1078 673 1194 714 non
1223 662 1307 714 est
1328 656 1434 726 jhic
1462 658 1636 727 aliud,
1665 659 1777 717 nisi

151 752 331 807 domus
371 749 473 804 Dei
516 754 576 806 et
620 756 783 822 porta
824 750 967 807 cazli.
1005 751 1255 823 Surgens
1283 767 1421 823 ergo
1449 768 1618 808 mane
1642 753 1777 809 tulit

151 844 396 916 lapidem,
427 860 608 915 quem
637 849 1015 917 supposuerat
1040 844 1210 918 capiti
1251 861 1375 915 suo,
1414 849 1473 901 et
1509 845 1689 901 erexit
1714 846 1774 901 in

150 937 377 1005 titulum,
405 936 659 993 fundens
686 940 875 995 oleum
913 940 1184 1011 desuper;
1223 939 1639 1012 appellavitque
1667 957 1771 996 no-

150 1048 267 1087 men
294 1030 447 1085 urbis
486 1032 703 1101 Bethel,
742 1049 869 1105 quae
894 1033 1052 1104 prius
1094 1033 1239 1087 Luza
1265 1033 1588 1089 vocabatur.
1616 1035 1776 1090 Vovit

151 1125 304 1181 etiam
330 1128 528 1180 votum
554 1125 749 1181 dicens
778 1143 792 1180 :
821 1126 878 1182 Si
898 1126 1073 1182 fuerit
1091 1128 1237 1182 Deus
1257 1131 1576 1196 mecum,et
1589 1132 1774 1183 custo-

151 1218 298 1276 dierit
321 1235 413 1274 me
438 1219 499 1274 in
527 1220 619 1275 via
644 1237 760 1293 qua
785 1220 1012 1276 ambulo
1036 1263 1049 1288 ,
1079 1225 1134 1275 et
1159 1220 1378 1276 dederit
1396 1221 1539 1275 mihi
1565 1237 1773 1293 panem

151 1313 210 1368 ad
232 1313 595 1384 vescendum,
627 1319 685 1369 et
711 1319 922 1370 vestem
957 1315 1026 1369 ad
1064 1315 1437 1382 induendum,
1484 1330 1773 1371 reversus-

150 1423 246 1479 que
270 1407 428 1463 fuero
450 1424 725 1480 prospere
755 1408 824 1463 ad
853 1409 1086 1463 domum
1115 1409 1292 1481 patris
1317 1408 1460 1477 mei;
1496 1410 1605 1464 erit
1630 1409 1773 1464 mihi

149 1501 399 1555 Dominus
433 1501 494 1556 in
521 1503 721 1571 Deum,
754 1507 810 1557 et
836 1502 980 1574 lapis
1012 1503 1135 1571 iste,
1170 1519 1342 1574 quem
1363 1503 1517 1559 erexi
1541 1504 1603 1559 in
1630 1504 1771 1558 titu-

148 1596 272 1661 lum,
292 1594 589 1649 vocabitur
613 1595 814 1650 domus
844 1596 975 1663 Dei;
1009 1600 1065 1651 et
1089 1600 1423 1653 cunctorum
1438 1613 1568 1670 quae
1600 1596 1770 1653 dede-

148 1688 213 1742 ris
238 1688 394 1752 mihi,
427 1688 678 1744 decimas
705 1689 938 1744 offeram
964 1689 1085 1744 tibi.

394 1790 632 1855 Epistola
655 1792 799 1841 Pauli
832 1791 1052 1855 apostoli
1084 1790 1150 1842 ad
1176 1791 1488 1842 Corinthios.

1874 576 1983 628 test
2018 572 2155 627 solvi
2180 573 2486 646 Scriptura,
2509 593 2682 648 quem
2709 580 2873 634 Pater
2897 580 3265 638 sanctiﬁcavit
3281 586 3337 639 et
3354 582 3506 639 misit

1874 666 1935 721 in
1961 667 2262 737 mundum,
2291 685 2388 724 vos
2411 670 2616 737 dicitis,
2645 672 2780 744 quia
2793 672 3172 744 blasphemas,
3196 676 3328 747 quia
3348 677 3499 733 dixi:

1876 760 2049 815 Filius
2078 762 2173 817 Dei
2199 764 2368 819 sum?
2396 764 2453 819 Si
2478 781 2594 821 non
2617 765 2761 821 facio
2786 783 2959 838 opera
2977 769 3155 824 Patris
3176 769 3308 837 mei,
3330 771 3505 827 nolite

1873 854 2104 910 credere
2129 855 2304 923 mihi;
2331 858 2597 915 siautem
2631 859 2794 928 facio,
2824 865 2880 915 et
2906 862 2955 916 si
2990 862 3134 917 mihi
3177 879 3293 918 non
3335 864 3503 919 vultis

1873 948 2121 1018 credere,
2143 950 2408 1021 operibus
2431 953 2641 1008 credite
2671 971 2683 1007 :
2712 958 2777 1009 ut
2801 956 3148 1026 cognoscatis
3166 960 3223 1013 et
3242 957 3501 1027 credatis,

1873 1040 2009 1112 quia
2034 1041 2093 1096 in
2121 1058 2212 1099 me
2241 1048 2322 1099 est
2348 1046 2530 1111 Pater,
2563 1050 2619 1101 et
2642 1063 2749 1117 ego
2770 1048 2831 1102 in
2854 1049 3037 1105 Patre.

2484 1155 2682 1196 INCIPIT
2720 1158 2893 1198 IISSA.

1945 1226 2125 1281 Deum
2140 1226 2240 1298 qui
2254 1227 2599 1299 templorum
2618 1230 2866 1286 condidit
2882 1239 3231 1303 ornamenta,
3244 1235 3344 1307 qui
3360 1252 3508 1292 mar-

1872 1319 2091 1389 tyribus
2114 1320 2230 1374 suis
2256 1325 2428 1393 anne
2455 1323 2866 1379 confessoribus
2884 1341 3040 1380 sacra
3068 1327 3344 1384 dedicavit
3361 1331 3503 1386 alta-

1874 1412 1978 1483 ria,
2007 1412 2208 1469 fratres
2236 1413 2602 1484 dilectissimi,
2640 1416 2842 1473 affectu
2868 1418 3122 1489 piissimo
3146 1437 3501 1493 veneremur,

1871 1531 2054 1587 prona
2075 1516 2397 1571 humilitate
2428 1523 2722 1589 poscentes
2751 1524 2845 1575 :ut
2867 1522 3098 1593 templa,
3133 1539 3260 1594 quas
3286 1525 3508 1580 nomini

1872 1625 1974 1663 suo
2002 1608 2255 1665 dedicata
2280 1616 2448 1680 sunt,
2478 1628 2717 1667 munere
2753 1612 2991 1684 spiritali
3016 1630 3272 1686 respersa
3298 1618 3507 1673 nostris

1872 1700 2088 1756 artibus
2114 1702 2469 1773 inserantur;
2506 1708 2573 1759 ut
2612 1704 2750 1760 dum
2797 1706 2948 1761 diem
2990 1706 3303 1762 festivitatis
3337 1710 3509 1781 hujus

1872 1794 2077 1849 annuis
2105 1797 2426 1851 recursibus
2454 1797 2824 1867 honoramus,
2870 1799 2977 1870 ipsi
3016 1801 3360 1871 templorum
3397 1819 3508 1858 cas-

208 1876 437 1943 Fmtl‘esy
459 1877 773 1932 θείειιῐηιιε
788 1877 1095 1948 adjutores:
1119 1877 1217 1932 θθί
1239 1894 1345 1949 881‘
1347 1877 1589 1932 ίουηανδ
1612 1876 1768 1946 est-15,
1791 1853 1849 1924 B
1872 1888 2101 1943 lestium
2142 1906 2306 1961 pares
2335 1890 2481 1945 effici
2523 1907 2868 1947 mereamur.
2899 1894 3202 1948 Precemur
3248 1895 3420 1950 etiam
3449 1900 3513 1952 ut

148 1969 234 2024 Dei
259 1969 548 2025 aediﬁcatio
567 1971 722 2026 estis.
744 1970 1065 2028 Secundum
1093 1970 1337 2043 gratiam
1363 1970 1464 2026 Dei
1488 1986 1615 2042 qua:
1640 1970 1773 2025 data

146 2068 219 2118 est
241 2063 396 2132 mihi,
427 2068 491 2119 ut
512 2064 740 2136 sapiens
760 2064 1101 2119 architectus
1126 2065 1563 2119 fundamentum
1583 2064 1769 2135 posui.

147 2156 282 2211 Alius
304 2161 492 2211 autem
535 2156 1000 2230 superasdiﬁcat':
1038 2156 1429 2230 unusquisque
1466 2160 1658 2212 autem
1686 2155 1768 2210 vi-

146 2250 259 2304 deat
302 2250 589 2321 quomodo
643 2250 1071 2322 superasdiﬁcet.
1114 2251 1572 2305 Fundamentum
1617 2249 1773 2305 enim

150 2342 283 2398 aliud
308 2359 475 2398 nemo
500 2348 689 2415 potest
728 2360 940 2415 ponere
975 2348 1186 2415 praeter
1223 2343 1302 2412 id,
1344 2344 1495 2415 quod
1525 2343 1771 2415 positum

148 2441 237 2504 est,
265 2437 413 2507 quod
441 2442 527 2491 est
567 2436 823 2491 Christus
856 2438 1033 2492 Jesus.
1084 2436 1140 2492 Si
1169 2436 1295 2508 quis
1335 2440 1527 2491 autem
1569 2452 1768 2509 super-

149 2529 363 2585 adificat
387 2547 561 2602 supra
590 2530 1052 2597 fundamentum,
1082 2546 1307 2596 aurum,
1336 2534 1663 2601 argentum,
1698 2529 1772 2584 la-

149 2623 289 2695 pides
312 2623 618 2696 pretiosos;
655 2623 839 2696 ligna,
868 2624 1117 2693 foenum,
1156 2622 1462 2695 stipulam;
1495 2622 1768 2677 uniuscu-

142 2718 327 2789 jusque
351 2736 491 2790 opus
520 2718 889 2773 manifestum
933 2719 1060 2774 erit.
1092 2717 1215 2773 Dies
1252 2718 1406 2773 enim
1442 2716 1769 2787 declarabit,

149 2811 268 2882 quia
307 2811 364 2866 in
404 2811 539 2883 igne
583 2812 945 2879 revelabitur,
993 2817 1049 2866 et
1097 2811 1545 2884 uniuscujusque
1582 2827 1767 2883 opus:

148 2905 296 2976 quale
320 2905 408 2971 sit,
436 2905 588 2977 ignis
620 2905 902 2977 probabit.
934 2905 989 2962 Si
1024 2905 1295 2976 cujusque
1325 2923 1465 2976 opus
1505 2903 1775 2959 manserit

149 2998 285 3069 quod
319 2998 806 3070 superardiﬁcavit,
837 2999 1159 3053 mercedem
1208 2998 1461 3070 accipiet.
1513 2998 1569 3053 Si
1611 2997 1774 3068 cujus

149 3107 275 3161 opus
287 3091 500 3159 arserit,
520 3091 929 3148 detrimentum
942 3092 1216 3164 patietur:
1237 3092 1358 3164 ipse
1379 3096 1569 3147 tamen
1588 3090 1774 3147 salvus

151 3184 261 3251 erit,
288 3184 363 3240 sic
393 3189 586 3242 tamen
624 3186 782 3258 quasi
815 3202 918 3257 per
956 3185 1172 3258 ignem.
1205 3185 1438 3240 Nescitis
1464 3184 1597 3256 quia
1624 3189 1770 3239 tem-

148 3277 292 3348 plum
311 3278 405 3333 Dei
423 3279 581 3349 estis,
600 3284 657 3335 et
675 3278 918 3352 Spiritus
936 3279 1031 3335 Dei
1048 3278 1339 3334 habitatin
1357 3278 1553 3333 vobis?
1568 3277 1626 3334 Si
1645 3278 1774 3350 quis

148 3375 321 3426 autem
348 3372 625 3444 templum
655 3372 753 3428 Dei
780 3372 1088 3441 violaverit,
1103 3372 1392 3444 disperdet
1411 3371 1573 3425 illum
1592 3371 1776 3426 Domi-

149 3480 261 3519 nus.
286 3466 584 3536 Templum
615 3465 770 3521 enim
787 3466 882 3521 Dei
903 3470 1161 3521 sanctum
1181 3469 1286 3533 est,
1318 3463 1469 3537 quod
1490 3464 1623 3520 estis
1652 3481 1771 3519 vos.

289 3566 455 3618 Lectio
479 3567 651 3617 sancti
682 3567 954 3633 Evangelii
991 3566 1282 3617 secundum
1305 3566 1616 3618 Johannem.

212 3652 403 3708 Diebus
426 3652 539 3709 illis
565 3653 712 3708 facta
748 3657 881 3708 sunt
917 3652 1167 3707 encaenia
1185 3652 1245 3707 in
1264 3650 1688 3722 Hierusolymis,
1718 3655 1774 3706 et

153 3744 318 3801 hiems
339 3751 469 3803 erat.
496 3749 568 3805 Et
591 3746 915 3801 ambulabat
937 3748 1096 3801 Jesus
1122 3746 1182 3799 in
1209 3745 1441 3817 templo,
1466 3745 1524 3799 in
1551 3744 1771 3816 porticu

152 3836 458 3897 Salomonis.
481 3839 994 3896 Circumdederunt
1025 3855 1162 3910 ergo
1201 3854 1334 3893 eum
1366 3837 1568 3905 Judaei,
1598 3842 1654 3892 et
1680 3837 1769 3891 di-

152 3930 332 3987 cebant
354 3934 406 3988 ei
433 3950 447 3987 :
488 3935 798 4004 Quousque
840 3933 1093 3987 animam
1122 3936 1371 3987 nostram
1410 3930 1598 3985 tollis?
1624 3930 1677 3985 Si
1708 3935 1770 3985 tu

151 4040 202 4079 es
223 4025 483 4096 Christus,
528 4027 617 4082 dic
664 4026 827 4082 nobis
871 4025 1078 4098 palam.
1118 4025 1431 4097 Respondit
1464 4023 1515 4079 ei
1557 4025 1715 4078 Jesus
1751 4040 1764 4078 :

150 4118 351 4189 Loquor
381 4120 560 4190 vobis,
590 4124 647 4175 et
672 4136 790 4175 non
820 4119 1065 4175 creditis.
1094 4120 1277 4189 Opera
1318 4134 1443 4189 qum
1482 4134 1588 4188 ego
1626 4117 1769 4170 facio

152 4210 202 4265 in
224 4212 440 4268 nomine
469 4214 651 4269 Patris
678 4212 812 4283 mei,
834 4214 957 4267 haec
971 4210 1359 4267 testimonium
1382 4210 1685 4282 perhibent
1699 4210 1768 4265 de

154 4325 250 4363 me.
280 4311 381 4366 Sed
412 4328 509 4367 vos
552 4327 672 4366 non
708 4310 955 4378 creditis,
994 4309 1128 4381 quia
1168 4326 1283 4364 non
1319 4309 1448 4378 estis
1475 4326 1545 4363 ex
1570 4308 1768 4362 ovibus

156 4403 300 4458 meis.
325 4405 460 4461 Oves
482 4422 629 4460 mea:
650 4420 849 4459 vocem
868 4419 1055 4459 meam
1079 4402 1339 4470 audiunt,
1362 4407 1419 4457 et
1438 4418 1545 4473 ego
1565 4418 1768 4473 cogno-

157 4510 237 4549 sco
271 4512 378 4566 eas,
421 4503 476 4554 et
524 4502 794 4553 secuntur
817 4513 929 4566 me,
961 4501 1017 4551 et
1041 4512 1148 4568 ego
1183 4495 1357 4551 vitam
1395 4499 1666 4550 aeternam
1692 4495 1765 4549 do

152 4587 247 4657 eis;
272 4594 326 4645 et
347 4606 459 4646 non
499 4591 769 4663 peribunt
808 4589 869 4644 in
913 4594 1211 4659 aeternum,
1257 4592 1315 4644 et
1339 4604 1457 4643 non
1488 4588 1638 4659 rapit
1675 4582 1844 4655 easD

152 4680 431 4755 quisquam
456 4685 528 4741 de
554 4684 889 4754 manujmea.
906 4684 1071 4738 Pater
1083 4698 1245 4738 meus
1260 4681 1412 4753 quod
1431 4681 1585 4737 dedit
1597 4681 1759 4751 mihi,

153 4774 320 4844 majus
347 4777 607 4833 omnibus
633 4781 735 4847 est,
777 4781 835 4832 et
858 4793 1028 4831 nemo
1056 4780 1240 4848 potest
1265 4790 1465 4847 rapere
1492 4775 1561 4830 de
1587 4791 1764 4829 manu

152 4866 309 4923 Patris
332 4871 462 4927 mei.
506 4873 623 4944 Ego
651 4874 711 4926 et
751 4872 914 4925 Pater
937 4886 1121 4925 unum
1150 4885 1366 4924 sumus.
1398 4869 1766 4924 Sustulerunt

153 4958 347 5030 lapides
367 4964 564 5031 Judazi,
597 4968 658 5018 ut
691 4963 1008 5035 lapidarent
1032 4979 1186 5018 eum.
1222 4961 1530 5034 Respondit
1562 4960 1644 5017 eis
1669 4962 1761 5016 Je-

153 5066 272 5107 sus:
300 5055 462 5111 Multa
487 5072 659 5128 opera
680 5057 831 5112 bona
861 5055 1080 5112 ostendi
1116 5054 1275 5110 vobis
1303 5070 1373 5109 ex
1398 5056 1562 5109 Patre
1589 5070 1718 5109 meo
1746 5070 1760 5108 :

134 5150 366 5217 propter
389 5150 540 5222 quod
573 5166 772 5206 eorum
809 5166 952 5222 opus
988 5164 1082 5205 me
1107 5147 1371 5221 lapidatis
1386 5148 1414 5204 Ῥ
1438 5148 1763 5219 Responde-

155 5242 276 5294 runt
297 5240 347 5295 ei
369 5242 578 5297 Judaei:
610 5243 688 5298 De
711 5243 863 5298 bono
888 5258 1062 5313 opere
1086 5258 1204 5297 non
1226 5240 1545 5313 lapidamus
1568 5244 1645 5310 te,
1667 5240 1764 5296 sed

156 5328 217 5385 de
238 5330 607 5406 blasphemia;
639 5339 697 5391 et
731 5335 869 5407 quia
905 5339 967 5390 tu
1009 5334 1187 5390 homo
1229 5351 1362 5390 cum
1403 5334 1498 5404 sis,
1545 5333 1680 5389 facis
1710 5336 1765 5389 te

157 5420 326 5492 ipsum
354 5428 546 5484 Deum.
578 5428 887 5500 Respondit
918 5428 999 5484 eis
1031 5429 1191 5484 Jesus
1216 5444 1229 5482 :
1264 5427 1461 5482 Nonne
1489 5426 1764 5498 scriptum

160 5518 233 5569 est
254 5516 309 5571 in
332 5518 451 5593 lege
475 5526 675 5591 vestra,
716 5521 853 5593 quia
891 5537 998 5593 ego
1035 5521 1152 5576 dixi
1190 5538 1204 5575 :
1248 5520 1334 5575 Dii
1373 5519 1524 5575 estis.
1560 5519 1616 5575 Si
1643 5518 1766 5573 illos

218 5679 243 5710 ⁸
275 5679 541 5736 Pecularis
570 5681 940 5738 dedicationis
969 5682 1110 5737 ritus
1135 5684 1256 5736 erat
1289 5678 1424 5734 olim
1449 5678 1509 5733 in
1535 5677 1766 5733 ecclesia

162 5744 408 5830 Βοωδιθειν
446 5753 642 5830 saltem
689 5753 941 5830 diversus
981 5753 1057 5830 ab
1101 5768 1197 5830 99.
1246 5748 1766 5830 seezn_lletii91&9i

163 5820 353 5894 servari
376 5837 494 5894 mos
518 5827 658 5893 erat,
686 5828 752 5879 ut
778 5840 846 5894 ex
873 5823 1155 5894 Ambrosii
1184 5819 1424 5894 epistola
1448 5822 1515 5874 52
1558 5819 1765 5894 intelli~

168 5890 351 5955 simus.
386 5914 411 5941 α
455 5893 595 5950 Cum
635 5890 762 5970 ego,
793 5893 893 5966 ait,
921 5890 1239 5950 basilicanf
1252 5891 1512 5948 dedicare
1540 5890 1765 5962 vellem,

1871 1981 2331 2037 beatissimorum
2382 1989 2701 2055 martyrum
2752 1986 3152 2042 intercessione
3201 1989 3508 2058 salvemur,

1872 2092 2116 2148 quorum
2137 2077 2195 2131 in
2216 2078 2322 2132 hoc
2343 2076 2466 2132 loco
2487 2090 2512 2119 ο
2540 2078 2808 2149 reliquias
2824 2079 2917 2150 pio
2932 2095 3124 2135 amore
3144 2097 3507 2139 veneramur.

1943 2237 2088 2291 Deus
2114 2237 2213 2308 qui
2239 2236 2309 2291 ad
2352 2166 2907 2309 cultumcaitfrimpro
2933 2240 3110 2296 salute
3158 2241 3510 2298 credentium

1872 2329 1981 2384 loci
2007 2329 2168 2385 istius
2192 2330 2629 2401 amplitudinem
2669 2332 3032 2401 consecrasti,
3073 2333 3174 2389 ubi
3211 2335 3513 2391 cottidiana

1872 2422 2226 2478 invocatione
2256 2424 2505 2478 nominis
2532 2424 2615 2478 tui
2630 2425 2861 2480 caelestis
2884 2426 3196 2482 consolatio
3216 2444 3331 2483 non
3345 2429 3507 2484 dees-

1872 2521 1958 2571 set
1986 2534 2000 2571 :
2034 2533 2360 2588 quaesumus
2379 2517 2652 2588 pietatem
2670 2522 2850 2586 tuam,
2867 2523 2933 2573 ut
2950 2520 3243 2575 memorias
3269 2537 3397 2592 quas
3428 2538 3513 2575 sa-

1873 2610 1982 2664 cris
2002 2610 2330 2664 inferuntur
2357 2610 2653 2678 altaribus,
2682 2611 2902 2666 devotis
2922 2613 3213 2668 mentibus
3236 2613 3309 2668 ad
3332 2631 3513 2670 reme-

1875 2704 2035 2758 dium
2046 2706 2446 2774 prasparentur
2466 2703 2794 2759 animarum
2809 2708 2867 2759 et
2888 2706 3206 2776 supplicem
3224 2706 3507 2763 familiam

1873 2800 2033 2851 tuam
2052 2813 2179 2867 quas
2202 2796 2303 2851 tibi
2317 2796 2374 2850 in
2393 2798 2612 2868 templo
2630 2797 2829 2867 gloriae
2843 2802 2955 2853 tum
2969 2800 3311 2854 sacrificium
3327 2800 3513 2855 laudis

1874 2891 2230 2962 gratulantes
2253 2888 2733 2957 immolantvotis,
2750 2889 2807 2943 in
2825 2890 2923 2945 illa
2935 2894 3131 2946 sancta
3156 2892 3509 2949 Hierusalem

1876 2983 2027 3037 inter
2052 2984 2234 3036 electa
2254 2982 2494 3037 caslestis
2524 2982 2699 3053 regie
2729 2987 3074 3039 ornamenta
3102 2985 3435 3041 constituas.

2499 3071 2626 3120 Post
2654 3070 2884 3120 nomina.

1944 3141 2134 3197 Gloria
2161 3142 2263 3196 tibi
2292 3141 2535 3197 Domino
2581 3144 2699 3197 Deo
2732 3146 2951 3209 nostro,
2986 3145 3327 3199 saeculorum
3360 3147 3507 3216 regi,

1794 3218 1849 3293 Ο
1876 3236 2179 3291 hominum
2205 3235 2510 3302 conditori,
2540 3236 2637 3307 qui
2656 3236 2715 3290 in
2746 3238 2963 3291 cultum
2996 3238 3280 3308 perpetim
3310 3239 3513 3311 templi

1875 3329 2045 3400 hujus
2056 3329 2342 3384 ambitum
2356 3346 2484 3383 cum
2499 3333 2831 3384 sanctorum
2851 3334 3171 3401 martyrum
3186 3332 3509 3402 patrocinio

1874 3422 2351 3491 consecrasti,ubi
2378 3422 2693 3478 cottidiana
2715 3424 3019 3479 devotione
3033 3425 3323 3496 praastaris
3353 3442 3384 3479 e
3409 3443 3513 3480 caa-

1873 3517 1959 3584 lis,
1990 3517 2145 3588 quod
2170 3517 2456 3587 petebaris
2483 3517 2541 3571 in
2560 3516 2748 3571 terris.
2768 3519 3023 3573 Introeat
3054 3534 3215 3589 ergo,
3238 3520 3505 3587 Domine,

1873 3610 2182 3682 postulatio
2213 3612 2410 3663 nostra
2442 3625 2640 3663 coram
2694 3612 2749 3664 te
2783 3610 2977 3678 hodie,
3013 3614 3071 3664 et
3110 3610 3168 3664 in
3197 3616 3507 3683 conspectu
3600 3672 3608 3687 ,

1872 3701 2191 3772 majestatis
2231 3705 2343 3755 tuas
2379 3701 2564 3756 oratio
2599 3702 2833 3757 contriti
2865 3702 3053 3756 cordis
3091 3704 3400 3771 ascendat;
3440 3722 3505 3759 ac

1873 3794 2233 3864 singulorum
2247 3795 2391 3848 votis
2405 3794 2461 3848 in
2498 3796 2716 3865 templo
2747 3795 3043 3865 hoc,cujus
3057 3796 3264 3850 natalis
3286 3799 3375 3850 est
3403 3798 3505 3852 ho-

1873 3887 2097 3959 die,pro
2109 3886 2483 3959 benignitatis
2500 3892 2611 3963 tuae
2624 3888 2933 3942 serenitate
2947 3888 3507 3960 responde,etfidem

1872 3980 2159 4035 credentis
2189 3979 2395 4035 effectu
2420 3997 2691 4035 concesso
2718 3979 3015 4052 petitionis
3041 3982 3348 4053 ampliﬁca.
3379 3985 3504 4038 Per.

1942 4146 2110 4212 Deus,
2137 4145 2232 4216 qui
2267 4145 2431 4199 nobis
2459 4073 2860 4216 petdsifitxllzs
2904 4162 3090 4201 annos
3124 4147 3304 4201 sancti
3337 4147 3508 4219 hujus

1868 4237 2071 4310 templi
2084 4238 2165 4293 tui
2183 4238 2633 4293 consecrationis
2649 4255 2885 4310 reparas
2902 4239 3081 4308 diem,
3098 4243 3155 4295 et
3172 4240 3347 4296 sacris
3363 4259 3510 4297 sem-

1868 4348 1973 4403 per
1996 4331 2283 4403 mysteriis
2307 4335 2689 4403 repraesentas
2710 4332 3055 4401 incolomes;
3079 4334 3283 4389 exaudi
3310 4352 3509 4406 preces

1866 4424 2065 4495 populi
2094 4424 2175 4479 tui
2190 4428 2248 4479 et
2264 4428 2493 4496 praesta,
2513 4428 2577 4479 ut
2588 4426 2775 4497 siquis
2792 4426 2900 4480 hoc
2922 4428 3205 4498 templum
3225 4427 3507 4483 beneficia

1867 4518 2149 4588 petiturus
2175 4518 2521 4588 ingreditur,
2552 4521 2759 4572 cuncta
2787 4535 2846 4572 se
2894 4519 3234 4590 impetrasse
3254 4519 3503 4577 laetetur.

2514 4610 2850 4660 Contestatio.

1938 4684 2079 4735 Vere
2101 4680 2345 4750 dignum
2369 4684 2427 4734 et
2445 4679 2666 4750 justum
2691 4683 2796 4747 est,
2821 4680 3189 4750 omnipotens
3210 4682 3380 4751 Deus,
3398 4701 3504 4756 pro

1865 4790 2059 4830 annua
2085 4771 2449 4827 dedicatione
2474 4772 2831 4826 tabernaculi
2862 4773 3052 4843 hujus,
3078 4775 3293 4846 gratias
3327 4778 3505 4834 hono-

1864 4882 2104 4937 remque
2132 4865 2371 4931 referre,
2397 4862 2558 4934 cujus
2584 4864 2763 4918 virtus
2787 4867 3221 4938 magna,pietas
3251 4870 3502 4942 copiosa.

1865 4959 2122 5031 Respice,
2151 4973 2501 5029 quaesumus,
2534 4956 2606 5011 de
2638 4957 2801 5024 caelo,
2829 4959 2888 5011 et
2920 4956 3070 5025 vide,
3104 4964 3164 5014 et
3200 4961 3365 5018 visita
3398 4964 3501 5020 do-

1863 5070 2026 5109 mum
2057 5052 2247 5117 istam,
2279 5053 2342 5105 ut
2369 5050 2414 5105 si
2440 5050 2566 5122 quis
2591 5050 2651 5105 in
2673 5066 2743 5105 ea
2766 5049 2992 5105 nomini
3019 5055 3117 5106 tuo
3147 5055 3501 5125 supplicave-

1865 5146 1958 5213 rit,
1985 5146 2233 5201 libenter
2257 5142 2548 5211 exaudias,
2580 5146 2640 5197 et
2668 5142 3152 5199 satisfacientibus
3181 5146 3503 5204 clementer

1866 5240 2152 5311 ignoscas.
2184 5237 2283 5293 Hic
2321 5236 2423 5292 tibi
2458 5236 2788 5292 sacerdotes
2827 5237 2912 5293 tui
2951 5237 3290 5293 sacriﬁcium
3318 5240 3502 5297 laudis

1866 5331 2143 5398 offerant;
2166 5331 2258 5385 hic
2282 5329 2465 5385 fidelis
2495 5331 2741 5402 populus
2770 5335 2904 5387 vota
2930 5332 3246 5403 persolvat;
3265 5332 3356 5387 hic
3374 5350 3502 5403 pec-

1865 5429 2125 5481 catorum
2152 5440 2331 5479 onera
2360 5423 2759 5495 deponantur;
2784 5424 2876 5479 hic
2906 5425 3051 5480 fides
3076 5427 3238 5496 lapsa
3265 5442 3497 5497 repare-

1866 5523 1986 5585 tur;
2014 5517 2105 5574 hic
2142 5517 2264 5589 ipse
2310 5516 2464 5571 inter
2504 5517 2723 5574 bonum
2756 5518 3093 5590 malumque
3143 5518 3495 5586 discernens,

1867 5676 2031 5733 multi
2056 5680 2359 5752 tamquam
2390 5693 2506 5752 un_o
2545 5692 2644 5731 ore
2683 5676 3054 5752 interpellare
3085 5684 3384 5752 coeperunt
3408 5680 3490 5735 di-

1867 5751 2064 5803 centes
2097 5765 2111 5804 :
2142 5748 2299 5804 Sicut
2346 5748 2406 5802 in
2448 5748 2733 5814 Romano,
2773 5748 2852 5802 sic
2893 5748 3191 5806 basilicam
3244 5751 3490 5806 dedices.

1869 5818 2159 5892 Respondi
2212 5817 2497 5892 :___faciam_
2537 5817 2583 5872 si
2636 5821 2955 5892 martyrum
3008 5820 3280 5892 reliquias
3335 5822 3492 5876 inve-

1870 5888 2030 5946 nero.
2062 5909 2090 5938 »
2119 5891 2202 5944 Ita
2231 5888 2326 5944 ille
2351 5888 2423 5945 ad
2450 5888 2856 5946 Mareellinam.
