4006 6228
471 348 571 401 535

1346 341 1679 397 APPENDIX
1713 340 1802 395 AD
1840 338 2064 395 OPEBA
2099 340 2153 393 S.
2192 338 2493 395 GERMANI
2531 339 2958 396 PABJSIENSIS.

3753 340 3867 394 536

466 469 840 510 cumcausam
855 450 1603 527 interpellatusjudicaveris
1617 465 1790 522 quam
1805 465 1922 504 non
1937 448 2099 520 igno-
2119 447 2411 531 Adidisti,
2473 447 2686 520 quique
2737 447 3059 521 angelicam
3110 448 3491 505 substantiam
3531 445 3869 520 splendore

466 563 582 615 ras,
616 547 750 604 hinc
785 548 1120 620 simplicitas
1145 546 1405 602 absoluta
1430 543 1649 611 redeat,
1674 543 1809 598 hinc
1830 542 2099 615 impietas

470 641 784 701 emendata
811 641 1084 697 discedat.
1104 638 1361 694 Inveniat
1376 638 1530 710 apud
1544 641 1618 705 te,
1633 637 1897 704 Domine,
1912 638 2102 693 locum

469 735 653 791 venias
703 735 1048 807 quicumque
1094 734 1166 788 ad
1204 733 1446 788 domum
1482 732 1653 787 istam
1693 731 2103 787 satisfactionis

471 829 813 900 confugerit,
847 832 906 882 et
937 827 1163 882 conscio
1195 827 1393 881 dolore
1423 826 1618 893 victus,
1653 826 1727 881 ad
1752 826 1957 881 altaria
1982 829 2099 893 tua,

468 923 603 978 rivis
623 938 855 978 suarum
879 921 1083 976 laverit
1107 921 1502 987 lacrimarum,
1534 920 1630 974 ubi
1653 920 1701 974 si
1743 919 1976 991 quando
1998 937 2100 991 po-

465 1017 635 1089 pulus
670 1020 796 1070 tuus
823 1014 996 1069 tristis
1024 1018 1371 1086 maestusque
1399 1013 1751 1082 convenerit,
1795 1013 2101 1085 adquiesce

468 1109 745 1182 rogari,et
756 1112 992 1180 rogatus
1004 1108 1501 1180 indulge.Custodi
1515 1108 1689 1162 etiam
1706 1108 1808 1162 sub
1822 1107 2103 1178 guberna-

465 1201 625 1258 tione
642 1201 897 1257 nominis
916 1202 1019 1257 tui.
1037 1204 1147 1257 Per
1162 1202 1450 1258 Christum
1479 1200 1789 1256 Dominum
1817 1204 2098 1256 nostrum.

1031 1291 1157 1341 Item
1198 1290 1535 1343 Contestatio.

536 1366 679 1419 Vere
706 1363 949 1435 dignum
979 1366 1037 1419 et
1067 1364 1287 1436 justum
1321 1367 1426 1430 est,
1461 1361 1833 1434 omnipotens
1852 1363 2018 1429 Deus,
2044 1364 2105 1415 ut

469 1459 651 1515 altare
678 1458 785 1515 hoc
816 1458 1029 1513 sanctis
1054 1456 1249 1512 usibus
1274 1460 1666 1528 praeparatum
1695 1456 1908 1511 caelesti
1940 1455 2101 1510 dedi-

468 1552 695 1610 catione
726 1551 1077 1619 sanctifices;
1103 1553 1165 1606 ut
1177 1550 1321 1606 sicut
1348 1549 1764 1606 Melchisedech
1792 1548 2104 1605 sacerdotis

467 1645 819 1705 oblationem
864 1644 1123 1716 dignam,
1155 1645 1235 1700 ita
1266 1660 1414 1699 novo
1459 1644 1591 1699 huic
1627 1643 1831 1699 altario
1860 1659 2105 1697 munera

465 1754 696 1811 semper
723 1740 957 1809 accepto
986 1738 1137 1793 ferre
1165 1737 1422 1810 digneris
1452 1756 1465 1792 :
1489 1741 1551 1792 ut
1580 1738 1826 1807 pepulus
1858 1739 1987 1791 tuus
2012 1752 2100 1790 ec-

2205 541 2513 613 conspicuo
2535 541 2927 614 potentialiter
2952 541 3268 609 adornasti,
3298 545 3354 597 te
3382 541 3675 614 supplices
3694 554 3871 612 que-

2203 652 2399 690 sumus
2425 638 2485 690 et
2509 652 2763 704 oramus,
2786 636 2926 690 utin
2952 636 3059 692 hac
3080 634 3491 703 sollemnitate,
3534 651 3718 706 quam
3746 632 3868 688 sub

2203 729 2286 784 tui
2327 729 2579 784 nominis
2621 729 2979 785 invocatione
3010 729 3070 785 in
3099 730 3323 785 honore
3368 727 3714 800 archangeli
3751 726 3865 782 Mi-

2203 829 2416 883 chaelis
2456 826 2881 900 [celebramus],
2931 830 3156 883 nostras
3200 842 3401 898 preces
3446 825 3723 882 exaudire
3769 822 3865 879 di-

2203 922 2417 993 gneris.
2440 923 2564 976 Per.

2907 991 3136 1041 Secreta.

2273 1079 2475 1131 Preces
2492 1077 2805 1151 populitui,
2835 1076 3096 1143 Domine,
3122 1075 3431 1147 dignanter
3446 1073 3675 1142 exaudi,
3705 1090 3869 1146 quas

2203 1176 2264 1232 in
2295 1177 2445 1231 culto
2480 1174 2681 1246 templi
2702 1175 2872 1245 hujus
2894 1174 2964 1228 ob
2986 1174 3272 1229 honorem
3304 1173 3489 1228 sancti
3508 1171 3869 1243 archangeli

2202 1270 2285 1325 tui
2313 1268 2730 1324 Michahelis....
2777 1272 2834 1322 et
2866 1268 2946 1322 ita
2990 1267 3094 1321 tibi
3137 1283 3241 1338 pro
3288 1267 3411 1338 ejus
3452 1266 3866 1322 sollemnitate

2205 1364 2418 1419 oblatio
2446 1366 2643 1417 nostra
2673 1362 2776 1417 fiat
2795 1364 3050 1431 accepta.

2250 1466 2263 1473 '
2861 1451 3200 1504 Contestatio.

2278 1539 2419 1591 Vere
2446 1535 2690 1608 dignum
2722 1538 2779 1588 et
2801 1534 3024 1605 justum
3056 1537 3160 1601 est,
3184 1532 3555 1604 omnipotens
3580 1535 3759 1600 Deus,
3793 1534 3861 1587 in

2206 1632 2298 1686 die
2328 1629 2651 1685 festivitatis
2699 1626 3019 1694 hodiernae,
3059 1643 3173 1698 quo
3209 1626 3268 1680 in
3300 1627 3522 1681 honore
3556 1626 3720 1682 beati
3757 1642 3855 1681 ar-

2206 1724 2471 1795 changeli
2498 1720 2829 1778 Michahelis
2859 1720 3125 1775 dedicata
3147 1719 3370 1775 nomini
3390 1724 3488 1775 tuo
3516 1721 3646 1776 loca
3672 1719 3861 1776 sacris

464 1832 652 1894 desim
684 1831 924 1888 domum
949 1834 1210 1889 sanctam
1242 1831 1612 1899 conveniens,
1631 1847 1803 1902 super
1822 1830 1943 1885 haec
1961 1846 2105 1901 pura
2124 1831 2181 1903 B
2206 1822 2338 1874 sunt
2380 1817 2644 1872 instituta
2676 1814 2986 1886 mysteriis,
3020 1813 3281 1869 omnium
3309 1813 3584 1869 societate
3616 1816 3855 1869 sancto-

462 1924 764 1983 libamima
789 1926 1001 1983 celesti
1028 1925 1481 1981 sanctificatione
1506 1924 1832 1980 animarum
1869 1940 2099 1995 quoque

460 2036 696 2078 suarum
727 2021 973 2077 salutem
997 2023 1341 2093 perpetuam
1374 2022 1782 2091 consequatur,
1816 2034 1921 2089 per
1947 2015 2102 2073 Chri-

466 2117 619 2170 stum
650 2114 963 2171 Dominum
992 2116 1277 2168 nostrum.

769 2223 930 2264 MISSA
960 2224 1013 2264 IN
1053 2222 1274 2262 IIONORE
1311 2221 1500 2262 SANCTI
1541 2221 1801 2262 MICHAEL.

711 2287 886 2337 Lectio
941 2286 1285 2351 Apocalypsis
1332 2285 1499 2335 sancti
1541 2284 1850 2335 Johannisâ€˜.

536 2361 774 2415 Factum
790 2362 876 2414 est
886 2358 1152 2430 prmlium
1172 2357 1232 2412 in
1253 2358 1412 2424 caalo,
1429 2357 1665 2412 Michael
1690 2359 1746 2410 et
1764 2354 1957 2426 angeli
1979 2352 2103 2424 ejus

461 2451 878 2527 proeliabantur
915 2467 1048 2505 cum
1087 2450 1360 2518 dracone,
1392 2453 1450 2503 et
1486 2449 1658 2504 draco
1699 2448 2016 2519 pugnabat,
2046 2449 2105 2499 et

463 2543 655 2616 angeli
685 2543 836 2613 ejus;
863 2547 921 2597 et
941 2560 1059 2597 non
1080 2544 1405 2609 valuerunt,
1438 2557 1626 2612 neque
1648 2542 1805 2596 locus
1837 2540 2103 2594 inventus

462 2644 549 2697 est
577 2656 779 2695 eorum
809 2640 1055 2711 amplius
1086 2640 1144 2694 in
1191 2641 1350 2695 cmlo.
1380 2640 1449 2693 Et
1474 2639 1764 2710 projectus
1806 2641 1892 2693 est
1930 2638 2101 2691 draco

460 2733 555 2789 ille
584 2750 853 2804 magnus,
876 2750 1114 2805 serpens
1132 2733 1423 2804 antiquus,
1454 2733 1553 2804 qui
1578 2736 1814 2788 vocatur
1841 2731 2102 2786 diabolus

462 2830 522 2882 et
548 2828 810 2895 Satanas,
856 2827 955 2898 qui
976 2827 1199 2881 seducit
1217 2826 1546 2881 universum
1569 2826 1793 2891 orbem,
1813 2824 2104 2896 projectus

462 2923 548 2975 est
578 2920 635 2974 in
668 2922 906 2987 terram,
947 2923 1005 2973 et
1038 2919 1231 2989 angeli
1264 2919 1388 2989 ejus
1408 2936 1537 2973 cum
1561 2918 1656 2973 illo
1679 2917 1837 2972 missi
1856 2921 2006 2971 sunt.
2037 2918 2106 2970 Et

462 3012 654 3067 audivi
666 3029 864 3068 vocem
887 3029 1165 3084 magnam
1188 3013 1244 3066 in
1264 3013 1402 3067 casio
1422 3011 1711 3066 dicentem
1735 3028 1747 3066 :
1771 3012 1932 3065 Nunc
1954 3011 2104 3064 facta

462 3109 550 3160 est
579 3106 748 3173 salus,
769 3106 1038 3172 etvirtus,
1070 3108 1128 3159 et
1143 3122 1392 3177 regnum
1416 3105 1518 3159 Dei
1538 3104 1740 3171 nostri,
1765 3108 1823 3158 et
1850 3106 2105 3175 potestas

2201 1929 2330 1969 rum
2358 1912 2483 1983 ipsa
2502 1909 2665 1976 ï¬des,
2701 1925 2828 1980 quas
2856 1907 2985 1962 illos
3019 1906 3125 1961 tibi
3150 1906 3287 1961 fecit
3308 1906 3524 1963 amicos
3553 1923 3700 1973 esse,
3738 1923 3851 1978 pro

2201 2006 2369 2061 nobis
2399 2003 2553 2075 apud
2581 2006 2634 2056 te
2656 2000 2834 2056 faciat
2861 1999 3191 2055 advocatos.
3217 2000 3452 2055 Illorum
3479 2016 3696 2054 corona
3720 2015 3857 2055 nos-

2199 2103 2291 2155 tra
2320 2099 2393 2153 sit
2415 2097 2583 2152 venia
2607 2113 2620 2162 ;
2654 2094 2898 2149 imitatio
2930 2110 3035 2149 nos
3065 2110 3189 2148 esse
3212 2093 3386 2149 faciat
3411 2092 3533 2148 sine
3560 2110 3752 2165 poena,
3778 2094 3850 2149 il-

2202 2195 2390 2249 lorum
2423 2189 2606 2246 oratio
2639 2190 2884 2243 salutem
2925 2187 3091 2243 nobis
3123 2187 3387 2242 conferat
3425 2187 3854 2259 sempiternam

2202 2304 2308 2359 per
2336 2284 2627 2342 Christum
2653 2281 2984 2337 Dominum.

2616 2395 2779 2436 MISSA
2816 2394 2917 2435 PRO
2957 2396 3077 2434 [TER
3112 2395 3432 2435 AGENTIBUS.

2494 2468 2727 2534 Epistola
2750 2467 2893 2518 Pauli
2918 2468 3141 2533 apostoli
3166 2468 3233 2518 ad
3263 2467 3536 2533 Ephesios.

2276 2553 2519 2618 Fratres,
2557 2549 2747 2605 videte
2791 2549 3085 2620 quomodo
3132 2552 3298 2604 caute
3343 2549 3677 2619 ambuletis,
3728 2567 3850 2605 non

2205 2645 2370 2718 quasi
2397 2643 2755 2715 insipientes,
2786 2642 2971 2712 sed_'ut
2991 2642 3299 2713 sapientes,
3323 2643 3678 2699 redimentes
3702 2647 3857 2698 tem-

2204 2756 2331 2810 pus,
2359 2737 2637 2809 quoniam
2666 2736 2787 2790 dies
2815 2734 2956 2789 mali
2986 2738 3121 2789 sunt
3144 2735 3285 2791 Î´Î·...

2358 2829 2535 2880 Lectio
2559 2827 2724 2878 sancti
2747 2827 3014 2891 Evangelii
3039 2827 3333 2878 secundum
3362 2829 3686 2881 Matthmum.

2279 2915 2338 2966 In
2366 2926 2793 2981 quamcumque
2820 2908 3112 2963 civitatem
3144 2912 3243 2963 aut
3269 2911 3568 2965 castellum
3590 2911 3848 2967 intrave-

2203 3004 2720 3074 ritis,interrogate
2748 3002 2875 3073 quis
2896 3002 2954 3057 in
2982 3019 3053 3057 ea
3079 3003 3288 3073 dignus
3312 3003 3401 3069 sit;
3427 3007 3484 3058 et
3505 3003 3585 3057 ibi
3607 3010 3850 3061 manete

2206 3098 2391 3153 donec
2435 3097 2665 3152 exeatis.
2697 3098 2979 3151 Intrantes
3019 3099 3213 3150 autem
3245 3096 3304 3149 in
3331 3096 3570 3151 domum
3598 3098 3851 3153 salutate

463 3198 669 3253 Christi
711 3199 853 3269 ejus,
887 3198 1023 3269 quia
1062 3199 1354 3269 projeclus
1394 3202 1481 3252 est
1521 3201 1819 3252 accusator
1859 3198 2103 3252 fratrum
2124 3200 2179 3274 Ï
2205 3209 2367 3259 eam;
2394 3194 2453 3245 et
2475 3190 2519 3244 si
2552 3190 2786 3261 quidem
2826 3190 3002 3244 fuerit
3043 3189 3248 3244 domus
3277 3189 3476 3260 digna,
3505 3190 3703 3246 veniat
3736 3209 3853 3264 pax

464 3294 748 3357 nostrum,
777 3291 877 3361 qui
912 3292 1219 3345 accusabat
1258 3291 1388 3346 illos
1426 3292 1561 3345 ante
1602 3293 1974 3361 conspectum
2003 3289 2105 3343 Dei

468 3383 649 3438 nostri
678 3383 770 3437 die
804 3400 869 3437 ac
909 3386 1076 3438 nocte
1110 3401 1122 3437 :
1153 3388 1212 3437 et
1251 3384 1359 3455 ipsi
1388 3383 1648 3439 vicerunt
1677 3384 1838 3438 illum
1872 3385 2107 3454 propter

471 3478 819 3546 sanguinem
844 3476 1019 3546 Agni.
1045 3475 1154 3541 Qui
1184 3476 1359 3531 habet
1379 3492 1601 3545 aurem,
1630 3475 1829 3531 audiat
1852 3475 2101 3547 quid.....

612 3563 787 3613 Lectio
814 3564 981 3615 sancti
1014 3564 1283 3628 Evangelii
1315 3564 1608 3615 secundum
1636 3564 1949 3614 Matthzeum.

536 3635 749 3689 Diebus
776 3636 905 3703 illis,
936 3636 1261 3708 adsumpsit
1285 3637 1563 3692 Dominus
1581 3638 1744 3693 Iesus
1762 3638 2019 3700 Petrum,
2049 3639 2107 3688 et

460 3729 761 3796 Iacobum,
796 3733 855 3783 et
880 3730 1207 3785 Iohannem
1237 3730 1478 3785 fratrem
1519 3730 1661 3801 ejus,
1712 3733 1770 3785 et
1797 3729 1954 3783 duxit
1978 3728 2105 3781 illos

463 3820 522 3874 in
548 3824 810 3877 montem
847 3825 1134 3878 excelsum
1165 3840 1447 3891 seorsum,
1490 3827 1546 3878 et
1578 3824 1991 3894 tranï¬guratus
2022 3823 2106 3875 est

463 3917 596 3968 ante
618 3931 735 3971 eos.
772 3916 841 3969 Et
869 3917 1229 3987 resplenduit
1272 3917 1451 3972 facies
1476 3917 1599 3988 ejus
1625 3916 1771 3972 sicut
1796 3916 1900 3982 sol,
1934 3913 2101 3968 vesti-

464 4011 667 4062 menta
693 4010 887 4062 autem
906 4010 1030 4079 ejus
1055 4010 1207 4064 facta
1238 4013 1369 4064 sunt
1397 4011 1528 4065 alba
1554 4010 1699 4064 sicut
1728 4009 1841 4064 nix.
1870 4010 1939 4063 Et
1976 4022 2105 4063 ecce

468 4103 865 4170 apparuerunt
892 4101 1000 4155 illis
1024 4102 1243 4171 Moyses
1271 4106 1330 4156 et
1365 4103 1556 4157 Helias
1584 4120 1717 4157 cum
1751 4120 1819 4158 eo
1858 4103 2104 4173 loquen-

466 4195 572 4246 tes.
605 4193 984 4263 Respondens
1005 4197 1200 4249 autem
1228 4196 1449 4264 Petrus,
1480 4196 1621 4250 dixit
1646 4196 1720 4250 ad
1756 4198 1971 4251 Iesum.
2003 4201 2109 4255 Do-

467 4283 647 4351 mine,
674 4284 895 4339 bonum
924 4290 1010 4341 est
1037 4304 1142 4342 nos
1167 4286 1260 4342 hic
1292 4304 1435 4343 esse.
1467 4288 1526 4343 Si
1551 4288 1653 4356 vis,
1686 4289 1778 4343 hic
1821 4290 2110 4347 faciamus

470 4376 579 4431 tria
604 4377 999 4447 tabernacula,
1020 4379 1123 4434 tibi
1148 4397 1344 4448 unum,
1368 4384 1425 4435 et
1440 4381 1613 4454 Moysi
1636 4398 1837 4451 unum,
1857 4385 1916 4436 et
1935 4384 2107 4440 Helia:

468 4487 670 4526 unum.
696 4472 899 4528 Adhuc
911 4489 980 4528 eo
1006 4474 1301 4544 loquente,
1333 4491 1463 4529 ecce
1491 4476 1673 4530 nubes
1694 4476 1884 4531 lucida
1910 4476 2107 4533 obum-

2207 3289 2395 3339 vestra
2425 3300 2597 3355 super
2624 3300 2783 3349 eam;
2824 3283 2871 3337 si
2907 3286 3103 3337 autem
3152 3299 3269 3337 non
3302 3282 3476 3337 fuerit
3505 3284 3703 3355 digna,
3736 3303 3853 3358 pax

2207 3382 2397 3433 vestra
2421 3378 2497 3432 ad
2520 3394 2618 3432 vos
2637 3378 2975 3432 revertatur.
3000 3377 3069 3430 Et
3095 3376 3443 3447 quicumque
3468 3395 3585 3432 non
3613 3396 3855 3452 recepe-

2206 3473 2283 3527 rit
2311 3488 2430 3539 vos,
2463 3486 2651 3541 neque
2693 3469 2942 3524 audierit
2970 3486 3268 3525 sermones
3298 3474 3536 3539 vestros,
3570 3477 3854 3529 exeuntes

2208 3567 2364 3621 foras
2391 3565 2461 3619 de
2492 3563 2668 3618 domo
2689 3565 2773 3618 vel
2798 3564 2868 3617 de
2896 3563 3140 3629 civitate,
3167 3564 3411 3619 excutite
3440 3566 3740 3637 pulverem
3776 3568 3851 3623 de

2208 3658 2449 3731 pedibus
2476 3658 2697 3712 vestris.
2731 3659 2919 3711 Amen
2967 3657 3092 3712 dico
3122 3657 3303 3725 vobis,
3342 3659 3700 3714 tolerabilius
3738 3661 3854 3716 erit

2206 3755 2377 3806 terras
2412 3750 2799 3806 Sodomorum
2841 3755 2900 3804 et
2936 3751 3385 3806 Gomorreorum
3414 3751 3473 3805 in
3501 3751 3591 3807 die
3614 3753 3847 3823 judicii,

2208 3861 2383 3917 quam
2413 3844 2511 3899 illi.
2547 3844 2655 3909 Qui
2685 3844 2860 3899 habet
2890 3860 3056 3898 aures
3086 3843 3379 3911 audiendi,
3414 3845 3627 3900 audiat.

2819 3957 3019 3997 INCIPIT
3056 3957 3235 3997 MISSA.

2277 4037 2508 4105 Adesto,
2544 4034 2809 4103 Domine,
2833 4035 3344 4107 supplicationibus
3365 4036 3595 4105 nostris,
3619 4042 3677 4093 et
3691 4038 3849 4095 viam

2208 4131 2409 4185 famoli
2432 4131 2516 4185 tui
2547 4130 2627 4184 ill.
2664 4129 2723 4183 in
2756 4130 2937 4183 salute
2969 4132 3027 4183 et
3068 4128 3450 4200 prosperitate
3487 4130 3728 4203 dignare
3769 4133 3852 4188 di-

2206 4227 2418 4298 rigere,
2470 4228 2531 4279 ut
2572 4224 2725 4278 inter
2769 4239 2973 4278 omnes
3018 4222 3147 4278 vitae
3190 4222 3357 4294 hujus
3402 4224 3706 4280 varietates
3744 4231 3847 4282 tuo

2208 4336 2438 4391 semper
2459 4318 2666 4374 auxilio
2689 4320 3049 4389 protegatur.

2886 4408 3154 4459 Collectio.

2278 4492 2511 4559 Exaudi,
2561 4490 2825 4559 Domine,
2866 4506 3212 4562 quaesumus,
3256 4507 3456 4562 preces
3501 4496 3747 4561 nostras,
3790 4500 3849 4549 et

467 4564 656 4659 hraVit
676 4581 792 4621 Î¸Î¿Î´Î‡
824 4567 893 4621 Et
921 4583 1050 4621 ecce
1088 4584 1190 4623 Vox
1231 4567 1304 4622 de
1334 4568 1486 4623 Î·Ï…Î´Îµ
1525 4568 1721 4623 dicens
1751 4586 1763 4625 Â³
1798 4570 1895 4625 Hic
1927 4575 2013 4625 BSt
2050 4572 2186 4650 fiâ€˜D
2210 4584 2556 4659 profectioni
2585 4584 2788 4640 famuli
2813 4584 2898 4638 tui
2927 4584 3005 4638 ill.
3039 4583 3495 4640 misericordiam
3530 4602 3761 4657 semper
3792 4593 3849 4643 et

469 4658 578 4713 lius
604 4675 771 4714 meus
806 4660 1068 4729 dilectus,
1110 4661 1169 4715 in
1216 4678 1330 4732 quo
1368 4662 1510 4717 mihi
1550 4664 1894 4735 conplacuit,
1923 4664 2111 4736 ipsum

471 4751 687 4806 audite.
718 4753 786 4806 Et
812 4754 1113 4809 audientes
1155 4755 1415 4827 discipuli
1445 4756 1779 4811 ceciderunt
1802 4758 1862 4811 in
1904 4758 2111 4813 faciem

472 4860 661 4911 suam,
691 4848 749 4899 et
770 4845 1086 4902 timuerunt
1110 4848 1275 4903 valde
1307 4849 1515 4904 timore
1541 4866 1778 4921 magno.
1813 4851 1881 4904 Et
1921 4867 2108 4906 acces-

474 4937 549 4991 sit
570 4939 751 5006 Jesus,
782 4943 839 4993 et
858 4941 1049 5012 tetigit
1079 4958 1197 5011 eos,
1228 4942 1482 5013 dixitque
1515 4943 1634 4998 eis:
1664 4944 1891 5014 Surgite
1918 4947 1976 4999 et
2008 4962 2109 5001 n0-

475 5031 574 5086 lite
602 5030 829 5087 timere.
858 5034 1137 5089 Levantes
1166 5038 1363 5090 autem
1395 5037 1610 5104 oculos,
1642 5035 1941 5103 neminem
1962 5038 2115 5093 vide-

467 5127 623 5191 runt,
660 5125 765 5180 nisi
792 5128 979 5182 solum
1005 5129 1218 5183 Iesum.
1258 5130 1327 5182 Et
1364 5129 1850 5185 descendentibus
1900 5131 2010 5186 illis
2040 5132 2112 5186 de

470 5221 692 5286 monte,
725 5220 1001 5293 praecepit
1025 5223 1186 5276 Iesus
1217 5220 1414 5276 dicens
1443 5238 1455 5277 :
1490 5222 1717 5278 Nemini
1747 5223 2002 5279 dixeritis
2030 5225 2109 5279 vi-

474 5311 719 5380 sionem,
749 5313 934 5370 donec
963 5314 1115 5370 ï¬lius
1145 5315 1399 5371 hominis
1425 5317 1724 5372 a-mortuis
1744 5321 2029 5390 resurgat.

1085 5435 1281 5475 INCIPIT
1329 5434 1509 5475 MISSA.

545 5507 797 5575 Eterne,
824 5509 1193 5582 omnipotens
1210 5511 1378 5565 Deus.
1404 5509 1513 5575 Qui
1530 5511 1857 5567 universam
1880 5512 1939 5565 in
1961 5512 2113 5583 prin-

472 5603 622 5674 cipio
655 5610 1016 5677 crseaturam,
1049 5609 1233 5666 Verbo
1266 5613 1638 5681 cooperante,
1672 5627 1737 5664 ex
1770 5608 1949 5665 nihilo
1982 5626 2113 5665 con-

538 5727 563 5800 Î¾
590 5730 720 5784 Haec
752 5731 917 5788 lectio
947 5736 1100 5789 recte
1129 5735 1399 5790 convenit
1419 5735 1566 5790 festo
1589 5735 1771 5790 sancti
1790 5734 2108 5800 Michaelis;

467 5797 890 5877 gedguoquo
909 5804 1293 5877 Evangelium
1323 5805 1515 5861 eidem
1545 5806 1731 5876 aptari
1764 5806 1961 5876 possit,
1992 5797 2108 5860 non

469 5865 650 5923 facile
678 5870 1038 5942 intelligitur.

2214 4680 2426 4751 ubique
2472 4677 2789 4750 praetende,
2831 4681 2895 4731 ut
2934 4676 2993 4731 in
3054 4678 3323 4733 omnibus
3370 4682 3470 4733 tua
3507 4678 3847 4736 defensione

2207 4774 2496 4845 justorum
2540 4770 2960 4827 desideriorum
3005 4771 3260 4841 potiatur
3308 4771 3623 4839 effectibus,
3672 4777 3734 4828 ut
3774 4775 3848 4830 de

2212 4866 2606 4923 incolomitate
2637 4862 2813 4937 ipsius
2843 4864 3031 4936 adque
3048 4864 3287 4919 victuria
3303 4864 3407 4919 tibi
3426 4866 3668 4923 Domino
3695 4884 3851 4923 sem-

2213 4978 2319 5033 per
2349 4960 2565 5032 gratias
2593 4959 2933 5013 referamus.
2965 4958 3091 5011 Per.

2838 5050 2962 5099 Post
2988 5049 3223 5100 nomina.

2286 5136 2454 5199 Deus,
2479 5132 2577 5204 qui
2606 5128 2977 5202 diligentibus
3008 5133 3064 5183 te
3088 5130 3148 5185 in
3175 5133 3332 5187 nulla
3371 5150 3431 5188 es
3459 5134 3701 5207 regione
3728 5137 3849 5192 lon-

2213 5229 2481 5301 ginquus,
2508 5225 2692 5296 dirige
2716 5222 2867 5278 viam
2896 5223 3247 5279 famolorum
3270 5230 3503 5283 tuorum
3532 5229 3611 5284 ill.
3652 5230 3714 5284 in
3748 5248 3845 5287 vo-

2212 5323 2433 5377 luntate
2462 5324 2580 5385 tua,
2630 5320 2693 5372 ut
2722 5320 2777 5371 te
2818 5319 3165 5387 protectore,
3210 5322 3264 5372 te
3301 5319 3445 5375 duce
3476 5338 3580 5393 per
3609 5323 3847 5393 justitise

2154 5428 2165 5439 '
2213 5418 2327 5470 tuae
2357 5413 2592 5470 semitas
2622 5411 2743 5466 sine
2769 5408 3089 5465 offensione
3114 5410 3471 5481 gradiantur.

2865 5505 2945 5557 Ad
2982 5520 3187 5571 pacem.

2284 5598 2538 5670 Suscipe,
2580 5593 2843 5660 Domine,
2894 5592 3186 5664 propicius
3229 5597 3552 5655 orationem
3588 5605 3848 5657 nostram

2283 5734 2310 5774 Î¹)
2336 5733 2435 5805 Hic
2473 5733 2679 5805 lacuna
2714 5748 2814 5786 seu
2860 5726 3109 5803 spatium
3171 5732 3426 5805 quinque
3470 5750 3740 5793 versuum
3787 5736 3844 5792 in

2213 5802 2526 5875 exemplari
2554 5818 2794 5859 vacuum
2822 5806 2921 5857 est.
