4006 6228
103 363 192 415 537
715 354 1331 411 SACRAMENTARIUM
1368 354 1727 411 GALLICANI

1861 384 1926 394 —-
1972 354 2339 413 LECTIONES
2375 358 2823 425 QUOTIDIAN/E.
3008 410 3015 414 .
3357 362 3459 416 538

103 504 192 563 Pro
220 476 441 543 famulo
477 490 576 542 tuo
593 485 671 542 in.
697 483 795 558 qui
823 485 881 541 in
907 487 1084 558 longa
1106 490 1395 541 terrarum
1423 487 1608 558 spatia
1620 486 1718 543 de-
1745 475 1805 550 Α
1824 465 1982 522 viciis
2007 467 2286 535 contraxi,
2319 468 2446 539 pius
2472 471 2530 522 et
2552 468 2842 541 propicius
2861 484 2927 524 ac
2954 467 3257 525 miseratus
3278 465 3464 524 indul-

101 562 317 649 tinetur,
344 596 454 653 pro
487 596 601 653 quo
630 580 912 652 Majestati
948 584 1062 635 tua
1103 580 1387 652 supplices
1425 580 1725 637 fundimus
1824 576 1982 633 8⁸³⁵)
2014 562 2281 617 allow"!
2315 563 2663 634 Ρωηίιθηῐίεθ
2696 579 2760 618 ac
2790 563 3034 618 ﬂumina
3063 562 3458 626 lacrimarum-

104 692 300 749 preces,
316 678 380 730 ut
392 673 613 747 dirigas
626 674 977 744 eiAngelum
994 672 1223 744 pietatis
1234 677 1368 740 tua,
1388 674 1488 745 qui
1500 690 1633 729 eum
1652 674 1726 729 ad
1825 672 2159 711 concessam
2190 657 2443 725 veniam,
2475 673 2508 711 ⁸
2529 661 2585 711 ιθ
2619 674 2849 712 merear
2880 657 3164 728 εεθίΡθΓθο

104 767 446 825 domicilium
460 783 629 823 suum
644 768 863 823 salvum
881 771 940 822 et
961 767 1292 823 incolomen
1323 771 1721 838 reprasentet.
2455 761 2577 810 Post
2608 760 2839 811 nomine.

743 847 1075 898 Contestatio.
1898 845 2068 911 Deus,
2098 844 2195 915 qui
2223 843 2482 899 vivorum
2523 862 2583 900 es
2612 846 2860 902 salvator
2888 846 3174 913 omnium,
3203 846 3303 919 qui
3344 861 3459 902 non

162 937 296 991 Vere
316 933 569 1011 dignum
595 937 653 989 et
661 933 882 1005 justum
902 937 1006 1001 est,
1029 932 1398 1003 omnipotens
1422 934 1590 988 Deus.
1615 932 1725 997 Qui

101 1032 427 1104 properante
476 1026 651 1083 Iacob
694 1027 796 1081 sub
837 1026 1124 1082 felicitatis
1174 1026 1362 1097 gratia
1414 1026 1725 1082 commoda

102 1125 301 1179 itenera
326 1121 589 1176 direxisti
612 1137 627 1185 ;
660 1121 866 1192 cuique
894 1123 955 1175 tu
973 1120 1094 1191 ipse
1121 1136 1371 1187 cursum,
1392 1135 1588 1175 curam
1611 1121 1723 1175 sol-

101 1215 560 1287 licitudinemque
574 1231 775 1286 gerere
791 1214 1064 1285 dignatus
1081 1231 1160 1281 es;
1176 1230 1404 1269 necnon
1419 1217 1475 1267 et
1490 1213 1723 1269 Thobia

102 1311 295 1365 famolo
320 1312 424 1364 tuo
451 1309 731 1379 angelum
758 1311 921 1363 tuum
944 1308 1149 1363 ducem
1170 1307 1447 1379 pravium
1464 1307 1724 1379 praestiti-

101 1405 178 1459 sti.
210 1402 578 1473 Quapropter
601 1401 1087 1472 omnipotentiam
1121 1406 1303 1467 tuam,
1334 1401 1594 1467 Domine,
1623 1401 1723 1454 hu-

103 1498 298 1553 militer
324 1497 706 1568 postolamus,
735 1499 797 1549 ut
825 1495 905 1549 ita
920 1495 1340 1566 profectionem
1370 1495 1721 1550 famolorum

100 1596 311 1647 tuorum
337 1588 596 1662 dirigere
612 1606 710 1644 eos
728 1589 785 1643 in
804 1589 1024 1643 itenere
1053 1593 1107 1643 et
1127 1588 1415 1644 custodire
1433 1587 1720 1660 digneris;

101 1685 352 1757 quatinus
373 1683 600 1738 nullum
621 1683 939 1754 pericolum
958 1683 1253 1754 [sentiant)
1276 1698 1379 1754 per
1405 1682 1586 1753 spatia
1606 1684 1722 1736 ter-

1825 937 1906 992 vis
1932 941 2180 993 mortem
2210 939 2529 1009 peccatoris
2554 956 2660 994 nec
2687 940 2899 995 lataris
2914 941 2976 995 in
3000 940 3322 1012 perditione
3343 956 3464 997 mo-

1826 1030 2122 1101 rientium,
2152 1035 2207 1086 te
2238 1033 2571 1104 suppliciter
2601 1034 2900 1105 deprecor,
2933 1038 2996 1089 ut
3021 1034 3303 1090 concedas
3318 1032 3461 1089 mihi

1825 1125 2055 1180 veniam
2081 1125 2440 1193 delictorum,
2474 1130 2537 1181 ut
2555 1127 2805 1182 admissa
2828 1128 3098 1195 deﬂeam,
3131 1131 3189 1182 et
3214 1127 3273 1182 in
3312 1130 3464 1199 post-

1823 1218 2062 1274 modum
2092 1236 2210 1275 non
2238 1219 2545 1276 admittam
2570 1238 2584 1288 ;
2618 1224 2677 1275 et
2706 1236 2837 1275 cum
2876 1221 3018 1276 mihi
3046 1224 3304 1276 extrema
3343 1221 3462 1277 dies

1824 1313 2070 1384 finisque
2095 1312 2224 1368 vita
2270 1313 2589 1381 advenerit,
2634 1314 2962 1369 emundatis
3007 1314 3228 1370 delictis
3273 1314 3460 1372 omni-

1823 1407 1948 1474 bus,
1978 1423 2071 1462 me
2099 1408 2340 1477 angelus
2372 1407 2689 1464 sanctitatis
2725 1408 3016 1479 suscipiat.
3048 1410 3174 1464 Per.

2496 1519 2573 1570 Ad
2595 1533 2799 1570 pacem.

2496 1534 2573 1570 aa
2630 1534 2799 1570 acem.

1886 1603 2035 1657 Deus
2065 1603 2319 1658 caritatis
2342 1608 2400 1658 et
2420 1534 2727 1676 pacis,pqu,i
2754 1621 2859 1675 pro
2890 1605 3073 1658 salute
3095 1603 3329 1675 generis
3353 1603 3461 1659 hu-

1825 1695 2178 1752 manicrucis
2195 1697 2515 1768 patibolum
2538 1698 2842 1769 pertulisti,
2867 1700 2925 1752 et
2945 1697 3285 1769 sanguinem
3296 1700 3462 1752 tuum

100 1794 297 1845 rarum,
325 1780 426 1832 aut
463 1778 611 1848 juga
655 1776 967 1843 montium,
1011 1777 1099 1831 vel
1135 1778 1454 1846 coangusta
1488 1774 1722 1830 vallium

1837 1806 1929 1861 pro
1960 1790 2361 1862 redemptione
2390 1795 2588 1846 nostra
2616 1791 2835 1859 fudisti,
2869 1808 3069 1863 preces
3093 1794 3319 1845 nostras
3338 1790 3461 1862 pla-

100 1871 343 1942 Vﬂdaque
368 1870 700 1937 ﬂuminum,
724 1886 948 1925 νοηθηᾶ
960 1869 1421 1941 εθΓΡθηιιιωννθῙ
1444 1868 1726 1940 impetum
1744 1848 1803 1921 Β
1827 1886 1987 1938 catus
2007 1887 2065 1937 et
2093 1883 2379 1955 benignus
2406 1885 2626 1956 suscipe
2652 1902 2665 1951 ;
2694 1889 2752 1940 et
2781 1886 2889 1940 hoc
2910 1884 3275 1951 sacriﬁcium,
3310 1882 3467 1956 quod

100 1965 534 2031 bestiarum,aut
556 1964 901 2018 infestorum
920 1963 1252 2029 hominum;
1275 1962 1376 2017 sed
1397 1962 1501 2016 sub
1524 1962 1608 2017 tui
1630 1978 1728 2017 no-
1828 1979 1941 2031 tua,
1977 1977 2180 2048 gratim
2210 1977 2410 2045 offero,
2441 1995 2647 2033 sereno
2676 1980 2833 2033 νυιιη
2867 1978 3122 2050 digneris
3156 1977 3461 2049 respicere,

101 2058 255 2114 minis
267 2056 609 2113 defensione
624 2056 695 2111 ad
708 2058 899 2111 locum
913 2056 1266 2110 destinatum
1283 2054 1643 2127 perveniant,
1670 2058 1729 2109 et

110 2151 359 2224 oportuni
372 2150 909 2223 temporisiteracto
932 2150 1198 2221 repetito,
1220 2148 1293 2203 ad
1306 2148 1542 2220 propria
1558 2147 1722 2203 habi-

102 2246 271 2301 tacula
281 2244 631 2299 revertendo
652 2243 908 2314 suffragii
926 2242 1009 2298 tui
1026 2244 1365 2298 mereantur
1377 2241 1613 2313 adipisci
1637 2258 1728 2296 cu-

105 2338 329 2395 stodiam
344 2355 452 2410 per
463 2338 758 2394 Christum
773 2337 1077 2393 Dominum
1091 2335 1481 2391 nostrum.Cui
1494 2335 1722 2390 merito.

183 2444 335 2485 XISSA
373 2443 642 2491 QL'OMODO
682 2442 951 2484 SACERDOS
990 2442 1096 2482 PRO
1134 2443 1196 2481 SE
1233 2442 1409 2483 ORARE
1448 2441 1635 2480 DEBET.

237 2509 466 2570 Epistola
487 2507 673 2558 Jacobi
693 2507 915 2568 apostoli
948 2507 1014 2557 ad
1038 2506 1319 2557 duodecim
1339 2506 1503 2557 tribus
1520 2507 1566 2555 ⁸.

164 2581 377 2636 Fratres
407 2581 532 2635 mei
561 2580 773 2646 dilecti,
798 2580 871 2634 sit
900 2583 1096 2635 autem
1133 2580 1322 2634 omnis
1342 2580 1519 2634 homo
1564 2579 1727 2633 velox

109 2674 167 2728 ad
191 2674 572 2743 audiendum,
604 2673 802 2728 tardus
829 2676 1024 2727 autem
1047 2672 1120 2727 ad
1138 2671 1594 2743 loquendum,’et
1609 2674 1722 2726 tar-

109 2767 196 2821 dus
221 2768 290 2822 ad
320 2768 490 2823 iram.
538 2770 622 2822 lta
650 2766 805 2822 enim
835 2766 941 2821 viri
967 2766 1253 2837 justitiam
1286 2765 1386 2820 Dei
1433 2782 1550 2820 non
1583 2782 1721 2836 ope-

107 2864 261 2916 ratur.
293 2862 539 2933 Propter
584 2860 741 2932 quod
783 2859 1098 2915 abicientes
1133 2875 1371 2914 omnem
1415 2858 1727 2913 immundi-

107 2953 234 3008 ciam
285 2958 342 3008 et
384 2952 809 3009 abundantiam
856 2952 1114 3017 malitia,
1172 2952 1230 3006 in
1280 2950 1724 3007 mansuetudine

108 3047 347 3118 suscipite
381 3046 623 3101 insitum
652 3046 912 3113 verbum,
945 3045 1100 3117 quod
1129 3047 1323 3117 potest
1350 3044 1567 3098 salvare
1598 3043 1723 3098 ani-

108 3156 216 3195 mas
242 3142 486 3195 nostras.
522 3140 580 3195 Si
613 3140 741 3210 quis
767 3142 960 3194 autem
992 3142 1157 3210 putat
1188 3155 1246 3192 se
1272 3138 1612 3208 religiosum
1644 3154 1726 3191 es-

1828 2073 1887 2125 et
1924 2069 2379 2125 misericordiam
2410 2074 2570 2127 tuam
2605 2071 2745 2126 mihi
2773 2071 3055 2127 concedas
3085 2089 3098 2139 ;
3128 2074 3192 2125 ut
3229 2070 3462 2142 quando

1828 2163 1899 2217 de
1940 2180 2179 2235 corpore
2229 2181 2325 2219 me
2374 2165 2526 2220 exire
2552 2165 2812 2235 jusseris,
2846 2181 2980 2236 pars
3023 2164 3224 2235 iniqua
3261 2164 3322 2218 in
3367 2179 3463 2218 me

1828 2273 1945 2312 non
1972 2257 2185 2311 habeat
2209 2260 2581 2329 potestatem,
2604 2258 2706 2313 sed
2733 2259 2974 2330 angelus
2997 2260 3128 2312 tuus
3157 2258 3310 2312 inter
3330 2273 3460 2312 san-

1828 2352 1949 2405 ctos
1987 2353 2045 2404 et
2074 2351 2287 2405 electos
2316 2353 2598 2418 conlocet,
2642 2352 2740 2407 ubi
2779 2353 2871 2406 lux
2914 2354 3242 2423 permanet,
3270 2353 3329 2405 et
3346 2349 3462 2404 vita

1829 2445 2036 2513 regnat
2063 2442 2125 2497 in
2144 2445 2349 2499 sacula
2374 2443 2734 2500 saculorum.

2468 2544 2803 2598 Contestatio.

1899 2631 2041 2684 Vere
2071 2630 2313 2701 dignum
2336 2633 2393 2686 et
2402 2630 2625 2702 justum
2647 2633 2752 2698 est,
2777 2630 3144 2702 omnipotens
3168 2631 3334 2697 Deus,
3363 2644 3467 2701 per

1825 2724 2114 2779 Christum
2137 2724 2445 2779 Dominum
2466 2727 2746 2779 nostrum.
2782 2724 2892 2789 Qui
2918 2741 3021 2795 pro
3048 2740 3244 2778 amore
3276 2722 3463 2777 homi-

1827 2834 1967 2871 num
1990 2818 2172 2872 factus
2192 2818 2251 2872 in
2284 2817 2724 2873 similitudinem
2759 2817 2998 2888 peccati,
3031 2818 3282 2871 formam
3320 2815 3466 2871 servi

1827 2911 2106 2965 Dominus
2131 2911 2522 2982 adsumpsitet
2542 2911 2793 2981 speciem
2815 2928 2828 2965 :
2847 2912 3181 2964 vulneratus
3209 2909 3467 2964 medicus

1827 3003 2160 3069 ambolavit,
2183 3003 2274 3058 hic
2293 3004 2458 3059 nobis
2475 3004 2743 3058 dominus
2762 3006 2819 3057 et
2845 3003 3109 3057 minister
3130 3003 3345 3069 salutis,
3371 3002 3467 3057 ad-

1823 3100 2075 3165 vocatus,
2102 3096 2303 3168 judex,
2349 3097 2637 3165 sacerdos,
2678 3100 2736 3151 et
2772 3096 3135 3152 sacriﬁcium.
3168 3098 3276 3151 Per
3312 3096 3465 3150 hunc

108 3189 485 3289 iga—Qu"
523 3189 580 3195 Ἦ
617 3189 737 3210 Γ--
770 3189 960 3243 “Tum
992 3189 1154 3240 tim
1190 3189 1238 3192 ἡ
1653 3189 1697 3191 Π
1827 3193 1905 3257 ιθ,
1932 3193 2127 3245 Sancte
2152 3192 2340 3259 Pater,
2383 3190 2715 3263 suppliciter
2748 3207 2941 3258 exoro,
2970 3193 3035 3245 ut
3070 3189 3210 3243 dum
3240 3191 3469 3243 reatum

165 3277 176 3299 ν
350 3252 387 3289 η
423 3235 733 3289 refrenans
781 3234 1040 3304 linguam
1067 3249 1263 3303 suam,
1298 3232 1400 3285 sed
1449 3212 1802 3288 seducensC
1837 3283 2185 3304 “Aurum;
2230 3301 2368 3304 nm
2826 3287 2872 3304 Α
2916 3284 2964 3304 2—
3014 3282 3311 3304 “mu”-
3353 3281 3465 3304 1“:-

108 3343 192 3381 cor
217 3343 401 3394 suum,
426 3327 600 3399 hujus
625 3343 773 3380 vana
800 3329 887 3380 est
909 3326 1131 3396 religio.
1162 3324 1387 3395 Religio
1420 3324 1639 3378 munda
1668 3327 1728 3378 et

111 3420 458 3476 immacolata
492 3420 647 3491 apud
669 3420 853 3474 Deum
883 3422 941 3473 et
966 3422 1193 3474 Patrem
1211 3418 1335 3472 hac
1361 3421 1466 3483 est,
1495 3416 1724 3472 visitare

113 3514 333 3585 popillos
363 3517 421 3568 et
439 3514 643 3569 viduas
668 3512 727 3567 in
762 3512 1151 3567 tribulatione.

294 3594 468 3643 Lectio
495 3592 665 3642 sancti
694 3592 964 3655 Evangelii
990 3590 1281 3640 secundum
1306 3593 1515 3640 Lucam.

172 3664 299 3728 Quis
327 3682 393 3719 ex
414 3665 579 3720 vobis
607 3665 787 3720 homo
815 3664 912 3735 qui
938 3663 1113 3717 habet
1139 3664 1374 3716 centum
1406 3678 1558 3728 oves,
1596 3666 1655 3716 et
1684 3662 1729 3716 si

115 3757 409 3827 perdiderit
437 3774 619 3812 unam
653 3773 719 3811 ex
755 3756 885 3824 illis,
917 3773 1113 3810 nonne
1141 3754 1380 3809 dimittit
1407 3754 1730 3826 nonaginta

112 3866 301 3905 novem
328 3851 383 3905 in
429 3853 689 3917 deserto,
716 3853 775 3904 et
798 3849 956 3904 vadit
995 3849 1070 3904 ad
1098 3850 1258 3903 illam
1295 3865 1422 3919 qua
1455 3848 1727 3919 perierat,

115 3941 277 3997 donec
306 3944 564 3999 inveniat
585 3943 756 3999 eam?
786 3946 855 4000 Et
888 3959 1020 3998 cum
1066 3941 1354 3997 invenerit
1381 3958 1535 4008 eam,
1568 3941 1733 4012 ponit

114 4034 163 4089 in
184 4037 443 4093 humeros
470 4054 605 4093 suos
631 4037 918 4109 gaudens;
953 4040 1011 4091 et
1033 4035 1270 4090 veniens
1298 4035 1558 4102 domum,
1600 4050 1731 4089 con-

113 4133 259 4184 vocat
278 4131 495 4187 amicos
515 4134 575 4185 et
592 4130 829 4197 vicinos,
850 4129 1048 4185 dicens
1064 4128 1175 4183 illis
1202 4127 1729 4200 :Congratulamini

116 4221 262 4289 mihi,
290 4223 422 4295 quia
467 4224 661 4279 inveni
697 4240 865 4279 ovem
904 4239 1098 4277 meam
1128 4238 1256 4293 qua
1294 4220 1564 4293 perierat.
1596 4220 1729 4276 Dico

114 4313 272 4382 vobis,
304 4317 457 4388 quod
487 4317 567 4372 ita
593 4315 870 4388 gaudium
897 4314 1009 4370 erit
1032 4315 1092 4369 in
1115 4315 1254 4369 calo
1276 4330 1449 4385 super
1464 4330 1579 4368 uno
1604 4329 1731 4385 pec-

115 4411 287 4462 catore
338 4410 742 4481 panitentiam
798 4408 1070 4476 habente,
1122 4424 1293 4479 quam
1331 4423 1504 4478 super
1546 4423 1729 4462 nona-

118 4500 261 4569 ginta
286 4520 489 4558 novem
511 4503 703 4575 justis,
727 4502 827 4574 qui
847 4519 966 4557 non
994 4501 1264 4573 indigent
1288 4499 1644 4572 panitentia.

704 4608 905 4648 INCIPIT
943 4606 1123 4647 MISSA.

178 4670 604 4743 Suppliciterte,
618 4673 769 4727 Deus
788 4674 959 4727 Pater
984 4670 1374 4742 omnipotens,
1390 4668 1487 4742 qui
1500 4686 1561 4723 es
1571 4684 1729 4724 crea-

118 4766 199 4816 tor
217 4766 475 4821 omnium
499 4783 715 4833 rerum,
739 4766 1039 4837 deprecor,
1063 4766 1125 4818 ut
1157 4763 1295 4818 dum
1326 4780 1421 4818 me
1451 4763 1733 4817 famolum

118 4858 263 4911 tuum
276 4875 463 4915 coram
478 4858 902 4931 omnipotentia
913 4856 1235 4928 majestatis
1246 4861 1357 4911 tua
1376 4856 1627 4928 graviter
1641 4855 1736 4910 de—

119 4947 328 5019 liquisse
349 4954 649 5021 confiteor,
678 4969 890 5007 munus
915 4949 1329 5006 misericordia
1361 4952 1473 5004 tua
1500 4952 1563 5004 ut
1592 4946 1735 5003 mihi

120 5056 374 5116 porregas
395 5064 408 5101 ε
425 5046 698 5119 quatinus
710 5046 847 5100 dum
864 5046 1016 5099 hanc
1043 5042 1395 5099 oblationem
1412 5045 1525 5097 tua
1536 5040 1736 5113 pietati

122 5134 302 5205 offero,
318 5140 472 5211 quod
484 5140 752 5212 nequiter
767 5138 995 5205 admisi,
1012 5135 1463 5192 clementissime
1478 5133 1739 5206 digneris

126 5228 418 5287 absolvere.
672 5238 679 5246 ’
773 5300 1027 5353 conectit)

184 5369 323 5425 Deus
342 5372 771 5440 misericordia,
802 5374 953 5428 Deus
977 5370 1230 5444 pietatis,
1252 5373 1401 5426 Deus
1435 5369 1741 5441 indulgen-

124 5463 225 5531 tia,
260 5469 513 5543 indulge,
548 5488 763 5544 quaso,
810 5473 868 5524 et
897 5470 1175 5525 miserere
1201 5468 1318 5524 mei
1352 5485 1364 5522 :
1398 5466 1740 5522 sacrificium

127 5571 353 5632 quoque,
382 5564 535 5636 quod
578 5564 807 5636 pietatis
844 5568 958 5619 tua
993 5563 1181 5636 gratia
1214 5561 1512 5617 humiliter
1538 5558 1741 5627 oﬂ'ero,

124 5647 351 5725 benigne
369 5656 610 5728 dignare
625 5657 934 5730 suscipere,
959 5661 1018 5712 et
1028 5660 1265 5729 peccata
1275 5672 1405 5727 qua
1417 5651 1746 5709 labentibus

192 5775 213 5803 '
232 5778 507 5852 Incertum
523 5786 610 5839 est
627 5800 703 5838 an
719 5782 809 5838 ba
830 5782 1130 5839 Lectiones
1150 5782 1278 5838 dua
1294 5781 1367 5837 ad
1384 5776 1744 5852 superiorem

1827 3283 2192 3339 conscientia
2229 3301 2375 3339 mea
2414 3300 2788 3356 recognosco,
2818 3287 2877 3339 et
2915 3284 2972 3338 in
3013 3282 3315 3355 praceptis
3353 3281 3468 3337 tuis

1826 3377 2233 3449 pravaricator
2244 3379 2668 3449 perstiti,etper
2679 3378 3021 3433 delictorum
3035 3376 3256 3432 facinus
3266 3375 3471 3432 conrui

1829 3472 1888 3525 in
1916 3471 2104 3539 ruina,
2128 3475 2190 3526 tu
2211 3489 2327 3539 me,
2354 3472 2618 3540 Domine,
2642 3472 2802 3543 erige
2825 3472 3050 3538 elisum,
3080 3487 3254 3542 quem
3278 3471 3470 3541 lapsus

1828 3564 2051 3635 peccati
2063 3565 2370 3636 prostravit
2384 3582 2397 3619 :
2414 3564 2697 3620 inlumina
2709 3581 2925 3620 cacum
2934 3607 2948 3631 ,
2963 3580 3141 3635 quem
3152 3566 3464 3634 terra'pec-

1830 3661 2091 3713 catorum
2104 3658 2380 3729 caligines
2393 3659 2842 3713 obscuraverunt
2856 3675 2870 3723 ;
2889 3659 3041 3712 solve
3053 3656 3467 3727 compeditum,

1831 3767 2005 3822 quem
2028 3750 2254 3806 vincola
2280 3754 2650 3823 peccatorum
2681 3750 3102 3820 constringunt.
3126 3751 3340 3805 Prasta
3366 3764 3471 3819 per

1831 3847 2093 3898 sanctum
2121 3848 2180 3899 et
2193 3844 2509 3915 gloriosum
2544 3848 2602 3899 et
2636 3843 2998 3899 adorandum
3032 3840 3339 3898 Dominum
3370 3857 3471 3897 no-

1831 3940 2015 3994 strum
2038 3940 2233 3993 Jesum
2259 3937 2547 3993 Christum
2579 3937 2781 3992 Filium
2809 3939 2994 4006 tuum,
3019 3951 3195 4007 quem
3227 3933 3469 3988 laudant

1831 4031 2022 4103 angeli
2036 4034 2209 4102 atque
2238 4030 2592 4102 archangeli,
2613 4029 2889 4084 cherubin
2909 4045 3139 4101 quoque
3158 4044 3223 4082 ac
3239 4026 3467 4083 serafin.

2400 4168 2555 4209 MISSA
2584 4167 2897 4209 OMNIMODA.

1981 4244 2210 4309 Epistola
2232 4245 2416 4295 Jacobi
2435 4246 2657 4310 apostoli
2679 4245 2745 4295 ad
2771 4244 3051 4295 duodecim
3080 4243 3247 4294 tribus
3271 4244 3316 4292 h.

1903 4332 2147 4398 Fratres,
2165 4329 2210 4384 si
2229 4330 2543 4385 dixerimus
2564 4331 2699 4403 quia
2713 4332 3013 4403 peccatum
3028 4345 3146 4384 non
3168 4328 3468 4384 habemus.

1831 4427 1941 4499 ipsi
1969 4443 2076 4482 nos
2119 4424 2468 4494 seducimus,
2502 4428 2560 4479 et
2590 4425 2801 4479 veritas
2844 4423 2901 4477 in
2937 4422 3101 4478 nobis
3128 4438 3244 4476 non
3280 4424 3383 4476 est.
3414 4419 3474 4476 Si

1833 4525 2029 4576 autem
2044 4520 2289 4576 confessi
2313 4518 2595 4573 fuerimus
2615 4520 2851 4588 peccata
2873 4519 3090 4581 nostra,
3108 4513 3294 4568 ﬁdelis
3314 4516 3399 4568 est
3416 4516 3476 4568 et

1750 4582 1811 4656 D
1825 4615 2013 4686 justus
2026 4614 2322 4678 Dominus,
2347 4610 2444 4681 qui
2468 4582 2633 4664 nobis
2650 4610 2889 4680 peccata
2900 4606 3172 4672 dimittat,
3190 4609 3249 4660 et
3269 4622 3472 4661 emun-

1835 4708 1934 4761 det
1965 4723 2071 4762 nos
2096 4707 2167 4760 ab
2208 4703 2369 4760 omni
2396 4701 2722 4773 iniquitate.
2753 4699 2867 4755 Sed
2899 4699 2941 4752 si
2978 4697 3106 4768 quis
3136 4698 3472 4768 peccaverit,

1834 4800 2178 4857 advocatum
2209 4796 2489 4851 habemus
2507 4793 2658 4865 apud
2682 4793 2912 4846 Patrem
2932 4792 2960 4846 Ι
2965 4806 3126 4845 esum
3147 4790 3434 4845 Christum
3460 4808 3472 4846 :

1837 4898 1894 4948 et
1920 4893 2039 4965 ipse
2067 4894 2153 4946 est
2176 4886 2515 4962 propiciatio
2539 4902 2643 4958 pro
2665 4883 2913 4957 peccatis
2940 4883 3152 4938 nostris
3175 4900 3190 4950 ;
3219 4900 3337 4939 non
3370 4900 3474 4955 pro

1837 4986 2047 5043 nostris
2071 4986 2265 5041 autem
2286 4983 2535 5047 tantum,
2564 4978 2665 5033 sed
2701 4976 2877 5031 etiam
2900 4992 3004 5047 pro
3032 4976 3209 5031 totius
3244 4977 3472 5032 mundi.

1836 5082 1907 5136 Et
1927 5080 1985 5135 in
2018 5080 2128 5135 hoc
2155 5076 2363 5133 scimus
2377 5072 2653 5145 quoniam
2674 5069 3048 5143 cognovimus
3069 5086 3226 5133 eum,
3251 5070 3475 5125 siman-

1839 5174 1975 5229 data
2001 5173 2124 5243 ejus
2150 5171 2538 5227 observemus.
2562 5166 2621 5222 Si
2653 5164 2781 5237 quis
2804 5163 2943 5219 dicit
2979 5179 3039 5217 se
3072 5178 3242 5217 nosse
3273 5164 3475 5229 Deum,

1840 5270 1900 5323 et
1925 5265 2201 5321 mandata
2226 5264 2351 5334 ejus
2378 5277 2494 5316 non
2536 5258 2802 5325 custodit,
2844 5256 3095 5313 mendax
3128 5258 3242 5322 est;
3280 5254 3341 5310 in
3366 5255 3476 5310 hoc

1840 5359 2049 5416 veritas
2070 5375 2188 5415 non
2208 5360 2312 5412 est.
2345 5354 2457 5420 Qui
2478 5357 2673 5409 autem
2702 5355 2891 5408 servat
2908 5351 3148 5407 verbum
3179 5349 3320 5421 ejus,
3342 5363 3476 5402 vere

1842 5455 1901 5509 in
1928 5470 1997 5509 eo
2022 5452 2229 5507 caritas
2258 5449 2359 5505 Dei
2385 5448 2643 5521 perfecta
2669 5449 2757 5502 est
2774 5445 2833 5500 in
2859 5443 3081 5501 Christo
3108 5444 3259 5499 Jesu.

2003 5561 2177 5614 Lectio
2210 5560 2373 5611 sancti
2406 5558 2673 5623 Evangelii
2696 5556 2984 5607 secundum
3002 5555 3321 5608 Matthaum.

1916 5648 2127 5703 Diebus
2154 5646 2266 5702 illis
2293 5662 2423 5701 cum
2435 5644 2706 5700 transiret
2720 5642 2998 5698 Dominus
3014 5643 3041 5696 J
3047 5657 3196 5709 esus,
3213 5637 3355 5695 vidit
3372 5640 3475 5694 ho-

1846 5789 2200 5841 revocamus,
2233 5786 2568 5844 quanquam
2593 5769 2652 5824 in
2687 5768 2872 5844 missis
2900 5765 3345 5844 dominicalibus
3368 5764 3471 5844 Le-

139 5860 203 5901 an
214 5849 281 5904 ad
290 5834 1748 5926 subsequentem—missampertinefant.Sed‘quiamis-
1848 5846 2065 5926 ctiones
2086 5834 2338 5926 secundo
2364 5834 2489 5897 loco
2517 5844 2647 5926 post
2666 5840 2901 5922 missam
2930 5837 3131 5909 posita
3149 5838 3280 5889 sunt
3302 5834 3474 5888 infra.

142 5930 249 5973 sam
263 5922 437 5979 solent
448 5922 770 5996 praecedere
784 5922 1295 5997 Lectiones,potius
1311 5922 1384 5980 ad
1393 5922 1745 5995 sequentem

1919 5917 1945 5957 δ
1975 5918 2094 5971 [mo
2120 5913 2357 5971 Joannis
2378 5912 2620 5985 apostoli
2653 5912 2857 5984 prima.
