4006 6228
511 348 612 406 539

1377 354 1709 412 APPENDIX
1747 354 1833 410 AD
1869 352 2091 421 OPERA
2129 354 2182 409 S.
2223 352 2521 411 GERMANI
2560 352 2987 414 PARISIENSIS.

3771 364 3873 415 540

507 462 772 521 minem‘
803 462 1103 524 sedentem
1135 465 1194 523 in
1229 466 1483 535 teloneo,
1509 465 1842 522 Matthaeum
1874 462 2133 533 nomine,
2156 473 2216 548 Α
2236 466 2416 523 stram
2447 464 2711 523 omnium
2749 465 3138 524 humilitatem
3172 462 3460 536 intendas,
3501 462 3754 524 crimina
3785 482 3874 525 re-

508 558 589 614 ait
611 559 693 614 illi
725 576 738 614 :
772 559 1025 633 Sequere
1050 577 1167 616 me.
1198 562 1267 617 Et
1303 576 1545 631 surgens
1588 562 1815 615 secutus
1858 562 1945 614 est
1979 575 2132 615 eum.

506 652 743 709 Factum
761 659 848 711 est
872 672 1001 711 cum
1019 656 1384 712 accumberet
1406 654 1679 710 Dominus
1695 656 1858 710 Iesus
1877 653 1937 708 in
1960 653 2136 709 domo

506 746 674 817 illius,
702 749 867 805 multi
896 750 1183 822 publicani
1215 753 1273 803 et
1315 751 1646 820 peccatores
1677 748 1845 802 simul
1886 747 2134 802 discum-

504 840 721 898 bebant
740 859 870 897 cum
885 845 1017 898 Iesu
1039 846 1095 896 et
1117 842 1408 913 discipulis
1429 842 1570 913 ejus.
1595 844 1774 896 Erant
1794 841 1949 895 enim
1969 840 2135 895 multi

506 935 605 1006 qui
634 938 691 989 et
711 936 1100 1007 sequebantur
1129 952 1281 990 eum.
1310 938 1380 990 Et
1407 936 1619 992 Scriba
1654 939 1713 990 et
1752 934 2023 1005 Pharisagi
2054 935 2131 989 vi-

506 1027 707 1083 dentes
736 1030 871 1101 quia
895 1030 1274 1084 manducaret
1300 1047 1431 1085 cum
1453 1029 1850 1101 peccatoribus
1877 1032 1935 1083 et
1954 1027 2137 1100 publi-

504 1121 679 1189 canis,
705 1121 973 1177 dicebant
1003 1123 1296 1195 discipulis
1316 1124 1439 1195 ejus
1466 1139 1479 1177 :
1512 1124 1701 1189 Quare
1722 1138 1853 1177 cum
1884 1122 2137 1194 publica-

502 1214 590 1269 nis
611 1219 671 1269 et
697 1216 1091 1287 peccatoribus
1108 1218 1423 1273 manducat
1448 1217 1728 1288 magister
1754 1219 1941 1271 vester
1963 1216 1992 1270 ‘l
2017 1217 2133 1271 Hoc

501 1308 719 1376 audito,
740 1311 899 1364 Iesus
928 1310 1008 1364 ait
1037 1310 1180 1365 illis:
1204 1312 1328 1366 Non
1361 1327 1589 1366 necesse
1613 1311 1832 1365 habent
1859 1309 1987 1364 sani
2016 1326 2132 1363 me-

502 1400 718 1469 dicum,
752 1403 852 1457 sed
883 1403 979 1474 qui
1005 1404 1155 1459 male
1186 1404 1422 1460 habent.
1443 1406 1565 1460 Non
1594 1403 1752 1459 enim
1772 1402 1903 1459 veni
1926 1418 2132 1457 vocare

495 1494 701 1566 justos,
730 1497 831 1551 sed
862 1500 1211 1568 peccatores.

1111 1604 1312 1645 INCIPIT
1342 1604 1520 1645 MISSA.

572 1668 950 1741 Omnipotens
994 1671 1208 1725 aeterne
1248 1671 1416 1737 Deus,
1460 1673 1572 1724 tua:
1614 1668 1810 1741 glorias
1851 1667 2131 1739 pietatem

501 1762 741 1833 supplici
776 1762 1080 1819 devotione
1119 1764 1387 1835 deposco,
1435 1767 1497 1818 ut
1534 1763 1797 1818 omnium
1837 1762 2126 1815 malorum

500 1871 765 1910 meorum
785 1856 1010 1911 vincula
1037 1858 1240 1924 solvas,
1263 1856 1597 1928 cunctisque
1618 1856 1762 1911 meis
1791 1854 2130 1909 criminibus
2149 1851 2207 1923 Β

501 1950 674 2019 atque
704 1950 952 2020 peccatis
977 1952 1297 2006 clementer
1322 1950 1616 2021 ignoscas;
1638 1953 1699 2005 ut
1713 1948 1849 2021 quia
1864 1965 1960 2003 me
1985 1947 2134 2001 indi-

499 2056 681 2111 gnum
714 2046 773 2096 et
798 2046 1164 2113 peccatorem
1194 2043 1267 2098 ad
1293 2043 1682 2097 ministerium
1722 2045 1890 2097 tuum
1923 2056 2130 2096 vocare

500 2133 769 2205 dignatus
782 2152 862 2203 es,
886 2136 964 2191 sic
985 2154 1082 2191 me
1103 2136 1377 2192 idoneum
1405 2136 1511 2191 tibi
1536 2135 1873 2190 ministrum
1895 2133 2127 2201 efficias,

500 2230 563 2283 ut
589 2229 927 2285 sacrificium
957 2230 1028 2285 de
1060 2231 1331 2286 manibus
1365 2230 1511 2285 meis
1540 2230 1748 2301 placite
1778 2245 1844 2283 ac
1874 2227 2128 2298 benigne

498 2321 798 2394 suscipias;
824 2324 1141 2379 electorum
1170 2325 1535 2379 sacerdotum
1558 2340 1653 2377 me
1682 2322 2023 2394 participem
2050 2321 2130 2374 fa-

497 2414 632 2483 cias,
653 2420 711 2471 et
731 2417 800 2471 de
812 2418 1113 2489 praeceptis
1127 2418 1237 2508 tuis
1336 2418 1494 2508 nullo
1517 2417 1785 2472 aberrare
1805 2414 2126 2486 permittas.

568 2567 852 2635 Adtende,
880 2568 1147 2635 Domine,
1172 2496 1462 2640 3:323:53}.
1486 2584 1633 2622 meae
1659 2566 1944 2621 servitutis
1971 2566 2131 2621 obse-

498 2658 1072 2731 quium,etmiserere
1084 2662 1349 2716 fidelibus
1362 2660 1717 2717 famulistuis
1731 2660 1902 2726 ill.;ut
1913 2659 2130 2713 cunctis

496 2769 697 2808 eorum
724 2755 1032 2811 sceleribus
1054 2755 1385 2828 amputatis,
1400 2757 1480 2810 ita
1508 2755 1623 2809 sint
1638 2755 1749 2808 tua!
1770 2752 2127 2808 miserationi

498 2846 833 2902 defensione
854 2849 1116 2919 protecti,
1143 2849 1273 2903 utin
1296 2848 1694 2903 observatione
1719 2847 2129 2901 mandatorum

497 2942 726 2996 tuorum
753 2946 1084 2996 mereantur
1116 2959 1238 2995 esse
1259 2942 1498 3014 perfecti
1532 2959 1544 2996 :
1572 2940 1843 3012 quatinus
1861 2943 1919 2993 et
1943 2939 2000 2993 in
2023 2940 2131 2994 hac

492 3033 608 3088 vita
639 3034 901 3090 universa
931 3035 1187 3091 facinora
1215 3039 1473 3103 caveant,
1509 3038 1567 3089 et
1591 3036 1726 3089 ante
1757 3035 2129 3105 conspectum

493 3127 690 3198 gloria:
715 3131 829 3183 tuae
860 3129 1210 3201 quandoque
1242 3128 1364 3184 sine
1392 3128 1732 3183 confusione
1767 3126 2126 3199 perveniant.

1125 3210 1249 3257 Post
1272 3206 1502 3257 nomina.

564 3277 791 3349 Accipe,
820 3280 970 3334 Deus
985 3278 1262 3350 piissime,
1286 3281 1517 3333 tuorum
1541 3278 1862 3349 supplicum
1887 3280 2040 3344 vota,
2072 3278 2132 3331 et

497 3371 733 3425 nomina
749 3387 877 3442 quae
890 3375 990 3426 tuo
1009 3387 1202 3426 coram
1220 3370 1424 3425 altario
1439 3370 1720 3441 conspicis
1739 3368 2047 3436 recenseri,
2069 3368 2127 3421 in

495 3467 711 3518 aeterno
734 3464 863 3518 vitae
883 3464 1028 3520 libro
1051 3464 1368 3520 conscribe.
1392 3464 1657 3519 Concede
1679 3462 1856 3517 etiam
1879 3462 2022 3516 mihi
2046 3461 2129 3515 in-

496 3555 674 3627 digno
688 3557 1042 3625 etomnibus,
1057 3573 1162 3629 pro
1177 3558 1381 3629 quibus
1392 3560 1448 3612 te
1470 3558 1703 3628 supplex
1719 3557 1947 3628 postulo
1964 3572 1977 3610 :
2002 3572 2129 3626 per-

493 3653 728 3720 petuam
750 3651 1012 3723 requiem
1056 3651 1243 3707 tribue
1278 3652 1628 3706 famulorum
1656 3653 1890 3705 tuorum
1915 3648 2127 3715 ill.,vel

491 3744 750 3798 omnium
764 3744 1021 3800 ﬁdelium
1044 3744 1470 3812 defunctorum,
1488 3744 1619 3798 utin
1640 3743 1887 3798 Abrahae
1901 3741 2126 3813 gremio

490 3837 789 3905 conlocati,
816 3837 931 3893 illic
945 3854 1141 3910 pmnas
1158 3839 1407 3893 evadant
1423 3838 1744 3892 inferorum
1761 3840 1819 3890 et
1838 3850 2122 3890 resurrec-

491 3930 663 3985 tionis
673 3935 937 4004 tempore
950 3932 1189 3989 ccetibus
1200 3948 1299 3987 eos
1319 3931 1523 3987 sociari
1528 3931 1737 4002 jubeas
1758 3930 2122 4001 angelorum.

1152 4012 1232 4062 Ad
1255 4024 1459 4074 pacem.

562 4085 730 4150 Deus,
753 4083 1116 4154 quicaritatis
1133 4100 1193 4137 es
1207 4088 1425 4150 auctor,
1442 4084 1500 4136 et
1519 4098 1676 4152 purse
1698 4080 1853 4151 pacis
1870 4096 1936 4135 ac
1949 4079 2123 4134 dilec-

490 4174 663 4230 tionis
674 4178 921 4241 amator,
939 4175 1161 4246 suscipe
1175 4173 1537 4230 offerentium
1551 4173 1924 4240 oblationem,
1939 4175 1998 4227 et
2008 4189 2126 4227 om-

493 4268 656 4323 nium
688 4267 1052 4324 infirmorum
1075 4267 1527 4324 Christianorum
1543 4265 2121 4337 sanalanguoresill.,

491 4377 603 4434 quo
632 4364 686 4416 te
710 4360 1037 4416 medicante
1060 4362 1303 4416 salutem
1325 4361 1624 4433 recipiant,
1658 4363 1716 4414 et
1751 4360 1864 4414 tuis
1892 4375 2127 4430 semper

490 4455 610 4510 sani
618 4454 973 4527 jussionibus
985 4457 1323 4528 appareant.
1339 4454 1400 4509 Id
1422 4454 1670 4525 denique
1685 4452 1963 4508 obnoxius
1974 4468 2124 4523 quee-

488 4566 571 4616 so,
586 4552 648 4603 ut
664 4564 869 4604 omnes
878 4551 1037 4604 metu
1051 4548 1300 4617 territos,
1320 4547 1516 4620 inopia
1529 4545 1791 4613 afflictos,
1805 4544 2121 4600 tribulatio-
2138 4583 2198 4656 D

488 4660 561 4698 ne
573 4645 823 4712 vexatos,
843 4642 1060 4698 morbis
1073 4643 1327 4709 obrutos,
1343 4639 1633 4712 suppliciis
1645 4638 1890 4708 deditos,
1913 4636 2119 4692 debitis

489 4736 792 4808 obligatos,
817 4735 877 4788 in
907 4735 1234 4807 captivitate
1257 4739 1314 4790 et
1335 4731 1804 4806 peregrinatione
1839 4731 2119 4786 constitu-

490 4831 598 4895 tos,
612 4830 846 4882 cunctos
858 4826 1218 4899 indulgentia
1230 4830 1343 4882 tuae
1356 4825 1585 4897 pietatis
1599 4824 1872 4893 absolvat,
1889 4839 2121 4878 morum

489 4919 897 4976 emendatione
937 4921 1171 4990 relevet,
1197 4923 1255 4976 et
1279 4918 1571 4975 miseratio
1610 4917 1949 4990 quotidiana
1982 4933 2119 5002 con-

489 5014 697 5070 foveat.

1139 5083 1473 5134 Contestatio.

558 5157 702 5211 Vere
730 5155 973 5228 dignum
996 5159 1055 5211 et
1066 5155 1288 5226 justum
1305 5158 1408 5222 est,
1436 5153 1807 5225 omnipotens
1831 5153 2000 5220 Deus,
2017 5167 2122 5223 per

484 5249 775 5306 Christum
803 5249 1114 5306 Dominum
1145 5250 1427 5303 nostrum.
1458 5248 1670 5302 Verum
1699 5245 2033 5319 pontificem
2064 5247 2122 5299 et

484 5344 673 5400 solum
687 5342 810 5397 sine
828 5341 1049 5419 peccati
1063 5342 1291 5396 macula
1310 5340 1699 5407 sacerdotem;
1722 5356 1827 5412 per
1846 5353 2021 5409 quem
2038 5340 2117 5403 te,

487 5440 703 5492 aeterne
730 5439 900 5492 Pater
929 5437 987 5491 et
1013 5433 1283 5503 Domine,
1312 5433 1650 5490 omnimoda
1668 5430 1991 5487 intentione
2018 5428 2117 5483 de-

484 5545 681 5600 posco,
714 5532 777 5584 ut
800 5528 1159 5584 oblationem
1189 5528 1360 5595 hanc,
1389 5543 1564 5598 quam
1591 5541 1695 5597 pro
1732 5523 1966 5579 famulis
2006 5521 2120 5575 tuis

484 5621 783 5677 offerimus
810 5621 914 5690 ill.,
946 5620 1199 5692 benigne
1231 5619 1527 5691 suscipias,
1561 5615 1969 5689 zegrotantium
1995 5631 2117 5670 me-

487 5716 700 5769 dellam
725 5714 986 5770 sanitatis
1014 5713 1338 5785 impertias,
1366 5714 1557 5767 locum
1586 5710 1726 5765 lucis
1752 5712 1810 5765 et
1832 5707 2120 5785 refrigerii

488 5805 793 5860 animabus
822 5784 1227 5861 defunctorum
1254 5806 1313 5861 in
1342 5820 1483 5875 pace
1510 5803 1724 5858 vocatis
1756 5784 1994 5870 tribuas,
2023 5818 2122 5857 no-

558 5918 582 5946 ⁸
612 5917 796 5987 Super
824 5918 976 5973 hanc
1000 5934 1199 5974 vocem
1225 5918 1436 5990 legitur
1459 5919 1622 5976 Levin
1646 5916 1818 5988 Atrei.

2236 561 2390 618 laxes
2421 564 2478 616 et
2503 564 2738 633 peccata
2767 561 3054 629 dimittas;
3082 561 3368 634 simulque
3400 561 3668 618 oratione
3700 578 3871 617 exau-

2238 654 2380 722 dias,
2411 658 2469 711 et
2492 655 2705 727 ubique
2735 673 2841 712 nos
2869 655 3231 728 protegendo
3262 657 3550 713 custodias
3584 673 3598 712 :
3632 660 3701 712 ut
3727 658 3875 712 eruti

2236 748 2673 805 adversitatibus
2690 750 2914 818 mundi,
2947 747 3038 804 hic
3069 754 3128 806 et
3156 751 3215 805 in
3242 754 3525 806 aeternum
3556 749 3877 807 sanctiﬁca-

2236 842 2299 909 ti,
2330 845 2387 896 te
2416 843 2834 899 incessabiliter
2863 860 2993 899 cum
3016 843 3235 915 angelis
3262 848 3320 899 et
3338 845 3709 918 archangelis
3738 860 3873 900 con-

2235 936 2537 993 laudemus
2556 937 2636 993 ita
2664 936 2939 1007 dicentes,
2961 938 3220 994 Sanctus.

2845 1053 3004 1095 MISSA
3043 1054 3163 1094 VOTI
3170 1055 3230 1094 νΑ
3239 1080 3253 1093 .

2524 1116 2753 1179 Epistola
2785 1117 2930 1168 Pauli
2955 1118 3176 1181 apostoli
3198 1118 3264 1169 ad
3289 1120 3567 1171 Romanos.

2306 1190 2548 1258 Fratres,
2565 1190 2800 1245 obsecro
2822 1208 2921 1246 vos
2937 1208 3042 1263 per
3060 1190 3372 1246 Dominum
3394 1196 3660 1249 nostrum
3674 1194 3873 1248 Iesum

2233 1283 2521 1338 Christum
2553 1287 2612 1337 et
2637 1301 2741 1355 per
2764 1284 3065 1339 caritatem
3087 1284 3331 1356 Spiritus
3357 1286 3559 1354 sancti,
3594 1289 3661 1341 ut
3702 1286 3872 1357 adju-

2231 1376 2372 1430 vetis
2398 1393 2491 1431 me
2516 1377 2574 1431 in
2606 1378 2963 1433 orationibus
2992 1396 3098 1450 pro
3127 1396 3220 1433 me
3248 1380 3323 1434 ad
3346 1380 3686 1448 Dominum,
3722 1384 3791 1434 ut
3818 1381 3879 1435 li-

2230 1470 2398 1526 berer
2424 1471 2496 1527 ab
2516 1471 2843 1527 infidelibus
2872 1472 2973 1544 qui
2998 1476 3132 1528 sunt
3168 1473 3225 1527 in
3259 1473 3477 1541 Iudaea,
3507 1477 3567 1528 et
3605 1474 3875 1545 obsequii

2230 1563 2343 1618 mei
2367 1563 2601 1632 oblatio,
2629 1568 2863 1636 accepta
2879 1566 2983 1621 fiat
3010 1567 3406 1638 Hierusolyma
3432 1566 3668 1635 sanctis,
3698 1571 3769 1621 ut
3786 1584 3877 1622 ve-

2230 1657 2388 1712 niam
2406 1658 2479 1713 ad
2505 1674 2605 1713 vos
2628 1675 2734 1729 per
2760 1659 3116 1714 voluntatem
3146 1660 3267 1728 Dei,
3291 1664 3356 1715 ut
3378 1660 3696 1731 refrigerer
3721 1659 3874 1715 vobi-

2229 1768 2409 1806 scum.
2439 1752 2590 1806 Deus
2618 1754 2815 1806 autem
2842 1752 2998 1823 pacis
3026 1752 3098 1807 sit
3128 1769 3259 1807 cum
3300 1753 3569 1808 omnibus
3602 1753 3791 1808 vobis.

2434 1850 2610 1900 Lectio
2637 1850 2802 1901 sancti
2829 1850 3101 1915 Evangelii
3130 1851 3420 1901 secundum
3446 1853 3662 1902 Lucam.

2300 1933 2581 2002 Tempore
2601 1930 2721 1999 illo,
2736 1931 3179 2003 perambulabat
3198 1932 3475 1987 Dominus
3492 1932 3671 1988 Iesus'
3686 1933 3869 1988 Hieri-

2230 2026 2359 2092 cho,
2389 2028 2447 2078 et
2477 2041 2607 2078 ecce
2628 2024 2714 2078 vir
2741 2024 2981 2079 nomine
3002 2025 3323 2093 Zacchaaus,
3350 2029 3408 2081 et
3435 2026 3528 2080 hic
3555 2029 3687 2082 erat
3718 2026 3871 2097 prin-

2230 2135 2363 2189 ceps
2383 2117 2847 2189 publicanorum,
2868 2120 2926 2172 et
2946 2118 3066 2188 ipse
3080 2118 3236 2173 dives
3256 2136 3269 2172 ε
3290 2122 3347 2173 et
3364 2120 3698 2190 qumrebatI
3704 2137 3871 2175 esum

2230 2212 2424 2266 videre
2451 2210 2578 2283 quis
2605 2214 2773 2278 esset,
2794 2214 2988 2267 etnon
3014 2215 3243 2282 poterat
3262 2229 3382 2283 prae
3394 2213 3583 2280 turba,
3609 2213 3747 2284 quia
3762 2218 3875 2267 sta-

2230 2308 2360 2360 tura
2386 2305 2622 2376 pusillus
2648 2308 2790 2360 erat.
2831 2306 2900 2359 Et
2930 2322 3289 2376 praecurrens
3323 2305 3585 2361 ascendit
3609 2306 3672 2361 in
3700 2307 3870 2362 arbo-

2230 2417 2357 2455 rem
2396 2401 2766 2473 sycimorum,
2799 2402 2863 2454 ut
2894 2400 3118 2455 videret
3154 2400 3340 2469 illum,
3389 2402 3525 2472 quia
3567 2401 3709 2456 inde
3751 2406 3874 2457 erat

2230 2494 2592 2549 transiturus.
2636 2495 2705 2548 Et
2738 2510 2871 2548 cum
2912 2493 3162 2548 venisset
3192 2494 3266 2549 ad
3296 2495 3507 2562 locum,
3548 2495 3869 2566 suscipiens

2229 2589 2387 2645 Iesus
2418 2587 2560 2642 vidit
2586 2588 2766 2655 illum,
2809 2590 2866 2642 et
2906 2586 3046 2642 dixit
3087 2587 3160 2641 ad
3200 2604 3333 2642 eum
3364 2589 3691 2658 :Zacchaae,
3722 2588 3873 2643 festi-

2232 2699 2377 2736 nans
2407 2681 2711 2748 descende,
2745 2680 2880 2752 quia
2905 2680 3077 2735 hodie
3101 2681 3157 2735 in
3180 2681 3357 2736 domo
3386 2684 3484 2735 tua
3514 2684 3752 2753 oportet
3780 2698 3870 2736 me

2231 2792 2491 2830 manere.
2521 2776 2590 2829 Et
2612 2774 2891 2829 festinans
2905 2774 3222 2842 descendit,
3245 2778 3303 2829 et
3314 2775 3534 2846 excepit
3551 2775 3717 2829 illum
3741 2792 3872 2846 gau-

2231 2870 2393 2923 dens.
2422 2870 2633 2923 Etcum
2653 2868 2917 2923 viderent
2937 2884 3162 2937 omnes,
3188 2869 3657 2934 murmurabant,
3683 2868 3873 2924 dicen-

2230 2966 2334 3030 tes,
2366 2963 2521 3033 quod
2534 2961 2605 3017 ad
2626 2961 2927 3016 hominem
2942 2964 3309 3033 peccatorem
3337 2961 3685 3017 divertisset.
3703 2963 3872 3017 Stans

2231 3059 2423 3111 autem
2446 3056 2745 3113 Zacchams
2767 3054 2911 3110 dixit
2930 3054 3005 3109 ad
3032 3054 3340 3109 Dominum
3359 3071 3373 3108 :
3389 3056 3530 3110 Ecce
3562 3055 3867 3110 dimidium

2230 3150 2516 3204 bonorum
2545 3165 2831 3216 meorum,
2854 3148 3117 3215 Domine,
3143 3148 3216 3203 do
3239 3148 3608 3219 pauperibus,
3634 3152 3693 3204 et
3720 3149 3769 3204 si
3786 3150 3869 3205 cui

2148 3217 2204 3291 Ο
2230 3242 2445 3313 aliquid
2473 3242 2829 3308 defraudavi,
2853 3242 3036 3297 reddo
3051 3217 3460 3313 quadruplum.
3475 3242 3570 3296 Ait
3590 3242 3871 3297 Dominus

2229 3337 2301 3390 ad
2330 3352 2483 3401 eum,
2527 3335 2661 3406 quia
2692 3334 2865 3390 hodie
2896 3335 3048 3389 salus
3073 3334 3272 3390 domui
3311 3335 3444 3389 huic
3475 3336 3629 3390 facta
3664 3339 3771 3403 est,
3800 3353 3870 3391 eo

2229 3428 2384 3499 quod
2414 3430 2472 3482 et
2503 3427 2621 3499 ipse
2649 3427 2797 3481 filius
2826 3431 2913 3481 est
2935 3427 3197 3482 Abrahae.
3214 3428 3381 3481 Venit
3407 3427 3563 3482 enim
3588 3427 3745 3483 ﬁlius
3765 3429 3870 3483 ho-

2227 3520 2401 3575 minis
2422 3536 2698 3591 quaarere,
2732 3523 2792 3574 et
2823 3521 3042 3574 salvum
3074 3520 3262 3575 facere
3289 3520 3445 3591 quod
3471 3520 3745 3591 perierat.

2830 3634 3030 3673 INCIPIT
3068 3633 3248 3673 MISSA.

2296 3711 2576 3766 Exultatio
2591 3710 2801 3779 divina,
2824 3714 3069 3782 paterna
3082 3710 3557 3782 pietas,inmensa
3567 3712 3686 3783 maj
3695 3715 3866 3774 cstas.

2226 3808 2282 3859 te
2306 3804 2607 3876 supplices,
2626 3807 2944 3858 trementes
2970 3804 3209 3875 quidem
3228 3820 3535 3875 precamur
3560 3821 3667 3875 pro
3702 3822 3865 3859 servo

2225 3900 2325 3952 tuo
2348 3898 2450 3964 ill.,
2482 3900 2544 3951 ut
2570 3896 2672 3951 des
2700 3896 2773 3963 ei,
2806 3897 3074 3964 Domine,
3107 3899 3367 3951 mentem
3397 3913 3626 3969 puram,
3656 3898 3867 3952 carita-

2225 3994 2345 4046 tem
2384 3990 2725 4061 perfectam,
2758 3990 2817 4043 in
2855 3990 3079 4045 actibus
3123 3988 3539 4058 sinceritatem,
3579 3989 3639 4043 in
3688 3990 3866 4045 corde

2225 4084 2557 4155 puritatem,
2583 4083 2640 4136 in
2660 4099 2836 4153 opere
2851 4083 3144 4150 virtutem,
3170 4083 3229 4137 in
3250 4082 3691 4137 necessitatibus
3712 4084 3868 4138 forti-

2224 4176 2508 4244 tudinem,
2540 4176 2599 4230 in
2621 4175 2877 4230 moribus
2902 4175 3267 4247 disciplinam
3293 4192 3306 4242 ;
3326 4179 3385 4230 et
3404 4176 3557 4247 quod
3579 4192 3684 4247 pro
3703 4176 3866 4247 justi-

2226 4268 2318 4323 tiee
2339 4271 2449 4323 tua:
2467 4267 2695 4337 timore,
2716 4268 2944 4340 integra
2964 4270 3159 4322 mente
3186 4267 3600 4335 veldevotione
3613 4285 3720 4339 pro
3742 4268 3862 4341 ipso

2222 4361 2326 4417 tibi
2354 4360 2669 4427 offerimus,
2694 4360 2927 4432 pietatis
2953 4362 3069 4415 tuas
3097 4359 3417 4415 obtinenda
3455 4365 3789 4433 cognoscat.

2900 4452 3113 4502 Secreta
3139 4453 3186 4502 ιι.

2293 4527 2591 4592 Iteramus,
2630 4523 3001 4595 omnipotens
3045 4526 3213 4592 Deus,
3248 4524 3723 4596 deprecationem
3762 4542 3857 4580 no-

2221 4621 2399 4673 stram
2420 4621 2554 4673 ante
2570 4619 2941 4690 conspectum
2960 4616 3280 4688 majestatis
3296 4620 3431 4685 tuae,
3451 4634 3630 4689 quem
3646 4619 3857 4691 specia-

2220 4711 2354 4766 liter
2378 4728 2482 4782 pro
2505 4711 2721 4765 famulo
2754 4712 2852 4764 tuo
2874 4710 2953 4764 ill.
2984 4709 3341 4765 oblationem
3364 4727 3469 4782 pro
3493 4711 3747 4782 peccatis
3773 4712 3856 4765 vel

2220 4826 2326 4882 pro
2352 4807 2558 4864 auxilio
2581 4808 2705 4879 ejus
2735 4805 3050 4875 offerimus,
3081 4810 3216 4863 vota
3234 4807 3519 4879 perficias.
3545 4807 3859 4864 Petitiones

2221 4903 2345 4975 ejus
2370 4901 2686 4957 ascendant
2704 4899 2780 4956 ad
2792 4916 2960 4954 aures
2973 4899 3296 4955 clementiae
3308 4903 3443 4969 tuas,
3467 4903 3526 4954 et
3546 4900 3860 4956 descendat

2220 5012 2394 5068 super
2419 5011 2553 5049 eum
2577 4993 2673 5065 pia
2697 4992 3024 5048 benedictio
3045 4994 3165 5063 tua;
3192 4995 3251 5047 ut
3275 4992 3379 5047 sub
3406 4992 3613 5048 umbra
3633 4994 3855 5049 alarum

2218 5090 2451 5143 tuarum
2473 5087 2533 5141 in
2557 5085 2828 5141 omnibus
2856 5088 3215 5158 protegatur,
3242 5088 3301 5140 et
3320 5084 3616 5140 orationes
3648 5089 3857 5142 nostra:

2219 5184 2277 5235 te
2300 5178 2658 5251 propiciante
2679 5194 2784 5249 pro
2813 5177 2937 5249 ipso
2973 5194 3090 5233 non
3131 5178 3459 5233 refutentur
3484 5194 3519 5232 a
3549 5182 3857 5251 conspectu

2219 5272 2449 5343 pietatis
2478 5274 2611 5339 tuae,
2639 5271 2740 5325 sed
2775 5269 2833 5325 in
2865 5270 3133 5325 omnibus
3159 5270 3212 5326 ei
3251 5269 3510 5326 auxiliari
3551 5274 3730 5343 atque
3762 5272 3853 5327 de-

2221 5364 2461 5420 fendere
2491 5362 2766 5436 digneris.

2872 5432 3206 5485 Contestatio.

2290 5521 2433 5575 Vere
2449 5519 2688 5592 dignum
2708 5523 2767 5573 et
2775 5519 2996 5591 justum
3008 5520 3112 5585 est,
3128 5516 3497 5588 omnipotens
3507 5518 3681 5587 Deus,
3700 5520 3855 5592 cuius

2220 5613 2484 5688 potentia
2496 5612 2864 5685 deprecanda
2875 5616 2980 5681 est,
2996 5609 3394 5667 misericordia
3407 5611 3731 5681 adoranda,
3747 5613 3855 5685 pie-

2220 5711 2309 5764 tas
2336 5706 2764 5780 amplectenda.
2800 5705 2938 5770 Quis
2965 5704 3123 5760 enim
3157 5703 3450 5775 disputare
3471 5705 3689 5776 poterit
3719 5721 3857 5777 Opus

2222 5801 2659 5873 omnipotentiae
2678 5801 2812 5867 tuae,
2838 5815 2943 5854 nec
2972 5815 3141 5853 aures
3166 5797 3468 5853 hominum
3499 5797 3726 5865 audire,
3758 5815 3857 5853 nec
3960 5826 3961 5873 γ

2292 5917 2320 5959 δ
2346 5917 2474 5973 Haec
2504 5913 2742 5990 propius
2767 5914 2842 5972 ad
2869 5913 3047 5973 ritum
3068 5914 3418 5987 Romanum,
3457 5912 3685 5973 omissis
3730 5932 3856 5972 ora—
