4006 6228
70 406 144 463 541
667 398 1277 455 SACRAMENTARIUM
1312 394 1640 453 GALLICAN
1646 395 1652 442 1

1801 424 1867 435 —-
1910 393 2273 451 LECTIONES
2307 392 2752 462 QUUTIDIANA‘J.

3286 391 3387 448 542

70 518 116 573 in
138 527 220 569 cor
237 506 475 568 hominis
513 505 850 564 adscendere
872 549 885 575 ,
913 521 1017 563 nec
1061 506 1308 562 stimatio
1349 505 1649 563 hominum
1672 512 1731 590 Α
1750 501 1829 561 ill.
1858 502 2196 560 oblationem
2226 501 2530 576 dignanter
2557 500 2815 574 accipias,
2847 496 2988 558 etin
3012 497 3135 573 ejus
3158 497 3390 557 humili-

68 608 236 685 poterit
258 604 526 671 invenire,
555 607 762 675 quanta
789 602 860 657 sit
886 601 1067 675 pietas
1090 601 1495 657 misericordiae
1517 604 1649 671 tuae,

68 709 303 779 quantum
344 714 631 772 prteparas
668 696 872 752 sanctis
920 701 976 752 et
1025 696 1218 753 electis
1264 696 1395 752 tuis.
1442 695 1547 751 Sed
1592 696 1652 751 in

70 802 301 874 quantum
336 810 635 866 possumus
677 791 893 860 miseri,
933 790 1118 848 territi
1146 789 1377 863 quidem
1403 790 1473 845 de
1514 804 1650 844 con-

70 892 280 959 scientia,
306 888 400 944 sed
428 887 529 943 fidi
555 888 624 944 de
648 892 746 943 tua
770 885 1158 941 misericordia
1176 928 1190 955 ,
1226 883 1451 940 veniam
1478 883 1649 939 mise-

68 987 280 1054 rationis,
306 989 358 1040 et
384 982 675 1054 refugium
710 981 1079 1052 postulantes,
1104 984 1274 1051 atque
1312 978 1372 1033 in
1397 994 1649 1034 comme-

70 1080 334 1139 moratione
375 1080 703 1131 sanctorum
746 1081 975 1129 tuorum
1031 1073 1177 1128 Petri
1222 1077 1279 1127 et
1329 1072 1505 1142 Pauli,
1551 1087 1654 1143 per

70 1190 270 1251 quorum
294 1169 555 1241 suffragia
582 1172 871 1241 sperantes
896 1166 1142 1236 veniam,
1164 1182 1465 1238 precamur
1487 1170 1552 1221 ut
1576 1166 1654 1220 fa-

70 1269 193 1326 mulo
214 1273 304 1323 tuo
332 1266 411 1320 ill.
442 1264 835 1320 remissionem
864 1260 1078 1317 tribuas
1105 1263 1485 1333 peccatorum,
1513 1276 1653 1332 opus

67 1365 162 1435 ejus
192 1359 453 1433 perficies,
486 1362 613 1413 vota
652 1358 952 1412 condones.
998 1357 1153 1409 Dona
1189 1354 1456 1425 idemque
1492 1370 1651 1408 servo

68 1466 141 1513 tuo
152 1457 216 1511 ill.
236 1452 707 1510 intercedentibus
728 1451 933 1505 sanctis
954 1448 1271 1504 remedium
1285 1447 1491 1502 anima:
1509 1464 1647 1517 suae,

64 1566 174 1623 quos
198 1548 556 1620 postulamus,
576 1552 641 1601 ut
660 1549 785 1599 vota
801 1543 1212 1599 desideriorum
1232 1542 1354 1614 ejus
1370 1541 1647 1613 perficias.

64 1646 251 1712 Praesta,
282 1641 636 1713 omnipotens
682 1640 850 1705 Deus,
883 1635 1330 1709 supplicantibus
1366 1634 1529 1690 nobis
1560 1635 1650 1690 in-

63 1737 371 1807 dulgentiam
405 1732 737 1808 postulanti,
776 1731 998 1787 veniam
1040 1730 1310 1802 poscenti.
1340 1732 1574 1801 Protege
1601 1727 1651 1784 ei

64 1847 233 1885 nomen
278 1829 374 1884 Dei
427 1828 619 1897 Iacob,
676 1826 839 1881 mitte
902 1825 954 1880 ei
1004 1823 1283 1880 auxilium
1332 1823 1527 1879 salutis
1581 1823 1651 1879 de

64 1930 234 1991 sancto,
263 1928 317 1978 et
344 1923 411 1977 de
437 1922 572 1977 Sion
612 1926 676 1977 tu
701 1921 857 1999 erige
887 1936 1040 1975 eum.
1077 1920 1288 1975 Memor
1311 1922 1448 1987 esto,
1476 1917 1648 1973 mise-
1670 1889 1727 1962 B

65 2022 203 2075 ricors
226 2020 386 2086 Deus,
428 2016 771 2072 sacriﬁcium
819 2016 960 2086 ejus,
1009 2020 1065 2070 et
1110 2013 1500 2068 holocaustum
1530 2013 1651 2084 ejus

64 2118 163 2167 ante
186 2116 531 2183 conspectum
560 2109 822 2166 omnium
837 2113 1163 2163 sanctorum
1188 2111 1423 2163 tuorum
1437 2107 1652 2178 pingue

66 2209 154 2263 ﬁat.
180 2209 273 2264 Per
295 2206 583 2262 Christum
611 2204 917 2260 Dominum
944 2207 1220 2257 nostrum.

634 2315 669 2353 I
678 2315 788 2353 ISSA
826 2313 945 2353 VOTI
950 2313 1017 2353 VA
1025 2338 1039 2353 .

348 2380 519 2430 Lectio
554 2378 677 2429 libri
702 2376 978 2443 Sapientim
1008 2376 1317 2426 Salomonis.

121 2452 222 2523 Fili,
246 2452 287 2507 si
315 2452 447 2524 quid
482 2451 688 2507 vovisti
717 2452 849 2519 Deo,
893 2466 964 2504 ne
992 2449 1228 2504 moreris
1254 2448 1507 2503 reddere.
1531 2447 1647 2501 Dis-

67 2547 197 2618 plicet
221 2546 365 2601 enim
391 2546 440 2601 ei
467 2545 712 2601 infidelis
727 2548 783 2599 et
809 2544 981 2598 stulta
999 2542 1297 2615 promissio
1320 2559 1332 2596 :
1360 2541 1455 2597 sed
1476 2541 1653 2613 quod-

67 2657 265 2712 cumque
302 2640 535 2709 voveris,
594 2638 787 2694 redde.
842 2637 1125 2709 Multoque
1173 2635 1377 2691 melius
1412 2637 1496 2689 est
1537 2651 1652 2689 non

67 2749 242 2801 vovere,
272 2750 436 2805 quam
463 2736 598 2805 post
618 2737 814 2787 votum
842 2730 1118 2802 promissa
1148 2745 1263 2783 non
1291 2727 1547 2783 reddere.
1574 2727 1651 2781 Ne

67 2826 243 2881 dederis
266 2844 322 2881 os
348 2832 536 2894 tuum,
568 2831 631 2881 ut
655 2842 887 2897 peccare
916 2824 1083 2878 facias
1111 2838 1341 2877 carnem
1364 2825 1540 2890 tuam,
1558 2837 1654 2875 ne-

65 2936 147 2989 que
173 2919 306 2974 dicas
344 2936 531 2974 coram
566 2920 768 2991 angelo
819 2936 832 2972 :
880 2919 1000 2971 Non
1040 2920 1122 2970 est
1164 2914 1536 2987 providentia,
1579 2931 1652 2969 ne

62 3012 173 3066 forte
194 3013 356 3067 iratus
374 3014 521 3067 Deus
541 3029 715 3084 super
728 3025 1019 3066 sermones
1036 3013 1177 3077 tuos,
1204 3007 1435 3078 dissipet
1454 3010 1653 3062 cuncta

63 3122 199 3175 Opera
214 3123 473 3161 manuum
486 3110 721 3161 tuarum
733 3147 745 3160 .
764 3105 864 3160 Ubi
880 3103 1059 3158 multa
1074 3106 1207 3157 sunt
1218 3100 1458 3167 somnia,
1478 3100 1654 3172 pluri-

64 3215 131 3251 ma
141 3199 351 3269 vanitas,
371 3204 425 3255 et
443 3215 735 3254 sermones
759 3198 857 3252 inn
865 3196 1065 3265 umeri;
1087 3198 1145 3249 tu
1159 3212 1291 3250 vero
1304 3196 1479 3249 Deum
1490 3194 1649 3249 time.

232 3297 396 3347 Lectio
424 3296 595 3346 sancti
617 3295 886 3359 Evangelii
918 3282 1206 3343 secundum
1242 3294 1450 3341 Lucam.

116 3380 297 3437 Diebus
322 3382 447 3451 illis,
477 3382 623 3438 dixit
644 3383 801 3436 Iesus
829 3398 841 3434 :
871 3380 1005 3445 Quis
1032 3383 1284 3434 vestrum
1310 3377 1482 3432 habet
1504 3376 1648 3431 ami-

62 3490 182 3541 cum,
198 3480 248 3530 et
260 3475 358 3530 ibit
370 3476 438 3530 ad
456 3476 621 3531 illum
650 3473 836 3530 media
856 3478 1040 3541 nocte,
1060 3478 1115 3527 et
1128 3473 1277 3528 dicet
1300 3471 1386 3525 illi
1404 3487 1417 3524 :
1436 3470 1647 3540 Amice,

60 3569 310 3623 commoda
356 3569 496 3624 mihi
539 3573 652 3623 tres
694 3584 890 3639 panes,
936 3566 1205 3639 quoniam
1245 3564 1461 3620 amicus
1490 3579 1650 3618 meus

60 3661 185 3715 venit
206 3662 267 3716 de
296 3662 378 3717 via
409 3663 478 3718 ad
513 3678 627 3731 me,
656 3666 714 3716 et
740 3677 853 3715 non
881 3660 1062 3715 habeo
1100 3659 1252 3731 quod
1280 3674 1491 3730 ponam
1519 3660 1652 3711 ante

60 3753 216 3808 illum.
240 3756 301 3811 Et
324 3756 409 3812 ille
451 3755 681 3812 deintus
727 3754 1069 3826 respondens
1108 3753 1256 3808 dicat
1289 3768 1302 3806 :
1347 3750 1472 3805 Noli
1509 3749 1651 3806 mihi

60 3846 296 3902 molestus
317 3865 450 3917 esse,
476 3849 602 3921 jam
630 3847 839 3903 ostium
868 3846 1123 3901 clausum
1148 3851 1250 3914 est,
1270 3848 1328 3900 et
1357 3843 1522 3915 pueri
1541 3843 1652 3898 mei

60 3954 248 3995 mecum
273 3948 400 3997 sunt
425 3943 482 3997 in
512 3941 683 3996 cubili
705 3983 719 4010 ,
750 3957 865 3995 non
891 3956 1122 4012 possum
1156 3953 1390 4009 surgere
1427 3941 1484 3992 et
1519 3937 1652 3992 dare

61 4030 158 4085 tibi.
182 4033 304 4087 Dico
327 4036 504 4105 vobis,
534 4034 635 4090 etsi
661 4050 777 4088 non
798 4032 956 4088 dabit
991 4031 1073 4086 illi
1111 4047 1372 4103 surgens,
1411 4046 1477 4085 eo
1501 4029 1653 4101 quod

58 4124 236 4181 amicus
264 4128 379 4198 ejus
404 4129 511 4197 sit;
556 4130 791 4199 propter
816 4124 1288 4197 inportunitatem
1310 4127 1503 4179 tamen
1532 4123 1654 4194 ejus

59 4223 241 4287 surget,
256 4224 307 4275 et
319 4221 470 4276 dabit
485 4221 571 4275 illi
595 4222 878 4292 quotquot
892 4218 1065 4273 habet
1077 4216 1439 4273 necessarios.
1463 4217 1530 4271 Et
1547 4232 1654 4287 ego

60 4309 187 4364 vobis
211 4312 324 4367 dico
357 4332 368 4369 :
401 4314 577 4369 Petite
605 4318 662 4368 et
685 4312 913 4367 dabitur
934 4310 1110 4379 vobis,
1148 4309 1388 4382 quaerite
1414 4313 1472 4364 et
1495 4306 1651 4363 inve-

60 4400 216 4471 nietis,
228 4407 437 4477 pulsate
449 4412 507 4463 et
518 4406 804 4478 aperietur
823 4404 979 4460 vobis
988 4447 1001 4460 .
1017 4402 1212 4459 Omnis
1224 4401 1376 4457 enim
1398 4400 1496 4474 qui
1514 4402 1656 4473 petit

60 4495 245 4567 accipit,
271 4503 326 4553 et
352 4501 448 4571 qui
474 4500 685 4573 quaerit
712 4498 959 4567 invenit,
990 4502 1047 4553 et
1070 4495 1317 4569 pulsanti
1344 4495 1652 4567 aperietur.

630 4608 825 4649 INCIPIT
864 4608 1037 4647 IISSA.

116 4681 339 4756 Suscipe,
361 4686 617 4755 Domine,
640 4683 1007 4757 supplicantis
1027 4681 1173 4738 servi
1192 4681 1278 4737 tui
1300 4680 1383 4736 ill.
1402 4679 1659 4735 votivum

61 4771 143 4826 tibi
168 4792 360 4833 munus
388 4779 664 4845 oblatum,
696 4781 754 4834 et
773 4765 1075 4848 multiplici
1102 4775 1297 4830 fenore
1324 4773 1656 4846 gratiarum,

59 4871 109 4918 ut
129 4883 244 4939 qua:
269 4874 322 4926 te
348 4871 686 4927 fidelissimis
713 4871 855 4927 votis
879 4870 1042 4941 petit,
1065 4873 1129 4925 tu
1155 4868 1230 4938 ei,
1258 4866 1533 4939 piissime,
1556 4864 1658 4921 mi-

62 4965 281 5017 seranter
303 4964 554 5038 indulge.
727 5034 938 5085 Secreta

118 5115 395 5175 Redemtor
425 5119 500 5193 [et
527 5118 766 5190 naturas]
798 5120 1068 5174 humanae
1097 5114 1364 5170 conditor
1388 5114 1555 5183 Deus,
1588 5113 1659 5168 da

62 5210 112 5259 ut
134 5224 309 5266 servus
332 5216 460 5268 tuus
486 5214 565 5268 ill.
594 5218 722 5268 vota
739 5211 1101 5285 adipiscatur,
1125 5212 1182 5264 et
1205 5207 1511 5279 impetrare
1541 5222 1657 5263 me-

64 5305 225 5357 reatur
246 5306 393 5377 quod
416 5309 662 5378 exaptat.
1053 5366 1058 5370 ,

660 5382 1000 5434 Contestatio.

112 5459 233 5518 Vere
256 5464 489 5537 dignum
510 5470 566 5522 et
586 5466 803 5537 justam
831 5467 935 5531 est,
967 5460 1323 5533 omnipotens
1351 5459 1518 5523 Deus,
1553 5470 1657 5528 per

63 5547 312 5611 Christum
340 5558 643 5615 Dominum
665 5560 945 5613 nostrum.
982 5555 1089 5621 Qui
1127 5554 1295 5610 nobis
1319 5555 1516 5607 votum
1542 5564 1656 5620 quo

66 5642 266 5709 placeris
288 5650 543 5723 inspires,
573 5655 631 5707 et
655 5651 842 5707 votiva
865 5666 969 5705 nos
992 5647 1359 5721 inspiratione
1382 5656 1653 5700 remune-

68 5749 155 5803 ηδ,
179 5744 228 5795 te
250 5743 594 5801 obsecramus
619 5744 860 5818 supplici
888 5759 1078 5816 prece,
1126 5745 1191 5797 ut
1224 5741 1371 5797 hanc
1397 5736 1540 5794 servi
1567 5734 1651 5791 tui

1674 3258 1729 3333 C

1753 601 1923 656 tatem
1949 597 2227 666 intendas,
2257 603 2489 670 peccata
2528 595 2713 653 deleas
2732 639 2746 666 ,
2774 593 3086 652 orationem
3114 594 3384 667 accipias;

1749 697 1816 749 ut
1838 693 2110 749 liberatus
2137 692 2207 747 ab
2234 692 2391 747 omni
2426 691 2762 747 adversitate
2780 733 2795 760 ,
2823 693 2879 745 et
2907 690 3000 745 hic
3036 694 3092 745 et
3132 689 3192 744 in
3220 694 3387 745 aeter-

1752 803 1892 843 num
1904 786 2261 859 justiﬁcatus,
2286 802 2417 842 cum
2439 785 2656 859 angelis
2693 784 2814 842 sine
2840 784 2953 841 fine
2972 783 3271 840 conlaudat
3301 783 3387 839 di-

1751 898 1884 938 cens
1918 899 1930 937 :
1964 882 2223 938 Sanctus.

2276 968 2401 1007 ITEI
2444 967 2597 1009 IIBSA
2637 969 2848 1009 VOTIVA.

2050 1040 2281 1105 Epistola
2299 1039 2441 1091 Pauli
2465 1041 2688 1104 apostoli
2714 1040 2780 1091 ad
2803 1042 3080 1092 Romanos.

1826 1122 2065 1191 Fratres,
2087 1137 2464 1194 quaecumque
2484 1122 2639 1177 enim
2654 1122 2865 1196 scripta
2884 1126 3037 1191 sunt,
3050 1121 3121 1179 ad
3133 1124 3384 1179 nostram

1753 1215 2072 1271 doctrinam
2099 1216 2308 1287 scripta
2327 1219 2479 1285 sunt,
2505 1218 2568 1271 ut
2588 1233 2690 1287 per
2711 1217 3044 1287 patientiam
3064 1220 3122 1273 et
3145 1216 3392 1273 consola-

1751 1310 1967 1366 tionem
1992 1310 2411 1381 Scripturarum
2453 1326 2612 1381 spem
2649 1310 2981 1367 habeamus.
3011 1312 3159 1367 Deus
3193 1315 3385 1368 autem

1751 1403 2038 1479 patientia:
2065 1408 2122 1458 et
2146 1402 2329 1458 solatii
2362 1403 2456 1458 det
2479 1402 2636 1457 vobis
2660 1403 2719 1458 id
2739 1404 2930 1476 ipsum
2949 1421 3146 1477 sapere
3171 1405 3233 1459 in
3256 1404 3393 1459 alte-

1752 1501 1977 1553 rutrum
2002 1496 2314 1552 secundum
2325 1497 2518 1552 Iesum
2531 1497 2836 1566 Christum,
2858 1502 2919 1552 ut
2936 1497 3257 1553 unianimes
3273 1513 3390 1552 uno

1752 1608 1849 1647 ore
1870 1588 2253 1646 honoriﬁcetis
2282 1591 2463 1645 Deum
2489 1595 2545 1645 et
2571 1593 2795 1646 Patrem
2821 1590 3045 1647 Domini
3059 1590 3243 1647 nostri
3260 1591 3390 1646 Iesu

1751 1684 1978 1741 Christi.
2024 1685 2259 1755 Propter
2299 1684 2453 1755 quod
2504 1684 2767 1756 suscipite
2820 1684 3084 1755 invicem,
3139 1684 3283 1740 sicut
3334 1688 3390 1738 et

1750 1777 2003 1835 Christus
2030 1776 2275 1849 suscepit
2296 1794 2398 1832 vos
2423 1777 2482 1832 in
2510 1778 2726 1834 honore
2753 1778 2872 1834 Dei.

1962 1870 2137 1921 Lectio
2166 1869 2333 1920 sancti
2358 1870 2623 1934 Evangelii
2646 1871 2934 1922 secundum
2964 1873 3176 1922 Lucam.

1826 1959 1884 2011 ln
1929 1956 2027 2011 illo
2060 1958 2340 2027 tempore,
2390 1956 2667 2011 Dominus
2710 1961 2901 2012 noster
2942 1958 3098 2012 Iesus
3136 1955 3392 2012 Christus

1749 2066 1879 2105 cum
1907 2048 2418 2120 adpropinquasset
2445 2049 2724 2115 Hiericho,
2754 2066 2936 2104 caecus
2959 2049 3194 2120 quidam
3224 2048 3385 2103 sede-

1749 2143 1845 2198 bat
1872 2158 2030 2198 secus
2054 2141 2203 2196 viam
2248 2141 2595 2198 mendicans.
2631 2143 2700 2197 Et
2737 2159 2868 2198 cum
2906 2142 3127 2199 audiret
3164 2143 3390 2198 turbam

1748 2239 2215 2309 praetereuntem,
2243 2235 2630 2308 interrogabat
2648 2236 2787 2308 quid
2807 2237 2913 2291 hoc
2934 2239 3098 2292 esset.
3120 2234 3394 2291 Dixerunt

1749 2335 1939 2385 autem
1969 2329 2021 2385 ei
2050 2331 2203 2402 quod
2230 2332 2392 2386 Iesus
2440 2331 2759 2385 Nazarenus
2786 2329 3070 2385 transiret.
3120 2328 3393 2384 Clamavit

1751 2423 1942 2479 dicens
1972 2440 1985 2479 :
2012 2425 2143 2479 Iesu
2173 2423 2254 2477 fili
2280 2424 2485 2492 David,
2514 2423 2783 2478 miserere
2811 2423 2944 2478 mei.
2978 2425 3047 2479 Et
3082 2423 3181 2496 qui
3213 2422 3386 2494 prasi-

1750 2517 1887 2573 bant
1911 2517 2282 2589 increpabant
2305 2518 2356 2573 ei
2381 2522 2446 2572 ut
2469 2521 2697 2573 taceret.
2739 2519 2861 2590 Ipse
2893 2533 3024 2572 vero
3054 2517 3233 2572 multo
3261 2533 3385 2571 ma-

1752 2611 1837 2683 gis
1862 2611 2137 2666 clamabat
2160 2628 2174 2667 :
2200 2611 2302 2666 Fili
2324 2611 2515 2681 David,
2537 2611 2808 2667 miserere
2836 2610 2971 2667 mei.
3003 2610 3166 2668 Stans
3200 2614 3391 2666 autem

1749 2704 1907 2761 Iesus
1920 2705 2090 2776 jussit
2116 2721 2248 2760 eum
2266 2705 2471 2760 adduci
2487 2705 2557 2759 ad
2578 2721 2657 2761 se.
2695 2707 2762 2760 Et
2793 2722 2925 2759 cum
2944 2704 3389 2777 adpropinquas-

1751 2804 1854 2867 set,
1885 2798 2270 2871 interrogabat
2298 2814 2430 2854 eum
2456 2799 2647 2854 dicens
2679 2816 2693 2853 :
2732 2799 2878 2862 Quid
2903 2798 3005 2853 tibi
3029 2798 3113 2852 vis
3144 2798 3344 2853 faciam
3362 2798 3389 2852 ἲ

1750 2896 1820 2947 At
1843 2891 1939 2946 ille
1966 2891 2111 2947 dixit
2144 2911 2158 2947 :
2198 2892 2440 2947 Domine
2460 2934 2473 2960 ,
2504 2896 2569 2947 ut
2596 2892 2843 2947 videam.
2871 2893 2938 2947 Et
2963 2892 3119 2946 Iesus
3156 2891 3235 2945 ait
3260 2890 3342 2945 illi
3376 2908 3390 2945 :

1752 2985 2005 3057 Respice,
2031 2984 2171 3039 fides
2198 2989 2295 3040 tua
2321 2988 2376 3040 te
2407 2985 2625 3040 salvum
2648 2985 2802 3040 fecit.
2831 2986 2901 3039 Et
2920 2984 3213 3040 confestim
3232 2983 3396 3051 vidit,

1750 3083 1806 3134 et
1852 3077 2191 3150 sequebatur
2234 3077 2395 3132 illum
2445 3078 2816 3153 magnificans
2859 3079 3057 3134 Deum.
3113 3078 3180 3134 Et
3208 3076 3393 3133 omnis

1750 3174 1907 3247 plebs
1932 3179 1997 3230 ut
2021 3174 2181 3243 vidit,
2211 3175 2368 3231 dedit
2394 3177 2624 3231 laudem
2653 3177 2788 3232 Deo.

2364 3286 2560 3325 INCIPIT
2600 3286 2779 3326 IISSA.

1822 3363 2000 3418 Deum
2020 3363 2110 3418 cui
2135 3364 2453 3436 acceptiora
2476 3367 2608 3419 sunt
2632 3368 2758 3418 vota
2786 3363 3040 3420 ﬁdelium
3065 3380 3239 3437 quam
3265 3379 3389 3420 mu-

1750 3472 1907 3525 nera,
1959 3456 2160 3512 fratres
2215 3457 2508 3523 carissimi,
2531 3458 2538 3473 '
2562 3457 2844 3530 supplices
2894 3458 3281 3530 deprecemur,
3328 3461 3393 3512 ut

1750 3549 1897 3605 hanc
1922 3549 2268 3604 oblationem
2291 3550 2491 3604 famuli
2520 3550 2609 3604 sui
2650 3550 2732 3605 ill.
2786 3551 3090 3622 dignanter
3134 3550 3387 3622 accipiat.

1750 3642 1983 3697 Tribuat
2009 3647 2066 3698 et
2096 3659 2306 3715 magna
2332 3660 2437 3714 pro
2465 3643 2676 3715 parvis,
2705 3660 2808 3715 pro
2823 3643 3234 3715 temporalibus
3247 3659 3390 3714 prm-

1751 3734 1866 3790 mia
1913 3735 2277 3807 sempiterna.
2322 3736 2427 3791 Det
2468 3735 2521 3791 ei
2564 3735 2842 3790 auxilium
2885 3736 3001 3792 sive
3062 3728 3390 3808 presidium

1754 3828 1952 3901 gratias
1979 3845 2119 3896 suas,
2147 3832 2213 3883 ut
2240 3829 2391 3901 quod
2416 3828 2710 3884 humiliter
2728 3829 3014 3902 implorat,
3033 3826 3271 3885 Domino
3285 3828 3391 3884 lar-

1757 3922 1963 3995 giente,
1993 3921 2280 3994 suscipiat.

2457 3991 2685 4043 Secreta.

1823 4064 2196 4135 Omnipotens
2218 4066 2275 4119 et
2283 4063 2602 4119 misericors
2628 4065 2793 4134 Deus,
2812 4062 2904 4119 cui
2919 4064 3177 4121 redditur
3192 4068 3389 4121 votum

1753 4156 1815 4211 in
1860 4156 2230 4224 Hierusalem,
2278 4157 2483 4213 exaudi
2525 4173 2722 4230 preces
2778 4158 2978 4213 famuli
3016 4159 3123 4229 tui,
3170 4174 3395 4215 memor

1754 4254 1870 4305 esto
1910 4249 2167 4304 sacriﬁcii
2212 4250 2321 4319 sui,
2375 4249 2516 4306 ﬁant
2556 4251 2879 4308 holocausta
2919 4268 3020 4307 sua
3064 4251 3322 4325 [pinguia
3351 4252 3389 4325 ε]

1752 4335 1939 4390 tribue
1961 4340 2019 4390 et
2041 4336 2357 4392 devotionis
2387 4337 2650 4408 gratiam,
2676 4339 2896 4411 comple
2919 4339 2981 4395 in
3000 4339 3162 4395 bonis
3180 4340 3393 4396 deside-

1754 4428 1905 4483 rium
1930 4444 2118 4499 suum,
2140 4432 2199 4485 et
2216 4445 2425 4485 corona
2447 4446 2582 4486 eum
2601 4431 2662 4486 in
2681 4431 3088 4488 misericordia.
3111 4433 3251 4503 Tibi,
3281 4434 3392 4488 Do-

1753 4521 1929 4590 mine,
1941 4522 2170 4595 quando
2190 4522 2342 4579 fideli
2361 4523 2660 4579 devotione
2678 4524 3006 4594 famuletur,
3019 4525 3247 4597 ignosce
3259 4525 3391 4581 faci-

1675 4624 1736 4697 Ι)
1758 4630 1916 4684 nora;
1928 4620 1985 4671 et
1993 4616 2322 4686 nelugenda
2336 4616 2676 4684 committat,
2692 4621 2926 4688 paterna
2935 4617 3145 4689 pietate
3160 4618 3391 4691 castiga.

2409 4707 2747 4758 Contestatio.

1830 4789 1968 4843 Vere
1991 4786 2233 4857 dignum
2267 4790 2323 4840 et
2339 4785 2563 4856 justum
2601 4791 2705 4856 est,
2752 4787 3111 4859 omnipotens
3140 4792 3307 4861 Deus,
3337 4797 3395 4850 te

1754 4880 2004 4949 laudare,
2030 4883 2086 4935 te
2110 4878 2444 4935 benedicere
2466 4920 2480 4947 ,
2512 4883 2682 4950 teque
2708 4880 3045 4951 gloriﬁcare,
3073 4888 3188 4940 tua:
3211 4887 3393 4958 maje-

1756 4974 1885 5031 stati
1910 4990 1975 5029 ac
1999 4972 2273 5028 voluntati
2289 4987 2511 5043 semper
2535 4972 2951 5045 obtemperare,
2972 4976 3033 5032 in
3059 4994 3174 5049 quo
3201 4985 3285 5036 est
3310 4997 3394 5038 sa-

1754 5068 1844 5123 lus
1871 5066 2130 5122 omnium
2158 5064 2522 5138 populorum.
2571 5065 2673 5122 Cui
2713 5067 2853 5123 Abel
2889 5083 3129 5126 munera
3168 5071 3392 5144 obtulit,

1756 5160 1848 5216 cui
1872 5160 2161 5215 Abraham
2187 5159 2580 5215 holocaustum
2607 5159 2811 5217 offerre
2831 5161 3097 5233 decrevit,
3117 5164 3209 5219 cui
3225 5166 3393 5223 Iacob

1753 5262 1951 5314 votum
1975 5257 2145 5327 vovit,
2172 5260 2229 5313 et
2256 5256 2521 5328 reddidit,
2568 5258 2860 5331 miserere,
2911 5262 3146 5317 Domine
3167 5304 3182 5332 ,
3231 5278 3393 5318 servo

1754 5355 1855 5407 tuo
1876 5350 1979 5421 i11.,
2003 5350 2102 5423 qui
2126 5350 2186 5405 in
2206 5350 2422 5406 honore
2441 5356 2765 5409 sanctorum
2779 5353 2860 5410 ill.
2879 5359 3142 5412 votorum
3156 5372 3394 5412 munera

1755 5443 1919 5501 offert
1945 5460 2051 5516 per
2078 5442 2345 5516 suffragia
2363 5444 2683 5501 orationum
2703 5451 3026 5504 sanctorum
3043 5453 3272 5505 tuorum
3297 5468 3313 5506 :
3335 5455 3391 5506 te
3492 5436 3497 5441 ’

1753 5542 2134 5611 protectorem
2180 5553 2349 5592 suum
2386 5553 2612 5611 semper
2650 5545 2936 5614 agnoscat,
2985 5545 3043 5598 et
3083 5542 3171 5598 sui
3198 5543 3395 5599 auxilii

1754 5652 1922 5709 opem
1950 5635 2336 5692 indesinenter
2352 5635 2602 5694 inveniat
2618 5656 2633 5694 :
2656 5638 2819 5694 illum
2848 5638 3123 5711 glorietur
3137 5642 3392 5714 recipere

1752 5729 2078 5802 praemium,
2092 5729 2193 5802 qui
2209 5730 2413 5786 devoto
2442 5735 2666 5802 pectore
2693 5731 2765 5787 ad
2789 5731 2901 5788 alta
2915 5735 3392 5806 contemplatione

74 5850 286 5926 tionibus
324 5864 441 5917 Post
474 5865 729 5925 Nomina,
759 5866 814 5918 et
840 5861 931 5917 Ad
966 5863 1178 5921 Pacem,
1212 5859 1432 5913 retento
1472 5856 1661 5910 tamen
1711 5848 1941 5906 nomine
1966 5846 2416 5905 Contestationis.
2455 5849 2562 5907 Sed
2598 5850 2762 5922 plura
2796 5853 3054 5926 exempla
3090 5852 3243 5908 infra
3287 5853 3390 5906 sub

75 5920 222 5982 ﬁnem
243 5930 520 5991 Missarum
542 5920 984 5992 dominicalium.
1161 5920 1167 5921 ί
1298 5966 1309 5974 ι
