4006 6228
563 335 662 390 543

1431 339 1764 396 ΑΡΡΕΝΒΙΧ
1803 336 1889 393 AD
1925 338 2147 393 OPERA
2185 339 2238 390 ὃ.
2280 337 2579 395 GERMANI
2621 342 3045 398 PARISIENSIS.

3862 344 3974 398 5ὶᾶ

557 407 964 513 suspendere...
994 445 1074 500 Tu
1101 460 1158 500 es
1184 445 1336 502 enim
1358 445 1504 500 Deus
1529 445 1628 518 qui
1643 445 1862 501 nullum
1878 445 1980 500 tibi
2001 445 2186 516 perire
2208 454 2266 528 Α
2288 446 2493 501 exaudi
2519 464 2532 502 :
2562 449 2779 520 suscipe
2801 449 3084 520 propicius
3104 448 3446 506 oblationem
3463 447 3975 522 adquelibamina

560 534 662 602 vis,
693 535 790 592 sed
819 537 1080 592 omnibus
1106 538 1292 593 reddis
1321 555 1527 610 magna
1547 555 1649 610 pro
1670 539 1872 610 parvis,
1888 555 1990 610 pro
2009 543 2190 594 morte

562 627 753 697 vitam,
777 647 879 701 pro
896 647 1059 702 poena
1073 631 1331 701 gloriam,
1347 648 1450 702 pro
1470 637 1729 686 votorum
1751 631 1936 687 officio
1957 632 2194 704 praemia

561 721 761 777 tribuis
785 723 1146 794 sempiterna,
1169 741 1271 795 per
1283 724 1570 780 Christum
1591 725 1894 780 Dominum
1909 730 2190 782 nostrum.

1088 834 1210 873 ITEM
1253 835 1403 874 MISSA
1443 835 1561 874 VOTI
1569 836 1636 873 VA
1645 861 1658 874 .

637 906 803 974 Deus,
833 908 933 977 qui
957 907 1190 962 vulnere
1230 909 1504 980 passionis
1548 913 1605 964 et
1649 909 1829 964 crucis
1871 913 2196 964 nostrorum

563 999 788 1053 vincula
815 1001 978 1054 solvis
1004 998 1424 1073 [peccaton1m,l
1457 1003 1702 1058 votivam
1743 1003 1888 1057 hanc
1915 1020 2072 1057 servo
2099 1008 2196 1057 tuo

559 1090 640 1145 ill.
674 1093 892 1162 suscipe
921 1110 1147 1165 precem
1176 1095 1236 1150 in
1267 1097 1552 1167 omnibus,
1584 1113 1689 1168 pro
1716 1098 1922 1168 quibus
1946 1102 1998 1151 te
2028 1113 2185 1168 popo-

561 1185 726 1239 scerit
752 1184 904 1241 fideli
929 1187 1242 1258 devotione,
1275 1191 1544 1245 exaudire
1571 1191 1845 1261 digneris.
1931 1235 1934 1239 .

633 1280 842 1335 Dicitur
864 1283 1094 1338 Secreta.

1215 1354 1553 1404 Contestatio.

633 1433 771 1487 Vere
797 1433 1035 1506 dignum
1063 1439 1119 1488 et
1137 1435 1357 1505 justum
1385 1439 1489 1504 est,
1525 1435 1882 1506 omnipotens
1911 1436 2076 1502 Deus,
2099 1435 2196 1507 qui

561 1525 632 1579 ob
649 1525 756 1580 hoc
775 1531 1131 1598 peccatorum
1153 1545 1270 1582 non
1289 1529 1480 1583 renuis
1508 1528 1814 1599 postulata;
1845 1545 1947 1599 pro
1974 1545 2089 1600 quo
2123 1533 2194 1595 te,

556 1618 815 1685 Domine,
850 1621 1129 1691 supplices
1157 1622 1524 1692 postulamus,
1559 1627 1621 1676 ut
1645 1620 1777 1675 huic
1797 1637 1956 1675 servo
1984 1626 2081 1676 tuo
2107 1622 2186 1676 ill.

560 1711 914 1767 delectabiles
941 1715 1239 1784 petitiones
1266 1715 1518 1786 impleas,
1549 1719 1604 1769 et
1637 1698 2110 1785 perseverantiam
2138 1715 2198 1770 in

2293 556 2397 611 pro
2435 541 2703 598 fratribus
2731 560 2794 598 ac
2834 543 3120 598 sororibus
3158 545 3368 600 nostris
3408 560 3588 617 quam
3613 543 3725 598 tibi
3759 542 3972 598 offeri-

2294 649 2442 704 mus,
2486 652 2586 689 seu
2629 638 2843 692 cunctis
2897 637 3347 692 benefactoribus
3390 639 3625 708 nostris,
3663 641 3801 693 tam
3849 655 3966 709 pro

2293 727 2452 796 vivis,
2467 745 2640 801 quam
2656 731 2913 801 mortuis,
2930 732 3016 786 vel
3027 731 3288 787 fidelibus
3302 733 3435 801 tuis,
3449 749 3556 804 pro
3569 730 3791 803 quibus
3804 731 3974 787 obla-

2293 821 2508 879 tionem
2537 823 2846 892 offerimus,
2877 829 2942 879 ut
2971 825 3188 880 cunctis
3208 825 3462 897 proﬁciat
3488 825 3559 880 ad
3580 825 3869 880 salutem.

2948 913 3280 964 Contestatio.

2369 983 2506 1037 Vere
2533 983 2774 1055 dignum
2803 988 2859 1038 et
2889 984 3111 1055 justum
3138 989 3243 1054 est,
3277 986 3638 1057 omnipotens
3666 987 3855 1056 Deus,
3897 988 3976 1042 ad

2292 1081 2420 1131 vota
2447 1077 2753 1132 humilium
2795 1094 3032 1132 manum
3076 1079 3323 1134 dexterae
3373 1085 3485 1134 tua:
3510 1081 3829 1151 Majestatis
3857 1097 3971 1135 ex-

2294 1169 2484 1237 tende,
2513 1177 2579 1225 ut
2607 1172 2904 1227 animabus
2929 1172 3270 1227 famulorum
3302 1173 3768 1246 famularumque
3817 1179 3970 1229 tua-

2293 1282 2444 1336 rum,
2475 1270 2591 1321 tam
2635 1282 2738 1338 pro
2772 1266 2910 1321 vivis
2947 1283 3120 1339 quam
3162 1271 3218 1321 et
3251 1268 3446 1322 solutis
3487 1268 3674 1323 debito
3722 1268 3969 1334 mortis,

2293 1377 2540 1433 quorum
2555 1360 2777 1414 animas
2787 1361 2855 1415 ad
2876 1361 3310 1416 memorandum
3325 1361 3796 1432 conscripsimus,
3816 1361 3972 1416 ﬁde-

2294 1455 2436 1508 lium
2481 1454 2885 1509 catholicorum
2933 1454 3400 1524 orthodoxorum,
3431 1455 3528 1526 qui
3568 1456 3672 1510 tibi
3703 1456 3968 1527 placue-

2296 1553 2451 1618 runt,
2481 1564 2724 1619 quorum
2755 1549 3353 1603 commemorationem
3381 1549 3628 1620 agimus,
3658 1549 3746 1605 vel
3801 1566 3968 1621 quo-

2297 1659 2428 1697 rum
2455 1642 2686 1697 nomina
2714 1658 2885 1713 super
2923 1647 3179 1698 sanctum
3221 1643 3486 1698 altarium
3529 1643 3746 1714 scripta
3790 1643 3968 1698 adest

2299 1736 2605 1798 evidenter,
2648 1735 3038 1791 remissionem
3078 1742 3464 1808 peccatorum,
3510 1736 3964 1808 indulgentiam

558 1805 718 1860 bonis
749 1807 1014 1902 operibus
1044 1808 1257 1863 tribuas
1300 1825 1402 1880 per
1433 1808 1720 1864 Christum
1749 1807 2057 1902 Dominum
2083 1825 2188 1863 no-
2212 1826 2268 1898 Β
2292 1846 2463 1902 quam
2491 1845 2716 1900 semper
2740 1805 3218 1901 Optaverunt—piis
3257 1805 3775 1901 δηρριίοδιίοηίιςυε
3805 1847 3959 1884 con-

559 1904 761 1955 strum.
788 1901 893 1956 Per
919 1918 1092 1972 quem
1111 1903 1456 1972 Majestatem
1474 1907 1632 1957 tuam
1656 1901 1890 1956 laudant
1914 1901 2118 1972 angeli.

904 2009 1062 2049 MISSA
1101 2010 1207 2050 PRO
1249 2011 1390 2050 VIVIS
1431 2011 1494 2050 ET
1532 2009 1846 2050 DEFUNCTIS.

811 2081 1040 2145 Epistola
1051 2082 1194 2132 Pauli
1216 2082 1436 2146 apostoli
1460 2083 1524 2132 ad
1551 2084 1883 2133 Colossenses
1900 2083 1945 2131 ⁸.

634 2163 870 2229 Fratres,
903 2163 999 2234 qui
1031 2163 1135 2217 sub
1162 2168 1437 2235 potestate
1465 2164 1683 2218 domini
1708 2179 1928 2231 sumus,
1959 2164 2189 2218 manda-

558 2260 683 2312 tum
705 2257 801 2312 Dei
817 2257 1096 2312 custodire
1117 2257 1407 2312 debemus.
1431 2258 1536 2322 Qui
1563 2259 1891 2313 custodiunt
1916 2263 2196 2329 praecepta

560 2350 802 2417 Domini,
830 2351 1040 2405 habent
1060 2351 1230 2405 vitam
1259 2356 1533 2405 azternam
1556 2369 1571 2420 ;
1597 2356 1652 2406 et
1675 2352 1773 2422 qui
1802 2356 2015 2422 negant
2040 2367 2196 2405 man-

531 2444 688 2499 ‘data
737 2444 879 2514 ejus,
912 2443 1220 2514 adquirunt
1255 2445 1502 2511 ruinam,
1545 2450 1602 2499 et
1639 2445 1700 2499 in
1741 2445 1846 2499 hoc
1891 2445 2195 2499 secundam

558 2541 821 2592 mortem.
850 2538 1203 2608 Praeceptum
1234 2538 1457 2592 Domini
1488 2539 1594 2593 hoc
1620 2542 1704 2592 est
1735 2555 1748 2592 :
1784 2539 1905 2592 Non
1933 2539 2192 2610 perjura—

559 2631 729 2686 heris.
761 2632 878 2684 Non
908 2631 1119 2684 furtum
1148 2631 1338 2686 facies.
1371 2633 1492 2686 Non
1530 2631 1893 2686 adulterabis.
1934 2633 2055 2685 Non
2099 2632 2197 2686 fal-

561 2740 688 2778 sum
707 2723 1098 2778 testimonium
1125 2724 1294 2778 dices.
1326 2727 1445 2780 Non
1477 2725 1714 2795 accipies
1742 2740 1980 2779 munera
2004 2729 2195 2778 contra

560 2817 872 2886 veritatem,
896 2833 999 2871 nec
1028 2833 1130 2888 per
1150 2822 1508 2888 potestatem.
1525 2818 1632 2883 Qui
1660 2819 1832 2872 habet
1860 2822 2194 2888 potestatem

561 2915 618 2965 et
641 2911 886 2982 abnegat
910 2911 1226 2980 veritatem,
1259 2911 1639 2983 abnegabitur
1679 2911 1756 2965 illi
1785 2927 2029 2982 regnum
2073 2911 2192 2979 Dei,

561 3007 618 3059 et
641 3004 1060 3059 conculcabitur
1084 3004 1144 3058 in
1175 3005 1482 3060 infernum.
1513 3006 1588 3059 lbi
1628 3021 1744 3059 non
1773 3004 2064 3074 egreditur
2087 3004 2192 3058 bis.

560 3098 850 3162 Quomodo
875 3116 1070 3155 sumus
1107 3099 1335 3170 fragiles
1369 3104 1425 3154 et
1467 3098 1922 3169 praevaricatores
1965 3103 2197 3168 agentes

2298 1929 2628 1994 sequantur,
2652 1939 2756 1995 per
2781 1923 3068 1978 Christum
3090 1923 3392 1977 Dominum
3425 1927 3709 1978 nostrum.
3744 1923 3879 1978 Cui.

2676 2027 2833 2068 mssa
2874 2029 2928 2068 IN
2968 2028 3111 2067 nouo
3153 2029 3469 2069 CUJL'SLIBET
3495 2013 3544 2068 ι’.

2492 2090 2666 2141 Lectio
2696 2092 2861 2141 sancti
2886 2093 3154 2156 Evangelii
3179 2092 3469 2143 secundum
3500 2095 3712 2143 Lucam.

2367 2172 2568 2228 Diebus
2597 2173 2708 2248 illis
2735 2173 2875 2229 dixit
2905 2174 3176 2229 Dominus
3193 2177 3350 2230 Iesus
3377 2175 3559 2230 turbis
3606 2175 3958 2231 similitudi-

2293 2283 2426 2321 nem
2455 2267 2702 2322 hominis
2723 2267 3021 2338 cujusdam
3061 2267 3270 2323 divitis.
3301 2269 3508 2324 Uberes
3548 2269 3775 2324 fructus
3804 2287 3958 2340 ager

2293 2361 2502 2429 attulit,
2545 2365 2602 2415 et
2645 2361 2928 2432 cogitabat
2968 2362 3117 2416 intra
3152 2379 3212 2417 se
3257 2362 3492 2418 dicens:
3521 2362 3662 2426 Quid
3706 2363 3952 2428 faciam,

2294 2455 2446 2526 quod
2476 2471 2592 2509 non
2640 2455 2822 2510 habeo
2861 2472 2974 2527 quo
3009 2455 3228 2510 fructus
3267 2472 3422 2510 meos
3449 2458 3851 2528 congregem?
3885 2458 3956 2510 Et

2295 2548 2438 2603 dixit
2465 2565 2477 2603 :
2511 2550 2623 2602 Hoc
2651 2548 2874 2603 faciam.
2903 2550 3199 2604 Destruam
3229 2549 3431 2605 horrea
3460 2566 3609 2616 mea,
3636 2554 3692 2604 et
3721 2551 3954 2620 majora

2294 2642 2534 2711 faciam;
2579 2641 2807 2697 et'illuc
2851 2643 3206 2714 congregabo
3243 2643 3434 2698 omnia
3476 2661 3603 2714 quae
3640 2648 3778 2698 nata
3809 2651 3955 2697 sunt

2294 2735 2457 2804 mihi,
2489 2740 2545 2790 et
2573 2736 2720 2790 bona
2750 2752 2910 2804 mea;
2940 2741 2996 2789 et
3021 2735 3205 2790 dicam
3229 2736 3435 2790 animae
3482 2753 3626 2791 meae
3664 2754 3677 2791 :
3707 2737 3948 2803 Anima,

2295 2828 2469 2882 habes
2507 2829 2686 2883 multa
2727 2828 2905 2900 posita
2942 2828 3001 2881 in
3051 2846 3228 2883 annos
3269 2829 3561 2900 plurimos.
3601 2830 3945 2901 Requiesce,

2296 2921 2548 2990 comede,
2580 2922 2730 2988 bibe,
2754 2922 3008 2993 epulare.
3037 2921 3186 2976 Dixit
3204 2926 3396 2978 autem
3423 2923 3505 2976 illi
3525 2923 3672 2977 Deus
3695 2939 3708 2976 :
3736 2923 3946 2988 Stulte,

2296 3015 2401 3070 hac
2427 3019 2588 3070 nocte
2617 3015 2865 3069 animam
2890 3020 3046 3070 tuam
3074 3019 3339 3086 repetunt
3371 3034 3404 3069 a
3444 3021 3534 3085 te;
3567 3033 3694 3087 quae
3744 3019 3945 3069 autem

2295 3109 2524 3180 parasti,
2554 3109 2714 3179 cujus
2745 3109 2950 3163 erunt?
2985 3109 3072 3164 Sic
3111 3113 3195 3164 est
3221 3109 3319 3180 qui
3347 3109 3450 3163 sibi
3476 3109 3845 3175 thesaurizat,
3892 3115 3950 3163 et

559 3197 871 3261 peccatum.
897 3195 1018 3247 Non
1044 3210 1147 3264 per
1170 3193 1424 3264 singulos
1440 3192 1557 3245 dies
1583 3191 1940 3262 paenitemus,
1971 3191 2071 3245 sed
2091 3207 2193 3262 per
2213 3194 2267 3268 C
2292 3219 2406 3257 non
2433 3207 2515 3256 est
2536 3201 2593 3255 in
2620 3204 2794 3256 Deum
2821 3202 2992 3256 dives.
3023 3202 3283 3273 Dixitque
3313 3203 3384 3257 ad
3410 3202 3717 3274 discipulos
3760 3219 3901 3256 suos
3933 3221 3945 3255 :

560 3284 809 3354 singulos
839 3284 956 3339 dies
982 3291 1276 3357 peccatum
1305 3301 1476 3356 super
1517 3289 1811 3355 peccatum
1845 3283 2105 3338 facimus.
2129 3285 2198 3338 Ut

560 3375 742 3430 sciatis
797 3378 934 3446 hoc,
989 3379 1188 3432 fratres
1238 3377 1539 3445 carissimi,
1590 3376 1724 3447 quia
1781 3390 1951 3452 opera
2005 3381 2197 3431 nostra

562 3469 832 3539 scriptum
863 3475 945 3524 est
973 3470 1030 3524 in
1061 3471 1166 3525 hoc
1210 3472 1376 3532 libro,
1416 3470 1476 3525 in
1513 3470 2054 3524 commemoratione
2090 3471 2197 3524 erit

563 3562 724 3616 nobis
757 3563 814 3617 in
840 3564 928 3618 die
947 3564 1169 3634 judicii.
1201 3565 1278 3618 lbi
1301 3581 1403 3618 nec
1438 3569 1624 3630 testes,
1657 3563 1734 3618 ibi
1760 3580 1862 3618 nec
1899 3579 2082 3634 pares,
2119 3562 2196 3616 ibi

563 3672 666 3709 nec
709 3673 814 3727 per
851 3674 1089 3712 munera
1122 3658 1473 3729 judicabitur
1501 3677 1514 3712 :
1545 3657 1678 3729 quia
1723 3673 1839 3711 non
1875 3661 1959 3711 est
1996 3655 2198 3710 melior

563 3761 734 3820 quam
764 3750 923 3820 fides,
953 3751 1178 3820 veritas,
1207 3751 1452 3819 castitas,
1469 3751 1774 3821 jejunium,
1803 3755 1858 3805 et
1885 3750 2193 3819 eleemosy-

562 3854 653 3904 na,
677 3855 803 3910 quae
831 3840 1116 3910 extinguit
1157 3840 1347 3894 omnia
1389 3843 1633 3910 peccata.
1667 3840 1734 3893 Et
1764 3839 1915 3910 quod
1940 3838 2040 3892 tibi
2082 3853 2197 3891 non

563 3931 664 3999 vis,
697 3931 806 3985 alio
841 3949 955 3986 non
994 3932 1185 3988 facias.
1219 3933 1428 4003 Stipola
1454 3949 1701 4003 regnum
1731 3933 1848 3998 Dei,
1891 3936 1948 3985 et
1981 3917 2198 4001 accepit

562 4041 853 4092 coronam,
881 4027 1032 4096 quod
1059 4030 1142 4080 est
1167 4026 1226 4079 in
1250 4025 1470 4080 Christo
1488 4027 1616 4080 Iesu
1649 4025 1909 4080 Domino.

635 4118 990 4184 Evangelium
1012 4121 1246 4185 inferius
1273 4119 1492 4172 dicitur.

1173 4226 1370 4267 INCIPIT
1410 4227 1588 4266 MISSA.

636 4300 979 4371 Majestatem
1009 4304 1183 4366 tuam,
1213 4298 1652 4355 clementissime
1680 4301 1862 4366 Pater,
1899 4314 2198 4354 exoramus

563 4411 667 4464 pro
691 4392 956 4448 fratribus
983 4397 1040 4448 et
1058 4393 1345 4448 sororibus
1366 4393 1600 4461 nostris,
1624 4408 1722 4447 seu
1745 4391 2010 4447 omnibus
2032 4392 2200 4447 bene-

561 4486 866 4543 factoribus
893 4487 1120 4556 nostris,
1149 4487 1234 4542 vel
1271 4486 1369 4558 qui
1415 4502 1472 4540 se
1502 4486 1562 4541 in
1607 4485 1812 4540 nostris
1853 4484 2200 4540 orationibus

2297 3297 2423 3350 Ideo
2453 3295 2576 3350 dico
2598 3295 2772 3364 vobis,
2804 3295 2976 3349 nolite
2989 3295 3214 3349 solliciti
3236 3311 3354 3349 esse
3379 3296 3586 3350 animae
3612 3295 3752 3366 quid
3784 3312 3948 3350 man-

2295 3389 2530 3458 ducetis,
2561 3405 2743 3459 neque
2784 3388 3006 3459 corpori
3042 3389 3182 3458 quid
3209 3389 3546 3444 vestiamini.
3572 3389 3780 3444 Anima
3806 3391 3943 3462 plus

2295 3487 2568 3553 estquam
2593 3498 2736 3551 esca,
2765 3486 2821 3536 et
2845 3497 3050 3552 corpus
3076 3497 3246 3552 quam
3274 3482 3699 3538 vestimentum.
3732 3483 3938 3537 Consi-

2295 3575 2483 3629 derate
2504 3591 2713 3641 corvos,
2744 3575 2878 3646 quia
2897 3591 3011 3628 non
3033 3575 3316 3630 seminant
3339 3591 3524 3647 neque
3547 3579 3794 3644 metunt,
3813 3578 3942 3647 qui-

2295 3669 2400 3722 bus
2426 3684 2542 3722 non
2568 3671 2653 3722 est
2681 3668 2973 3722 cellarium
2998 3684 3184 3740 neque
3210 3669 3516 3737 horreum;
3543 3673 3598 3724 et
3630 3670 3780 3724 Deus
3805 3687 3940 3741 pas-

2297 3761 2374 3816 cit
2401 3761 2544 3816 illos.
2572 3762 2790 3825 Quanto
2817 3763 2999 3834 magis
3024 3779 3119 3817 vos
3147 3762 3328 3834 pluris
3358 3763 3490 3817 estis
3517 3762 3672 3817 illis?

2909 3873 3112 3911 INCIPIT
3139 3872 3318 3912 MISSA.

2368 3946 2655 4000 Protector
2688 3944 2746 3999 in
2785 3949 2838 4000 te
2879 3944 3230 4016 sperantium
3281 3946 3447 4014 Deus,
3480 3949 3537 4001 et
3576 3946 3943 4001 subditarum

2295 4037 2397 4093 tibi
2429 4039 2710 4093 mentium
2739 4042 2943 4107 custos,
2984 4038 3370 4094 habitantibus
3413 4039 3474 4093 in
3501 4040 3604 4093 hac
3631 4041 3800 4094 domo
3849 4041 3937 4095 fa-

2298 4131 2462 4186 molis
2481 4131 2593 4186 tuis
2621 4131 2700 4186 ill.
2731 4131 3018 4203 propicius
3036 4131 3227 4187 adesse
3255 4132 3516 4203 dignare.
3553 4133 3749 4188 Veniat
3765 4150 3940 4205 super

2297 4241 2391 4280 eos
2413 4230 2701 4296 sperantes
2728 4243 2761 4279 a
2788 4230 2842 4280 te
2872 4225 3208 4292 benedictio,
3238 4242 3311 4281 ne
3349 4226 3639 4281 subvertas
3671 4243 3685 4280 :
3713 4233 3777 4281 ut
3819 4229 3938 4298 pie-

2297 4318 2424 4373 tatis
2449 4322 2564 4372 tuae
2592 4318 2793 4390 repleti
2819 4319 3171 4388 muneribus,
3209 4319 3267 4374 in
3305 4325 3402 4374 tua
3447 4319 3628 4390 gratia
3670 4325 3726 4375 et
3751 4320 3808 4374 in
3831 4326 3936 4374 tuo

2299 4411 2533 4468 nomine
2559 4412 2675 4466 laeti
2701 4427 2926 4482 semper
2952 4412 3228 4466 exultent.

2997 4501 3225 4550 Secreta.

561 4581 1120 4648 commendaverunt,
1145 4585 1261 4635 tam
1288 4596 1392 4651 pro
1419 4578 1577 4646 vivis,
1601 4596 1776 4651 quam
1801 4582 1859 4634 et
1883 4577 2080 4633 solutis
2107 4577 2198 4632 de-
2217 4564 2276 4636 D
2369 4572 2619 4644 Suscipe,
2653 4572 2910 4640 Domine,
2938 4589 3286 4645 quaesumus,
3309 4589 3504 4644 preces
3529 4577 3585 4627 et
3610 4573 3814 4628 hostias
3845 4576 3932 4629 fa-

561 4675 676 4729 bito
702 4675 924 4744 mortis,
953 4691 1197 4746 quorum
1223 4674 1604 4744 eleemosynas
1625 4673 1937 4744 erogandas
1953 4671 2196 4742 suscepi-

561 4784 709 4836 mus,
738 4768 826 4822 vel
852 4785 1097 4839 quorum
1120 4768 1336 4822 animas
1357 4767 1428 4822 ad
1453 4767 1890 4822 memorandum
1916 4765 2194 4836 conscrip-

560 4859 754 4929 simus,
780 4861 866 4915 vel
891 4877 1136 4932 quorum
1163 4861 1396 4915 nomina
1424 4877 1596 4931 super
1626 4864 1887 4915 sanctum
1933 4858 2195 4914 altarium

561 4953 766 5024 scripta
798 4954 956 5009 adest
990 4952 1279 5009 evidenter
1305 4973 1321 5007 :
1353 4955 1596 5010 concede
1633 4953 1940 5026 propicius,
1969 4957 2035 5007 ut
2074 4951 2197 5006 haec

560 5062 714 5101 sacra
739 5047 946 5102 oblatio
969 5047 1210 5103 mortuis
1237 5048 1415 5119 prosit
1441 5047 1512 5102 ad
1539 5047 1782 5114 veniam,
1811 5050 1866 5102 et
1891 5045 2030 5099 vivis
2063 5060 2194 5116 pro-

560 5135 709 5190 ficiat
749 5136 822 5190 ad
848 5137 1089 5192 salutem
1113 5154 1130 5206 ;
1163 5142 1220 5191 et
1239 5136 1499 5190 fidelibus
1527 5136 1658 5202 tuis,
1683 5152 1786 5207 pro
1817 5134 2022 5206 quibus
2049 5133 2198 5188 obla-

558 5229 773 5286 tionem
799 5229 1108 5298 offerimus,
1132 5229 1490 5300 indulgentia
1505 5233 1621 5284 tuae
1645 5228 1868 5300 pietatis
1889 5231 2195 5283 succurrat.

1091 5321 1288 5372 Dicitur
1312 5321 1524 5372 Secreta
1551 5321 1670 5371 alia.

2293 4667 2581 4722 mulorum
2607 4669 2837 4721 tuorum
2871 4667 2974 4736 ill.,
3020 4671 3077 4721 et
3126 4683 3292 4721 muro
3336 4666 3602 4722 custodiae
3641 4671 3751 4722 tua:
3784 4668 3937 4723 hanc

2295 4761 2533 4816 domum
2559 4760 2851 4814 circumda
2873 4777 2888 4829 ;
2920 4764 2986 4815 ut
3011 4759 3169 4814 omni
3197 4760 3528 4815 adversitate
3575 4759 3824 4832 depulsa,
3857 4764 3932 4816 sit

2296 4854 2403 4909 hoc
2442 4870 2669 4925 semper
2709 4852 3060 4909 domicilium
3090 4853 3490 4909 incolomitatis
3517 4859 3574 4908 et
3597 4853 3772 4925 pacis.
3808 4855 3935 4910 Per.

2945 4946 3278 4996 Contestatio.

2369 5020 2508 5073 Vere
2535 5018 2774 5090 dignum
2799 5022 2856 5073 et
2872 5018 3094 5089 justum
3128 5022 3212 5073 est
3247 5017 3606 5089 omnipotens
3637 5019 3801 5087 Deus,
3827 5019 3925 5075 be-

2297 5111 2507 5184 nignus
2534 5111 2786 5166 indultor
2811 5111 2869 5166 in
2892 5110 3123 5167 "secretis
3149 5111 3348 5166 officiis
3373 5111 3602 5178 nostris,
3625 5106 3756 5166 etin
3786 5112 3926 5168 hanc

2297 5205 2530 5260 domum
2575 5204 2938 5260 manentibus
2978 5205 3295 5276 prtesentiae
3324 5209 3437 5259 tua:
3478 5205 3720 5261 concede
3749 5211 3925 5261 custo-

2299 5299 2470 5366 diam,
2493 5297 2724 5354 familiae
2749 5303 2864 5354 tua:
2895 5299 3176 5366 defensor,
3218 5315 3283 5352 ac
3301 5299 3473 5353 totius
3503 5298 3806 5355 habitaculi
3826 5299 3928 5355 hu-

628 5395 824 5451 Preces
891 5399 1130 5464 nostras,
1185 5393 1622 5449 clementissime
1683 5393 1846 5462 Deus,
1916 5390 2200 5462 benignus
2291 5393 2388 5464 jus
2414 5392 2698 5447 habitator
2723 5408 3016 5464 appareas.

630 5529 656 5558 ι
679 5522 928 5593 Sequens
953 5521 1150 5593 Lectio
1182 5536 1299 5593 non
1322 5519 1534 5593 legitur
1559 5519 1617 5574 in
1645 5517 1882 5593 epistola
1900 5517 1971 5571 ad
2009 5516 2194 5570 Colos-

560 5589 784 5664 senses;
811 5608 998 5664 neque
1029 5592 1099 5664 in
1137 5591 1319 5646 Libris
1345 5589 1517 5647 sacris
1549 5608 1562 5644 :
1605 5589 1702 5644 sed
1737 5594 1821 5644 est
1856 5589 2082 5658 farrago
2130 5603 2199 5642 ex

559 5663 861 5718 Scriptura:
887 5662 1070 5717 verbis
1099 5667 1380 5718 contexta.

631 5727 851 5786 bMoris
891 5733 1195 5803 aliquando
1238 5733 1518 5803 fuissent
1563 5731 1622 5784 in
1661 5728 1924 5803 domibus
1948 5727 2198 5803 privatis,

559 5803 672 5856 sive
699 5820 802 5872 pro
835 5799 1092 5874 infirmis,
1121 5820 1219 5858 seu
1245 5820 1349 5874 pro
1374 5802 1499 5874 aliis
1529 5799 1730 5874 causis,
1760 5817 1915 5874 sacra
1947 5799 2198 5874 celebra-

561 5869 776 5943 rentur,
804 5873 960 5929 testis
987 5869 1088 5944 est,
1118 5869 1326 5945 praeter
1362 5873 1520 5942 alios,
1546 5869 1832 5942 Paulinus,
1864 5871 1924 5928 in
1947 5870 2089 5927 libro
2134 5871 2202 5928 de

2300 5515 2420 5569 Vita
2443 5514 2618 5568 sancti
2645 5514 2945 5585 Ambrosii,
2967 5513 3066 5585 qui
3086 5515 3304 5582 Romae,
3321 5519 3478 5569 trans
3501 5513 3766 5582 Tiberim,
3782 5517 3926 5585 apud

2300 5586 2607 5657 quamdam
2633 5583 3004 5657 clarissimam
3042 5590 3363 5641 matronam
3404 5585 3691 5655 invitatus,
3724 5583 3922 5640 sacrifi-

2301 5656 2452 5711 cium
2481 5656 2540 5710 in
2569 5657 2740 5710 domo
2772 5656 2998 5711 obtulit.

2371 5740 2394 5768 ε
2429 5729 2541 5782 Hoc
2583 5726 2952 5799 Evangelium
2993 5725 3214 5782 videtur
3235 5726 3440 5799 potius
3477 5725 3828 5799 referendum
3860 5728 3925 5780 ad

2301 5799 2532 5870 missam
2578 5797 2931 5870 sequentem,
2975 5813 3146 5869 quam
3183 5797 3265 5852 ad
3299 5797 3649 5868 superiorem
3679 5797 3745 5853 de
3775 5813 3924 5852 mor-

2303 5868 2433 5925 tuis.
