4006 6228
73 422 3390 466 —————-——————-—————_____________________.___.___‘_

489 569 1516 760 LEGTIONES
1621 581 1659 696 1

1763 579 2932 709 DMINIGALES.

553 911 710 951 MISSA
749 912 1114 952 DOHINICALIS.

427 981 605 1031 Lectio
640 983 935 1034 Hiezechiel
959 986 1246 1050 prOphetaa.

119 1063 322 1114 Factum
361 1065 446 1114 est
482 1062 720 1118 verbum
761 1065 986 1120 Domini
1025 1067 1096 1121 ad
1124 1084 1216 1122 me
1251 1068 1443 1124 dicens
1473 1087 1486 1124 :
1513 1072 1656 1135 Quid

64 1160 126 1208 est
145 1153 278 1224 quod
302 1153 454 1207 inter
484 1171 582 1210 vos
609 1158 938 1228 parabolam
967 1161 1183 1215 vertitis
1211 1161 1270 1216 in
1295 1163 1655 1234 proverbium

63 1247 178 1302 istud
213 1247 269 1300 in
303 1251 451 1301 terra
499 1251 663 1304 Israel
712 1251 963 1307 dicentes
1005 1271 1018 1307 :
1060 1256 1251 1309 Patres
1291 1258 1658 1312 comederunt

61 1356 198 1394 uvam
228 1340 508 1410 acerbam,
549 1347 605 1397 et
653 1344 846 1400 dentes
902 1347 1155 1401 ﬁliorum
1206 1349 1657 1422 obstupescunt?

61 1435 165 1487 Vivo
194 1449 308 1504 ego,
350 1433 485 1489 dicit
532 1437 804 1492 Dominus
843 1440 1010 1509 Deus,
1051 1458 1178 1496 ecce
1216 1459 1412 1498 omnes
1447 1444 1655 1499 animae

60 1544 170 1581 meae
195 1532 336 1583 sunt.
360 1531 426 1584 Ut
451 1529 643 1584 anima
663 1532 854 1602 patris,
877 1532 952 1586 ita
979 1538 1034 1588 et
1059 1535 1252 1590 anima
1273 1536 1368 1590 ﬁlii
1387 1554 1516 1591 mea
1551 1543 1652 1592 est.

58 1626 222 1679 Anima
244 1643 367 1698 quas
382 1628 699 1698 peccaverit
726 1629 843 1700 ipsa
863 1631 1158 1687 morietur.
1184 1635 1250 1688 Et
1275 1635 1380 1703 vir,
1410 1635 1455 1688 si
1481 1635 1656 1690 fuerit

53 1718 222 1787 justus,
264 1725 317 1774 et
357 1707 555 1776 fecerit
588 1722 868 1792 judicium
919 1728 974 1777 et
1011 1724 1314 1795 justitiam,
1349 1727 1417 1782 de
1455 1729 1656 1799 rapina

59 1828 146 1866 non
191 1814 514 1880 comederit,
566 1821 622 1869 et
663 1816 854 1870 oculos
904 1834 1035 1871 suos
1088 1835 1206 1874 non
1248 1820 1548 1875 elevaverit
1585 1822 1652 1876 ad

59 1905 176 1958 idola
199 1905 390 1960 domus
419 1908 608 1976 Israel,
637 1915 694 1964 et
718 1927 958 1965 uxorem
993 1913 1237 1983 proximi
1277 1913 1362 1968 sui
1393 1931 1507 1968 non
1535 1915 1651 1968 vio-

61 1998 240 2067 lavarit,
267 2005 319 2054 et
348 2000 418 2054 ad
461 2002 766 2056 mulierem
802 2011 1214 2060 menstruatam
1251 2023 1365 2061 non
1405 2008 1652 2076 accedat,

59 2097 99 2145 et
120 2092 393 2147 hominum
422 2110 539 2149 non
571 2097 1006 2167 contristaverit,
1030 2098 1238 2169 pignus
1264 2100 1508 2154 debitori
1535 2101 1655 2155 red-

61 2185 244 2253 diderit,
261 2203 361 2257 per
380 2188 490 2241 vim
509 2188 650 2243 nihil
669 2191 949 2261 rapuerit;
972 2208 1182 2262 panem
1203 2209 1372 2248 suum
1383 2194 1657 2249 esurienti

61 2277 255 2346 dederit,
284 2284 337 2334 et
361 2281 586 2336 nudum
615 2283 903 2353 operuerit
926 2285 1290 2354 vestimento;
1322 2287 1393 2342 ad
1417 2304 1654 2342 usuram
1675 2285 1730 2356 B

62 2396 148 2434 non
165 2383 598 2438 commodaverit
628 2389 682 2439 et
709 2385 952 2457 amplius
981 2403 1096 2441 non
1116 2389 1427 2459 acceperit;
1462 2389 1532 2442 ab
1552 2389 1656 2443 ini-

63 2474 235 2543 quitate
269 2477 534 2531 averterit
564 2494 798 2532 manum
829 2495 1012 2546 suam,
1035 2480 1318 2550 judicium
1346 2497 1542 2535 verum
1571 2483 1651 2536 fe-

65 2568 186 2634 cerit,
214 2568 354 2623 inter
383 2571 575 2625 virum
601 2577 656 2627 et
683 2571 1038 2642 proximum;
1068 2574 1127 2628 in
1170 2575 1467 2646 praeceptis
1515 2576 1656 2630 meis

66 2660 407 2733 ambulaverit,
428 2669 485 2718 et
499 2663 722 2734 judicia
742 2683 867 2720 mea
885 2667 1213 2722 custodierit
1232 2673 1297 2724 ut
1319 2668 1493 2724 faciat
1519 2670 1657 2724 veri-

66 2756 200 2807 tatem
250 2772 262 2809 :
307 2756 396 2810 hic
441 2757 635 2828 justus
697 2764 800 2829 est,
847 2759 962 2815 vita
1011 2761 1179 2828 vivet,
1250 2762 1328 2817 ait
1389 2763 1657 2818 Dominus

68 2846 194 2900 Deus.
329 2919 560 2984 Epistola
593 2923 736 2972 Pauli
769 2925 990 2988 apostoli
1017 2924 1081 2974 ad
1110 2925 1330 2975 Galatas.

117 2998 327 3069 Fratres,
355 3001 577 3057 fructus
617 3007 809 3059 autem
850 3005 1082 3075 spiritus
1125 3010 1211 3061 est
1245 3007 1466 3073 caritas,
1514 3024 1653 3078 gau-

65 3090 209 3161 dium,
237 3110 360 3164 pax,
392 3095 815 3167 longanimitas,
843 3098 1080 3167 bonitas,
1111 3099 1452 3170 benignitas,
1496 3101 1654 3168 ﬁdes,

66 3185 314 3255 modestia,
343 3190 750 3246 continentia“.
779 3191 1056 3246 Adversus
1083 3192 1410 3262 hujusmodi
1436 3211 1550 3248 non
1577 3200 1658 3248 est

67 3277 150 3331 lex.
175 3280 268 3342 Qui
288 3285 474 3337 autem
506 3289 640 3337 sunt
664 3285 900 3354 Christi,
925 3302 1151 3340 carnem
1173 3302 1334 3341 suam
1362 3288 1656 3343 cruciﬁxe-

69 3379 172 3426 runt
187 3390 305 3428 cum
332 3375 476 3430 vitiis
502 3382 562 3431 et
585 3378 1070 3450 concupiscentiis.
1100 3379 1156 3435 Si
1175 3380 1378 3451 spiritu
1395 3382 1655 3452 vivimus,

67 3465 233 3535 spiritu
258 3473 311 3523 et
335 3470 711 3526 ambulemus.
742 3473 866 3526 Non
896 3473 1213 3528 efﬁciamur
1236 3473 1422 3528 inanis
1469 3476 1660 3546 gloriae

67 3559 241 3630 cupidi,
291 3563 527 3619 invicem
592 3568 979 3636 provocantes,
1032 3567 1272 3621 invicem
1325 3568 1655 3624 invidentes.

1681 919 1736 988 Α
1757 906 1903 976 pulis
1929 908 2046 960 suis
2089 925 2102 961 :
2146 913 2328 964 Amen
2363 911 2487 965 dico
2516 912 2690 977 vobis,
2731 913 2950 968 facilius
2987 920 3072 969 est
3107 918 3386 973 camelum

1756 1014 1859 1069 per
1882 999 2137 1055 foramen
2164 1019 2297 1056 acus
2329 1005 2586 1074 transire,
2619 1022 2792 1076 quam
2823 1007 3053 1063 divitem
3084 1009 3292 1066 intrare
3328 1013 3386 1066 in

1757 1107 2002 1164 regnum
2029 1095 2317 1150 caelorum.
2349 1097 2568 1151 Auditis
2594 1103 2785 1154 autem
2802 1101 2890 1154 his
2911 1101 3198 1173 discipulis
3221 1105 3388 1159 mira-

1756 1185 1966 1240 bantur
2017 1188 2197 1257 valde,
2257 1189 2506 1244 dicentes
2549 1209 2561 1244 :
2603 1192 2737 1255 Quis
2773 1210 2911 1265 ergo
2953 1196 3161 1265 poterit
3201 1199 3386 1254 salvus

1756 1280 1913 1334 esse?
1939 1281 2227 1352 Aspiciens
2256 1288 2447 1337 autem
2475 1276 2638 1338 Jesus
2663 1285 2806 1340 dixit
2831 1287 2940 1341 illis
2969 1289 3172 1361 :prud
3198 1292 3384 1346 homi-

1755 1388 1855 1426 nes
1896 1373 2001 1428 hoc
2041 1374 2390 1446 impossibile
2421 1381 2525 1442 est,
2568 1378 2719 1448 apud
2758 1381 2936 1434 Deum
2971 1388 3159 1437 autem
3199 1385 3389 1440 omnia

1757 1466 2044 1535 possibilia
2081 1475 2230 1523 sunt.
2271 1471 2423 1524 Tunc
2460 1471 2804 1542 respondens
2844 1475 3040 1529 Petrus
3092 1477 3232 1530 dixit
3272 1479 3324 1532 ei
3371 1497 3384 1533 :

1756 1560 1891 1614 Ecce
1917 1576 2022 1614 nos
2050 1561 2382 1632 reliquimus
2396 1563 2605 1632 omnia,
2637 1569 2693 1618 et
2719 1567 2896 1621 secuti
2923 1583 3120 1623 sumus
3151 1573 3385 1643 tezquid

1755 1667 1892 1722 ergo
1921 1654 2027 1708 erit
2051 1654 2215 1709 nobis
2234 1656 2261 1709 ?
2288 1657 2445 1710 Jesus
2472 1662 2664 1712 autem
2691 1658 2834 1712 dixit
2861 1660 2975 1713 illis
3001 1679 3013 1714 :
3041 1665 3220 1718 Amen
3263 1665 3388 1719 dico

1754 1746 1929 1816 vobis,
1960 1748 2114 1818 quod
2147 1765 2242 1803 vos
2262 1749 2554 1821 qui;secuti
2582 1753 2713 1806 estis
2729 1769 2840 1821 me,
2861 1753 2918 1807 in
2940 1758 3386 1826 regeneratione,

1754 1857 1884 1894 cum
1911 1841 2119 1896 sederit
2163 1843 2330 1897 Filius
2360 1843 2607 1899 hominis
2648 1845 2705 1899 in
2743 1847 2874 1902 sede
2913 1849 3219 1919 majestatis
3248 1868 3384 1921 suae,

1755 1934 2019 1989 sedebitis
2060 1940 2115 1989 et
2159 1953 2255 1990 vos
2294 1953 2465 2008 super
2501 1939 2658 1993 sedes
2709 1940 3026 2010 duodecim,
3070 1944 3388 2013 judicantes

1754 2027 2050 2081 duodecim
2066 2029 2246 2082 tribus
2263 2030 2447 2085 Israel.
2466 2033 2530 2085 Et
2557 2032 2742 2086 omnis
2769 2034 2868 2104 qui
2889 2034 3117 2106 reliquit
3129 2037 3384 2110 domum,

1754 2121 1840 2175 vel
1867 2121 2068 2175 fratres
2094 2126 2191 2176 aut
2219 2139 2463 2192 sorores,
2494 2130 2592 2179 aut
2617 2130 2856 2196 patrem,
2881 2133 2979 2181 aut
3007 2135 3266 2200 matrem,
3289 2140 3388 2188 aut

1753 2229 2012 2282 uxorem,
2045 2220 2142 2269 aut
2169 2215 2328 2286 ﬁlios,
2359 2222 2458 2272 aut
2486 2235 2653 2290 agros
2677 2225 2911 2291 propter
2933 2238 3139 2278 nomen
3169 2242 3384 2294 meum,

1754 2308 2084 2380 centuplum
2127 2309 2381 2380 accipiet,
2434 2313 2490 2365 et
2531 2312 2707 2366 vitam
2746 2318 3018 2369 aeternam
3055 2317 3382 2388 possidebit.

1755 2401 1909 2454 Multi
1952 2404 2145 2456 autem
2191 2409 2361 2457 erunt
2397 2404 2570 2475 primi
2617 2405 2926 2475 novissimi,
2987 2411 3056 2462 et-
3097 2411 3385 2467 novissimi

1756 2494 1944 2566 primi.

2362 2583 2558 2622 INCIPIT
2597 2584 2774 2624 HISSA.

2129 2659 2378 2709 Collectio
2402 2663 2520 2723 post
2552 2661 2879 2725 prephetiam
2897 2663 2925 2703 ι)
2955 2702 2964 2712 .

1829 2738 2063 2794 Domine
2104 2741 2234 2794 Jesu
2259 2741 2498 2808 Christe,
2530 2759 2657 2813 spes
2684 2747 2741 2797 et
2770 2744 2919 2797 salus
2945 2746 3182 2802 humani
3210 2766 3382 2820 gene~

1757 2831 1853 2898 ris,
1884 2832 1982 2903 qui
2013 2833 2082 2887 ad
2113 2851 2212 2888 nos
2239 2835 2472 2889 veniens
2501 2851 2569 2889 ex
2613 2835 2725 2890 alto
2765 2836 2985 2893 visitare
3011 2840 3276 2912 dignatus
3305 2862 3384 2916 es,

1758 2929 1814 2977 et
1852 2924 1920 2978 de
1968 2926 2202 2998 antiqua
2239 2931 2422 2981 morte
2460 2928 2671 2998 peccati
2716 2946 2821 3000 per
2867 2931 3240 2990 miserationis
3272 2942 3387 2992 tuae

1757 3018 2025 3088 mysteria
2055 3020 2384 3088 redemisti;
2418 3021 2515 3091 qui
2541 3021 2794 3076 iuluxisti
2819 3023 3001 3093 nobis,
3035 3027 3134 3098 qui
3162 3031 3384 3086 erraba-

1759 3127 1885 3165 mus
1917 3111 1976 3166 in
2019 3113 2288 3182 tenebris,
2326 3118 2381 3168 et
2418 3114 2645 3169 vitalem
2685 3115 2838 3170 diem
2874 3117 2933 3172 in
2961 3121 3164 3177 umbra
3190 3127 3387 3181 mortis

1758 3206 2080 3260 sedentibus
2114 3206 2386 3276 intulisti;
2427 3208 2662 3278 respice,
2700 3209 2957 3282 Domine,
2996 3219 3052 3269 et
3077 3215 3260 3289 dirige
3286 3236 3384 3290 pe-

1759 3298 1856 3352 des
1877 3304 2094 3354 nostros
2123 3299 2180 3354 in
2206 3301 2356 3356 viam
2382 3301 2556 3373 pacis.
2587 3303 2708 3356 Per.

2442 3394 2677 3444 Praefatio
2693 3433 2702 3443 .

1832 3473 2062 3528 Domine
2094 3475 2240 3529 Deus
2268 3475 2851 3547 incomprehensibilis
2881 3483 2936 3533 et
2978 3480 3387 3557 inenarrabilis,

1759 3567 1856 3637 qui
1885 3566 2110 3621 dixisti:
2141 3569 2262 3623 Non
2302 3569 2431 3623 veni
2468 3585 2664 3624 vocare
2701 3571 2902 3640 justos,
2937 3575 3034 3629 sed
3072 3583 3390 3646 peccatores

68 3650 272 3723 Fratres,
301 3658 400 3710 etsi
427 3664 858 3730 praeoccupatus
876 3659 1051 3715 fuerit
1069 3661 1242 3715 homo
1267 3661 1327 3715 in
1356 3661 1549 3733 aliquo
1572 3663 1664 3718 de-
1683 3655 1738 3730 C
1761 3659 1830 3714 ad
1858 3660 2278 3731 paenitentiam;
2312 3667 2366 3716 et
2395 3677 2525 3716 cum
2550 3663 2807 3733 profectu
2831 3669 3023 3720 nostro
3055 3685 3171 3724 non
3200 3686 3386 3744 egeas,

67 3743 193 3813 licto,
216 3764 304 3802 vos
334 3751 424 3822 qui
457 3751 740 3823 spiritales
771 3753 926 3820 estis,
960 3754 1288 3824 hujusmodi
1316 3755 1579 3811 instruite
1600 3756 1659 3811 in

68 3839 237 3908 spiritu
261 3842 516 3914 lenitatis,
552 3846 913 3901 considerans
938 3851 993 3902 te
1020 3847 1230 3919 ipsum,
1260 3865 1332 3903 ne
1363 3855 1420 3904 et
1444 3855 1505 3904 tu
1533 3853 1657 3904 ten-

70 3933 194 3987 teris.
225 3936 365 3992 Alter
391 3938 620 3994 alterius
645 3955 817 3995 onera
843 3945 1081 4012 portate,
1111 3947 1168 3997 et
1193 3941 1268 3996 sic
1319 3942 1657 4014 adimplebi-

72 4023 124 4076 tis
148 4026 317 4098 legem
339 4032 566 4086 Christi.

198 4119 357 4172 Lectio
387 4124 553 4174 sancti
579 4125 847 4189 Evangelii
879 4125 1166 4176 secundum
1191 4127 1504 4178 Matthmum.

127 4199 307 4258 Diebus
347 4205 477 4276 illis,
508 4206 780 4261 accedens
818 4224 967 4262 unus
1007 4208 1076 4262 de
1115 4208 1322 4264 Scribis
1363 4209 1436 4264 ad
1464 4209 1659 4265 Domi-

73 4307 185 4347 num
209 4296 404 4366 Iesum,
434 4305 492 4354 et
530 4299 664 4355 dicit
687 4300 771 4355 illi
801 4318 814 4355 :
847 4300 1110 4373 Magister
1151 4301 1318 4372 bone,
1356 4303 1493 4374 quid
1529 4302 1663 4358 boni

74 4382 258 4454 faciam,
289 4397 348 4445 ut
389 4392 631 4448 habeam
672 4394 846 4449 vitam
893 4395 1208 4450 ietemam?
1246 4395 1351 4460 Qui
1387 4397 1528 4451 dixit
1562 4398 1613 4452 ei
1645 4413 1659 4451 :

75 4478 182 4546 quid
206 4498 288 4536 me
310 4483 622 4558 interrogas
647 4487 890 4558 devbono
912 4489 939 4543 Τ
965 4489 1117 4545 Unus
1147 4493 1233 4544 est
1268 4489 1450 4545 bonus
1493 4491 1660 4546 Deus.

77 4568 120 4623 Si
142 4579 312 4631 autem
336 4579 416 4633 vis
439 4580 510 4634 ad
540 4581 714 4635 vitam
739 4581 980 4653 ingredi,
1013 4598 1172 4636 serva
1207 4583 1492 4638 mandata.
1523 4583 1667 4639 Dicit

77 4660 139 4717 illi
165 4684 176 4719 :
203 4668 327 4731 Quae
346 4672 372 4726 ‘l
395 4674 552 4728 Jesus
577 4677 769 4729 autem
799 4674 939 4729 dixit
967 4691 980 4728 :
1010 4675 1131 4729 Non
1160 4675 1534 4731 homicidium
1577 4675 1662 4730 fa-

77 4756 182 4827 cies,
208 4778 312 4817 non
330 4765 690 4836 adulterabis,
712 4784 825 4821 non
853 4767 1024 4823 facies
1043 4767 1284 4838 furtum,
1314 4785 1429 4823 non
1459 4769 1666 4824 falsum

75 4851 414 4912 testimonium
442 4859 625 4928 dices;
655 4861 872 4916 honora
897 4866 1117 4931 patrem
1138 4867 1194 4916 et
1209 4868 1470 4932 matrem,
1500 4866 1556 4917 et
1581 4863 1664 4918 di-

77 4940 190 5013 liges
210 4950 524 5019 proximum
558 4957 720 5008 tuum
748 4954 891 5009 sicut
920 4955 1182 5026 teipsum.
1215 4956 1360 5010 Dicit
1400 4955 1482 5009 illi
1526 4956 1664 5010 adu-

1762 3752 1972 3824 gaudes
1997 3757 2189 3808 tamen
2214 3771 2384 3826 super
2410 3760 2759 3826 peccatorem
2789 3758 3182 3828 paenitentiam
3211 3780 3388 3836 agen-

1758 3851 1895 3916 tem,
1924 3847 2057 3918 quia
2083 3863 2198 3902 non
2224 3848 2305 3902 vis
2335 3854 2578 3904 mortem
2607 3851 2933 3920 peccatoris,
2965 3854 3061 3909 sed
3089 3860 3150 3910 ut
3164 3873 3392 3914 conver-

1760 3943 1913 3994 tatur
1937 3943 1994 3994 et
2021 3939 2188 3997 vivat.
2225 3942 2496 3997 Converte
2534 3959 2654 4011 nos,
2691 3943 2946 4014 Domine,
2989 3948 3060 4002 ad
3085 3954 3139 4003 te
3168 3954 3225 4006 et
3254 3967 3389 4008 con-

1761 4037 2068 4088 vertemur.
2095 4035 2367 4090 Converte
2397 4052 2499 4089 nos
2520 4037 2663 4091 Deus
2693 4037 2951 4094 salutaris
2998 4049 3206 4112 noster,
3236 4051 3292 4100 et
3319 4063 3393 4103 ne

1761 4127 1963 4198 perdas
1995 4143 2098 4182 nos
2135 4145 2264 4183 cum
2305 4129 2543 4200 peccatis
2587 4130 2811 4200 nostris,
2851 4149 2923 4188 ne
2966 4135 3151 4191 tradas
3194 4155 3299 4195 nos
3332 4141 3392 4197 in

1761 4219 1954 4275 ﬁnem.
1984 4221 2061 4275 Ne
2088 4221 2262 4277 intres
2288 4222 2346 4277 in
2360 4222 2644 4294 judicium
2671 4241 2802 4280 cum
2828 4229 3001 4284 servis
3026 4231 3160 4302 tuis,
3189 4249 3261 4289 ne
3285 4239 3396 4290 tra-

1763 4313 1858 4368 das
1885 4313 2077 4371 bestiis
2109 4315 2358 4371 animam
2395 4317 2756 4374 conﬁtentem
2792 4319 2913 4389 tibi,
2944 4333 3232 4383 memento
3257 4345 3392 4386 con-

1765 4408 2106 4479 gregationis
2134 4413 2268 4477 tuae,
2288 4414 2345 4465 et
2374 4410 2556 4482 dirige
2583 4428 2684 4468 nos
2702 4413 2761 4468 in
2787 4413 2874 4468 via
2896 4423 3066 4474 recta.
3097 4421 3242 4476 Doce
3267 4439 3390 4496 nos,

1764 4500 2019 4571 Domine,
2050 4489 2233 4558 facere
2277 4504 2630 4559 voluntatem
2667 4510 2844 4577 tuam,
2875 4510 3008 4579 quia
3047 4517 3109 4566 tu
3149 4529 3207 4568 es
3248 4517 3395 4573 Deus

1764 4599 1971 4650 noster.
2000 4595 2189 4650 Statue
2222 4596 2392 4665 pedes
2421 4597 2482 4650 in
2521 4601 3028 4672 consummatione,
3058 4609 3123 4659 ut
3145 4610 3200 4660 te
3225 4608 3391 4679 adju-

1765 4693 1928 4742 vante
1954 4688 2245 4742 vincamus
2271 4688 2490 4758 antiqui
2531 4689 2709 4744 hostis
2738 4691 2985 4761 insidias,
3028 4702 3090 4753 ut
3121 4699 3284 4757 liberi
3322 4705 3393 4761 ab

1766 4781 2119 4836 infestatione
2156 4779 2394 4847 inimici,
2437 4781 2743 4836 serviamus
2772 4784 2873 4838 tibi
2914 4786 2976 4842 in
3009 4794 3300 4852 sanctitate
3337 4803 3396 4855 et

1758 4875 1979 4947 justitia
1997 4873 2260 4930 omnibus
2290 4873 2489 4928 diebus
2513 4873 2640 4929 vitae
2665 4880 2893 4933 nostrae.

2443 4965 2710 5016 Collectio.

78 5032 299 5096 lescens:
343 5045 540 5101 Omnia
583 5047 704 5102 haec
755 5025 1047 5118 custodivi,
1094 5047 1233 5119 quid
1290 5049 1474 5104 adhuc
1526 5025 1744 5104 mihiD
1839 5047 2076 5103 Domine
2103 5046 2250 5102 Deus
2273 5046 2649 5118 omnipotens,
2678 5049 2777 5120 qui
2797 5051 2974 5107 salvos
2999 5055 3132 5112 facis
3155 5077 3391 5130 speran-

80 5128 238 5188 deest?
263 5137 348 5192 Ait
372 5139 449 5193 illi
488 5141 646 5195 Jesus
690 5156 702 5193 :
737 5140 791 5197 Si
822 5141 902 5195 vis
948 5142 1229 5213 perfectus
1256 5158 1397 5212 esse,
1425 5142 1582 5210 vade,
1613 5145 1670 5198 et

79 5225 227 5280 vende
252 5245 369 5301 quae
389 5233 578 5304 habes,
611 5239 666 5290 et
693 5235 763 5290 da
783 5235 1148 5307 pauperibus,
1181 5239 1238 5290 et
1281 5234 1512 5291 habebis
1551 5237 1670 5291 the-

82 5327 276 5376 saurum
303 5324 358 5378 in
398 5327 552 5394 caelo,
584 5332 639 5382 et
665 5324 813 5398 veni,
843 5345 1077 5400 sequere
1097 5345 1208 5383 me.
1251 5330 1393 5384 Cum
1426 5327 1671 5384 audisset

83 5415 242 5467 autem
286 5417 604 5476 adulescens
650 5421 907 5490 verbum,
937 5422 1073 5476 abiit
1116 5422 1308 5477 tristis.
1349 5423 1478 5477 Erat
1516 5421 1670 5477 enim

84 5497 263 5561 habens
287 5511 490 5569 multas
511 5515 907 5586 possessiones.
938 5517 1094 5570 Jesus
1118 5521 1311 5572 autem
1335 5515 1480 5571 dixit
1504 5515 1668 5571 disci-

139 5643 158 5672 ⁸
182 5649 268 5706 Hic
291 5644 487 5732 novem
511 5662 735 5732 tantum
772 5659 990 5732 fructus
1027 5660 1268 5732 Spiritus
1298 5657 1495 5732 sancti,
1514 5665 1590 5732 _ut
1612 5658 1674 5713 in

87 5712 243 5804 (ἐξεβεο
261 5726 372 5804 λίη
406 5712 750 5804 Lectionario
773 5712 1122 5788 “Luxovien'si
1167 5733 1384 5802 decem,
1426 5712 1529 5785 ubi
1564 5745 1671 5801 pag

87 5788 269 5866 tientia,
287 5795 678 5866 longanimitas.

145 5857 169 5898 δ
189 5861 313 5919 Hinc
348 5857 646 5944 cblligitur,
678 5874 929 5944 missam,
964 5873 1008 5926 si
1033 5889 1149 5928 non
1189 5886 1432 5945 semper,
1474 5871 1674 5926 saltem

1770 5145 1851 5194 tes
1881 5141 1938 5194 in
1963 5145 2037 5196 te.
2063 5141 2143 5196 Tu
2165 5139 2621 5208 clementissime,
2651 5143 2750 5214 qui
2775 5161 2999 5202 revocas
3024 5159 3301 5225 errantes;
3333 5163 3396 5217 tu

1769 5233 2305 5301 misericordissime,
2350 5234 2449 5305 qui
2491 5250 2606 5289 non
2645 5233 2886 5310 despicis
2929 5249 3277 5317 peccatores;
3306 5256 3393 5321 tu,

1770 5325 2005 5382 Domine
2031 5327 2213 5393 Pater,
2245 5343 2376 5381 cum
2405 5327 2668 5385 ceciderit
2693 5332 2902 5402 justus,
2949 5352 3185 5394 manum
3217 5357 3394 5415 appo-

1769 5417 1885 5489 nis;
1917 5424 1979 5475 tu
2009 5421 2257 5475 excelsus
2284 5419 2343 5474 in
2371 5419 2540 5491 ccelis,
2570 5422 2822 5481 habitare
2847 5432 3156 5499 promisisti
3189 5433 3250 5489 in
3278 5441 3395 5494 ter-

1770 5513 1870 5583 ris,
1898 5513 1998 5568 ubi
2024 5519 2154 5570 sunt
2179 5513 2509 5587 congregati
2539 5514 2598 5572 in
2626 5520 2724 5574 tuo
2751 5521 2980 5577 nomine
3006 5523 3118 5578 duo
3143 5526 3230 5582 vel
3251 5533 3396 5603 tres;

1771 5658 2095 5744 aliquando,
2133 5659 2454 5744 inchoatanm
2487 5661 2658 5717 fuisse
2698 5679 2743 5744 ,ει
2779 5662 3018 5744 lectione
3059 5672 3395 5744 prophetia,

1774 5730 2256 5806 quemadmodum
2282 5731 2342 5806 in
2372 5733 2669 5806 Parasceve
2695 5733 2891 5806 incipit
2917 5730 3116 5795 missas
3141 5730 3395 5801 Praesan:

1775 5801 2166 5857 ctiﬁcatorum.
2197 5801 2402 5857 Confer
2415 5807 2528 5858 tres
2551 5805 2687 5860 alias
2708 5801 2904 5862 missas
2925 5809 3284 5871 dominicales
3303 5816 3395 5872 in-

1775 5872 1970 5939 ferius,
1999 5872 2094 5926 ubi
2121 5872 2380 5926 similiter
2398 5873 2656 5930 Praefatio
2681 5880 2806 5947 post
2831 5880 3203 5952 prophetiam.
