4006 6228
577 282 677 337 547
1451 263 1783 321 APPENDIX
1826 260 1915 314 AD
1951 258 2171 313 OPERA
2210 256 2262 310 S.
2304 253 2600 309 GERMANI
2642 246 3067 305 PARISIENSIS.
3856 236 3936 284 Iit";

570 395 650 458 te,
680 384 937 453 Domine,
985 385 1248 436 tenemus
1290 374 1715 448 promissorcm,
1759 372 1822 422 ut
1859 368 1957 422 des
1986 364 2209 419 veniam
2234 361 2442 447 Aplex
2483 359 2732 427 affectus,
2765 355 3040 429 patientia
3082 352 3262 420 fortis,
3309 344 3633 403 obedientia
3694 355 3933 413 perseve-

2809 455 2816 458 _
3431 446 3441 458 ι
3473 455 3543 458 νγ,ᾼ
3587 440 3640 458 -L
3668 434 3928 458 ...--_J-....

572 477 993 553 paenitentibus.
1036 475 1112 528 Te
1154 470 1444 526 inveniant
1475 481 1673 521 omnes
1702 462 1803 534 qui
1841 463 2108 532 quaerunt
2131 463 2206 511 te.

573 577 653 630 Tu
681 590 782 628 rex
810 570 1002 644 gloriae
1028 566 1299 632 Christus,
1329 567 1389 617 tu
1418 576 1517 615 rex
1539 555 1725 614 omnis
1764 560 1932 610 terrae
1953 553 2119 620 Deus,
2149 556 2213 604 tu

577 685 678 724 rex
702 667 997 721 virtutum.
1021 662 1096 715 Te
1125 659 1599 731 perscrutatorem
1625 647 2096 705 conscientiarum
2113 660 2213 698 no-

575 767 821 817 strarum
861 757 1065 811 scimus
1116 771 1129 806 :
1178 751 1303 805 ideo
1348 752 1404 802 et
1430 746 1655 801 veniam
1690 741 1935 815 petimus
1981 738 2210 794 delicto-

578 871 728 910 rum.
769 853 852 906 Tu
886 862 1127 919 magnus
1170 842 1442 898 Dominus
1481 844 1538 894 et
1568 836 1862 893 laudabilis
1906 832 2085 887 valde.
2139 831 2214 884 Te

576 960 895 1019 precamur,
933 944 999 996 ut
1040 940 1113 994 sis
1158 935 1322 993 nobis
1363 933 1669 1006 prOpicius.
1717 934 1763 985 A
1800 934 1855 983 te
1900 940 2211 998 speramus.

579 1038 778 1092 Averte
802 1030 1004 1086 faciem
1034 1032 1195 1083 tuam
1218 1043 1251 1080 a
1278 1023 1519 1097 peccatis
1544 1020 1768 1089 nostris,
1798 1021 1854 1073 et
1882 1031 2078 1071 omnes
2106 1013 2211 1068 ini-

578 1128 823 1202 quitates
859 1128 1076 1179 nostras
1118 1121 1261 1176 dele.
1308 1120 1381 1173 Te
1419 1117 1800 1183 obsecramus,
1845 1111 1942 1183 qui
1980 1106 2218 1181 praemia

581 1238 746 1295 paras
763 1218 952 1291 justis,
978 1216 1050 1271 da
1067 1215 1295 1270 veniam
1316 1209 1721 1284 peccatoribus.
1745 1204 2219 1260 Tibicontitemur

579 1316 729 1371 mala
754 1317 967 1381 nostra,
990 1315 1056 1365 ut
1080 1322 1406 1364 mereamur
1424 1302 1690 1374 consequi
1714 1300 1864 1355 bona
1893 1302 2007 1353 tua.

1218 1397 1339 1445 Post
1360 1392 1591 1444 nomina.

644 1475 881 1530 Domine
921 1474 1067 1528 Deus
1109 1468 1419 1535 Abraham,
1462 1465 1608 1519 Deus
1634 1463 1801 1528 Isaac,
1843 1459 1990 1512 Deus
2030 1453 2216 1523 Jacob,

585 1571 731 1625 Deus
761 1565 1240 1640 patriarcharum,
1287 1559 1721 1632 prophetarum,
1752 1550 2138 1624 apestoloruni
2165 1549 2222 1601 et

584 1664 922 1729 martyrum,
954 1652 1325 1721 omniumque
1354 1649 1699 1713 sanctorum,
1730 1642 1872 1696 sicut
1906 1656 2009 1711 pro
2045 1636 2222 1708 piissi-

2309 471 2460 523 rans,
2483 470 2593 525 pax
2624 455 2920 523 perpetua,
2952 464 3113 502 mens
3143 461 3306 517 pura,
3331 446 3553 497 rectum
3581 440 3643 491 et
3668 434 3933 489 mundum

2310 567 2425 618 cor,
2468 547 2726 601 voluntas
2754 545 2924 609 bona,
2965 537 3305 596 conscientia
3336 539 3552 600 sancta,
3585 529 3937 598 compunctio

2312 641 2595 716 spiritalis,
2636 639 2814 692 virtus
2856 635 3080 704 animae,
3119 633 3231 687 vita
3267 627 3657 693 immaculata,
3700 622 3932 691 inrepre-

2312 734 2634 802 hensibilis;
2659 734 3163 799 cons‘ummatoque
3192 724 3426 780 viriliter
3449 735 3645 785 cursu,
3696 716 3763 769 in
3801 720 3939 768 tuum

2313 829 2552 886 feliciter
2580 840 2903 881 mereamur
2923 824 3136 877 intrare
3161 833 3430 889 regnum.
3459 813 3561 869 Cui
3586 810 3830 866 merito.

2583 918 2757 969 Lectio
2790 913 3141 979 Apocalypsin
3165 910 3331 961 sancti
3354 905 3609 959 Johannis
3626 905 3678 952 ⁸.

2386 995 2503 1064 Ego
2528 991 2810 1046 Iohannes
2834 975 2948 1042 vidi
2973 975 3264 1041 sedentem
3286 997 3457 1053 super
3483 979 3796 1042 thronum,
3826 975 3940 1027 etin

2316 1088 2547 1143 dextera
2572 1082 2814 1138 sedentis
2837 1096 3007 1153 super
3023 1080 3317 1144 thronum,
3338 1075 3550 1129 librum
3576 1066 3943 1140 scriptumim

2318 1186 2408 1237 tus
2437 1184 2493 1234 et
2516 1178 2674 1247 foris,
2718 1175 3010 1247 signatum
3037 1171 3238 1244 sigillis
3263 1173 3503 1240 septem.
3533 1166 3604 1219 Et
3631 1161 3755 1216 vidi
3798 1176 3939 1229 auge

2317 1275 2441 1329 lum
2462 1273 2690 1338 fortem,
2710 1268 3117 1341 praedicantem
3143 1279 3277 1318 voce
3304 1276 3538 1332 magna,
3563 1262 3624 1313 et
3651 1255 3939 1312 dicentem:

2317 1367 2453 1433 Quis
2479 1369 2563 1421 est
2588 1365 2797 1435 dignus
2834 1361 3051 1434 aperire
3071 1359 3307 1424 librum,
3329 1360 3385 1410 et
3412 1355 3632 1408 solvere
3673 1348 3940 1420 signacula

2320 1460 2477 1532 ejus?
2503 1459 2571 1512 Et
2594 1472 2765 1511 nemo
2790 1458 3029 1527 poterat.
3059 1454 3125 1507 Et
3148 1467 3254 1523 ego
3285 1448 3495 1504 ﬂebam
3522 1443 3807 1509 multum,
3834 1441 3941 1511 quia

2320 1569 2491 1609 nemo
2516 1551 2722 1622 dignus
2748 1549 3011 1602 inventus
3049 1550 3134 1601 est
3158 1543 3379 1616 aperire
3407 1540 3647 1604 librum,
3686 1539 3747 1590 et
3778 1533 3939 1588 videre

2321 1663 2476 1702 eum.
2503 1646 2570 1699 Et
2588 1659 2736 1699 unus
2785 1642 2853 1696 de
2891 1638 3207 1695 senioribus
3236 1636 3375 1691 dicit
3398 1632 3542 1689 mihi
3567 1649 3579 1686 :
3605 1631 3692 1684 Ne
3719 1627 3938 1682 ﬂeveris.

585 1769 679 1806 ma
704 1721 1089 1805 misericordia
1112 1751 1209 1799 tua
1239 1741 1441 1797 dedisti
1476 1740 1554 1795 eis
1574 1737 1934 1810 voluntatem
1966 1728 2221 1786 veniendi
2242 1743 2299 1815 B
2322 1742 2460 1795 Ecce
2487 1738 2622 1793 vicit
2647 1738 2756 1791 Leo
2798 1735 2867 1789 de
2906 1733 3055 1788 tribu
3093 1731 3254 1798 Juda,
3300 1727 3460 1784 radix
3495 1724 3697 1793 David,
3745 1721 3939 1794 aperire

588 1845 657 1900 ad
676 1850 767 1912 te;
796 1844 893 1910 ita,
917 1837 1354 1896 clementissime
1378 1837 1562 1902 Pater,
1584 1831 1652 1885 da
1669 1828 1843 1885 servis
1866 1826 1978 1881 tuis
2004 1823 2221 1879 intelle-

586 1943 762 2006 ctum,
792 1936 1082 1999 virtutem,
1115 1935 1172 1986 et
1201 1927 1649 2001 possibilitatem,
1683 1926 1747 1977 ut
1776 1920 1879 1976 tibi
1906 1917 2220 1974 secundum

586 2032 931 2087 voluntatem
956 2033 1111 2081 tuam
1143 2023 1471 2079 serviamus.
1495 2018 1736 2090 Spiritus
1762 2020 1893 2070 tuus
1921 2014 2101 2067 bonus
2129 2010 2221 2065 de-

587 2124 755 2180 ducat
776 2138 879 2177 nos
904 2120 964 2175 in
979 2119 1068 2172 via
1084 2120 1254 2172 recta.
1276 2116 1354 2169 Da
1375 2109 1774 2184 incipientibus
1791 2105 2217 2180 perfectionem,

585 2218 657 2274 da
674 2214 920 2289 parvulis
949 2212 1324 2277 intellectum,
1354 2208 1425 2262 da
1449 2203 1809 2261 currentibus
1849 2198 2218 2272 adjutorium.

584 2314 663 2368 Da
686 2307 1109 2381 negligentibus
1149 2301 1668 2375 compunctionem,
1699 2297 1773 2352 da
1802 2294 2007 2367 tepidis
2049 2290 2216 2363 spiri-

586 2411 713 2461 tum
755 2404 1089 2469 ferventem,
1130 2399 1201 2453 da
1240 2394 1500 2467 perfectis
1529 2394 1739 2447 bonam
1779 2385 2219 2444 consummatio-

590 2514 745 2554 nem.
773 2497 1060 2567 Loquatur
1082 2509 1143 2547 os
1166 2494 1425 2546 nostrum
1452 2486 1682 2542 laudem
1705 2489 1884 2551 tuam,
1908 2485 1963 2536 et
1987 2497 2088 2552 per
2113 2478 2223 2533 sin-

594 2591 759 2663 gulos
774 2590 893 2644 dies
913 2585 1315 2642 benedicamus
1326 2586 1403 2651 te,
1428 2586 1484 2635 et
1507 2578 1805 2634 laudemus
1830 2590 2036 2630 nomen
2058 2577 2221 2628 tuum

592 2686 653 2741 in
680 2688 894 2739 aeterna
918 2680 1122 2736 saecula
1147 2676 1507 2733 saeculorum.

664 2847 811 2901 Deus
842 2861 952 2917 pax
982 2847 1039 2897 et
1067 2765 1780 2907 caritasfgeptilggizcamur;
1819 2827 2053 2883 Domine
2093 2842 2218 2880 san-

592 2946 699 3010 cte,
730 2941 892 2995 Pater
924 2935 1303 3006 omnipotens,
1342 2933 1550 2983 interna
1589 2927 1753 2995 Deus,
1798 2923 1977 2978 libera
2006 2938 2109 2975 nos
2154 2919 2224 2973 ab

593 3034 751 3088 omni
769 3030 1120 3098 temtatioue,
1144 3026 1351 3097 adjuva
1367 3039 1471 3078 nos
1490 3022 1547 3076 in
1569 3018 1724 3074 omni
1746 3016 2073 3083 certamine,
2096 3029 2226 3068 con-

594 3127 771 3183 solare
798 3126 858 3179 in
884 3123 1040 3179 omni
1070 3117 1455 3176 tribulatione.
1493 3115 1567 3168 Da
1615 3110 1776 3168 nobis
1803 3107 2130 3182 patientiam
2168 3106 2228 3160 in
2248 3111 2303 3184 C

593 3218 862 3284 adversis,
891 3217 961 3271 da
992 3214 1154 3269 nobis
1189 3216 1256 3266 ut
1294 3216 1349 3265 te
1388 3225 1532 3281 puro
1571 3206 1737 3261 corde
1779 3198 2099 3265 adoremus,
2124 3199 2229 3255 tibi

595 3312 811 3368 munda
829 3306 1167 3365 conscientia
1191 3303 1517 3376 psallamus,
1538 3299 1640 3354 tibi
1659 3301 1775 3353 tota
1795 3297 2001 3375 virtute
2018 3293 2227 3349 servia-

594 3422 745 3461 mus.
784 3404 860 3458 Te
894 3398 1305 3465 benedicimus,
1350 3393 1588 3449 Trinitas
1630 3394 1840 3456 sancta,
1872 3388 1973 3443 tibi
2019 3386 2231 3459 gratias

594 3498 838 3569 agimus,
870 3500 926 3550 te
952 3509 1053 3566 per
1082 3489 1336 3562 singulos
1366 3487 1483 3543 dies
1526 3484 1843 3552 laudamus,
1871 3486 1928 3536 te
1962 3480 2227 3552 depreca-

593 3607 747 3658 mur,
777 3589 933 3645 Abba
959 3588 1142 3642 Pater.
1182 3582 1374 3640 Suavis
1407 3581 1479 3636 sit
1516 3577 1764 3635 laudatio
1801 3580 2015 3644 nostra,
2046 3573 2229 3645 sitque

595 3682 950 3758 acceptabilis
975 3679 1154 3736 oratio
1178 3681 1390 3734 nostra.

1248 3762 1583 3816 Contestatio.

667 3846 807 3901 Vere
850 3842 1087 3915 dignum
1131 3844 1188 3895 et
1215 3838 1438 3909 justum
1472 3839 1576 3903 est,
1622 3830 1856 3886 Domine
1906 3829 2025 3884 Rex
2075 3825 2230 3881 caele-

596 3938 790 4005 stium,
821 3938 939 3993 Rex
968 3949 1191 4006 regum,
1224 3933 1369 3985 Deus
1394 3929 1653 3993 deorum,
1683 3929 1739 3979 et
1764 3922 2035 3978 Dominus
2057 3919 2231 3974 domi-

596 4047 826 4100 norum,
857 4028 961 4083 tibi
990 4027 1199 4098 gratias
1222 4038 1411 4095 agere,
1430 4019 1668 4075 laudum
1694 4016 1903 4072 hostias
1917 4013 2226 4069 immolare.

597 4122 812 4181 Exaudi
841 4120 1155 4185 orationem
1184 4121 1241 4172 et
1282 4112 1735 4186 deprecationem
1771 4107 2119 4164 famulorum
2145 4105 2228 4159 fa-

599 4217 1001 4285 mularumque
1023 4216 1284 4277 tuarum;
1334 4205 1568 4262 auribus
1595 4203 1823 4276 percipe
1848 4200 2107 4256 lacrimas
2132 4215 2227 4253 eo-

600 4326 753 4377 rum,
785 4306 939 4363 Abba
963 4306 1146 4361 Pater.
1178 4301 1356 4373 Imple
1382 4297 1633 4354 nominis
1666 4296 1751 4351 tui
1782 4294 2034 4351 ofﬁcium
2063 4309 2233 4365 super

596 4402 838 4461 famulos
861 4404 918 4456 et
943 4397 1183 4455 famulas
1208 4399 1368 4463 tuas;
1398 4398 1462 4448 tu
1490 4408 1585 4447 eos
1613 4406 1771 4462 rege,
1791 4394 1852 4445 tu
1882 4392 2135 4460 protege,
2166 4391 2232 4442 tu

2318 1834 2553 1901 librum,
2578 1835 2636 1886 et
2662 1834 2876 1901 septem
2903 1825 3196 1897 signacula
3218 1823 3358 1894 ejus.
3389 1822 3456 1875 Et
3479 1818 3616 1887 vidi,
3649 1821 3711 1871 et
3753 1830 3873 1870 ecce
3894 1815 3938 1867 in

2320 1926 2508 1982 medio
2540 1923 2730 1979 throni
2760 1927 2816 1976 et
2840 1924 3105 1992 quattuor
3131 1914 3471 1971 animalium
3501 1917 3559 1967 et
3577 1911 3639 1965 in
3657 1908 3845 1963 medio
3869 1924 3938 1960 se-

2320 2020 2548 2074 niorum
2585 2021 2813 2087 Agnum
2858 2016 3099 2068 stantem
3138 2008 3297 2082 quasi
3335 2007 3604 2073 occisum,
3657 2003 3939 2057 habentem

2321 2129 2537 2168 cornua
2565 2113 2802 2181 septem,
2834 2112 2891 2163 et
2916 2105 3104 2161 oculos
3133 2107 3371 2175 septem,
3397 2099 3497 2171 qui
3525 2101 3661 2153 sunt
3686 2094 3941 2168 spiriritus

2322 2206 2417 2260 Dei
2450 2204 2602 2259 missi
2632 2203 2691 2257 in
2716 2216 2949 2256 omnem
2981 2203 3211 2253 terram.
3248 2196 3315 2249 Et
3351 2192 3527 2255 venit,
3559 2196 3617 2246 et
3643 2188 3854 2260 accepit
3882 2187 3935 2240 li-

2319 2299 2489 2354 brum
2520 2314 2533 2351 :
2565 2300 2622 2352 et
2646 2298 2912 2368 quattuor
2936 2290 3222 2356 animalia,
3254 2290 3311 2343 et
3335 2285 3537 2359 viginti
3575 2286 3844 2356 quattuor
3868 2297 3935 2334 se-

2320 2392 2508 2447 niores
2550 2389 2874 2445 ceciderunt
2911 2401 3103 2440 coram
3145 2385 3342 2454 Agno;
3384 2384 3441 2435 et
3483 2382 3719 2449 cantant
3752 2391 3933 2430 novum

2322 2485 2599 2542 canticum
2630 2483 2878 2538 dicentes
2912 2497 2926 2533 :
2956 2478 3169 2550 Dignus
3199 2492 3258 2531 es
3286 2472 3509 2545 aperire
3540 2471 3776 2537 librum,
3807 2472 3856 2522 et
3876 2468 3933 2520 si-

2323 2580 2565 2653 gnacula
2601 2577 2742 2648 ejus,
2787 2572 3056 2647 quoniam
3087 2569 3300 2625 occisus
3329 2584 3409 2637 es,
3453 2571 3512 2621 et
3536 2562 3823 2620 redemisti
3854 2577 3932 2615 nos

2325 2675 2440 2728 Deo
2468 2672 2526 2727 in
2546 2669 2825 2742 sanguine
2849 2671 2968 2722 tuo.
2998 2666 3063 2719 Et
3089 2679 3285 2719 omnes
3309 2660 3497 2716 audivi
3526 2658 3780 2713 dicentes
3809 2671 3820 2708 :
3854 2654 3931 2709 Se-

2325 2767 2479 2823 denti
2516 2767 2577 2820 in
2603 2765 2827 2819 Throno
2861 2765 2919 2816 et
2955 2762 3135 2830 Agno,
3180 2754 3526 2821 benedictio,
3570 2756 3628 2806 et
3674 2751 3864 2815 honor,
3889 2752 3929 2800 et

2327 2860 2522 2932 gloria,
2554 2865 2611 2913 et
2646 2860 2888 2929 potestas
2918 2854 2978 2908 in
3005 2851 3215 2907 saecula
3249 2848 3591 2905 saeculorum
3624 2859 3811 2899 amen.
3847 2840 3927 2904 Qui

2324 2954 2493 3009 habet
2523 2968 2722 3008 aurem
2747 2949 2956 3019 audiat,
2989 2946 3129 3018 quid
3155 2944 3396 3015 Spiritus
3421 2942 3569 2995 dicat
3589 2936 3856 2994 Ecclesiis.

2860 3056 3019 3097 HISSA
3060 3051 3432 3095 DOMINICALIS.

2606 3122 2836 3187 Epistola
2858 3120 3002 3171 Pauli
3028 3118 3250 3183 apostoli
3277 3115 3343 3166 ad
3367 3113 3686 3165 Corinthios.

2398 3183 2816 3263 Fratrem-cum
2855 3209 2991 3264 ergo
3035 3191 3289 3245 Christus
3331 3186 3679 3259 praedicatur
3733 3183 3868 3256 quod
3907 3198 3929 3232 a

2329 3291 2570 3347 mortuis
2594 3286 2926 3353 resurrexit,
2957 3284 3241 3358 quomodo
3271 3281 3467 3337 dicunt
3510 3279 3748 3352 quidam
3780 3276 3835 3330 in
3855 3291 3926 3327 vo-

2328 3385 2434 3455 bis,
2463 3383 2735 3456 quoniam
2755 3379 3091 3435 resurrectio
3118 3381 3476 3433 mortuorum
3503 3389 3619 3427 non
3653 3372 3777 3426 est?
3796 3370 3848 3425 Si
3859 3384 3927 3421 au-

2328 3484 2447 3535 tem
2467 3475 2804 3532 resurrectio
2830 3478 3193 3529 mortuorum
3216 3486 3331 3525 non
3358 3474 3463 3537 est,
3492 3482 3686 3538 neque
3714 3463 3927 3519 Christus

2328 3569 2658 3628 resurrexit.
2692 3569 2745 3623 Si
2784 3573 2977 3623 autem
3005 3583 3121 3621 non
3150 3562 3479 3631 resurrexit,
3515 3561 3640 3615 sine
3677 3574 3835 3614 causa
3868 3558 3928 3610 est

2330 3681 2466 3735 ergo
2494 3668 2549 3719 et
2578 3661 2901 3734 przedicatio
2935 3665 3148 3727 nostra,
3182 3663 3237 3713 et
3269 3656 3407 3711 ﬁdes
3436 3660 3619 3710 vestra
3646 3669 3834 3708 vacua.
3862 3651 3926 3702 ln-

2328 3757 2591 3813 venimur
2627 3759 2817 3810 autem
2867 3754 2991 3808 falsi
3029 3756 3194 3807 testes
3228 3752 3356 3821 Dei;
3411 3750 3687 3823 quoniam
3723 3747 3926 3802 testium

2329 3850 2490 3905 nium
2534 3849 2781 3905 diximus
2821 3847 3087 3903 adversus
3147 3846 3349 3915 Deum,
3404 3844 3558 3916 quod
3609 3839 3929 3899 suscitaverit

2328 3943 2634 4012 Christum,
2666 3957 2838 4013 quem
2861 3956 2977 3995 non
3002 3939 3306 3995 suscitavit.
3329 3937 3385 3993 Si
3411 3937 3568 3992 enim
3608 3935 3815 3991 mortui
3837 3948 3927 3987 non

2327 4041 2654 4108 resurgunt,
2684 4051 2869 4107 neque
2899 4033 3155 4090 Christus
3178 4031 3509 4088 resurrexit.
3536 4030 3698 4095 Quod
3724 4030 3769 4084 si
3796 4026 3924 4081 Chri-

2328 4134 2446 4185 stus
2473 4146 2587 4185 non
2612 4127 2945 4196 resurrexit,
2981 4127 3101 4181 sine
3127 4142 3296 4180 causa
3321 4130 3378 4180 et
3403 4124 3542 4179 ﬁdes
3568 4127 3753 4179 vestra
3776 4125 3863 4189 est,
3885 4123 3924 4172 et

2327 4223 2514 4278 adhuc
2543 4222 2672 4278 estis
2700 4222 2761 4277 in
2783 4220 3028 4293 peccatis
3054 4219 3271 4275 vestris.
3307 4220 3454 4290 Ergo
3492 4222 3549 4272 et
3574 4216 3675 4289 qui
3726 4212 3924 4271 dormie-

2329 4321 2482 4384 runt,
2522 4317 2583 4371 in
2630 4314 2847 4370 Christo
2884 4313 3201 4385 perierunt.
3245 4311 3301 4368 Si
3340 4311 3401 4366 in
3440 4311 3548 4366 hac
3584 4310 3703 4365 vita
3746 4308 3848 4363 sola
3879 4304 3921 4359 in

2331 4409 2553 4466 Christo
2579 4411 2866 4481 sperantes
2894 4422 3095 4462 sumus
3119 4408 3364 4474 tantum,
3398 4403 3826 4459 miserabiliores
3848 4415 3920 4454 su-

598 4511 887 4564 conserva,
927 4498 989 4549 tu
1033 4488 1334 4559 sanctiﬁca,
1378 4491 1443 4542 tu
1485 4484 1757 4556 guberna,
1805 4484 1870 4537 tu
1917 4481 2225 4537 consolare.

2330 4518 2460 4558 mus
2483 4502 2748 4557 omnibus
2773 4500 3121 4556 hominibus.
3158 4498 3435 4563 Quoniam
3459 4498 3522 4552 in
3553 4497 3735 4552 Adam
3761 4507 3919 4550 omnes

597 4588 752 4649 Sicut
792 4605 908 4645 non
934 4603 994 4643 es
1019 4584 1356 4656 dedignatus
1389 4592 1739 4650 congregare
1774 4580 1831 4632 et
1854 4589 2055 4631 vocare
2100 4591 2227 4643 eos;

600 4686 679 4741 ita
690 4690 788 4740 tuo
800 4682 1237 4737 inﬂammantur
1247 4689 1461 4744 amore,
1491 4676 1557 4728 ut
1574 4688 1608 4727 a
1618 4675 1677 4726 te
1691 4686 1809 4725 non
1826 4668 2227 4741 despiciantur,

602 4773 843 4837 Domine
883 4770 1338 4838 clementissime,
1379 4772 1436 4822 et
1487 4764 1741 4838 piissime
1786 4763 1970 4818 Pater.
2009 4762 2119 4817 Oro
2153 4765 2228 4829 te,

600 4868 859 4936 Domine,
888 4882 1004 4923 non
1027 4869 1223 4937 pereat
1261 4862 1322 4916 in
1347 4857 1509 4915 nobis
1539 4858 1755 4912 factura
1780 4854 2152 4911 redemtionis
2177 4854 2235 4908 et

599 4964 818 5023 vocatio
845 4966 945 5017 tua
969 4976 984 5014 :
1012 4958 1156 5013 sicut
1178 4954 1385 5010 vocasti
1409 4955 1679 5018 errantes,
1699 4949 1778 5004 ita
1801 4948 2019 5004 custodi
2043 4948 2102 5002 in
2127 4947 2235 5003 hoc

605 5057 738 5117 ovili
777 5053 1116 5111 habitantes.
1159 5050 1464 5104 Precamur
1504 5048 1580 5114 te,
1613 5042 1846 5097 Domine
1888 5045 2097 5110 sancte,
2124 5042 2232 5095 Pa-

603 5160 692 5210 ter
731 5148 1109 5220 omnipotens,
1144 5144 1356 5196 aeterne
1388 5142 1553 5208 Deus,
1582 5135 1787 5192 exaudi
1811 5135 2051 5190 famulos
2086 5138 2233 5201 tuos,

605 5245 735 5322 quia
773 5241 1021 5313 benigna
1064 5239 1149 5292 est
1184 5231 1569 5289 misericordia
1606 5233 1726 5285 tua.
1772 5228 2024 5284 Concede
2060 5227 2141 5282 eis
2177 5230 2239 5282 ut

602 5319 703 5398 tuo
740 5340 933 5394 sancto
976 5330 1190 5404 Spiritu
1239 5326 1686 5392 inﬂammentur,
1741 5326 1839 5377 tua
1886 5321 2091 5376 virtute
2147 5319 2237 5375 ﬂr-

603 5438 854 5499 mentur,
894 5434 994 5484 tuo
1022 5422 1324 5498 splendore
1354 5417 1792 5486 inluminentur,
1819 5420 1919 5470 tua
1948 5413 2129 5486 gratia
2154 5428 2239 5468 re-

602 5527 866 5602 pleantur
918 5537 1050 5578 cum
1092 5524 1193 5574 tuo
1237 5510 1520 5585 adjutorio
1566 5508 1882 5582 proﬁciant.
1936 5508 2091 5561 Dona
2135 5505 2237 5574 eis,

606 5598 868 5689 Domine,
894 5615 1067 5671 ﬁdem
1092 5615 1325 5677 rectam,
1355 5605 1646 5662 caritatem
1686 5601 2014 5674 perfectam,
2044 5598 2238 5656 humi-

605 5716 827 5774 litatem
853 5723 1066 5764 veram.
1095 5700 1372 5770 Concede,
1388 5696 1650 5766 Domine,
1669 5699 1734 5751 ut
1758 5694 1830 5751 sit
1853 5694 1913 5749 in
1932 5693 2094 5750 nobis
2111 5692 2241 5749 sim-

622 5813 629 5817 '
676 5804 703 5834 "
730 5803 858 5859 Hec
883 5803 968 5855 est
987 5797 1083 5853 illa
1105 5791 1426 5869 prophetia,
1456 5791 1526 5846 de
1551 5805 1664 5863 qua
1707 5786 1966 5860 superius
2000 5782 2238 5844 mentio.

2332 4595 2677 4664 moriuntur,
2700 4595 2779 4650 ita
2797 4598 2853 4650 et
2871 4593 2931 4648 in
2949 4593 3170 4648 Christo
3201 4607 3398 4647 omnes
3417 4590 3853 4646 vivificabuntur.

2484 4688 2662 4738 Lectio
2686 4686 2855 4737 sancti
2882 4685 3149 4750 Evangelii
3174 4683 3465 4735 secundum
3488 4683 3798 4735 Matthteum.

2404 4759 2610 4815 Diebus
2639 4759 2769 4829 illis,
2799 4757 3117 4813 convocatis
3142 4757 3214 4812 ad
3244 4773 3302 4812 se
3333 4756 3604 4812 Dominus
3630 4758 3782 4811 Jesus
3824 4757 3916 4807 tur-

2332 4854 2438 4925 bis,
2468 4852 2615 4909 dixit
2645 4852 2726 4907 eis
2756 4868 2770 4907 :
2802 4851 3006 4906 Audite
3035 4855 3093 4906 et
3118 4849 3436 4922 intelligite.
3471 4850 3593 4905 Non
3620 4849 3768 4921 quod
3785 4846 3919 4902 intrat

2332 4948 2395 5003 in
2419 4964 2500 5017 os,
2542 4945 2871 5017 coinquinat
2898 4944 3193 4999 hominem
3217 4962 3235 5013 ;
3269 4943 3368 4998 sed
3411 4943 3563 5015 quod
3602 4941 3838 5015 procedit
3870 4952 3918 4992 ex

2336 5056 2453 5109 ore,
2481 5040 2588 5095 hoc
2612 5038 2945 5110 coinquinat
2973 5038 3287 5092 hominem.
3318 5038 3473 5091 Tunc
3501 5038 3841 5092 accesserunt
3864 5030 3917 5084 di-

2335 5132 2537 5205 scipuli
2555 5132 2697 5203 ejus,
2719 5136 2775 5186 et
2800 5131 3069 5187 dixerunt
3093 5131 3145 5185 ei
3174 5148 3187 5184 :
3219 5130 3334 5185 Scis
3360 5131 3494 5202 quia
3535 5128 3817 5195 Pharisaei,
3842 5139 3915 5178 au-

2336 5226 2454 5282 dito
2478 5226 2585 5281 hoc
2606 5225 2795 5295 verbo,
2827 5224 3183 5279 scandalizati
3225 5228 3377 5279 sunt.
3406 5225 3478 5278 At
3502 5223 3599 5278 ille
3622 5218 3916 5294 respondens

2337 5320 2416 5375 ait
2446 5337 2460 5375 :
2490 5318 2686 5375 Omnis
2704 5318 2997 5391 plantatio,
3010 5333 3181 5390 quam
3198 5333 3313 5372 non
3334 5316 3605 5388 plantavit
3618 5318 3778 5372 Pater
3797 5323 3916 5367 meus

2338 5412 2591 5482 caelestis,
2638 5410 3031 5469 eradicabitur.
3065 5410 3240 5467 Sinite
3272 5409 3414 5481 illos,
3447 5409 3585 5464 eieci
3605 5414 3755 5479 sunt,
3791 5406 3917 5462 duces

2338 5521 2637 5562 caecorum.
2682 5505 2876 5561 Caecus
2922 5509 3113 5560 autem
3143 5503 3189 5558 si
3225 5519 3374 5559 caeco
3410 5503 3678 5559 ducatum
3717 5498 3913 5575 praestet,

2341 5600 2508 5657 ambo
2540 5600 2604 5657 in
2635 5599 2857 5656 foveam
2892 5597 3122 5653 cadunt.
3153 5596 3523 5669 Respondeas
3558 5602 3750 5653 autem
3769 5594 3916 5651 Petrus

2339 5693 2483 5751 dixit
2530 5694 2582 5751 ei
2632 5712 2647 5752 :
2681 5693 2935 5751 Edissere
2979 5689 3146 5749 nobis
3186 5690 3511 5765 parabolam
3553 5690 3737 5749 istam.
3760 5680 3915 5747 Atille
