4006 6228
103 340 195 391 4549
721 335 1330 390 SACRAMENTARIUM
1369 335 1813 390 GALLICANUM.
1857 364 1922 372 -
1965 335 2328 389 LECTIONES
2367 336 2822 390 DOMINICALES.

90 444 253 500 dixit:
279 441 484 496 Adhuc
505 445 557 496 et
575 457 667 496 vos
698 442 817 496 sine
849 442 1140 497 intellectu
1159 442 1329 496 estis?
1356 459 1471 496 non
1499 442 1707 498 intelli-
1733 457 1791 527 Α
1814 443 2035 512 guravit
2061 443 2118 495 in
2146 459 2331 496 curro.
2356 443 2527 511 Cujus
2553 443 2702 496 dono
2721 443 2890 496 vidua
2919 442 3207 498 benedixit
3226 444 3285 498 in
3302 447 3444 514 oleo,

94 537 208 608 gitis
233 535 370 606 quia
402 551 573 590 omne
602 537 753 606 quod
783 536 842 590 in
873 553 932 589 os
957 535 1148 604 intrat,
1172 535 1230 589 in
1260 541 1516 590 ventrem
1541 537 1709 606 vadit,

1816 535 1992 606 ipsius
2021 535 2454 590 viviﬁcationem
2487 536 2736 590 Heliseus
2782 536 2918 592 vidit
2953 537 3013 591 in
3041 538 3319 608 sepulcro.
3346 539 3449 593 Cu-

95 637 142 686 et
165 631 220 684 in
245 645 532 684 secessum
573 630 854 684 mittitur?
897 646 1025 701 quae
1066 633 1255 683 autem
1298 630 1612 700 procedunt
1647 631 1715 684 de
1808 629 1903 699 jus
1929 629 2257 700 patientiam
2283 629 2589 684 Hieremias
2615 630 2806 685 docuit
2830 630 2888 685 in
2911 631 3117 699 lacum,
3149 631 3323 702 ipsius
3345 633 3447 686 mi-

93 741 196 790 ore,
224 723 292 777 de
332 724 506 777 corde
551 728 778 793 exeunt,
812 728 868 778 et
903 739 968 778 ea
1009 723 1375 794 coinquinant
1404 723 1712 777 hominem.

94 819 160 871 De
187 815 348 870 corde
375 816 534 870 enim
562 821 771 871 exeunt
795 816 1161 886 cogitationes
1183 817 1367 885 malae,
1393 816 1712 883 homicidia,

93 909 368 977 adulteria,
436 909 856 977 fornicationes,
923 910 1112 978 furta,
1173 911 1314 964 falsa
1375 909 1713 978 testimonia,

92 1002 478 1075 blasphemiae;
510 1003 630 1057 haec
668 1009 801 1058 sunt
842 1019 969 1074 quae
996 1004 1364 1074 coinquinant
1401 1003 1713 1057 hominem.

95 1098 198 1150 Non
225 1097 348 1150 lotis
375 1100 574 1151 autem
597 1096 861 1151 manibus
887 1097 1378 1165 manducare,non
1393 1096 1719 1167 coinquinat

97 1189 385 1244 hominem.
435 1191 709 1245 Ecassscs
756 1207 879 1245 lNDE
906 1191 1156 1245 DOMINCS
1192 1192 1351 1245 Jssvs
1399 1190 1620 1244 secessit
1661 1189 1718 1242 in

96 1287 263 1354 partes
291 1283 422 1353 Tyri
455 1288 514 1338 et
552 1284 769 1338 Sidonis
803 1301 814 1338 :
848 1288 904 1338 et
933 1301 1058 1338 ecce
1096 1283 1303 1338 mulier
1327 1284 1644 1351 Chananea,
1685 1299 1718 1336 a

97 1376 285 1430 ﬁnibus
331 1376 446 1430 illis
495 1394 740 1448 egressa,
789 1378 1078 1446 clamavit,
1111 1378 1300 1433 dicens
1330 1378 1380 1432 ei
1413 1395 1425 1432 :
1460 1377 1717 1430 Miserere

97 1471 212 1536 mei,
239 1470 500 1537 Domine,
529 1471 610 1524 ﬁli
637 1470 838 1539 David;
868 1470 981 1525 ﬁlia
1025 1487 1150 1525 mea
1193 1472 1336 1525 male
1380 1488 1412 1524 a
1438 1470 1718 1524 dmmonio

95 1568 334 1617 vexatur.
362 1565 473 1628 Qui
501 1580 616 1618 non
637 1565 928 1635 respondit
953 1565 1004 1618 ei
1025 1565 1281 1619 verbum.
1307 1566 1371 1618 Et
1393 1563 1719 1618 accedentes

97 1657 339 1727 discipuli
361 1657 487 1727 ejus
513 1658 796 1729 rogabant
817 1674 970 1723 eum,
1003 1659 1251 1713 dicentes
1285 1674 1298 1710 :
1324 1657 1550 1711 Dimitte
1571 1673 1715 1724 eam,

96 1748 213 1820 quia
254 1750 460 1804 clamat
502 1755 629 1821 post
663 1768 788 1806 nos.
820 1753 942 1823 Ipse
986 1756 1176 1805 autem
1207 1750 1552 1821 respondens
1593 1750 1671 1804 ait
1702 1765 1714 1802 :

1815 722 2177 777 sericordiam
2203 722 2501 778 Zerobabel
2528 723 2852 793 praedicavit
2887 724 2944 779 in
2976 725 3242 779 reditum.
3275 726 3448 796 Cujus

1819 832 1961 886 opus
1987 816 2442 870 Patriarcharum
2467 816 2650 870 forma
2675 817 2948 883 distinxit,
2978 818 3154 889 ipsius
3181 819 3449 890 propicia-

1818 909 2029 962 tionem
2058 909 2411 963 sacerdotum
2439 910 2780 980 praeparatio
2809 911 3122 966 declaravit.
3145 911 3315 981 Cujus
3332 912 3450 966 lon-

1819 989 2208 1071 ganimitatem
2229 1002 2486 1071 judicum
2520 1003 2754 1073 asquitas
2770 1003 3022 1074 protulit,
3042 1003 3218 1074 ipsius
3233 1005 3450 1076 sapien—

1818 1095 1956 1148 tiam
1985 1112 2188 1165 regum
2215 1095 2328 1148 vita
2358 1095 2616 1150 deservit.
2645 1097 2814 1166 Cujus
2852 1097 3112 1167 spiritum
3140 1099 3446 1170 propheta-

1818 1205 1946 1243 rum
1978 1188 2178 1242 veritas
2218 1189 2568 1260 adprobavit,
2600 1190 2771 1259 ipsius
2795 1191 3099 1245 adventum
3128 1193 3448 1250 Zaccharias

1818 1283 2123 1354 castigatus
2154 1283 2414 1336 ostendit.
2453 1282 2624 1352 Cujus
2653 1282 2951 1338 introitum
2983 1285 3266 1340 Iohannes
3299 1303 3446 1357 pras-

1818 1393 2014 1430 cursor
2048 1375 2361 1440 admonuit,
2397 1375 2571 1446 ipsius
2611 1376 2959 1432 nativitatem
2991 1378 3161 1449 Virgo
3192 1380 3448 1449 protulit,

1818 1470 1974 1524 stella
2002 1469 2307 1540 praecessit.
2339 1469 2687 1540 Angelorum
2714 1487 2816 1524 vox
2846 1488 3001 1524 sacra
3028 1471 3248 1539 cecinit,
3268 1479 3453 1543 pasto-

1820 1580 1950 1617 rum
1972 1563 2207 1634 pervigil
2229 1562 2540 1617 sollicitudo
2561 1563 2820 1634 pervidit,
2845 1580 3147 1634 magorum
3171 1566 3451 1635 tripertita

1819 1657 2024 1711 oblatio
2049 1656 2302 1711 muneris
2329 1656 2642 1711 honoravit.
2671 1657 2841 1727 Cujus
2869 1657 3185 1726 passionem
3205 1659 3452 1713 mundus

1819 1767 1934 1804 non
1963 1750 2249 1818 sustinuit,
2279 1750 2362 1804 sol
2391 1750 2622 1821 refugit.
2655 1750 2824 1819 Cujus
2853 1751 3321 1806 resurrectionem
3349 1754 3449 1808 ad-

99 1843 201 1896 .‘ion
228 1859 353 1897 sum
383 1844 590 1898 missus
630 1844 740 1898 nisi
767 1845 836 1898 ad
878 1861 1008 1898 oves
1043 1861 1173 1916 quae
1201 1845 1494 1915 perierunt
1518 1843 1719 1898 domus
1740 1829 1795 1899 Β
1819 1843 2075 1898 sistentes
2117 1848 2572 1898 sustentaverunt
2609 1843 2817 1913 angeli,
2870 1860 3002 1897 cum
3063 1851 3450 1916 resurgentem

101 1936 269 1990 Israel.
295 1939 365 1990 At
394 1937 494 1990 illa
536 1937 710 2005 venit,
761 1942 817 1991 et
862 1938 1135 1992 adorabat
1177 1953 1310 1991 eum
1348 1937 1580 1992 dicens:
1612 1937 1717 1990 Do-

100 2029 262 2096 mine,
287 2029 493 2100 adjuva
521 2048 634 2086 me.
670 2031 777 2095 Qui
821 2031 1167 2103 respondens
1194 2032 1274 2085 ait
1305 2047 1316 2084 :
1359 2032 1479 2084 Non
1507 2035 1590 2084 est
1618 2030 1716 2084 bo-

99 2139 221 2177 num
246 2140 470 2178 sumere
511 2140 717 2195 panem
741 2124 1010 2194 ﬁliorum,
1039 2130 1096 2179 et
1122 2125 1344 2180 mittere
1372 2125 1618 2178 canibus.
1653 2128 1722 2179 At

102 2217 179 2270 illa
202 2216 339 2271 dixit
365 2234 377 2271 :
419 2218 604 2272 Etiam
630 2260 643 2287 ,
676 2219 912 2273 Domine
932 2261 946 2285 ,
976 2235 1107 2272 nam
1135 2224 1191 2274 et
1229 2219 1412 2272 catelli
1440 2218 1615 2272 edunt
1653 2219 1721 2272 de

102 2326 277 2364 mensa
301 2311 673 2366 dominorum
719 2329 971 2366 suorum.
1012 2314 1166 2366 Tunc
1195 2312 1539 2383 respondens
1567 2312 1722 2366 Jesus

104 2404 168 2457 ait
192 2404 269 2458 illi
298 2421 310 2458 :
339 2405 383 2459 Ο
403 2405 636 2468 mulier,
657 2423 867 2478 magna
895 2410 980 2460 est
1004 2405 1142 2460 ﬁdes
1170 2410 1294 2475 tua;
1325 2405 1420 2459 ﬁat
1449 2405 1551 2460 tibi
1577 2405 1723 2459 sicut

107 2496 189 2550 vis.
216 2498 504 2567 Etsanata
530 2503 614 2552 est
640 2499 752 2552 ﬁlia
779 2500 900 2569 ejus
938 2516 1006 2554 ex
1033 2498 1126 2552 illa
1159 2499 1314 2552 hora.

707 2613 896 2651 INCIPIT
937 2612 1106 2650 MISSA.

168 2689 414 2755 Oremus,
458 2689 664 2744 fratres
699 2689 990 2755 carissimi,
1031 2688 1353 2743 unianimes
1380 2692 1548 2760 atque
1587 2704 1719 2742 con-

109 2781 300 2847 cci-des,
334 2786 400 2837 ut
425 2782 735 2836 Ecclesiam
762 2799 922 2836 suam
960 2781 1228 2835 Dominus
1256 2781 1315 2835 in
1349 2798 1489 2852 pace
1517 2780 1720 2835 consti-

109 2879 228 2941 tuat,
257 2875 469 2930 clerum
518 2892 687 2930 suum
729 2875 935 2930 caelesti
964 2874 1354 2930 benedictione
1392 2875 1720 2944 circumdet,

110 2967 307 3037 plebem
347 2985 510 3022 suam
553 2969 714 3022 donis
753 2969 966 3039 repleat
1001 2967 1341 3039 spiritalium
1379 2967 1721 3038 gratiarum;

110 3066 160 3114 ut
193 3061 437 3132 quietam
465 3061 643 3117 vitam
690 3067 941 3134 agentes,
973 3065 1184 3117 aeterno
1210 3061 1448 3116 Domino
1491 3060 1724 3116 inlibate

110 3154 417 3210 serviamus.

775 3225 1045 3275 Collectio.

171 3305 584 3377 Sempiternum
637 3306 958 3374 Dominum,
1019 3306 1324 3375 inﬁnitum,
1383 3305 1724 3377 ingenitum,

113 3397 492 3469 immortalem,
538 3401 750 3456 devotae
803 3399 1029 3466 mentis,
1087 3400 1496 3455 desideriorum
1545 3400 1728 3454 cordis

113 3490 460 3549 habitatorem
489 3494 883 3566 deprecemur,
912 3496 978 3547 ut
1009 3493 1312 3548 Ecclesiam
1347 3498 1597 3549 sanctam
1631 3509 1722 3548 ca-

114 3583 359 3642 tholicam
381 3591 663 3660 perpetua
688 3587 1013 3642 defensione
1041 3590 1286 3642 tueatur.

719 3677 840 3726 Post
865 3675 1093 3726 nomina.

181 3754 399 3811 Domine
426 3760 577 3812 Deus
603 3756 916 3812 dilectionis
940 3761 998 3811 et
1021 3757 1195 3828 pacis,
1226 3756 1285 3810 in
1309 3755 1470 3827 cujus
1496 3756 1727 3811 dextera

117 3848 252 3902 salus
273 3853 456 3904 nostra
484 3855 591 3913 est,
606 3855 811 3921 prtesta
833 3855 898 3904 ut
920 3850 989 3904 ad
1015 3855 1070 3904 te
1098 3865 1213 3904 non
1241 3865 1337 3904 ore
1362 3854 1604 3917 tantum,
1631 3849 1727 3904 sed

120 3947 168 3995 et
205 3943 359 4000 corde
400 3944 722 4016 vigilemus.
771 3944 1054 3997 Timorem
1094 3943 1180 3998 tui
1227 3943 1475 3998 nominis
1524 3943 1729 3998 nostris

121 4034 292 4091 emitte
305 4036 629 4105 visceribus,
648 4042 705 4092 et
722 4053 976 4091 amorem
997 4036 1233 4092 infunde
1247 4035 1584 4108 pectoribus.
1601 4037 1725 4091 Per.

755 4129 833 4180 Ad
862 4143 1066 4194 pacem.

179 4209 354 4266 Presta
378 4211 564 4280 nobis,
595 4211 848 4280 Domine,
882 4211 943 4264 in
989 4211 1157 4265 domo
1181 4215 1279 4265 tua
1304 4214 1495 4265 sancta
1522 4208 1728 4264 unani-

122 4301 296 4358 mitate
334 4303 653 4360 viventibus
692 4319 890 4376 pacem
939 4303 1148 4359 habere
1201 4319 1377 4376 quam
1416 4303 1727 4370 tradimus;

124 4410 297 4464 pacem
321 4415 544 4454 servare
572 4414 745 4469 quam
779 4397 1056 4453 sumimus

770 4489 1100 4540 Contestatio.

1747 3201 1802 3275 C

1824 1936 2277 2006 gloriﬁcaverunt
2303 1935 2498 1989 sancti.
2527 1936 2697 2005 Cujus
2723 1952 2968 2005 regnum
3000 1936 3327 1992 universum
3353 1954 3452 1993 cte-

1822 2030 2046 2084 lestium
2085 2035 2140 2084 et
2177 2028 2530 2083 terrestrium
2574 2029 3044 2100 infernorumque
3090 2036 3447 2100 concentum,

1821 2124 2174 2190 animalium,
2217 2123 2524 2191 seniorum,
2561 2121 2935 2191 signatorum,
2965 2122 3292 2178 incessabile
3319 2141 3450 2179 voce

1822 2217 2248 2288 proclamabant
2276 2216 2526 2271 dicentes
2556 2232 2569 2268 :
2609 2215 2862 2270 Sanctus.

2348 2338 2503 2377 MISSA
2545 2338 2906 2378 DOIINICALIS.

1917 2415 2091 2465 Lectio
2119 2414 2385 2464 Malachiae
2413 2415 2681 2478 prophetae
2701 2450 2718 2476 ,
2754 2415 3079 2466 dominicalis
3117 2417 3358 2481 legenda.

1896 2502 2017 2554 Haec
2055 2500 2187 2554 dicit
2226 2501 2492 2554 Dominus
2527 2517 2539 2554 :
2576 2502 2778 2554 lnferte
2818 2518 3046 2555 omnem
3089 2501 3364 2556 decimam
3395 2503 3453 2557 in

1823 2595 2093 2648 horreum
2119 2611 2333 2661 meum,
2372 2599 2427 2648 et
2451 2594 2523 2648 sit
2548 2594 2703 2648 cibus
2743 2594 2801 2648 in
2845 2595 3013 2648 domo
3055 2611 3204 2665 mea,
3237 2600 3294 2650 et
3320 2612 3452 2667 pro-

1823 2687 1951 2742 bate
1974 2703 2067 2742 me
2105 2703 2277 2759 super
2302 2687 2428 2755 hoc,
2457 2686 2592 2741 dicit
2616 2687 2906 2742 Dominus.
2954 2688 3010 2742 Si
3037 2704 3151 2743 non
3177 2704 3453 2760 aperuero

1823 2781 1978 2835 vobis
2003 2785 2302 2835 cataractas
2332 2780 2472 2847 caeli,
2522 2785 2578 2834 et
2619 2780 2871 2835 eﬁ'udero
2912 2781 3066 2835 vobis
3106 2782 3453 2836 benedictio-

1824 2890 1956 2929 nem
1982 2891 2160 2945 usque
2185 2874 2256 2928 ad
2279 2873 2685 2928 abundantiam
2717 2891 2728 2927 :
2761 2878 2815 2928 et
2841 2874 3142 2946 increpabo
3169 2893 3273 2946 pro
3298 2877 3453 2931 vobis

1824 2969 2208 3035 devorantem,
2225 2971 2415 3022 etnon
2437 2972 2760 3038 corrumpet
2774 2967 3025 3021 fructum
3044 2973 3211 3022 terra
3232 2975 3450 3038 vestrae,

1824 3078 1926 3116 nec
1949 3060 2057 3116 erit
2081 3060 2286 3116 sterilis
2315 3061 2475 3115 vinea
2502 3060 2560 3114 in
2591 3076 2749 3130 agro,
2780 3060 2914 3115 dicit
2939 3061 3210 3117 Dominus
3237 3063 3452 3118 exerci-

1826 3159 2012 3208 tuum.
2060 3155 2128 3208 Et
2156 3154 2356 3209 beatos
2394 3171 2492 3208 vos
2529 3154 2722 3208 dicent
2761 3171 2964 3208 omnes
3010 3159 3232 3225 gentes.
3290 3158 3456 3212 Eritis

1829 3249 1985 3303 enim
2017 3264 2116 3302 vos
2135 3250 2290 3302 terra
2313 3246 2727 3313 desiderabilis,
2757 3247 2896 3301 dicit
2930 3248 3209 3303 Dominus
3243 3251 3455 3305 exerci-

1827 3345 2013 3395 tuum.
2042 3341 2410 3395 lnvaluerunt
2427 3355 2601 3411 super
2626 3356 2718 3394 me
2751 3340 2923 3394 verba
2941 3344 3149 3408 vestra,
3181 3342 3319 3397 dicit
3341 3344 3452 3399 Do-

1829 3435 2042 3500 minus,
2081 3438 2139 3488 et
2182 3434 2400 3488 dixistis
2437 3451 2448 3488 :
2489 3433 2636 3498 Quid
2677 3434 2852 3488 locuti
2886 3451 3084 3489 sumus
3121 3440 3324 3491 contra
3351 3438 3456 3493 te?

1829 3527 2052 3582 Dixistis
2083 3545 2095 3582 :
2131 3530 2319 3581 Vanus
2344 3531 2431 3580 est
2459 3526 2556 3597 qui
2578 3527 2750 3580 servit
2767 3529 2906 3582 Deo.
2939 3529 3374 3598 Convertimini,
3399 3535 3457 3586 et

1828 3625 2110 3691 videbitis,
2135 3624 2272 3696 quid
2305 3624 2376 3677 sit
2404 3623 2554 3677 inter
2574 3623 2794 3693 justum
2824 3628 2879 3676 et
2921 3625 3187 3695 impium,
3217 3630 3275 3679 et
3302 3627 3457 3681 inter

1827 3718 2173 3772 servientem
2203 3719 2382 3772 Deum
2409 3720 2468 3770 et
2494 3732 2609 3770 non
2638 3716 2982 3771 servientem
3012 3718 3082 3771 ei.
3118 3720 3257 3773 Ecce
3298 3721 3454 3775 enim

1829 3814 1950 3867 dies
1970 3813 2162 3866 veniet
2187 3828 2456 3866 succensa
2485 3811 2646 3881 quasi
2669 3811 2945 3877 caminus,
2971 3815 3029 3865 et
3052 3817 3222 3866 erunt
3254 3831 3457 3869 omnes

1829 3908 2057 3979 superbi
2077 3912 2135 3961 et
2153 3923 2358 3961 omnes
2377 3905 3028 3976 facientesimpietatem
3055 3908 3282 3979 stipula,
3297 3914 3354 3963 et
3374 3910 3460 3964 in-

1829 3999 2149 4056 ﬂammabit
2177 4017 2275 4054 eos
2305 3998 2426 4053 dies
2453 3999 2710 4052 veniens.
2735 4000 2802 4052 Et
2829 3999 3046 4053 orietur
3061 4001 3220 4056 vobis
3243 4002 3451 4057 timen-

1829 4095 1979 4150 tibus
2006 4110 2222 4149 nomen
2249 4109 2445 4147 meum
2475 4093 2556 4146 sol
2583 4092 2842 4162 justitiaa,
2861 4096 2920 4146 et
2948 4093 3162 4148 sanitas
3187 4095 3246 4149 in
3267 4096 3459 4167 pinnis

1830 4189 1972 4259 ejus.
2006 4189 2146 4242 Ecce
2173 4203 2282 4258 ego
2305 4186 2534 4240 mittam
2555 4185 2712 4239 vobis
2734 4186 2949 4240 Heliam
2971 4189 3337 4259 prophetam,
3363 4207 3462 4245 an-

1833 4285 2066 4353 tequam
2091 4281 2285 4335 veniat
2309 4280 2432 4334 dies
2456 4279 2684 4334 Domini
2709 4297 2958 4350 magnus
2980 4285 3036 4335 et
3071 4283 3358 4339 terribilis.
3392 4286 3460 4341 Et

1831 4377 2126 4432 convertet
2159 4391 2258 4429 cor
2281 4377 2512 4445 patrum
2553 4373 2625 4427 ad
2668 4374 2834 4441 filios,
2865 4377 2924 4428 et
2961 4393 3060 4429 cor
3096 4377 3349 4432 ﬁliorum
3385 4379 3460 4434 ad

1832 4472 2025 4540 patres
2048 4485 2250 4524 eorum
2271 4485 2284 4535 ;
2309 4485 2381 4521 ne
2403 4469 2551 4522 forte
2573 4466 2801 4521 veniam
2823 4471 2880 4521 et
2895 4469 3217 4538 percutiam
3239 4473 3457 4527 terram

187 4568 309 4624 Vere
329 4571 569 4644 dignum
595 4575 652 4626 et
668 4571 888 4642 justum
913 4574 1015 4640 est,
1043 4569 1403 4640 omnipotens
1437 4569 1602 4638 Deus,
1626 4584 1728 4640 per
1746 4567 1805 4639 D
1829 4563 2218 4628 anathemate,
2246 4560 2326 4614 ait
2351 4560 2629 4614 Dominus
2658 4561 2825 4614 Deus.

123 4658 380 4718 Christum
422 4664 726 4718 Dominum
779 4668 1062 4718 nostrum.
1093 4662 1265 4734 Cujus
1314 4678 1503 4716 vocem
1553 4661 1732 4716 Adam

125 4753 332 4825 audivit,
370 4763 425 4812 et
449 4757 641 4812 timuit
662 4756 836 4829 ipsius
860 4761 1186 4828 aspectum;
1219 4756 1356 4810 Abel
1375 4754 1655 4827 quaesivit,
1678 4759 1735 4810 et

123 4848 327 4903 meruit.
368 4851 539 4922 Cujus
581 4867 791 4906 nomen
836 4851 1028 4906 Enoch
1075 4849 1331 4918 credidit,
1380 4853 1436 4903 et
1479 4848 1728 4918 vocavit;

124 4935 277 5007 ipsius
299 4944 534 5013 gratiam
569 4945 682 4998 Noe
714 4943 1054 5015 justiﬁcatus
1093 4943 1330 4997 invenit.
1359 4942 1530 5012 Cujus
1555 4942 1729 4996 bene-

124 5023 403 5084 dictionem
423 5033 711 5087 Abraham
727 5037 953 5087 vocatus
973 5032 1210 5104 accepit,
1241 5031 1415 5104 ipsius
1441 5031 1732 5086 caritatem

125 5117 253 5174 Isaac
273 5125 535 5193 probatus
563 5126 810 5198 agnovit.
839 5126 1012 5196 Cujus
1038 5126 1539 5197 sanctificationem
1561 5123 1730 5179 Jacob

125 5209 311 5269 electus
352 5219 611 5288 emeruit,
659 5219 837 5290 ipsius
878 5219 1073 5290 ignem
1111 5220 1320 5290 Moyses
1368 5219 1604 5274 miratus
1641 5217 1730 5270 in-

126 5306 302 5373 spexit.
330 5310 497 5381 Cujus
523 5313 794 5367 ducatum
829 5313 989 5367 Jesus
1017 5312 1123 5366 sibi
1149 5313 1404 5368 conscius
1429 5311 1687 5366 adoravit
1714 5327 1727 5364 :

127 5393 280 5463 ipsius
304 5403 568 5460 suavitate
595 5405 852 5460 Debbora
893 5405 1138 5462 cantavit
1161 5406 1222 5460 in
1251 5421 1403 5460 voce.
1432 5405 1603 5476 Cujus
1629 5420 1731 5476 po-

128 5490 338 5547 tentiam
361 5496 580 5552 Gedeon
606 5498 868 5568 probavit
892 5499 954 5553 in
980 5500 1186 5554 vellere
1211 5517 1224 5553 :
1253 5499 1428 5570 ipsius
1453 5497 1734 5552 fortitudi-

130 5593 242 5634 nem
286 5585 512 5644 Samson
554 5591 799 5646 ostendit
839 5591 898 5646 in
945 5592 1120 5647 crine.
1165 5591 1338 5663 Cujus
1379 5591 1733 5661 majestatem

131 5669 334 5732 Samuel
356 5679 493 5737 vidit
519 5683 578 5738 in
615 5689 840 5755 sancto,
870 5684 1045 5756 ipsius
1070 5684 1523 5758 magnitudinem
1565 5681 1733 5736 David

133 5765 376 5827 exultavit
400 5773 458 5828 in
482 5779 773 5850 tympano.
810 5777 982 5851 Cujus
1009 5776 1287 5834 honorem
1317 5777 1581 5833 Salomon
1608 5773 1731 5847 glo-

137 5854 347 5918 riﬂcavit
371 5865 427 5921 iu
453 5870 681 5941 templo,
711 5870 887 5943 ipsius
925 5862 1311 5927 ascensionem
1337 5870 1520 5925 Helias
1545 5867 1732 5941 praeﬁ-

2128 4659 2355 4724 Epistola
2382 4658 2521 4708 Pauli
2555 4659 2774 4721 apostoli
2797 4657 2862 4708 ad
2886 4659 3160 4710 Romanos.

1905 4749 2145 4810 Fratres,
2172 4760 2286 4796 non
2303 4759 2441 4813 ergo
2469 4746 2675 4813 regnet
2692 4745 2991 4813 peccatum
3019 4744 3078 4798 in
3110 4748 3296 4802 vestro
3308 4763 3458 4806 mor-

1832 4841 1930 4895 tali
1974 4853 2233 4908 corpore,
2262 4839 2323 4888 ut
2352 4833 2635 4889 obediatis
2665 4835 3140 4905 concupiscentiis
3171 4841 3312 4912 ejus.
3345 4843 3456 4900 Sed

1834 4947 2018 5004 neque
2061 4927 2376 4984 exhibeatis
2411 4926 2674 4981 membra
2712 4931 2898 4982 vestra
2938 4946 3103 4985 arma
3142 4933 3459 5006 iniquitatis

1832 5029 2098 5098 peccato;
2130 5023 2230 5077 sed
2255 5021 2517 5076 exhibete
2539 5037 2637 5074 vos
2664 5021 2779 5075 Deo
2812 5024 3110 5092 tamquam
3134 5043 3200 5080 ex
3216 5033 3459 5086 mortuis

1831 5119 2105 5185 viventes,
2129 5119 2186 5170 et
2208 5115 2472 5170 membra
2502 5117 2688 5168 vestra
2719 5131 2883 5168 arma
2907 5115 3146 5185 justitise
3173 5121 3306 5175 Deo.
3329 5125 3460 5179 Pec-

1832 5216 2024 5267 catum
2051 5210 2206 5265 enim
2230 5209 2386 5264 vobis
2417 5224 2532 5262 non
2561 5207 2973 5264 dominabitur.
3006 5212 3130 5266 Non
3165 5213 3324 5269 enim
3355 5215 3458 5272 sub

1833 5308 1959 5376 lege
1985 5304 2140 5371 estis,
2183 5303 2284 5357 sed
2324 5301 2426 5356 sub
2467 5301 2674 5372 gratia.
2699 5302 2847 5366 Quid
2880 5320 3018 5375 ergo
3040 5305 3067 5359 ‘?
3097 5308 3460 5377 peccabimus

1833 5399 2108 5471 quoniam
2132 5413 2249 5452 non
2272 5412 2466 5450 sumus
2479 5395 2583 5449 sub
2600 5396 2749 5466 lege,
2773 5397 2874 5451 sed
2900 5399 3003 5453 sub
3025 5401 3210 5471 gratia
3229 5401 3257 5456 εὶ
3277 5403 3456 5459 Absit.

1832 5492 2067 5548 Nescitis
2097 5491 2184 5546 cui
2215 5483 2546 5544 exhibuistis
2569 5505 2668 5544 vos
2707 5507 2897 5545 servos
2936 5492 3009 5545 ad
3045 5494 3460 5567 obediendum,

1833 5585 1977 5640 servi
2006 5585 2140 5640 estis
2162 5585 2283 5655 ejus
2309 5583 2400 5638 cui
2421 5583 2684 5651 obeditis,
2713 5583 2827 5636 sive
2853 5584 3068 5653 peccati
3091 5584 3150 5640 in
3190 5595 3459 5660 mortem,

1833 5679 1947 5733 sive
1990 5677 2336 5734 obeditionis
2380 5673 2452 5732 ad
2482 5674 2816 5748 justitiam?
2854 5676 3074 5732 Gratias
3113 5685 3306 5737 autem
3345 5685 3461 5739 Deo

1833 5771 1988 5844 quod
2024 5771 2206 5828 fuistis
2238 5771 2381 5825 servi
2409 5767 2642 5841 peccati,
2671 5768 2942 5824 obedistis
2967 5774 3163 5829 autem
3197 5791 3263 5830 ex
3287 5777 3460 5832 corde

1832 5865 1891 5920 in
1916 5881 2043 5920 eam
2072 5866 2322 5920 formam
2353 5861 2645 5927 doctrinas,
2670 5861 2728 5917 in
2751 5878 2862 5933 qua
2893 5864 3083 5918 traditi
3114 5867 3265 5920 estis.
3291 5867 3455 5922 Libe-
