4006 6228
514 323 607 375 551

1385 311 1717 369 ᾹΡΡΕΝΒΙΧ
1754 311 1842 365 AD
1878 309 2102 365 OPERA
2139 309 2194 364 S.
2234 309 2534 365 GERMANI
2570 309 2996 366 PARISIENSIS.

3803 312 3927 362 552

513 427 623 482 rati
650 429 845 480 autem
870 441 904 478 a
931 428 1187 495 peccato,
1235 422 1378 476 servi
1416 421 1550 476 facti
1592 420 1725 474 estis
1758 416 2019 489 justitiaa,
2052 434 2156 489 per
2176 429 2234 502 Α
2253 418 2482 473 Patrem
2506 418 2989 490 omnipotentem,
3012 418 3110 489 qui
3128 418 3449 472 clamantes
3469 416 3547 473 ad
3565 433 3629 470 se
3642 417 3929 470 clemen-

511 522 705 577 Jesum
726 518 1015 575 Christum
1045 517 1373 572 Dominum.

669 623 843 675 Lectio
870 623 1035 673 sancti
1060 620 1328 684 Evangelii
1352 618 1647 669 secundum
1673 617 1987 668 Matthmum.

583 714 780 771 Simile
802 715 1015 768 factum
1029 715 1114 765 est
1124 726 1371 781 regnum
1394 709 1667 763 caelorum
1680 707 1925 773 homini,
1943 707 2041 778 qui
2062 722 2145 760 se-

514 810 756 864 minavit
774 809 992 862 bonum
1021 820 1218 858 semen
1240 803 1297 857 in
1317 819 1458 874 agro
1478 819 1599 856 suo.
1624 802 1769 855 Cum
1787 804 1981 854 autem
2010 800 2142 854 dor-

514 903 729 957 mirent
755 899 1042 964 homines,
1076 897 1233 952 venit
1258 896 1526 951 inimicus
1554 895 1697 966 ejus,
1726 899 1783 949 et
1802 893 2146 965 supersemi-

513 996 668 1051 navit
695 992 910 1049 zizania
951 992 1008 1045 in
1040 990 1231 1045 medio
1259 990 1450 1057 tritici,
1480 992 1539 1043 et
1576 988 1735 1043 abiit.
1778 988 1921 1043 Cum
1949 990 2141 1041 autem

509 1088 777 1145 crevisset
796 1085 976 1141 herba
997 1085 1313 1139 etfructum
1333 1083 1576 1152 fecisset,
1598 1085 1733 1136 tunc
1754 1083 2146 1152 apparuerunt

509 1181 743 1237 zizania.
774 1178 1130 1234 Accedentes
1157 1182 1352 1232 autem
1366 1176 1511 1231 servi
1540 1173 1974 1247 patrisfamilias
1996 1173 2146 1227 dixe-

510 1278 644 1330 runt
662 1274 713 1329 ei
738 1291 750 1329 :
773 1272 1037 1340 Domine,
1064 1288 1256 1326 nonne
1284 1272 1503 1325 bonum
1536 1285 1738 1323 semen
1765 1266 2063 1342 seminasti
2087 1267 2144 1320 in

510 1385 651 1440 agro
682 1366 824 1422 tuo?
855 1366 1006 1420 unde
1029 1381 1167 1436 ergo
1195 1363 1370 1418 habet
1390 1361 1641 1417 zizania?
1667 1363 1735 1416 Et
1762 1361 1842 1415 ait
1858 1361 1996 1414 illis:
2032 1360 2141 1413 lni-

510 1462 692 1517 micus
716 1462 892 1516 homo
914 1460 1022 1514 hoc
1047 1459 1199 1512 fecit.
1234 1457 1394 1512 Servi
1424 1461 1621 1511 autem
1654 1455 1921 1509 dixerunt
1949 1454 1999 1508 ei
2022 1453 2146 1508 :Vis

509 1555 678 1621 imus,
695 1558 753 1609 et
768 1553 1092 1624 colligimus
1110 1551 1216 1605 ea?
1238 1552 1307 1604 Et
1322 1550 1404 1604 ait
1420 1549 1527 1604 illis
1545 1566 1557 1604 :
1573 1551 1717 1616 Non,
1735 1564 1805 1601 ne
1828 1548 1974 1602 forte
1992 1546 2146 1601 colli-

511 1652 715 1720 gentes
743 1646 978 1712 zizania,
1003 1644 1305 1699 eradicetis
1322 1643 1493 1697 simul
1515 1659 1645 1698 cum
1673 1642 1754 1695 eis
1785 1646 1843 1696 et
1867 1640 2141 1695 triticum.

511 1741 691 1796 Sinite
712 1744 951 1811 utraque
980 1754 1234 1793 crescere
1251 1754 1429 1808 usque
1442 1736 1515 1791 ad
1536 1751 1815 1799 messem;
1841 1734 1975 1787 etin
1998 1737 2144 1786 tem-

2256 515 2343 565 ter
2369 511 2618 579 exaudit,
2642 517 2700 567 et
2728 516 3023 583 sperantes
3047 511 3104 566 in
3134 529 3193 566 se
3226 528 3344 567 non
3372 508 3745 581 derelinquit.

2927 614 3197 663 Collectio.

2316 694 2500 758 Quam
2523 709 2739 764 magna
2764 698 2851 747 est
2878 693 3276 749 misericordia
3303 699 3419 761 tua,
3451 693 3723 759 Domine,
3758 693 3915 746 sub-

2245 786 2442 841 venire
2461 786 2718 858 captivis,
2743 787 2970 841 miseris
2996 805 3255 861 parcere,
3276 788 3579 859 indulgere
3602 786 3919 858 peccanti-

2246 879 2368 947 bus,
2400 881 2736 950 peregrinos
2761 882 3070 947 consolari,
3105 898 3409 953 oppressos
3437 881 3769 946 sublevare,
3808 896 3913 934 ro-

2246 977 2449 1042 gantes
2462 973 2690 1040 audire;
2714 990 2831 1029 non
2850 974 3197 1029 habentibus
3209 974 3367 1042 dare,
3387 975 3620 1029 veniam
3639 990 3913 1045 peccan-

2246 1066 2395 1119 tibus
2422 1066 2580 1133 dare,
2605 1071 2809 1137 gentes
2835 1067 3111 1123 barbaras
3132 1068 3205 1122 ad
3230 1067 3660 1123 invocationem
3697 1068 3911 1122 nomi-

2246 1158 2334 1212 nis
2352 1159 2435 1213 tui
2466 1163 2821 1215 convertere.
2844 1160 2929 1214 Ad
2952 1161 3109 1216 illam
3139 1161 3598 1216 misericordiam
3615 1167 3913 1216 converte

2248 1269 2370 1320 nos,
2396 1269 2569 1323 quam
2595 1254 2937 1324 rogantibus
2964 1254 3127 1309 nobis
3157 1255 3284 1326 pius
3305 1258 3363 1309 et
3390 1255 3720 1310 misericors
3740 1257 3918 1309 Deus

2246 1345 2513 1400 exaudire
2536 1346 2792 1417 digneris
2812 1365 2916 1419 per
2942 1348 3332 1403 interventum
3363 1352 3577 1403 sancta:
3604 1348 3825 1403 Maria.

2874 1450 2996 1499 Post
3023 1449 3253 1499 nomina.

2317 1528 2642 1583 Caelestium
2662 1528 2790 1583 vitea
2825 1534 3059 1584 aeternae
3081 1529 3393 1584 adoremus
3414 1529 3756 1594 Dominum,
3786 1529 3915 1582 fra-

2246 1626 2361 1675 tres
2388 1622 2689 1688 carissimi,
2724 1622 3057 1693 suppliciter
3081 1622 3483 1693 deprecemur,
3517 1625 3580 1676 ut
3604 1623 3909 1693 papulum

2246 1731 2413 1769 suum
2449 1730 2680 1785 semper
2709 1714 2918 1786 ubique
2946 1715 3254 1782 custodiat,
3283 1719 3552 1786 protegat
3579 1718 3759 1786 atque
3792 1714 3905 1768 de-

511 1851 651 1906 pore
695 1800 893 1888 messis
931 1833 1119 1887 dicam
1156 1800 1505 1885 messoribus
1545 1846 1558 1883 :
1591 1827 1851 1898 Colligite
1892 1800 2221 1897 primumB
2246 1807 2467 1906 ffndat:
2500 1808 2789 1906 Prlndl’es
2827 1808 3073 1879 mitiget:
3096 1811 3429 1906 POIeslates
3459 1808 3774 1906 ἕαδθΐξξθῖν
3799 1807 3905 1906 .lu'

509 1928 743 1994 zizania,
779 1930 851 1980 ‘et
885 1926 1116 1995 alligata
1158 1940 1226 1977 ea
1261 1924 1319 1977 in
1352 1922 1652 1977 fasciculos
1696 1921 1769 1974 ad
1801 1920 2142 1974 comburen-

512 2021 670 2088 dum,
686 2020 936 2073 triticum
958 2022 1152 2072 autem
1176 2019 1529 2087 congregate
1554 2015 1613 2069 in
1631 2016 1907 2069 horreum
1926 2030 2141 2068 meum.

581 2127 606 2155 ι
633 2114 877 2168 Locutus
897 2115 983 2166 est
1015 2111 1290 2166 Dominus
1324 2112 1485 2165 Jesus
1519 2110 1578 2163 in
1608 2108 1899 2179 parabolis
1930 2108 2002 2162 ad
2025 2112 2140 2161 tur-

510 2208 631 2275 bas,
656 2210 714 2261 et
737 2206 858 2261 sine
886 2205 1172 2277 parabolis
1194 2220 1311 2258 non
1341 2202 1687 2274 loquebatur
1715 2202 1816 2269 eis,
1845 2204 1907 2255 ut
1940 2201 2141 2271 imple-

510 2304 670 2356 retur
700 2299 856 2371 quod
894 2298 1111 2353 dictum
1150 2300 1237 2351 est
1263 2313 1369 2367 per
1412 2295 1757 2366 prophetam
1801 2294 2093 2347 dicentem
2128 2308 2141 2347 :

510 2394 779 2466 Aperiam
806 2393 863 2446 in
887 2390 1175 2463 parabolis
1196 2406 1259 2444 os
1281 2405 1499 2456 meum,
1527 2387 1837 2442 eructuabo
1868 2387 2146 2441 absconsa

510 2506 546 2544 a
575 2485 983 2543 constitutione
1000 2483 1224 2538 mundi.
1246 2484 1402 2537 Tunc
1425 2480 1676 2535 dimissis
1694 2480 1893 2547 turbis,
1917 2479 2143 2534 venitin

512 2582 755 2635 domum
776 2596 790 2645 ;
815 2581 873 2631 et
889 2578 1253 2632 accesserunt
1269 2575 1339 2629 ad
1360 2590 1495 2629 eum
1516 2573 1775 2643 discipoli
1794 2573 1843 2643 ej
1853 2590 1936 2639 us,
1954 2572 2147 2626 dicen-

510 2678 634 2728 tes:
663 2672 882 2727 Dissere
911 2670 1077 2725 nobis
1112 2669 1446 2741 parabolam
1474 2666 1823 2721 zizaniorum
1856 2666 1999 2736 agri.
2035 2665 2145 2729 Qui

510 2765 867 2837 respondens
893 2764 973 2819 ait
1002 2780 1013 2819 :
1045 2763 1149 2828 Qui
1183 2761 1435 2816 seminat
1458 2760 1677 2814 bonum
1707 2775 1928 2826 semen,
1953 2761 2040 2812 est
2056 2758 2144 2812 Fi-

512 2861 617 2915 lius
638 2858 905 2914 hominis.
930 2860 1083 2928 Ager
1111 2860 1307 2910 autem
1339 2859 1425 2908 est
1452 2853 1722 2907 mundus.
1759 2853 1980 2907 Bonum
2009 2869 2144 2907 vero

513 2930 709 3004 semen
734 2948 813 3002 hii
830 2950 965 3001 sunt
986 2946 1087 3000 lilii
1104 2945 1291 3016 regni,
1312 2942 1540 2997 Zizania
1562 2946 1756 2997 autem
1781 2942 1883 2996 lilii
1898 2944 2031 2995 sunt
2052 2957 2147 2995 ne-

512 3053 707 3109 quam.
727 3036 834 3102 Qui
845 3034 1151 3091 seminavit
1162 3050 1251 3103 ea,
1267 3036 1354 3087 est
1365 3032 1648 3087 diabolus.
1662 3032 1853 3088 Messis
1869 3048 2003 3086 vero
2016 3048 2148 3085 con-

511 3130 822 3186 summatio
847 3128 1037 3184 saeculi
1064 3132 1151 3183 est
1192 3145 1205 3182 :
1236 3143 1522 3182 messores
1548 3129 1744 3180 autem
1770 3126 1963 3196 angeli
1991 3127 2139 3179 sunt.

509 3225 669 3282 Sicut
702 3240 841 3295 ergo
878 3223 1227 3293 colliguntur
1252 3220 1489 3285 zizania,
1531 3222 1590 3273 et
1622 3219 1758 3290 igne
1791 3219 2140 3274 comburun-

509 3322 623 3385 tur,
663 3318 742 3372 sic
776 3317 884 3371 erit
909 3316 967 3370 in
998 3313 1498 3370 consummatione
1526 3313 1736 3367 saeculi.
1768 3312 1949 3368 Mittet
1974 3312 2144 3366 Filius

511 3410 766 3467 hominis
785 3410 1024 3481 angelos
1044 3425 1195 3476 suos,
1215 3411 1274 3461 et
1293 3407 1569 3478 colligant
1588 3406 1660 3461 de
1678 3422 1860 3477 regno
1883 3406 2007 3477 ejus
2026 3422 2145 3460 om-

510 3504 608 3561 nia
627 3503 917 3569 scandala,
941 3506 998 3556 et
1021 3519 1119 3556 eos
1149 3501 1245 3573 qui
1268 3501 1489 3556 faciunt
1515 3500 1901 3572 iniquitatem,
1925 3503 1983 3555 et
2007 3499 2139 3553 mit-

509 3601 638 3654 tent
661 3614 759 3652 eos
782 3597 842 3651 in
871 3595 1163 3651 caminum
1192 3594 1361 3666 ignis.
1390 3595 1471 3650 lbi
1500 3594 1610 3649 erit
1647 3594 1817 3649 fletus
1842 3596 1900 3648 et
1934 3593 2145 3647 stridor

511 3691 791 3746 dentium.
837 3691 990 3745 Tunc
1026 3688 1168 3760 justi
1202 3688 1507 3759 fulgebunt
1545 3688 1690 3742 sicut
1733 3688 1817 3741 sol
1857 3687 1915 3741 in
1960 3703 2142 3757 regno

508 3784 692 3842 Patris
717 3799 940 3840 eorum.
975 3782 1083 3848 Qui
1109 3782 1287 3837 habet
1306 3797 1474 3837 aures
1499 3780 1795 3850 audiendi,
1819 3779 2033 3835 audiat.

1107 3922 1307 3963 INCIPIT
1360 3922 1533 3963 IISSA.

941 4002 1193 4054 Collectio
1218 4007 1335 4067 post
1357 4002 1702 4067 praphetiam.

582 4092 910 4161 Benedicta,
933 4096 1129 4149 sancte
1151 4093 1301 4146 Deus
1321 4092 1511 4158 Israel,
1528 4091 1694 4146 visita
1705 4091 1936 4162 plebem
1956 4094 2140 4157 tuam,

509 4189 755 4249 benedic
776 4186 1053 4261 populum
1072 4188 1259 4251 tuum,
1283 4188 1342 4238 et
1357 4183 1541 4238 libera
1557 4200 1691 4238 eum
1721 4200 1755 4237 a
1786 4183 2033 4255 peccatis
2052 4199 2145 4239 eo-

509 4300 660 4352 rum,
688 4285 747 4339 et
782 4282 1010 4353 praesta,
1040 4276 1282 4333 Domine
1332 4276 1629 4343 virtutum,
1672 4280 1736 4330 ut
1762 4276 1833 4330 de
1876 4275 2144 4333 manibus

508 4376 877 4434 inimicorum
900 4374 1228 4428 nostrorum
1246 4368 1578 4435 liberemur,
1603 4372 1659 4423 et
1680 4368 1781 4423 tibi
1808 4369 1916 4425 soli
1932 4369 2143 4426 servire

510 4484 843 4527 mereamur
858 4483 985 4521 cum
993 4462 1217 4536 justitia
1229 4466 1287 4517 et
1298 4461 1600 4517 sanctitate
1615 4462 1886 4517 omnibus
1898 4461 2141 4535 [diebus]

2247 1901 2402 1957 dices
2428 1904 2615 1972 regat,
2651 1905 2925 1956 nocentes
2957 1901 3255 1973 reprimat,
3288 1902 3481 1957 hostes
3507 1902 3778 1973 repellat,
3812 1902 3905 1954 la-

2244 1994 2583 2049 borantibus
2608 2011 2781 2066 opem
2814 1995 3045 2063 tribuat,
3080 2012 3383 2066 oppressos
3414 1995 3642 2061 liberet,
3664 1994 3906 2049 vinctos

2245 2088 2521 2154 dimittat,
2554 2088 2807 2159 captivos
2837 2091 3086 2155 revocet,
3118 2090 3308 2161 lapsos
3347 2089 3636 2155 restituat,
3667 2088 3904 2142 contri-

2246 2185 2333 2236 tos
2354 2183 2562 2247 foveat,
2582 2182 2888 2253 languidos
2900 2186 3079 2250 curet,
3103 2183 3319 2237 cunctis
3341 2181 3736 2237 misericordia
3759 2181 3908 2235 sub-

2245 2275 2456 2343 veniat,
2488 2276 2614 2346 pius
2632 2279 2691 2329 et
2722 2275 3045 2331 misericors
3074 2277 3222 2330 Deus
3249 2293 3448 2347 preces
3483 2279 3711 2331 nostras
3747 2291 3902 2346 pro-

2245 2368 2487 2439 piciatus
2514 2368 2799 2424 exaudiat.

2896 2438 2974 2488 Ad
3023 2452 3227 2503 pacem.

2318 2524 2467 2577 Deus
2491 2527 2658 2594 pater
2701 2523 3089 2595 omnipotens,
3139 2524 3324 2578 bonus
3359 2539 3426 2577 ac
3470 2523 3627 2578 mitis
3666 2539 3749 2589 es,
3795 2522 3901 2594 qui

2246 2616 2554 2671 Dominum
2596 2620 2859 2671 nostrum
2888 2618 2915 2671 J
2922 2633 3083 2671 esum
3112 2617 3401 2672 Christum
3431 2616 3541 2671 hoc
3572 2615 3777 2669 sedem
3803 2616 3902 2669 le-

2244 2709 2383 2765 titize
2405 2727 2535 2765 cum
2558 2727 2699 2783 ergo
2730 2710 2857 2782 quis
2874 2726 3213 2765 ascensurus
3242 2726 3301 2763 es
3332 2710 3389 2763 in
3424 2710 3628 2764 caelum
3651 2726 3859 2781 pacem
3877 2721 3904 2750 ε

2246 2820 2409 2857 suam
2428 2804 2566 2858 dare
2589 2804 2774 2871 nobis,
2794 2820 2994 2874 pacem
3020 2820 3184 2858 suam
3205 2803 3529 2874 relinquere
3557 2803 3736 2857 servis
3757 2802 3893 2857 tuis.

2244 2897 2505 2968 Respice,
2536 2896 2802 2963 Domine,
2827 2901 3039 2951 sancta:
3067 2896 3330 2951 Ecclesiae
3357 2899 3469 2950 tute
3490 2895 3793 2950 catholicae
3816 2895 3891 2949 si-

2246 3008 2425 3061 gnum
2455 2991 2611 3061 pacis
2637 2990 2872 3061 inpone.
2908 2990 3029 3044 Fiat
3055 2990 3112 3044 in
3140 2990 3348 3043 virtute
3372 2988 3526 3059 quod
3554 2988 3628 3042 de
3661 3005 3732 3042 ea
3757 2988 3894 3043 dici-

2248 3087 2356 3151 tur,
2390 3087 2448 3138 et
2475 3100 2588 3155 quo
2620 3084 2818 3138 titulus
2848 3084 3177 3155 impleatur.
3204 3085 3409 3138 Pacem
3436 3085 3679 3136 teneant
3707 3098 3894 3136 sacer-

2163 3170 2218 3245 C
2245 3176 2427 3245 dotes,
2447 3194 2651 3249 pacem
2674 3177 2925 3233 habeant
2944 3176 3165 3245 divites,
3180 3192 3385 3248 pacem
3398 3175 3658 3231 habeant
3679 3192 3894 3247 paupe-

2244 3289 2356 3341 res,
2371 3288 2572 3343 pacem
2589 3270 2886 3341 gaudeant
2906 3271 3247 3342 locupletes;
3266 3286 3407 3341 pace
3430 3269 3747 3324 mitescant
3765 3269 3893 3324 bar-

2243 3367 2399 3420 barae
2420 3364 2713 3431 nationes;
2730 3381 2934 3436 pacem
2952 3364 3186 3419 videant
3200 3364 3385 3431 liberi,
3404 3380 3609 3436 pacem
3632 3363 3892 3418 sentiant

2244 3458 2387 3513 servi
2407 3476 2420 3525 ;
2438 3474 2642 3530 pacem
2665 3458 2923 3529 cogitent
2935 3474 3102 3529 reges
3119 3474 3320 3529 pacem
3336 3458 3553 3512 faciant
3573 3456 3887 3529 principes,

2244 3568 2448 3623 pacem
2476 3555 2659 3619 tuam,
2685 3551 3076 3622 omnipotens,
3102 3550 3175 3605 da
3192 3550 3378 3617 nobis,
3397 3567 3501 3621 per
3516 3550 3886 3606 intercessio-

2244 3661 2377 3699 nem
2389 3644 2991 3700 beatissimiJohannis
3002 3643 3266 3715 Baptistae
3278 3660 3611 3699 mereamur
3628 3644 3886 3716 accipere

2901 3737 3231 3787 Contestatio.

2314 3819 2457 3872 Vere
2480 3817 2723 3889 dignum
2747 3820 2806 3872 et
2818 3817 3041 3888 justum
3064 3820 3167 3885 est,
3191 3818 3563 3889 omnipotens
3585 3819 3757 3886 Deus,
3785 3820 3881 3890 qui

2245 3927 2374 3965 cum
2396 3910 2654 3981 patribus
2681 3910 2890 3966 nostris
2918 3910 3147 3965 veniam
3176 3911 3635 3983 supplicantibus
3950 3920 3957 3935 ‘

2243 4008 2320 4071 te,
2361 4004 2626 4072 Domine,
2655 4003 2792 4075 quia
2826 4007 3054 4075 tempus
3085 4007 3172 4058 est
3197 4020 3429 4059 necesse
3456 4004 3796 4076 paenitendi,
3821 4009 3881 4061 et

2245 4113 2361 4152 non
2392 4097 2765 4169 egrediamur
2785 4096 2979 4152 alieni.
3001 4097 3045 4151 Ο
3067 4113 3343 4168 magnam
3355 4098 3565 4153 vallem
3580 4098 3875 4171 Josaphat,

2244 4189 2339 4245 ubi
2370 4207 2575 4246 omnes
2614 4190 2688 4245 ad
2719 4190 3002 4262 judicium
3047 4191 3302 4258 venient,
3333 4191 3429 4245 ubi
3457 4190 3570 4246 erit
3607 4191 3875 4247 discussio

2243 4284 2595 4355 interjustos
2621 4287 2680 4338 et
2707 4284 2952 4355 injustos
2981 4300 2994 4338 :
3027 4287 3088 4338 ut
3108 4288 3534 4355 cognoscantur
3568 4286 3874 4341 mendaces

2244 4381 2301 4431 et
2324 4394 2554 4431 veraces
2577 4378 2637 4432 in
2662 4377 2758 4432 illo
2787 4377 2879 4432 die
2899 4378 3125 4447 judicii,
3159 4377 3256 4432 ubi
3286 4379 3443 4433 nulla
3480 4381 3568 4434 est
3594 4379 3871 4434 accusatio

2245 4487 2349 4525 nec
2384 4470 2690 4537 excusatio,
2720 4471 2816 4526 ubi
2843 4488 2948 4527 nec
2988 4472 3131 4527 ﬁdes
3160 4471 3348 4539 datur,
3379 4487 3485 4526 nec
3510 4470 3657 4528 ﬁdes
3691 4473 3871 4544 repel-

512 4562 721 4621 nostris
753 4564 850 4617 :et
902 4558 1087 4630 dirige
1135 4556 1313 4628 pedes
1356 4559 1583 4611 nostros
1634 4555 1692 4610 in
1747 4556 1836 4611 via
1880 4556 2053 4627 pacis,
2082 4538 2407 4628 utDlitur;
2440 4564 2538 4617 ubi
2576 4564 2717 4635 justi
2763 4566 3077 4634 solvuntur,
3131 4569 3189 4621 et
3231 4569 3564 4638 peccatores
3593 4538 3871 4621 ferro-ﬁxi

508 4657 861 4713 voluntatem
882 4656 1041 4709 tuam
1058 4651 1116 4705 in
1141 4649 1410 4705 omnibus
1425 4649 1666 4721 implere
1688 4647 1991 4721 possimus.
2013 4650 2138 4716 Per,

1190 4756 1441 4806 Praefatio.

581 4847 826 4904 Oremus
854 4841 1185 4911 Dominum,
1216 4843 1571 4899 dilectissimi
1601 4842 1786 4910 nobis,
1815 4841 1913 4913 qui
1941 4858 2143 4897 amara

508 4938 676 4998 nobis
703 4938 1016 4994 adveniunt
1041 4941 1310 5008 tempora
1330 4940 1388 4992 et
1409 4936 1714 5007 periculosi
1738 4934 2145 5007 adproximant

510 5032 666 5091 anni.
713 5030 1051 5088 Mutanturb
1090 5042 1295 5101 regna,
1330 5034 1609 5084 vocantur
1635 5032 1837 5099 gentes
1878 5046 1892 5083 :
1936 5028 2143 5083 excidit

508 5128 733 5193 caritas,
751 5124 1004 5195 exsurgit
1017 5122 1292 5193 iniquitas
1310 5139 1324 5177 :
1344 5122 1585 5177 increvit
1605 5121 1903 5193 cupiditas,
1931 5138 2144 5193 praeva-

505 5221 611 5277 luit
640 5219 936 5291 impietas;
969 5219 1028 5271 et
1053 5214 1112 5270 in
1138 5214 1481 5270 miserorum
1504 5219 1781 5270 creatura
1803 5214 1969 5287 fugit.
1993 5215 2142 5269 Dum

507 5329 645 5385 ergo
685 5316 917 5382 tempus
943 5312 1047 5376 est,
1079 5310 1483 5363 convertamur
1507 5306 1581 5362 ad
1604 5307 1935 5375 Dominum,
1954 5306 2144 5362 ﬂecta-

506 5423 636 5462 mus
689 5419 901 5476 genua,
964 5418 1264 5458 curvemus
1313 5400 1579 5467 cervices,
1636 5417 1909 5471 rogemus
1961 5402 2141 5455 Deum

575 5569 600 5598 ι
627 5558 759 5612 Haec
780 5555 972 5610 Lectio
999 5557 1085 5610 est
1108 5553 1232 5608 sine
1253 5552 1419 5608 titulo
1451 5553 1512 5607 in
1534 5551 1870 5622 exemplari,
1900 5551 1997 5605 ubi
2023 5552 2138 5622 pri-

505 5643 633 5685 mus
659 5626 831 5696 hujus
854 5623 1148 5696 Lectionis
1166 5639 1362 5677 versus
1388 5623 1571 5678 minio
1600 5620 1916 5696 descriptus
1941 5620 2046 5696 est,
2079 5626 2143 5696 ut

506 5711 719 5821 nempe
737 5691 1116 5750 essetindicio
1138 5695 1261 5749 haec
1277 5711 1392 5749 non
1413 5696 1836 5764 consequenter
1850 5691 1964 5764 legi
1986 5692 2142 5765 apud

506 5768 646 5821 Matt
692 5780 843 5819 eum
868 5765 928 5818 in
954 5782 1080 5821 can.
1109 5780 1228 5819 xm.

506 5765 843 5836 Hatthmum
868 5765 928 5818 in
954 5782 1082 5836 cap.
1101 5780 1228 5836 xm.

554 5837 605 5882 ,δ
633 5837 764 5889 nec
788 5832 1207 5888 fortasse—dicta
1234 5836 1385 5892 sunt.
1411 5848 1540 5887 cum
1571 5833 1657 5886 vel
1686 5832 1885 5887 Franci
1916 5832 1975 5887 in
2006 5834 2136 5888 Gal-

2242 4659 2530 4711 tenentur.
2558 4657 2601 4711 0
2624 4674 2904 4729 magnum
2920 4675 3144 4729 regem,
3175 4659 3274 4735 qui
3291 4658 3362 4714 de
3384 4658 3676 4730 profundo
3693 4658 3872 4713 bonos

2243 4748 2494 4815 adducit,
2524 4753 2582 4803 et
2611 4752 2795 4805 malos
2824 4751 3070 4822 repellit.
3091 4751 3234 4806 Justi
3261 4752 3516 4824 eligendi
3565 4754 3712 4819 sunt,
3742 4767 3871 4822 pec-

2242 4845 2465 4897 catores
2492 4843 2816 4915 torquendi,
2843 4844 2981 4915 justi
3002 4843 3076 4899 ad
3101 4844 3298 4912 vitam,
3320 4848 3652 4916 peccatores
3674 4843 3745 4899 ad
3766 4859 3867 4916 ge-

2241 4934 2517 4989 hennam.
2546 4936 2659 4990 Nec
2685 4940 2849 5007 pater
2887 4937 3088 5004 filium,
3120 4954 3226 4992 nec
3255 4937 3406 4993 filius
3438 4941 3666 5009 patrem
3707 4937 3867 5009 luge-

2241 5028 2327 5082 bit
2344 5046 2357 5084 :
2374 5045 2432 5083 se
2459 5029 2852 5101 unusquisque
2868 5029 3208 5101 lugebitnec
3229 5032 3376 5087 ullus
3402 5032 3584 5086 ullum
3599 5030 3867 5103 requiret,

2243 5122 2380 5193 quia
2409 5122 2597 5177 omnis
2627 5122 2908 5194 cupiditas
2938 5124 3296 5194 requiescet!
3339 5125 3383 5180 Ο
3410 5140 3685 5196 magnum
3715 5123 3865 5180 diem

2234 5214 2456 5285 judicii,
2486 5214 2581 5270 ubi
2607 5231 2713 5270 nec
2732 5218 2981 5271 tortores
3011 5216 3305 5286 deficiunt,
3345 5234 3451 5273 nec
3486 5215 3694 5273 mortui
3744 5233 3863 5273 mo-

2240 5307 2504 5363 riunturl
2554 5309 2876 5364 Timeamus
2918 5309 3056 5365 dum
3093 5316 3269 5380 vacat,
3312 5327 3385 5366 ne
3420 5310 3727 5373 timeamus
3774 5310 3863 5366 ubi

2243 5416 2360 5456 non
2389 5405 2573 5457 vacat.
2597 5402 2925 5457 Timeamus
2951 5403 3302 5475 gehennam,
3341 5420 3469 5476 quas
3500 5407 3590 5459 est
3613 5403 3671 5457 in
3700 5406 3862 5458 teter-

2240 5553 2401 5629 liam_,
2433 5554 2521 5608 vel
2546 5554 2913 5629 Langobardi
2920 5555 2999 5629 _in
3026 5555 3250 5629 Italiam
3282 5546 3637 5629 irruperunt.

2310 5636 2334 5666 ο
2370 5625 2549 5698 Locus
2564 5627 2882 5698 corruptus.
2916 5626 3083 5682 Forte
3120 5625 3460 5698 legendum,
3487 5626 3718 5683 obsident
3743 5628 3861 5684 leti-

2241 5697 2332 5751 τίκ
2354 5696 2816 5818 ηοὸἱέἕειίᾳιιίεεὶ,
2845 5713 2964 5753 cum
2988 5700 3035 5754 is
3063 5696 3380 5755 ascensurus
3404 5700 3464 5755 in
3490 5699 3674 5754 catum
3699 5700 3862 5757 voluit

2239 5781 2449 5835 pacem,
2541 5781 2588 5819 c.
