4006 6228
127 295 211 347 553

719 284 1334 342 SACRAMENTARIUM
1369 276 1817 342 GALLICANUM.
1862 315 1931 323 —
1970 284 2337 341 LECTIONES
2374 284 2838 341 DOMINICALES.

3360 280 3462 339 554

127 412 246 453 num
266 393 499 448 malum:
522 407 651 446 cum
666 393 785 448 Deo
803 393 1080 460 vivamus,
1095 393 1253 465 quod
1265 396 1350 448 est
1367 394 1427 448 in
1441 399 1722 449 aeternum
1745 406 1805 479 Α
1827 409 1952 461 me;
1988 392 2195 460 nudus,
2225 397 2282 448 et
2309 392 2613 465 operuistis
2640 409 2765 460 me;
2796 391 3082 460 inﬁrmus,
3113 392 3173 446 et
3196 390 3467 447 visitastis

125 493 315 547 bonum
328 503 428 558 per
442 486 728 541 Christum
749 486 1062 542 Dominum
1080 490 1365 555 nostrum,
1385 488 1474 543 cui
1492 488 1722 543 merito.

496 576 625 624 Item
661 575 970 625 contestatio
1004 574 1350 625 dominiculis.

184 650 310 702 Vere
334 646 569 717 dignum
596 648 655 699 et
675 645 897 716 justum
927 649 1015 699 est
1045 646 1412 717 omnipotens
1450 650 1620 715 Deus,
1670 651 1725 701 te

128 741 435 813 gloriﬁcare,
463 743 520 791 et
547 738 646 792 tibi
667 756 798 792 cum
812 739 1022 794 timore
1052 742 1109 793 et
1134 742 1386 794 tremore
1417 741 1728 794 immensas

126 833 295 890 laudes
320 848 544 899 canere,
589 834 737 887 Deus
780 836 994 900 noster,
1032 832 1129 902 qui
1168 848 1275 903 per
1313 833 1514 887 Filium
1561 837 1726 888 tuum

125 926 400 981 Dominum
425 929 686 981 nostrum
716 942 899 997 genus
922 926 1243 979 humanum
1263 926 1527 997 judicare
1545 926 1729 998 dispo-

126 1020 278 1075 suisti.
308 1020 348 1074 Ο
378 1036 553 1091 quam
574 1036 789 1092 magna
810 1023 868 1073 et
890 1020 1005 1073 alta
1052 1019 1335 1090 sapientia
1370 1020 1589 1074 factum
1644 1022 1731 1074 est

126 1115 233 1179 hoc,
261 1116 317 1166 ut
344 1112 435 1167 ille
464 1114 744 1167 Dominus
777 1115 974 1166 noster
1010 1113 1171 1166 Iesus
1203 1112 1457 1166 Christus
1498 1129 1731 1167 venera-

124 1206 232 1261 bilis
254 1210 416 1274 statu,
444 1209 503 1260 et
528 1207 812 1278 pretiosus
841 1206 1031 1260 forma
1054 1204 1363 1275 judicaret,
1398 1222 1576 1277 quam
1603 1222 1730 1261 cru-

127 1299 394 1354 delissima
416 1300 578 1370 plebs
600 1298 935 1355 Iudaeorum
966 1298 1292 1368 praesumsit
1320 1299 1595 1353 sauciare.
1634 1300 1730 1353 Ille

126 1397 369 1447 venturus
396 1399 482 1447 est
500 1392 760 1463 judicare
783 1392 880 1463 qui
902 1408 1133 1462 pcenam
1148 1392 1435 1462 sustinuit,
1468 1392 1563 1447 ille
1594 1408 1728 1445 ven-

126 1490 262 1541 turus
280 1490 360 1540 est
378 1486 641 1556 judicare
669 1486 769 1557 qui
795 1502 1025 1539 erucem
1057 1486 1321 1556 portavit,
1346 1486 1437 1540 ille
1459 1490 1732 1541 venturus

124 1583 196 1634 est
205 1579 476 1650 judicare,
506 1579 668 1650 cujus
692 1581 840 1633 latus
862 1578 1099 1633 Judaica
1128 1580 1372 1650 perﬁdia
1393 1580 1729 1634 vulneravit.

123 1675 205 1728 Ille
228 1676 491 1727 venturus
522 1690 727 1727 manus
746 1672 934 1727 tendit
958 1672 1031 1726 ad
1042 1672 1449 1742 judicandum,
1472 1673 1567 1727 ubi
1593 1673 1733 1727 clavi

1827 503 1956 553 me;
1986 486 2045 541 in
2074 502 2302 541 carcere
2330 503 2510 554 eram,
2542 490 2600 541 et
2628 486 2863 541 venistis
2893 485 2968 542 ad
2994 501 3110 540 me.
3142 485 3297 540 Tunc
3341 499 3459 539 res-

1825 580 2167 651 pondebunt
2197 580 2251 635 ei
2265 580 2403 650 justi
2437 580 2691 634 dicentes
2721 597 2735 634 :
2758 578 3027 647 Domine,
3052 577 3285 650 quando
3310 582 3367 632 te
3389 577 3464 631 vi-

1827 673 2019 727 dimus
2039 673 2407 740 esurientem,
2430 676 2488 727 et
2502 673 2791 744 pavimus;
2817 674 3107 728 sitientem
3126 675 3184 726 et
3200 670 3465 726 dedimus

1825 766 1929 821 tibi
1955 766 2197 837 potum?
2222 766 2455 839 quando
2487 769 2683 821 autem
2715 770 2773 821 te
2798 766 3046 821 vidimus
3072 764 3383 836 hospitem,
3410 768 3467 818 et

1829 860 2166 931 collegimus
2184 864 2271 927 te;
2293 864 2391 914 aut
2403 860 2623 915 nudum
2640 864 2695 915 et
2711 859 3114 931 cooperuimus
3130 859 3158 913 ‘I
3175 861 3275 912 aut
3291 872 3471 929 quan-

1831 953 1904 1008 do
1927 956 1981 1007 te
1999 952 2246 1007 vidimus
2269 953 2589 1021 inﬁrmum,
2622 958 2721 1008 aut
2740 953 2798 1007 in
2835 969 3085 1020 carcere,
3110 956 3167 1007 et
3203 951 3469 1006 venimus

1832 1047 1905 1101 ad
1936 1045 2031 1100 te?
2047 1047 2115 1099 Et
2137 1046 2497 1117 respondens
2513 1047 2629 1101 Rex
2646 1047 2799 1101 dicet
2822 1046 2962 1101 illis:
2995 1048 3183 1099 Amen
3210 1044 3336 1100 dico
3366 1061 3465 1100 vo-

1829 1139 1938 1206 bis,
1968 1139 2471 1210 quamdiufeeistis
2495 1139 2596 1193 uni
2622 1139 2692 1193 de
2722 1140 2810 1194 his
2833 1139 3105 1194 fratribus
3125 1138 3271 1192 meis
3293 1137 3467 1193 mini-

1832 1233 1960 1299 mis,
1994 1232 2136 1287 mihi
2169 1232 2398 1288 fecistis.
2432 1234 2586 1287 Tunc
2618 1232 2771 1287 dicet
2804 1236 2860 1287 et
2916 1231 3002 1287 his
3035 1231 3131 1304 qui
3168 1249 3203 1287 a
3229 1230 3471 1285 sinistris

1835 1328 2031 1395 erunt;
2054 1326 2332 1381 Discedite
2353 1343 2387 1380 a
2408 1344 2523 1393 me,
2541 1325 2854 1392 maledicti,
2871 1325 2929 1379 in
2948 1325 3147 1395 ignem
3164 1330 3468 1391 internum,

1835 1420 1928 1490 qui
1960 1424 2193 1490 paratus
2223 1422 2309 1473 est
2338 1419 2569 1473 diabolo
2583 1423 2641 1473 et
2660 1418 2883 1489 angelis
2899 1418 2949 1488 ej
2960 1417 3268 1472 us.Esurivi
3288 1416 3469 1484 enim,

1835 1516 1893 1566 et
1919 1529 2036 1567 non
2065 1512 2301 1566 dedistis
2326 1512 2469 1566 mihi
2488 1511 2873 1578 manducare;
2902 1510 3070 1578 sitivi,
3091 1514 3150 1566 et
3177 1526 3295 1565 non
3318 1509 3475 1564 dedi-

1835 1605 1934 1660 stis
1962 1606 2103 1660 mihi
2124 1610 2354 1677 potum;
2386 1606 2594 1676 hospes
2622 1621 2801 1672 eram,
2819 1608 2877 1658 et
2894 1620 3006 1659 non
3026 1603 3333 1675 eollegistis
3349 1618 3469 1669 me;

1838 1699 2044 1766 nudus,
2075 1702 2133 1753 et
2162 1716 2277 1754 non
2297 1699 2603 1769 Operuistis
2620 1715 2744 1765 me;
2778 1698 3042 1752 infirmus
3063 1700 3120 1751 et
3138 1697 3199 1751 in
3223 1712 3473 1763 carcere,

122 1767 305 1862 “PDﬁX‘
338 1770 489 1862 éunt’
521 1770 579 1819 et
603 1783 728 1862 Ψδίξ
743 1767 912 1862 ῗίβίῖθ
938 1770 1286 1837 permanent
1329 1784 1411 1862 mg
1430 1771 1732 1862 mtemum?
1755 1776 1812 1848 B
1838 1798 1893 1847 et
1920 1810 2037 1848 non
2067 1792 2333 1848 visitastis
2365 1809 2481 1846 me.
2514 1793 2670 1847 Tunc
2700 1790 3137 1862 respondebunt
3166 1794 3224 1845 et
3256 1790 3363 1862 ipsi
3388 1790 3473 1844 di-

121 1860 248 1914 sicut
261 1859 533 1931 scriptum
561 1863 648 1914 est
669 1877 682 1914 :
708 1859 999 1913 Videbunt
1023 1876 1199 1930 quem
1223 1859 1649 1927 transfixerunt,
1679 1861 1738 1913 et

120 1956 376 2026 plangent
400 1969 459 2007 se
487 1956 707 2008 cunctae
732 1954 915 2007 tribus
940 1956 1127 2007 terrae.
1160 1953 1241 2007 lbi
1281 1954 1389 2008 erit
1420 1953 1734 2019 tribulatio,

122 2051 171 2101 et
192 2047 369 2118 impiis
393 2047 836 2114 condemnatio;
881 2046 962 2101 ibi
1001 2047 1113 2100 erit
1136 2046 1307 2117 justis
1358 2047 1650 2113 exultatio,
1681 2050 1739 2101 et

121 2140 292 2212 impiis
318 2140 763 2207 condemnatio;
786 2140 863 2195 ibi
895 2140 1003 2194 erit
1007 2139 1531 2210 justisjocunditas,
1554 2140 1736 2194 etim-

122 2235 216 2306 piis
239 2234 610 2302 verecundia;
638 2234 717 2288 ibi
745 2233 1029 2304 eritjustis
1050 2233 1239 2304 gratia
1258 2233 1478 2300 defusa,
1503 2237 1559 2287 et
1580 2234 1740 2304 plebs

122 2327 428 2383 Iudaeorum
455 2329 569 2383 erit
597 2328 856 2383 confusa.
886 2328 929 2382 Ο
949 2344 1125 2399 quam
1151 2327 1341 2398 gravis
1370 2331 1428 2381 et
1454 2327 1739 2382 laboriosa

125 2426 198 2477 est
227 2422 343 2477 dies
366 2422 498 2477 illa!
533 2438 566 2477 0
608 2438 782 2493 quam
814 2421 1084 2475 terribilis
1110 2425 1169 2474 et
1191 2420 1482 2475 horribilis
1506 2424 1593 2475 est
1621 2421 1742 2475 dies

123 2517 224 2584 illa,
238 2517 355 2572 dies
366 2516 490 2584 iras,
506 2515 629 2570 dies
652 2515 1035 2569 tribulationis
1057 2518 1115 2568 et
1131 2514 1432 2586 angustiae,
1453 2514 1577 2568 dies
1596 2516 1742 2568 cala-

124 2610 320 2665 mitatis
335 2609 677 2677 etmiseriaa,
701 2609 822 2663 dies
840 2609 1215 2663 tenebrarum
1232 2611 1292 2663 et
1307 2608 1589 2678 caliginis,
1621 2608 1743 2662 dies

125 2704 327 2759 nebulae
345 2709 402 2759 et
414 2704 684 2769 turbinis,
705 2703 826 2757 dies
844 2702 995 2757 tubae
1010 2706 1068 2757 et
1086 2702 1374 2773 clangoris
1393 2719 1407 2769 ;
1428 2702 1525 2757 ubi
1545 2704 1743 2757 caelum

127 2815 241 2853 cum
269 2802 421 2853 terra
448 2796 861 2863 contremiscit,
890 2800 949 2851 et
987 2812 1190 2851 omnes
1221 2796 1363 2866 justi
1414 2796 1746 2850 terribiliter

126 2892 558 2958 conturbantur;
582 2891 679 2945 ubi
705 2891 893 2945 omnis
923 2906 1093 2945 causa
1114 2890 1439 2957 ventilatur,
1460 2893 1518 2943 et
1534 2890 1746 2944 uni‘cui-

127 3002 223 3057 que
250 2986 571 3041 secundum
597 3002 773 3057 opera
797 3002 899 3039 sua
924 2984 1310 3056 dispensatur,
1340 3000 1443 3059 per
1462 2984 1746 3040 Christum

124 3079 415 3135 Dominum
438 3082 729 3147 nostrum,
764 3078 854 3133 cui
874 3078 1105 3146 merito,
1134 3080 1244 3145 etc,

564 3185 691 3224 ITEM
730 3184 890 3224 MISSA
927 3183 1289 3223 DOMINICALIS.

199 3246 423 3312 Epistola
446 3249 600 3298 Pauli
630 3247 851 3358 apostolli
875 3246 1321 3358 adngolossenses,
1347 3245 1675 3297 dominicalis

833 3324 926 3358 ene
1004 3323 1052 3357 a.

833 3324 1052 3372 egenua.

189 3380 425 3451 Fratres,
440 3380 786 3437 mortificate
803 3381 1070 3435 membra
1081 3383 1271 3435 vestra
1287 3397 1415 3452 quae
1428 3382 1564 3435 sunt
1582 3397 1753 3451 super

128 3477 351 3544 terram,
365 3474 1273 3545 fornicationem,inmunditiam,
1288 3474 1585 3529 libidinem
1595 3492 1749 3546 ,con-

127 3570 529 3641 cupiscentiam
552 3570 790 3637 malam,
826 3572 884 3623 et
908 3568 1229 3637 avaritiam,
1254 3585 1383 3641 quae
1413 3573 1498 3623 est
1524 3569 1753 3624 simula-

128 3678 345 3719 crorum
374 3664 620 3719 servitus
648 3681 661 3719 :
706 3668 942 3735 propter
969 3679 1098 3734 quae
1123 3663 1281 3717 venit
1312 3663 1397 3717 ira
1438 3663 1541 3717 Dei
1583 3680 1756 3734 super

127 3756 268 3812 ﬁlios
290 3758 724 3813 incredulitatis.
758 3759 819 3811 In
849 3757 1056 3828 quibus
1078 3759 1136 3810 et
1159 3773 1259 3811 vos
1289 3757 1627 3812 ambulastis
1649 3757 1752 3811 ali-

131 3851 371 3923 quando,
396 3868 534 3907 cum
561 3851 823 3905 viveretis
840 3851 898 3905 in
921 3851 1048 3905 illis.
1078 3852 1239 3907 Nunc
1259 3853 1455 3905 autem
1484 3850 1755 3922 deponite

130 3960 219 3999 vos
238 3947 455 4015 omnia,
480 3947 648 4013 iram,
664 3945 1148 4017 indignationem,
1173 3946 1475 4013 malitiam,
1489 3946 1754 4017 blasphe-

133 4039 320 4107 miam,
342 4043 579 4112 turpem
604 4055 934 4094 sermonem
958 4039 1027 4093 de
1043 4055 1142 4094 ore
1167 4042 1377 4094 vestro.
1401 4038 1584 4094 Nolite
1598 4055 1759 4093 men-

131 4132 216 4187 tiri
246 4133 306 4187 in
332 4134 605 4201 invicem,
634 4133 989 4205 expoliantes
1025 4149 1125 4188 vos
1168 4135 1422 4188 veterem
1457 4132 1759 4188 hominem

132 4242 254 4281 cum
281 4228 506 4283 actibus
534 4227 668 4295 suis,
701 4230 759 4282 et
789 4226 1094 4282 induentes
1125 4243 1357 4296 novum,
1381 4243 1515 4281 eum
1542 4226 1639 4299 qui
1666 4244 1758 4281 re-

134 4325 368 4376 novatur
400 4322 461 4376 in
494 4321 793 4393 agnitione
821 4322 1139 4376 secundum
1164 4321 1484 4393 imaginem
1515 4322 1638 4393 ejus
1665 4320 1761 4393 qui

134 4416 338 4470 creavit
366 4433 529 4484 eum,
552 4416 648 4470 ubi
670 4432 787 4471 non
815 4418 902 4471 est
930 4416 1160 4486 gentilis
1180 4418 1238 4470 et
1254 4416 1503 4483 Judteus,
1528 4416 1763 4470 circum-

1837 1889 2060 1941 centes:
2096 1886 2358 1953 Domine,
2376 1885 2611 1955 quando
2634 1888 2689 1938 te
2717 1884 2966 1938 vidimus
2987 1884 3361 1951 esurientem,
3381 1888 3480 1937 aut

1838 1980 2154 2047 sitientem,
2187 1982 2287 2034 aut
2311 1978 2620 2048 hospitem,
2654 1981 2754 2032 aut
2779 1976 3020 2045 nudum,
3054 1979 3153 2031 aut
3181 1976 3477 2031 inﬁmum

1839 2073 1926 2126 vel
1958 2073 2015 2127 in
2058 2088 2307 2138 carcere,
2359 2074 2418 2125 et
2447 2087 2565 2125 non
2618 2069 3069 2125 ministravimus
3120 2069 3277 2124 tibi?
3322 2070 3476 2124 Tunc

1839 2166 2213 2237 respondebit
2241 2164 2352 2220 illis
2377 2164 2604 2219 dicens:
2636 2165 2822 2217 Amen
2853 2163 2979 2218 dico
3004 2162 3184 2230 vobis,
3200 2161 3477 2234 quamdiu

1842 2277 1959 2315 non
1989 2259 2202 2314 fecistis
2223 2258 2322 2313 uni
2344 2258 2415 2313 de
2443 2256 2766 2313 minoribus
2795 2256 2903 2324 his,
2937 2273 3041 2311 nec
3068 2256 3215 2311 mihi
3242 2255 3474 2312 fecistis.

1841 2355 1910 2408 Et
1940 2353 2105 2407 ibunt
2130 2352 2187 2406 hi
2218 2352 2277 2406 in
2306 2351 2648 2424 supplicium
2670 2354 2973 2418 aeternum,
3005 2349 3147 2421 justi
3185 2352 3379 2405 autem
3418 2348 3477 2403 in

1842 2446 2018 2501 vitam
2049 2448 2349 2501 aeternam.

2459 2532 2649 2574 INCIPIT
2687 2530 2844 2571 MISSA
2855 2556 2867 2570 .

2266 2596 2516 2646 Collectio
2549 2600 2666 2659 post
2689 2593 3042 2658 prepbetiam.

1918 2671 2132 2741 Dirige,
2161 2669 2531 2741 omnipotens
2564 2668 2712 2721 Deus
2736 2666 3095 2735 Dominator,
3120 2681 3348 2737 gressus
3376 2680 3482 2721 no-

1847 2770 1994 2821 stros
2024 2765 2085 2819 in
2114 2764 2204 2819 via
2231 2763 2407 2835 pacis,
2447 2767 2504 2816 et
2546 2777 2745 2815 sensus
2792 2764 3019 2815 nostros
3060 2759 3382 2814 conrobora
3425 2758 3483 2813 in

1849 2858 2140 2915 mandatis
2166 2857 2278 2912 tuis
2303 2876 2320 2911 :
2342 2855 2530 2910 visitet
2554 2870 2660 2908 nos
2686 2853 2889 2909 Oriens
2911 2869 2978 2907 ex
3000 2853 3136 2919 alto,
3166 2856 3224 2906 et
3242 2850 3481 2907 inlumi-

1850 2956 1949 3008 net
1967 2968 2065 3007 eos
2091 2951 2188 3023 qui
2212 2950 2270 3005 in
2284 2947 2538 3004 tenebris
2560 2950 2618 3001 et
2630 2946 2835 3001 umbra
2856 2946 3062 3000 mortis
3077 2945 3280 3000 sedent
3302 2962 3315 3012 ;
3346 2948 3410 2999 ut
3428 2947 3485 2999 te

1851 3047 2097 3102 adorent
2123 3046 2360 3116 propter
2384 3040 2843 3097 misericordiam
2874 3043 3055 3107 tuam,
3085 3042 3140 3094 te
3174 3041 3488 3110 sequantur

1632 3160 1659 3181 ι
1767 3145 1823 3219 C
1849 3142 2085 3213 propter
2118 3137 2420 3192 veritatem
2466 3140 2650 3201 tuam,
2694 3138 2868 3204 teque
2894 3133 3224 3187 desiderent
3249 3133 3486 3204 propter

1852 3233 2221 3290 dulcedinem
2243 3233 2424 3298 tuam,
2457 3229 2555 3300 qui
2580 3245 2641 3283 es
2669 3226 3007 3282 benedictus
3028 3225 3305 3281 Dominus
3336 3226 3485 3280 Deus

1853 3329 2025 3383 Israel
2038 3327 2095 3381 in
2114 3325 2334 3380 unitate
2358 3322 2600 3396 Spiritus
2621 3322 2801 3379 sancti
2820 3321 2882 3376 in
2902 3321 3110 3376 saecula
3125 3320 3487 3375 saeculorum.

2379 3417 2532 3468 Missa
2565 3416 2891 3467 dominicalis
2916 3426 2960 3464 α.

1926 3491 2128 3548 Pronis
2148 3489 2440 3545 mentibus
2466 3492 2525 3542 et
2558 3488 2733 3543 totius
2762 3483 3332 3558 corporisdevotione
3364 3499 3497 3555 por-

1853 3585 2477 3656 recti,omnipotentem
2490 3582 2797 3637 Dominum
2809 3579 3279 3650 deprecemur,ut
3290 3592 3493 3632 omnes

1854 3681 2073 3736 incolas
2102 3695 2233 3733 suos
2264 3692 2559 3746 unumque
2581 3690 2786 3745 corpus
2802 3671 3063 3727 Ecclesia:
3082 3670 3236 3724 trina
3255 3673 3313 3723 et
3333 3669 3495 3724 unita

1856 3774 2088 3846 plebem
2114 3787 2277 3825 suam
2303 3767 2605 3824 custodiat.
2636 3763 3039 3823 Sacerdotibus
3053 3778 3258 3835 pacem
3286 3764 3345 3817 et
3363 3778 3497 3817 con-

1859 3867 2141 3933 cordiam,
2173 3870 2230 3919 et
2253 3862 2519 3918 universo
2545 3863 2697 3916 clero
2737 3857 2991 3932 perpetis
3020 3856 3326 3911 ministerii
3361 3872 3492 3927 gra-

1857 3963 2001 4018 tiam
2015 3956 2722 4031 largiatur,defensionem
2743 3950 3267 4026 pupillis,solatium
3288 3948 3493 4017 viduis,

1860 4053 2279 4112 continentiam
2296 4047 2950 4117 monachis,mercedem
2963 4044 3353 4118 operantibus;
3369 4059 3497 4099 esu-

1860 4148 2140 4205 rientibus
2158 4146 2393 4213 victum,
2414 4143 2683 4198 vestitum
2705 4141 2892 4207 nudis,
2908 4138 3323 4211 aegrotantibus
3344 4136 3496 4193 sani-

1862 4247 2066 4310 tatem,
2113 4240 2314 4295 vinctis
2356 4237 2800 4304 absolutionem,
2845 4232 3352 4307 peregrinantibus
3395 4248 3497 4303 pa-

1863 4338 2056 4406 triam,
2086 4333 2491 4405 navigantibus
2517 4334 2751 4403 portum
2778 4328 3049 4400 dignatus
3069 4326 3370 4399 inpertiat:
3399 4325 3503 4380 hu-

1864 4430 2169 4486 militatem
2188 4427 2467 4500 superbis,
2483 4422 3006 4495 maleloquentibus
3027 4417 3502 4474 emendationem

133 4508 259 4565 cisio
284 4514 341 4565 et
367 4510 744 4582 praeputium,
780 4510 1060 4565 barbarus
1101 4513 1160 4564 et
1194 4510 1423 4581 Schyta,
1465 4526 1660 4564 servus
1708 4526 1746 4565 e‘

1866 4518 2272 4599 prenitentibus
2317 4520 2658 4575 delictorum
2714 4517 2914 4585 ﬁnem,
2962 4511 3358 4584 peccatoribus
3409 4525 3501 4564 ve-

132 4605 289 4673 liber,
322 4605 426 4660 sed
454 4605 654 4660 omnia
679 4608 737 4659 et
765 4604 824 4658 in
851 4604 1124 4659 omnibus
1149 4604 1425 4660 Christus.

282 4695 464 4745 Lectio
488 4694 656 4744 sancti
682 4694 950 4757 Evangelii
975 4693 1263 4743 secundum
1292 4693 1607 4744 Mattheum.

198 4765 409 4821 Diebus
449 4766 580 4835 illis,
622 4766 763 4821 dixit
799 4767 1077 4821 Dominus
1104 4768 1266 4822 Iesus
1292 4766 1581 4838 discipulis
1610 4765 1724 4821 suis
1751 4781 1765 4820 :

131 4859 267 4916 Cum
291 4860 520 4915 venerit
541 4860 712 4915 Filius
739 4860 991 4915 hominis
1021 4860 1078 4914 in
1098 4860 1400 4932 majestate
1426 4877 1548 4928 sua,
1569 4864 1628 4915 et
1641 4876 1769 4916 om-

134 4971 231 5010 nes
259 4955 463 5027 angeli
491 4972 620 5009 cum
651 4972 719 5011 eo
745 4972 759 5023 ;
793 4958 927 5009 tunc
952 4955 1178 5019 sedebit
1211 4972 1385 5027 super
1412 4954 1612 5009 sedem
1646 4971 1770 5009 ma-

128 5048 349 5119 jestatis
400 5065 539 5117 suae,
582 5053 642 5104 et
673 5049 1185 5121 congregabuntur
1219 5052 1353 5104 ante
1391 5065 1526 5104 eum
1571 5064 1774 5104 omnes

133 5130 355 5213 gentes,
391 5148 455 5198 et
482 5143 770 5215 separabit
793 5160 892 5198 eos
922 5143 993 5198 ab
1013 5143 1283 5207 invicem,
1298 5144 1443 5199 sicut
1460 5144 1662 5198 Pastor
1684 5158 1773 5197 se-

136 5242 340 5310 gregat
360 5254 497 5293 oves
518 5237 590 5292 ab
620 5237 823 5292 haedis.
850 5238 1003 5292 Tunc
1035 5237 1188 5292 dicet
1214 5238 1331 5292 Rex
1357 5238 1446 5292 his
1472 5236 1567 5308 qui
1594 5236 1773 5292 adex-

136 5332 233 5385 tris
259 5333 387 5403 ejus
417 5335 614 5386 erunt:
642 5331 865 5397 Venite,
894 5331 1182 5386 benedicti
1212 5331 1394 5387 Patris
1431 5331 1570 5399 mei,
1597 5329 1775 5402 possi-

138 5423 264 5479 dete
292 5427 565 5497 paratum
594 5424 755 5481 vobis
782 5442 1031 5496 regnum
1056 5444 1089 5480 a
1115 5425 1524 5480 constitutione
1554 5423 1776 5478 mundi.

1869 4620 2050 4686 niam,
2081 4618 2137 4671 in
2165 4613 2437 4671 hseretico
2462 4628 2657 4666 errore
2679 4609 2830 4663 viam
2855 4605 3110 4660 veritatis
3142 4603 3426 4660 ostendat.

2626 4701 2818 4751 llectio.

2626 4704 2818 4751 llectio.

1940 4788 2122 4844 Deum
2180 4779 2485 4838 ineifabilis
2519 4704 2791 4851 ρξῗθηῐίω
2816 4816 2829 4843 ,
2876 4773 3151 4830 bonitatis
3188 4774 3502 4847 inmensa,

1871 4884 2076 4938 fratres
2091 4875 2389 4942 carissimi,
2414 4874 2813 4945 deprecemur,
2838 4872 2901 4923 ut
2917 4870 3263 4939 sacerdotes,
3288 4871 3504 4928 clerum

1873 4993 1940 5033 ac
1964 4973 2242 5048 populum
2268 4984 2435 5024 suum
2462 4966 2668 5031 visitet,
2699 4966 2757 5017 et
2780 4966 3009 5018 tueatur
3041 4979 3054 5017 :
3078 4963 3389 5019 inluminet
3416 4969 3504 5022 to-

1874 5075 1996 5125 tam
2028 5068 2255 5140 plebem
2289 5076 2474 5130 suam,
2497 5063 2555 5114 et
2583 5058 2680 5113 illa
2711 5073 2824 5129 qua
2854 5055 3102 5111 redemit
3125 5056 3361 5128 pietate,
3402 5074 3505 5114 sua

1875 5161 2248 5220 miseratione
2278 5157 2593 5212 conservet.

2499 5249 2618 5298 Post
2648 5246 2879 5297 nomina.

1950 5330 2207 5404 Respice,
2254 5329 2401 5383 Deus
2446 5323 2836 5395 omnipotens,
2874 5319 2946 5376 ad
2990 5336 3224 5393 precem
3273 5318 3509 5377 familia:

1879 5434 2013 5494 tute,
2046 5441 2173 5497 quae
2193 5418 2652 5477 misericordiam
2676 5421 2837 5471 tuam
2868 5414 3210 5469 sinceritatis
3238 5413 3427 5470 officio
3456 5421 3514 5471 et

134 5518 353 5574 EsuriVi
381 5518 565 5583 enim,
589 5523 649 5574 et
674 5519 909 5574 dedistis
937 5520 1083 5574 mihi
1111 5519 1464 5574 manducare
1491 5535 1504 5585 ;
1535 5517 1703 5586 SitiVi,
1727 5520 1784 5570 et
1881 5521 2069 5576 studio
2101 5516 2353 5574 caritatis
2380 5512 2641 5569 obtinere
2674 5509 3021 5574 desiderant,
3051 5511 3225 5580 atque
3253 5509 3514 5564 muneris

140 5610 376 5668 dedistis
420 5612 569 5667 mihi
605 5613 843 5681 bibere;
886 5614 1094 5686 hospes
1146 5629 1330 5682 eram,
1373 5618 1432 5669 et
1469 5608 1781 5681 collegistis
1881 5615 1967 5671 tui
1997 5615 2214 5669 donum
2246 5613 2301 5664 te
2329 5607 2638 5678 adjuvante
2670 5601 3009 5676 percipiant.

205 5739 606 5814 fLegendum
645 5744 903 5814 Praefatio
939 5744 1303 5800 dominicalis.
1348 5746 1429 5801 Ita
1478 5743 1633 5800 enim
1677 5742 1985 5799 vocabatur
2021 5742 2114 5796 illa
2164 5732 2482 5793 adhortatio
2529 5736 2652 5805 post
2702 5727 3095 5804 prOphetiam,
3138 5735 3203 5788 ut
3244 5743 3417 5801 supra
3456 5720 3515 5785 in

143 5810 329 5884 prima
350 5810 541 5868 'missa
580 5813 930 5871 dominicali.

480 5904 750 5971 Ρκιίιοιι.
799 5903 1034 5972 LXXII.

3135 5894 3198 5952 l8
