4006 6228
505 298 607 351 555

576 476 787 529 Pacem
813 475 973 527 tuam
1003 399 1617 540 nosuisdtgrifgtlii'ibus,
1643 466 1963 532 boneJesu,
1995 464 2137 519 inla-

503 568 663 635 bere,
692 566 751 621 in
774 582 888 637 qua
919 567 1004 619 est
1022 561 1320 636 plenitudo
1341 559 1662 615 dilectionis
1684 562 1819 627 tuas,
1848 562 1906 613 et
1930 560 2138 630 praesta

507 662 571 713 ut
597 676 800 730 pacem
832 674 1007 730 quam
1037 671 1189 711 nunc
1211 670 1310 709 ore
1334 652 1681 726 proferimus
1712 668 1943 724 semper
1971 650 2136 723 spiri-

508 753 609 806 tali
648 768 817 807 sensu
846 766 1181 806 conservare
1206 762 1557 803 mereamur.

1155 848 1488 899 Contestaiio.

577 926 720 977 Vere
743 922 983 993 dignum
999 924 1057 975 et
1074 920 1297 991 justum
1327 923 1432 987 est,
1462 918 1833 989 omnipotens
1859 915 2141 988 Deus,qui

506 1020 743 1089 peccato
770 1014 939 1085 primi
975 1015 1231 1085 parentis
1269 1012 1571 1067 hominem
1622 1028 1657 1066 a
1701 1010 1897 1066 salutis
1934 1010 2144 1064 finibus

508 1110 859 1175 exulantem,
883 1107 1111 1178 pietatis
1127 1107 1491 1178 indulgentia
1511 1105 1584 1161 ad
1602 1105 1831 1160 veniam
1850 1104 2142 1175 vitamque

506 1201 804 1268 revocasti,
830 1201 1113 1256 mittendo
1129 1200 1294 1256 nobis
1315 1198 1689 1270 Iluigenitum
1712 1202 1876 1252 tuum
1894 1197 2147 1253 Salvato-

505 1312 630 1350 rem
665 1298 948 1361 nostrum,
978 1311 1082 1365 per
1109 1310 1283 1365 quem
1309 1295 1621 1365 languores
1646 1295 1871 1347 nostros
1890 1307 2141 1359 curares,

507 1391 744 1461 peccata
774 1387 1115 1454 dimitteres,
1144 1386 1471 1458 potentiam
1500 1386 1680 1442 hostis
1698 1384 1920 1456 antiqui
1947 1388 2143 1439 conte-

505 1497 684 1548 reres,
711 1481 1075 1535 infernarum
1104 1497 1280 1534 nexus
1305 1480 1641 1547 resolveres,
1670 1477 1921 1550 paradisi
1950 1481 2145 1549 portas

510 1575 785 1646 aperires,
817 1574 994 1628 ﬁdem
1015 1574 1341 1642 innovares,
1374 1573 1558 1637 vitam.
1577 1571 1820 1627 mortuis
1848 1570 2144 1639 redderes,

510 1668 612 1723 Dei
637 1667 786 1722 filios
816 1667 1057 1731 faceres,
1091 1670 1149 1721 et
1173 1666 1247 1721 ad
1293 1666 1542 1722 caelestia
1579 1682 1762 1738 regna
1802 1665 2147 1737 perduceres

507 1760 783 1817 Dominus
810 1763 1007 1815 noster
1024 1762 1185 1816 Jesus
1214 1760 1489 1816 Christus.
1519 1759 1622 1815 Cui
1652 1758 1883 1814 merito.

1098 1835 1569 1898 Alia'Contestatio.

581 1923 726 1976 Vere
754 1920 998 1992 dignum
1030 1923 1089 1973 et
1104 1920 1327 1990 justum
1358 1923 1464 1989 est,
1492 1918 1861 1991 omnipotens
1874 1920 2022 1974 Deus
2046 1933 2152 1989 per

512 2014 797 2071 Christum
825 2012 1141 2068 Dominum
1179 2015 1461 2066 nostrum.
1510 2012 1618 2077 Qui
1662 2012 1864 2067 videns
1910 2010 2151 2066 humani

512 2107 742 2180 generis
776 2106 1075 2174 fabricam,
1106 2106 1288 2161 hostis
1312 2105 1534 2177 antiqui
1566 2105 1951 2177 extinguentis
1984 2105 2147 2160 falla-

510 2202 683 2269 ciam,
716 2201 775 2255 in
798 2204 953 2255 terra
974 2199 1274 2255 descendit
1295 2200 1572 2255 Dominus
1600 2203 1799 2255 noster
1816 2202 1843 2255 J
1850 2217 1977 2255 esus
1997 2200 2153 2256 Chri-

510 2299 650 2363 stus,
680 2297 843 2349 utero
869 2297 1179 2365 conceptus
1222 2296 1310 2349 est
1345 2294 1633 2365 virginali,
1676 2295 1826 2350 Deus
1872 2297 1931 2348 et
1972 2294 2150 2349 homo

510 2388 808 2461 processit.
833 2388 1017 2443 Homo
1036 2387 1264 2442 videtur
1282 2387 1342 2442 in
1368 2404 1630 2459 corpore,
1655 2388 1805 2442 Deus
1825 2391 2021 2442 autem
2033 2404 2154 2442 ma-

512 2483 816 2537 nifestatus
842 2484 930 2535 est
952 2480 1009 2535 in
1040 2481 1268 2535 virtute.
1293 2482 1476 2536 Homo
1502 2480 1610 2535 fuit
1630 2481 1863 2553 quando
1890 2498 2021 2536 cum
2054 2483 2149 2536 Ju-

514 2575 653 2629 dasis
674 2573 1024 2641 ambulavit;
1052 2574 1199 2628 Deus
1220 2577 1416 2628 autem
1441 2574 1845 2629 manifestatus
1871 2578 1957 2629 est
1968 2591 2151 2646 quan-

517 2667 590 2723 do
613 2667 991 2739 paralyticum
1013 2666 1251 2737 triginta
1268 2670 1396 2722 octo
1411 2684 1699 2723 annorum
1725 2670 1845 2724 solo
1872 2669 2047 2725 verbo
2063 2686 2156 2724 cu-

514 2761 680 2816 ravit.
719 2761 901 2816 Homo
944 2760 1053 2815 fuit
1084 2760 1159 2815 ad
1200 2761 1585 2832 frequentiam
1617 2762 1981 2834 nuptiarum;
2006 2764 2156 2819 Deus

518 2856 714 2908 autem
745 2853 1148 2908 manifestatus
1177 2859 1263 2909 est
1298 2854 1531 2926 quando
1565 2872 1747 2927 aquas
1785 2857 2067 2912 convertit
2096 2857 2155 2911 in

516 2947 738 3002 vinum.
768 2948 948 3002 Homo
987 2947 1095 3003 fuit
1127 2948 1360 3019 quando
1399 2948 1474 3003 ad
1519 2948 1799 3020 piscinam
1834 2950 1986 3006 Siloe
2026 2967 2156 3006 cum

517 3040 806 3113 discipulis
826 3040 1002 3107 venit;
1025 3042 1176 3096 Deus
1190 3044 1386 3097 autem
1401 3042 1804 3098 manifestatus
1820 3047 1907 3098 est
1923 3045 2156 3116 quando

516 3151 732 3191 caecum
760 3152 794 3189 a
825 3134 1121 3190 nativitate
1150 3135 1532 3190 inluminavit.
1565 3136 1750 3192 Homo
1784 3137 1895 3192 fuit
1921 3138 2154 3209 quando
2176 3154 2232 3230 ρ

516 3228 727 3283 mulier
763 3227 1048 3299 peccatrix
1073 3228 1341 3299 lacrymis
1366 3228 1545 3299 pedes
1577 3229 1744 3297 lavit;
1783 3231 1933 3285 Deus
1962 3234 2156 3286 autem

517 3320 922 3376 manifestatus
957 3304 1059 3375 est~
1071 3320 1302 3391 quando
1333 3337 1464 3375 eam
1491 3339 1525 3376 a
1554 3321 1829 3393 proﬂuvio
1855 3324 2156 3395 sanguinis

517 3413 800 3469 liberavit.
829 3415 1009 3469 Homo
1036 3414 1145 3468 fuit
1176 3413 1409 3485 quando
1439 3415 1499 3469 in
1522 3432 1666 3470 nave
1688 3416 1991 3482 dormivit;
2012 3419 2156 3473 Deus

520 3509 716 3562 autem
742 3506 1146 3562 manifestatus
1168 3510 1255 3562 est
1279 3507 1513 3578 quando
1541 3508 1802 3564 ventibus
1827 3510 1885 3564 in
1916 3526 2077 3565 mare
2095 3514 2158 3566 ut

518 3599 850 3671 quiscerent
896 3600 1217 3672 imperavit.
1272 3603 1456 3657 Homo
1490 3602 1602 3657 fuit
1636 3603 1869 3674 quando
1894 3604 2069 3659 Maria
2100 3608 2159 3659 et

517 3693 738 3749 Martha
754 3710 858 3766 pro
884 3694 1062 3749 fratre
1088 3710 1223 3749 eum
1243 3695 1564 3766 rogabant:
1595 3697 1745 3751 Deus
1766 3701 1960 3753 autem
1975 3699 2158 3754 mani-

516 3788 758 3845 festatus
782 3793 867 3843 est
896 3787 1128 3859 quando
1149 3788 1428 3844 Lazarum
1460 3790 1907 3862 quatriduanum
1935 3792 2006 3847 de
2028 3809 2153 3848 mo-

519 3884 803 3938 numento
832 3881 1205 3937 resuscitavit.
1238 3882 1424 3938 Homo
1450 3883 1559 3938 fuit
1612 3885 1845 3956 quando
1891 3886 1951 3940 in
1990 3903 2156 3942 cruce

519 3975 834 4050 pependit;
862 3976 1010 4030 Deus
1028 3977 1224 4031 autem
1249 3977 1655 4033 manifestatus
1671 3983 1758 4035 est
1783 3980 2017 4051 quando
2048 3984 2160 4036 ter-

519 4069 603 4124 tia
627 4069 717 4124 die
744 4069 1056 4123 resurrexit
1084 4085 1118 4122 a
1148 4070 1412 4139 mortuis,
1441 4070 1589 4125 sedit
1619 4072 1694 4126 ad
1725 4058 2025 4130 dexteram
2050 4077 2157 4132 Pa-

521 4162 646 4230 tris,
683 4162 1014 4233 interpellat
1039 4178 1144 4232 pro
1188 4163 1439 4233 peccatis
1474 4165 1703 4220 nostris.
1747 4166 1883 4231 Quis
1932 4186 2050 4225 non
2086 4170 2157 4225 ti-
2192 4200 2193 4205 η

524 4258 684 4310 meat
732 4256 909 4309 talem
946 4254 1254 4309 Dominum
1297 4257 1517 4327 Regem
1558 4262 1863 4329 aeternum,
1901 4267 2000 4318 aut
2033 4263 2160 4335 quis

526 4363 642 4405 non
668 4351 988 4420 prostratus
1014 4347 1256 4403 adoret?
1280 4350 1374 4405 cui
1401 4351 1632 4407 merito.

1052 4457 1212 4499 IIISSA
1251 4460 1621 4502 DOXINICALIS.

1384 288 1717 347 APPENDIX
1756 289 1843 344 AD
1879 286 2100 343 OPERA
2138 286 2194 340 S.
2238 283 2539 341 GERMANI
2578 284 3008 341 PARISIENSIS.

2156 420 2214 492 Α
2235 396 2295 447 et
2323 392 2579 492 spatiosa
2608 392 2700 447 via
2725 408 2854 464 quas
2872 392 3030 447 ducit
3048 391 3129 492 ad
3164 391 3577 462 perditionem,
3619 366 3689 446 et.
3722 381 3906 492 multi

2236 489 2370 540 sunt
2386 485 2488 557 qui
2501 486 2725 541 intrant
2741 502 2849 558 per
2862 502 3015 540 eam.
3041 484 3224 549 Quam
3241 489 3488 557 angusta
3499 487 3673 556 porta
3693 487 3760 537 et
3777 484 3909 536 arta

2236 579 2327 633 via
2355 595 2484 650 qua:
2518 579 2676 634 ducit
2707 579 2781 634 ad
2807 579 3006 646 vitam,
3040 582 3095 631 et
3125 578 3291 651 pauci
3317 582 3450 634 sunt
3469 578 3567 649 qui
3588 576 3911 631 inveniunt

2167 1790 2225 1862 B

3797 285 3903 336 5236

2246 688 2398 727 eam.
2426 672 2738 727 Adtendite
2760 689 2793 727 a
2812 673 2971 727 falsis
2995 672 3416 744 prophetis,qui
3436 671 3683 725 veniunt
3703 670 3788 724 ad
3808 685 3909 721 vos

2239 765 2301 820 in
2321 766 2682 821 vestimentis
2715 766 2928 835 ovium,
2958 766 3304 820 intrinsecus
3334 769 3529 821 autem
3565 763 3748 837 [sunt]
3784 762 3907 832 lupi

2240 862 2567 930 rapaces.A
2597 860 2875 914 fructibus
2902 876 3103 914 eorum
3147 858 3505 930 cognoscetis
3544 875 3663 914 eos.
3719 858 3911 911 Num-

2243 953 2381 1024 quid
2412 953 2693 1025 colligunt
2718 953 2791 1007 de
2817 953 2996 1024 spinis
3022 970 3175 1019 uvas,
3220 956 3319 1007 aut
3349 952 3420 1007 de
3452 951 3677 1006 tribulis
3715 948 3911 1004 ﬁcus?

2244 1046 2335 1101 Sic
2367 1047 2557 1102 omnis
2584 1047 2758 1102 arbor
2782 1047 2939 1101 bona
2963 1046 3181 1101 fructus
3208 1046 3393 1101 bonos
3414 1046 3580 1111 facit;
3611 1045 3787 1100 mala
3815 1060 3912 1097 au-

2243 1143 2363 1194 tem
2389 1141 2562 1195 arbor
2581 1141 2798 1195 fructus
2812 1141 2996 1194 malos
3014 1139 3170 1194 facit.
3189 1141 3311 1194 Non
3334 1143 3525 1211 potest
3543 1138 3722 1194 arbor
3747 1138 3911 1192 bona

2246 1234 2462 1288 fructus
2487 1235 2671 1288 malos
2698 1234 2910 1300 facere,
2946 1249 3135 1304 neque
3166 1232 3337 1287 arbor
3363 1234 3518 1288 mala
3550 1234 3785 1287 fructus
3812 1230 3911 1285 bo.

2248 1343 2352 1382 nos
2390 1328 2602 1381 facere.
2628 1326 2828 1382 Omnis
2859 1326 3033 1381 arbor
3060 1342 3187 1397 qua:
3216 1342 3333 1381 non
3352 1326 3489 1381 facit
3508 1327 3775 1381 fructum
3810 1326 3907 1379 bo-

2248 1437 2408 1487 num,
2443 1420 2753 1487 excidetur,
2782 1420 2918 1475 etin
2948 1419 3148 1491 ignem
3193 1420 3472 1476 mittetur.
3510 1421 3637 1474 Non
3688 1435 3908 1474 omnes

2248 1513 2344 1585 qui
2372 1513 2567 1569 dicent
2585 1513 2748 1581 mihi,
2776 1514 3043 1581 Domine,
3082 1514 3348 1582 Domine,
3377 1513 3679 1568 intrabunt
3713 1512 3779 1566 in
3815 1528 3904 1566 re-

2249 1622 2425 1678 gnum
2456 1608 2729 1662 ctelorum
2757 1624 2771 1674 ;
2806 1607 2907 1661 sed
2942 1607 3042 1678 qui
3065 1607 3283 1662 faciunt
3308 1608 3669 1662 voluntatem
3713 1605 3906 1660 Patris

2246 1700 2358 1756 mei
2372 1700 2470 1771 qui
2482 1700 2541 1755 in
2554 1700 2703 1755 caelis
2720 1700 2936 1771 est,ipsi
2951 1700 3249 1755 intrabunt
3264 1701 3323 1754 in
3336 1715 3581 1771 regnum
3595 1699 3901 1754 caelorum.

2829 1802 3023 1866 Incipit
3046 1802 3316 1867 Apologia.

2320 1888 2467 1941 Ante
2497 1888 2691 1942 oculos
2712 1889 2861 1955 tuos,
2876 1886 3140 1955 Domine,
3160 1888 3355 1959 culpas
3377 1903 3519 1959 quas
3538 1887 3812 1952 fecimus,
3847 1890 3902 1939 et

2249 1982 2449 2052 plagas
2477 1996 2620 2053 quas
2652 1981 2978 2053 excepimus
3007 1981 3378 2037 conferimus.
3402 1982 3583 2035 Minus
3625 1984 3718 2035 est
3742 1978 3901 2051 quod

2250 2074 2521 2145 patimur,
2554 2074 2742 2146 majus
2762 2078 2850 2129 est
2869 2075 3025 2147 quod
3055 2092 3369 2130 meremur.
3402 2073 3629 2129 Peccati
3662 2089 3902 2145 pmnam

2252 2168 2551 2236 sentimus,
2596 2171 2651 2222 et
2688 2169 2910 2240 peccati
2949 2169 3328 2240 pertinaciam
3373 2185 3491 2223 non
3527 2168 3806 2223 vitamus.
3839 2168 3901 2221 In

2250 2261 2493 2333 ﬂagellis
2520 2262 2650 2328 tuis,
2677 2262 2943 2332 Domine,
2980 2262 3264 2335 fragilitas
3295 2265 3491 2317 nostra
3527 2261 3801 2329 vincitur,
3847 2264 3901 2315 et

2251 2354 2526 2426 iniquitas
2575 2371 2694 2411 non
2733 2358 3007 2411 mutatur.
3051 2355 3206 2410 Mens
3242 2359 3461 2427 aegrota
3484 2357 3817 2427 torquetur,
3848 2357 3901 2408 et

2253 2448 2439 2503 cervix
2466 2448 2613 2503 dura
2636 2465 2754 2504 non
2780 2448 3046 2503 ﬂectitur.
3074 2448 3200 2503 Vita
3228 2442 3295 2503 in'
3314 2448 3513 2505 dolore
3537 2448 3814 2520 suspirat,
3846 2451 3900 2502 et

2252 2541 2311 2596 in
2343 2559 2515 2613 opere
2545 2559 2662 2598 non
2706 2541 3028 2597 inmendat.
3063 2542 3122 2598 Si
3155 2546 3440 2615 expectas,
3476 2542 3751 2609 Domine,
3784 2558 3897 2597 non

2255 2636 2628 2706 corrigimus;
2653 2637 2697 2691 si
2710 2635 2985 2705 vindicas,
3005 2654 3122 2692 non
3143 2636 3436 2691 duramus.
3453 2636 3821 2693 Conﬂtemur
3840 2637 3895 2690 in

2254 2729 2645 2785 confractione
2686 2730 2842 2802 quod
2866 2731 3129 2785 lmsimus.
3160 2730 3217 2786 Si
3251 2730 3603 2803 oppresseris
3631 2746 3896 2793 manum,

2257 2822 2522 2878 facienda
2547 2823 2970 2895 promittimus;
2996 2824 3039 2878 si
3072 2824 3439 2896 suspenderis
3463 2824 3754 2896 gladium,
3778 2840 3897 2895 pro.

2257 2916 2432 2970 missa
2456 2933 2573 2971 non
2609 2917 2869 2973 facimus.
2909 2918 2963 2974 Si
2992 2918 3185 2986 ferias,
3217 2919 3533 2973 clamamus
3559 2921 3625 2972 ut
3656 2933 3894 2989 parcas;

2257 3010 2302 3064 si
2324 3010 2533 3065 iterum
2554 3011 2900 3083 peperceris,
2922 3015 2978 3066 te
3002 3028 3381 3084 provocamus
3401 3016 3463 3067 ut
3487 3012 3680 3067 ferias.
3712 3012 3777 3067 Si
3800 3028 3898 3065 an-

2257 3104 2444 3175 gustia
2474 3105 2716 3173 venerit,
2735 3109 2968 3177 tempus
2983 3105 3232 3177 petimus
3246 3106 3590 3178 paenitendi;
3611 3106 3658 3161 si
3671 3106 3895 3161 miseri-

2257 3198 2452 3253 cordia
2462 3199 2702 3267 venerit,
2719 3199 3017 3255 abutimur
3031 3199 3367 3272 paenitentia
3381 3200 3451 3255 ab
3480 3199 3893 3256 misericordia.

2255 3294 2329 3347 Te
2370 3293 2629 3347 volumus
2668 3292 2971 3348 observare
3021 3293 3179 3365 quod
3202 3293 3468 3364 jusseris;
3526 3296 3580 3348 te
3628 3295 3896 3349 nolumus

2257 3384 2535 3440 obaudire
2573 3386 2730 3457 quod
2769 3386 2993 3442 feceris.
3024 3387 3227 3454 Habes,
3258 3386 3522 3455 Domine,
3556 3387 3898 3441 confitentes

2257 3494 2405 3533 reos.
2437 3480 2613 3534 Parce
2657 3480 2793 3551 quia
2822 3481 2949 3552 pius
2982 3498 3061 3547 es,
3095 3481 3230 3553 quia
3254 3481 3354 3536 tibi
3386 3481 3569 3535 multa
3601 3480 3896 3535 miseratio

2256 3571 2638 3643 perabundat.
2670 3574 2901 3642 Praesta,
2939 3574 3199 3643 Domine,
3228 3574 3350 3629 sine
3379 3574 3590 3629 merito
3618 3573 3781 3646 quod
3811 3590 3893 3629 ro-

2258 3681 2485 3736 gamus,
2539 3666 2639 3737 qui
2686 3667 2868 3723 fecisti
2924 3684 2990 3722 ex
3040 3667 3221 3723 nihilo
3277 3668 3374 3740 qui
3418 3671 3734 3739 rogarent:
3772 3668 3896 3740 quia

2263 3756 2462 3832 [justis]
2489 3759 2729 3831 praemia
2758 3760 2993 3829 tribues,
3024 3763 3083 3816 et
3106 3761 3502 3833 peccatoribus
3521 3760 3762 3817 veniam
3788 3776 3894 3817 non
3970 3809 3971 3814 η

2259 3852 2503 3924 negasti.
2534 3853 2718 3925 Rogo,
2741 3853 2933 3910 inclite
2963 3855 3149 3910 Pater.
3194 3896 3207 3909 .
3254 3897 3267 3909 .
3312 3897 3324 3910 .
3371 3896 3383 3910 .
3429 3895 3441 3909 .

2872 3974 3069 4015 INCIPIT
3107 3974 3288 4015 ΚΒΞΛ.

2931 4051 3214 4116 Praefatio.

2332 4135 2516 4190 Deum
2557 4152 2623 4191 ac
2664 4134 2980 4192 Dominum
3024 4141 3308 4205 nostrum,
3348 4136 3558 4192 fratres
3595 4132 3891 4201 carissimi,

2262 4227 2660 4300 deprecemur,
2695 4233 2759 4284 ut
2783 4227 3069 4286 custodiat
3093 4230 3153 4284 in
3182 4230 3347 4285 nobis
3373 4246 3517 4302 opus
3551 4229 3893 4303 redemptio-

2261 4321 2349 4377 nis
2368 4339 2512 4391 suae;
2570 4326 2628 4378 et
2661 4323 2759 4395 qui
2815 4323 2993 4378 vitam
3028 4328 3286 4379 nostram
3327 4340 3521 4379 emere
3561 4340 3666 4378 sua
3717 4328 3891 4380 morte

2262 4416 2531 4487 dignatus
2548 4420 2635 4471 est
2651 4416 2724 4472 ad
2745 4420 3023 4472 aeternam
3054 4417 3220 4473 nobis
3248 4417 3672 4473 beatitudinem
3700 4432 3887 4473 conse-

522 4522 753 4588 Epistola
772 4522 920 4574 Pauli
944 4523 1166 4587 apostoli
1184 4524 1246 4574 ad
1271 4526 1548 4587 Romanos,
1568 4526 1895 4580 dominicalis
1919 4530 2161 4596 legenda.
2182 4528 2241 4601 D
2265 4509 2576 4580 quendam:
2608 4509 2786 4566 donet
2811 4527 3014 4583 Pacem
3041 4511 3403 4583 temporibus
3420 4511 3651 4580 Ποείΐίδν
3670 4511 3888 4566 εἴδωλ’

597 4605 841 4671 Fratres,
874 4604 984 4659 hoc
1011 4607 1099 4659 est
1122 4605 1363 4660 verbum
1393 4606 1530 4662 fidei
1559 4608 1715 4680 quod
1740 4610 2156 4682 praedicamus:

525 4698 662 4772 quia
689 4699 735 4754 si
760 4698 1087 4754 confitearis
1110 4697 1170 4753 in
1203 4715 1302 4754 ore
1329 4702 1429 4755 tuo
1454 4700 1765 4758 Dominum
1786 4705 2003 4775 Iesum,
2025 4710 2083 4762 et
2101 4706 2161 4762 in

525 4792 699 4849 corde
738 4795 838 4847 tuo
883 4791 1217 4861 credideris,
1256 4793 1413 4865 quod
1435 4794 1586 4850 Deus
1614 4795 1778 4851 illum
1810 4799 2099 4855 suscitavit
2130 4818 2165 4857 a

524 4885 791 4953 mortuis,
814 4885 1002 4939 salvus
1026 4884 1156 4940 eris.
1187 4886 1371 4942 Corde
1399 4888 1560 4944 enim
1586 4889 1841 4946 creditur
1882 4892 1957 4947 ad
1992 4892 2161 4964 justi.

524 4979 694 5047 tiam,
751 4996 889 5034 aure
933 4981 1129 5033 autem
1180 4981 1465 5037 confessio
1500 4983 1566 5037 fit
1602 4983 1678 5039 ad
1704 4985 1970 5042 salutem.
2019 4988 2168 5044 Dicit

528 5074 688 5130 enim
719 5072 1011 5144 Scriptura
1038 5090 1050 5129 :
1084 5072 1282 5128 Omnis
1310 5075 1405 5147 qui
1432 5075 1743 5133 crediderit
1766 5079 1825 5135 in
1851 5080 2165 5151 illum,non

527 5167 932 5225 confundetur.
955 5168 1079 5222 Non
1110 5167 1269 5222 enim
1289 5172 1375 5223 est
1387 5169 1677 5227 distinctio
1695 5174 1880 5231 Judaei
1895 5177 2164 5234 etGraaci.

526 5264 672 5320 Nam
701 5262 858 5318 idem
885 5260 1165 5317 Dominus
1193 5262 1479 5332 omnium,
1517 5265 1674 5321 dives
1698 5267 1758 5321 in
1787 5270 2057 5327 omnibus
2070 5273 2169 5345 qui

525 5355 799 5415 invocant
825 5371 981 5411 eum.
1016 5355 1218 5411 Omnis
1253 5356 1409 5412 enim
1445 5358 1542 5430 qui
1571 5359 1923 5420 invocaverit
1950 5384 2165 5423 nomen

528 5450 779 5519 Domini,
811 5450 999 5505 salvus
1025 5449 1152 5504 erit.

686 5539 860 5590 Lectio
885 5538 1052 5589 sancti
1080 5539 1349 5603 Evangelii
1377 5541 1668 5595 secundum
1694 5547 2010 5601 Matthaanm.

601 5611 810 5667 Omnia
848 5626 987 5682 ergo
1032 5627 1408 5683 quascumque
1452 5615 1619 5669 vultis
1661 5621 1721 5672 ut
1758 5620 1973 5676 faciant
2011 5619 2171 5679 vobis

529 5703 818 5770 homines,
848 5707 907 5758 et
932 5720 1033 5759 vos
1058 5705 1228 5759 facite
1261 5705 1360 5759 eis.
1391 5707 1518 5762 Haec
1550 5712 1636 5764 est
1665 5712 1821 5767 enim
1847 5714 1934 5769 lex
1966 5720 2024 5771 et
2044 5735 2172 5791 pro-

533 5799 740 5874 phetre.
764 5799 978 5852 Intrate
993 5814 1098 5868 per
1122 5801 1426 5868 angustam
1450 5803 1696 5872 portam,
1719 5806 1853 5877 quia
1871 5808 1986 5865 lata
2005 5819 2171 5884 porta

2263 4606 2382 4658 tem
2412 4602 2601 4659 cordis
2630 4608 2688 4660 et
2711 4604 2985 4676 corporis,
3015 4605 3315 4661 decessum
3352 4605 3646 4671 vitiorum,
3678 4619 3887 4661 succes-

2263 4696 2489 4753 sionem
2519 4697 2814 4767 virtutum,
2837 4698 3187 4755 desiderium
3218 4701 3564 4755 futurorum.
3596 4701 3728 4755 Per.

2938 4801 3209 4853 Collectio.

2337 4885 2578 4941 Domine
2606 4888 2754 4943 Deus
2798 4890 3011 4955 noster,
3045 4888 3267 4960 suscipe
3313 4902 3513 4960 preces
3556 4886 3886 4959 supplicum,

2268 4981 2326 5033 et
2361 4980 2709 5036 famolorum
2754 4983 2988 5036 tuorum
3029 4982 3322 5037 orationes
3352 4981 3642 5053 benignus
3680 4979 3891 5036 exaudi.

2269 5073 2555 5128 Debemus
2581 5062 2807 5128 deferre
2839 5074 2911 5128 ad
2940 5074 3233 5145 publicum
3263 5074 3529 5141 crimina,
3563 5071 3611 5129 si
3648 5074 3723 5129 ad
3757 5072 3891 5146 judi-

2270 5166 2422 5220 cium
2448 5168 3025 5223 nolumussustenere
3057 5172 3368 5224 tormenta.
3400 5168 3692 5224 Debemus
3718 5166 3888 5223 humi-

2269 5258 2395 5313 liari
2439 5276 2634 5315 coram
2666 5261 3016 5331 hominibus,
3056 5262 3100 5318 si
3140 5264 3405 5318 volumus
3445 5279 3643 5319 coram
3693 5260 3892 5334 angelis

2271 5350 2524 5423 gloriari.
2553 5354 2846 5411 Debemus
2870 5357 3067 5428 lugere
3095 5356 3154 5411 in
3183 5358 3410 5425 steculo,
3446 5355 3490 5411 si
3529 5357 3796 5411 volumus
3818 5369 3889 5409 re.

2272 5462 2451 5517 gnare
2486 5463 2615 5503 cum
2660 5448 2905 5505 Christo.
2956 5450 3243 5505 Debemus
3274 5451 3561 5507 honorem
3598 5463 3890 5523 expernere

2271 5542 2672 5612 temporalem,
2696 5543 2742 5597 si
2764 5544 3040 5599 obtenere
3053 5545 3319 5599 Volumus
3343 5543 3591 5617 gloriam
3607 5542 3887 5616 sempiter-

2273 5650 2429 5689 nam.
2458 5634 2783 5692 Timeamus
2814 5638 2996 5693 Deum
3027 5640 3314 5693 occultum
3351 5638 3408 5692 in
3445 5637 3797 5694 conscientia
3832 5639 3892 5689 te

2274 5730 2441 5797 stem,
2475 5732 2534 5785 et
2558 5731 2853 5803 publicum
2884 5732 2943 5787 in
2975 5732 3403 5788 examinatione
3435 5748 3763 5788 censorem.
3789 5731 3888 5787 Nan

2274 5822 2368 5876 ille
2400 5824 2606 5894 quaerit
2633 5841 2737 5896 pro
2792 5825 3122 5900 ignorantia
3165 5826 3613 5895 confessionem,
3663 5825 3764 5882 sed
3807 5838 3891 5899 pro
3952 5836 3953 5900 ξ
