4006 6228
142 338 236 389 557

770 336 1382 394 SACRAMENTARIUM
1419 338 1864 396 GALLICANUM.
1912 370 1975 378 —
2016 341 2380 397 LECTIONES
2418 344 2878 403 DOMLVICALES.

3409 358 3510 411 558

139 442 522 500 misericordia
552 445 954 502 confessorem.
993 447 1213 502 Fratres
1255 446 1551 517 carissimi,
1590 447 1773 502 Domi—
1793 460 1853 534 Α
1878 448 1979 502 tibi
2017 448 2198 504 ﬁlium
2244 451 2527 523 genuisse,
2579 470 2751 525 quem
2801 456 2879 510 sic
2927 456 3228 516 festinabat
3276 462 3502 534 offerre,

139 552 274 591 num
302 537 698 610 deprecemur,
737 544 801 595 ut
829 540 907 594 sic
936 539 1187 595 absolvat
1209 539 1387 611 pietas
1414 541 1678 609 humiles,
1707 547 1771 597 ut

138 646 250 685 non
273 632 471 703 puniat
492 633 762 689 severitas
788 638 1167 689 contumaces.
1198 634 1323 688 Per.

760 714 881 762 Post
912 713 1145 762 nomina.

209 781 513 838 Offerentes
528 784 663 853 Deo,
684 783 884 839 fratres
899 784 1190 855 carissimi,
1205 784 1478 857 spiritalia
1509 801 1767 854 munera,

138 875 380 931 divinam
405 877 765 932 clementiam
797 879 1189 949 deprecemur,
1227 883 1292 933 ut
1310 879 1411 932 has
1440 879 1768 943 oblationes,

139 985 278 1039 quas
297 970 353 1023 in
366 972 901 1026 commemoratione
914 977 1237 1026 sanctorum
1263 977 1319 1026 et
1339 988 1441 1043 pro
1456 973 1631 1025 salute
1645 988 1767 1025 om-

137 1062 295 1116 nium
312 1063 663 1119 credentium
680 1063 993 1133 offerimus,
1013 1064 1180 1135 plena
1196 1064 1420 1136 pietatis
1437 1081 1552 1119 suae
1577 1065 1773 1137 digna-

138 1156 289 1211 tione
306 1158 590 1229 suscipiat,
620 1163 882 1213 nostrum
900 1157 1160 1213 omnium
1186 1174 1381 1229 preces
1408 1159 1695 1214 exaudiat.

804 1237 880 1287 Ad
909 1251 1112 1302 pacem.

210 1306 353 1362 Deus
378 1308 492 1362 vita
518 1308 894 1375 credentium,
928 1309 1089 1380 regio
1136 1307 1415 1378 vivorum,
1457 1308 1771 1379 expectatio

136 1399 407 1468 ﬁdelium,
455 1402 793 1456 resurrectio
843 1406 1223 1471 mortuorum,
1287 1403 1636 1473 captivorum
1678 1419 1768 1456 re-

134 1494 363 1564 demtio,
413 1495 696 1550 mternitas
739 1496 1146 1563 redemtorum,
1193 1496 1476 1566 benignus
1520 1496 1773 1551 indultor

133 1588 577 1660 supplicantium
622 1605 817 1660 preces
857 1590 1067 1661 accipe,
1116 1589 1551 1661 suffragantium
1600 1590 1771 1644 inter-

134 1683 477 1737 cessionibus
507 1683 791 1754 mitigare,
828 1683 1223 1738 conﬁtentium
1250 1689 1476 1754 peccata
1504 1684 1721 1738 dimitte
1752 1701 1764 1737 :

132 1781 192 1830 et
224 1793 362 1848 quos
406 1776 698 1832 redemere
736 1777 1006 1847 dignatus
1044 1793 1103 1831 es
1129 1776 1450 1832 humilitate
1477 1793 1766 1848 corporea,

130 1874 427 1942 protegere
460 1869 711 1942 digneris
733 1869 939 1925 virtute
966 1870 1173 1925 divina.

776 1949 1109 2000 Contestatio.

210 2022 342 2075 Vere
385 2021 629 2092 dignum
674 2026 729 2077 et
788 2021 1011 2092 justum
1050 2024 1152 2086 est,
1199 2021 1557 2093 omnipotens
1602 2024 1766 2089 Deus,

129 2115 280 2170 Deus
302 2114 606 2185 Abraham,
631 2115 777 2170 Deus
806 2116 973 2184 lsaac,
1000 2116 1144 2171 Deus
1166 2116 1336 2171 Jacob
1362 2132 1375 2169 :
1412 2116 1572 2187 cujus
1601 2116 1768 2171 verbo

130 2208 389 2264 universa
401 2214 584 2263 creata
606 2213 758 2278 sunt,
777 2209 939 2279 cujus
955 2208 1157 2279 spiritu
1172 2209 1359 2263 omnia
1372 2210 1766 2279 nunciantur‘,

129 2318 245 2357 una
273 2300 553 2370 divinitas,
583 2307 639 2357 et
665 2302 816 2357 trina
840 2301 1135 2373 majestas;
1178 2307 1381 2357 natura
1417 2302 1764 2373 inseparabi-

125 2396 215 2463 lis,
243 2412 482 2467 persona
509 2396 832 2465 individua;
885 2397 1030 2451 Deus
1069 2412 1219 2451 unus
1266 2400 1321 2451 et
1368 2396 1544 2464 solus,
1587 2397 1768 2451 unitas

128 2490 356 2562 triplex,
377 2490 1209 2561 incomprehensaconjunctio,
1232 2489 1470 2545 indivisa
1483 2490 1765 2545 distinctio

126 2599 298 2656 quem
325 2600 507 2639 unum
546 2584 1075 2653 insubstantialiter,
1130 2584 1349 2639 trinum
1394 2584 1768 2657 personaliter

126 2678 511 2745 nominamus,
534 2677 836 2744 credimus,
858 2677 1216 2733 conﬁtemur.
1238 2679 1319 2732 Tu
1341 2694 1400 2732 es
1421 2678 1573 2732 enim
1596 2679 1763 2745 Deus,

126 2772 181 2822 et
204 2783 321 2821 non
349 2771 434 2821 est
462 2766 775 2822 secundum
804 2782 976 2837 opera
1002 2770 1120 2821 tua.
1148 2767 1228 2821 Tu
1266 2766 1515 2821 fundasti
1553 2771 1765 2821 terram

125 2876 298 2931 super
325 2876 570 2931 aquam;
600 2862 663 2914 tu
688 2859 877 2929 legem
905 2859 1177 2914 creaturis
1207 2860 1473 2914 omnibus
1499 2860 1762 2931 posuisti;

123 2954 220 3026 qui
246 2954 308 3009 in
333 2970 451 3008 uno
471 2954 656 3008 trinus
668 2969 926 3025 appares,
948 2952 1011 3007 in
1038 2953 1223 3008 tribus
1248 2971 1394 3008 unus
1410 2954 1761 3025 agnosceris:

123 3049 285 3103 Pater
312 3046 625 3118 ingenitus,
660 3046 828 3101 Filius
852 3063 1003 3102 unus
1044 3051 1128 3101 est
1168 3052 1487 3119 generatus,
1528 3047 1767 3119 Spiritus

120 3146 351 3197 sanctus
369 3157 519 3195 unus
544 3145 627 3196 est
655 3157 724 3196 ex
742 3139 770 3179 δ
797 3143 961 3196 Patre
998 3141 1328 3213 procedens,
1358 3142 1508 3196 Patri
1534 3146 1590 3196 et
1628 3142 1763 3196 Filio

116 3239 457 3291 coaeternus.
499 3236 616 3291 Una
640 3239 832 3290 tamen
860 3235 922 3289 in
964 3208 1145 3290 tribus
1182 3208 1362 3290 virtus
1400 3241 1456 3289 et
1497 3236 1760 3307 dignitas,
1785 3208 1839 3282 Ο

110 3334 388 3402 potestas,
418 3333 587 3401 atque
612 3329 689 3384 ita
714 3329 1015 3400 conjuncta
1044 3327 1276 3383 divisio:
1324 3345 1451 3400 quae
1476 3328 1580 3383 tibi
1622 3334 1765 3385 esset

111 3422 300 3496 gloria
320 3423 379 3477 in
408 3422 579 3491 caelis,
611 3422 867 3495 potentia
892 3422 951 3478 in
976 3423 1158 3495 aquis,
1187 3422 1463 3494 sapientia
1486 3423 1545 3477 in
1566 3425 1758 3493 terris,

107 3517 297 3573 virtus
332 3516 393 3571 in
422 3516 657 3587 abyssis,
685 3516 908 3571 claritas
934 3515 996 3570 in
1019 3515 1259 3587 angelis,
1282 3516 1529 3587 dignitas
1556 3517 1616 3571 in
1638 3534 1763 3588 pro.

103 3610 328 3684 phetis,
357 3609 673 3665 sublimitas
701 3609 759 3663 in
787 3610 1166 3681 evangelistis,
1196 3609 1499 3665 auctoritas
1526 3610 1584 3664 in
1622 3627 1758 3681 apo-

101 3705 311 3771 stolis;
343 3704 521 3775 pietas
542 3704 600 3758 in
624 3703 945 3775 praeceptis,
969 3702 1315 3774 placabilitas
1338 3703 1400 3757 in
1420 3704 1665 3776 templis,
1684 3704 1763 3759 fc-

102 3797 334 3853 stivitas
353 3797 412 3851 in
433 3797 793 3866 holocaustis,
816 3796 1050 3868 largitas
1068 3796 1127 3851 in
1147 3796 1440 3864 ministris,
1456 3814 1560 3869 per
1581 3798 1763 3852 Domi-

101 3906 259 3948 num
270 3890 667 3947 nostrum.Cui
681 3891 976 3962 angelicus
991 3890 1363 3945 ﬂammiferus
1376 3891 1581 3946 chorus
1601 3891 1765 3946 terri-

101 3985 226 4041 bile
238 3984 479 4042 exhibet
490 3978 846 4056 obsequium:
863 4001 1036 4057 quem
1049 3984 1325 4040 cherubin
1338 3989 1394 4039 et
1404 3985 1607 4040 serafin
1618 3986 1764 4040 auri-

103 4097 246 4153 gam
272 4079 572 4135 sedentem
592 4078 796 4152 pavida
822 4078 1169 4150 subjectione
1193 4078 1496 4149 mirantur;
1513 4084 1643 4134 ante
1671 4096 1762 4134 cu-

92 4175 200 4247 jus
227 4177 601 4245 conspectum
629 4189 728 4228 sex
745 4172 1009 4245 quaterni
1033 4173 1322 4228 seniorum
1337 4172 1607 4228 miriﬁcus
1623 4174 1761 4229 ordo

101 4267 521 4339 splendiﬁuam
543 4266 851 4322 nitentium
880 4283 1239 4338 gemmarum
1271 4283 1540 4322 coronam
1568 4268 1763 4339 capitis

96 4362 327 4417 vertice
360 4360 725 4434 gestantium;
739 4360 1074 4416 animalium
1086 4378 1311 4433 quoque
1329 4361 1562 4416 diversis
1580 4362 1763 4416 numi-

95 4472 256 4512 num
281 4454 536 4510 vultibus
561 4455 883 4527 variataque
902 4459 1065 4527 terga
1092 4455 1393 4526 Evangelia
1417 4471 1531 4510 una
1551 4472 1608 4510 se
1621 4456 1759 4527 jun-

98 4554 338 4623 gentes,
377 4565 629 4622 perenne
662 4549 1002 4621 jubilatione
1061 4549 1400 4605 conlaudant
1465 4550 1754 4607 dicentes:

88 4644 382 4700 Sanctus.

569 4715 895 4770 Contestatio
914 4715 980 4769 de
1001 4715 1306 4771 Abraham.

374 4792 560 4858 Incipit
582 4794 897 4845 Conteslatio
922 4793 1248 4844 dominicalis
1267 4793 1506 4843 dicenda.

176 4863 331 4921 Vere
359 4864 602 4937 dignum
628 4870 683 4921 et
694 4865 917 4937 justum
944 4870 1047 4935 est,
1080 4865 1437 4936 omnipotens
1464 4866 1633 4934 Deus,
1661 4864 1759 4937 qui

91 4960 357 5017 Abrahae
387 4959 595 5014 famolo
623 4964 724 5015 tuo
754 4959 987 5014 unicum
1007 4959 1209 5026 filium,
1238 4975 1410 5030 quem
1436 4959 1555 5031 ipse
1586 4958 1757 5013 dede-

92 5071 219 5124 ras,
253 5053 320 5109 in
350 5053 688 5108 sacriﬁcium
714 5053 818 5108 tibi
854 5053 1146 5108 victimam
1169 5070 1288 5108 esse
1305 5053 1543 5124 jussisti.
1577 5053 1620 5108 Ο
1645 5053 1756 5107 Do-

92 5149 270 5204 mine
298 5148 361 5203 in
391 5142 775 5220 promittendo
802 5148 1005 5213 ﬁdelis,
1036 5147 1094 5202 in
1120 5147 1463 5219 perﬁciendo
1488 5145 1756 5213 liberalis,

89 5259 266 5298 nunc
296 5257 406 5315 per
430 5241 683 5297 sterilem
714 5258 907 5297 senem
936 5241 1253 5296 fecundasti
1269 5260 1285 5311 ;
1313 5242 1410 5296 sed
1441 5245 1505 5296 ut
1539 5241 1759 5296 devotio

88 5354 226 5391 com
236 5336 586 5408 probaretur
613 5336 672 5390 in
695 5340 874 5407 patre,
897 5335 1116 5390 affectio
1143 5339 1582 5407 postponerctur
1603 5335 1661 5389 in
1677 5353 1759 5390 so-

86 5430 255 5498 bole,
291 5436 351 5485 et
377 5446 492 5501 qua
515 5430 775 5485 futurum
805 5428 1090 5484 nesciebat
1106 5428 1389 5484 affectum.
1423 5429 1553 5483 Plus
1580 5430 1754 5501 siqui-

88 5525 239 5580 dem
264 5524 496 5597 gavisus
517 5528 602 5579 est
626 5522 866 5578 offerens
884 5523 985 5579 tibi
1004 5523 1204 5593 ﬁlium,
1224 5540 1394 5595 quam
1416 5524 1755 5595 promissum

87 5618 423 5675 crediderit
451 5616 822 5673 nasciturum.
860 5619 965 5673 Pro
993 5617 1103 5673 hoc
1131 5617 1285 5672 enim
1327 5635 1441 5672 non
1491 5617 1618 5685 sibi,
1662 5618 1759 5672 sed

164 5746 196 5817 f
227 5746 410 5803 Forte
429 5745 763 5817 legendum,
787 5747 1135 5817 muniuntur.

162 5816 197 5857 δ
238 5819 390 5874 Hinc
414 5816 741 5892 pate_t_hanc
758 5816 1005 5892 missam
1016 5817 1278 5873 usitatam
1305 5816 1477 5892 fuisse
1495 5821 1626 5892 ante
1655 5817 1755 5892 ad-

84 5888 495 5946 ditamentum
524 5889 786 5959 Filioque,
813 5889 963 5962 quod
984 5889 1106 5963 jam
1134 5889 1393 5963 superius
1422 5888 1669 5945 vidimus
1698 5889 1754 5945 in

1873 557 1903 597 e
1929 558 2063 612 rege
2093 543 2325 599 devotus
2350 550 2530 616 pater,
2559 563 2690 602 cum
2717 549 2986 606 sacriﬁcio
3004 551 3126 623 jam
3156 560 3350 625 parato
3388 557 3506 613 ibat

1872 640 1929 689 et
1953 636 2185 690 devotus
2231 637 2382 693 ﬁlius
2415 656 2547 695 cum
2588 642 2874 699 sacerdote
2913 646 3182 716 perfecto.
3230 650 3307 703 [ta
3351 651 3506 706 enim

1869 733 2179 801 utrumque
2205 731 2313 785 sibi
2338 736 2464 787 vota
2489 739 2878 806 contexerant,
2910 744 2974 793 ut
3000 756 3103 794 nec
3134 747 3294 812 pater
3308 744 3377 798 de
3406 745 3510 799 filii

1870 821 2159 878 voluntate
2204 830 2347 880 esset
2382 834 2691 898 suspectus,
2734 847 2839 885 nec
2876 832 3021 887 filius
3064 835 3132 889 de
3176 837 3351 907 patris
3403 855 3503 893 vo-

1869 915 2085 972 luntate
2108 923 2254 972 esset
2272 919 2563 976 sollicitus.
2590 924 2842 980 Consulit
2878 927 3104 982 victima
3136 931 3504 999 sacerdotem,

1872 1015 1928 1064 et
1966 1026 2353 1081 percussorem
2400 1031 2568 1069 suum
2617 1019 2929 1074 moriturus
2977 1022 3331 1094 interrogat:
3370 1027 3506 1081 Ecce

1871 1104 2028 1158 adest
2057 1105 2205 1175 ignis
2231 1109 2287 1159 et
2323 1108 2500 1177 ligna,
2532 1110 2631 1163 ubi
2663 1117 2746 1166 est
2789 1114 2905 1167 ovis
2945 1132 3073 1186 quae
3119 1122 3203 1172 est
3244 1119 3315 1172 ad
3357 1120 3512 1175 victi-

1871 1213 2026 1252 mam
2044 1199 2071 1252 ?
2097 1198 2140 1253 Ο
2166 1201 2585 1270 expectacolum
2612 1204 2851 1276 dignum
2878 1208 3027 1262 Deol
3058 1225 3090 1263 ο
3114 1209 3384 1267 invictum
3406 1214 3503 1269 de-

1873 1292 2108 1346 votionis
2150 1293 2529 1365 triumphum,
2572 1302 2627 1351 et
2671 1316 2941 1370 magnum
2980 1307 3035 1356 et
3066 1303 3393 1361 inviolabile
3425 1325 3510 1361 sa-

1871 1391 2249 1441 cramentum.
2280 1388 2506 1443 Devotio
2534 1390 2751 1445 dicebat
2782 1409 2795 1446 :
2830 1395 3091 1465 Percute;
3109 1397 3284 1466 pietas
3300 1400 3503 1455 clama-

1871 1478 2009 1531 bat:
2058 1481 2245 1533 Parce.
2284 1481 2380 1534 llla
2413 1485 2773 1553 provocabat,
2822 1486 2927 1540 ista
2971 1491 3283 1545 revocabat.
3340 1494 3506 1548 Filius

1871 1576 2063 1625 tamen
2088 1574 2398 1628 moriturus
2417 1576 2659 1645 jacebat,
2689 1595 2802 1633 non
2835 1580 3066 1635 vincolis
3093 1583 3285 1637 arduis
3308 1584 3504 1641 inreti-

1870 1669 1982 1733 tus,
2015 1667 2112 1720 sed
2139 1668 2390 1723 officium
2431 1670 2652 1741 pictatis
2697 1673 2947 1729 indutus.
2978 1676 3127 1729 Totis
3174 1694 3311 1749 ergo
3347 1686 3509 1750 pater

1870 1759 2173 1815 visceribus
2226 1762 2283 1816 iu
2313 1780 2413 1817 sua
2440 1764 2654 1818 viscera
2685 1767 2954 1821 feriturus
2977 1767 3255 1840 insurgit,
3288 1778 3343 1827 et
3372 1775 3503 1828 nul-

1792 1836 1846 1907 B
1871 1852 1983 1907 lam
2011 1853 2320 1910 devotionis
2339 1874 2455 1911 suae
2482 1858 2684 1913 afferre
2708 1861 2925 1931 patitur
2946 1836 3288 1934 tarditatem,
3318 1883 3420 1922 nec
3436 1883 3505 1922 ex

1871 1947 2129 2003 tarditate
2160 1950 2403 2020 perdidit
2427 1953 2765 2008 mercedem.
2788 1954 2894 2009 Sed
2925 1972 3049 2010 ecce
3077 1957 3356 2030 divinitas,
3376 1977 3504 2031 quae

1862 2040 2109 2111 jusserat
2151 2047 2216 2097 ut
2248 2043 2460 2111 feriret,
2508 2046 2715 2100 iterum
2763 2047 3025 2102 dicebat:
3074 2051 3264 2121 Parce,
3315 2070 3501 2124 parce,

1871 2134 2074 2206 inquit,
2132 2136 2327 2191 devote
2376 2142 2555 2208 pater,
2610 2157 2797 2210 parce,
2852 2142 3113 2213 religiose
3179 2161 3500 2215 percussor,

1867 2243 2058 2298 parce,
2093 2229 2214 2283 sine
2243 2230 2482 2287 crimine
2512 2233 2808 2303 parricida.
2839 2236 2957 2306 Ego
3002 2236 3181 2291 libens
3218 2239 3502 2295 victimam

1869 2323 2029 2375 tuam
2085 2324 2403 2394 acceptavi;
2458 2330 2652 2380 votum
2698 2343 2815 2381 non
2856 2329 3116 2400 reprobo,
3163 2331 3501 2388 sacrificium

1868 2412 2057 2484 laudo,
2104 2416 2271 2470 fidem
2306 2434 2421 2472 non
2463 2420 2698 2490 repello.
2745 2422 2826 2475 Tu
2857 2420 3087 2493 quidem
3117 2441 3230 2478 non
3256 2426 3503 2496 perimes

1866 2506 2069 2578 ﬁlium,
2101 2510 2197 2563 sed
2223 2510 2358 2564 facti
2399 2512 2482 2565 tui
2524 2530 2629 2584 per
2668 2515 2867 2569 saecula
2912 2522 3105 2571 manet
3153 2520 3500 2591 exemplum.

1867 2600 1910 2654 Ο
1935 2601 2161 2671 qualem
2189 2619 2312 2658 rem
2338 2604 2351 2657 l
2381 2621 2484 2660 nec
2515 2605 2665 2660 filius
2694 2608 2886 2663 timuit
2906 2609 3151 2678 victima,
3190 2628 3295 2666 nec
3343 2616 3505 2683 pater

1866 2692 2126 2749 inventus
2152 2697 2465 2767 parricida:
2494 2701 2767 2770 quoniam
2799 2702 3107 2757 adventum
3149 2705 3368 2760 Domini
3404 2724 3503 2762 no-

1867 2789 1967 2841 stri
1992 2790 2122 2843 Jesu
2148 2790 2353 2846 Christi
2389 2795 2741 2865 expectabat,
2777 2801 2908 2851 ante
2936 2798 3097 2868 cujus
3134 2805 3498 2870 conspectum

1866 2897 2063 2938 omnes
2090 2884 2273 2956 angeli
2302 2888 2472 2957 atque
2502 2888 2846 2960 archangeli.

2264 2991 2390 3041 Item
2416 2992 2730 3044 Contestatio
2746 2994 3092 3047 dominicalis.

1938 3084 2074 3138 Vere
2101 3083 2341 3156 dignum
2381 3091 2437 3142 et
2459 3087 2681 3158 justum
2720 3094 2802 3145 est
2837 3091 3189 3146 credentium
3222 3092 3498 3165 populum

1865 3194 2090 3249 semper
2116 3180 2223 3233 Deo
2254 3180 2439 3236 dicere
2476 3182 2688 3252 laudes,
2731 3188 2787 3238 et
2832 3184 2892 3239 in
2937 3185 3157 3241 Christo
3200 3187 3499 3243 dominicas

1864 3272 2226 3327 sublimitatis
2252 3275 2520 3345 praeferre
2548 3276 2836 3347 virtutem,
2866 3284 2923 3334 et
2950 3279 3009 3334 in
3033 3278 3151 3335 ﬁlio
3176 3281 3497 3337 misericor-

1862 3365 1993 3420 dem
2022 3367 2332 3437 prmdicare
2360 3369 2647 3440 pietatem,
2677 3388 2777 3442 per
2796 3389 2968 3444 quem
3006 3378 3210 3429 cuncta
3242 3377 3494 3448 protulit,

1864 3459 2121 3514 universa
2153 3462 2417 3517 restituit.
2448 3463 2677 3518 Sublata
2704 3470 2838 3519 sunt
2864 3467 3056 3521 omnia
3093 3485 3220 3540 quae
3249 3470 3496 3541 prophe-

1864 3552 1987 3607 ticis
2012 3554 2241 3609 vocibus
2267 3559 2374 3609 ate
2400 3557 2797 3612 mandaveras:
2829 3561 3079 3629 perfecta
3107 3566 3238 3617 sunt
3274 3569 3495 3631 cuncta,

1862 3662 1990 3717 quae
2020 3647 2087 3702 de
2129 3648 2372 3703 adventu
2415 3654 2529 3705 tua;
2568 3651 2922 3707 sublimitatis
2963 3659 3093 3709 ante
3131 3656 3497 3726 prasdixeras.

1862 3740 1941 3794 Tu
1972 3758 2030 3794 es
2059 3741 2166 3795 Leo
2193 3741 2261 3796 de
2288 3742 2437 3797 tribu
2462 3744 2606 3798 Juda
2640 3742 2800 3798 fortis
2826 3745 2886 3799 in
2914 3747 3112 3818 prtelio
3128 3765 3145 3817 ;
3181 3752 3243 3802 tu
3282 3750 3500 3805 catulus
3606 3736 3611 3743 ’

1861 3832 2040 3888 leonis
2068 3851 2369 3907 resurgens
2395 3836 2625 3891 victora
2665 3838 2941 3909 mortuis;
2988 3844 3050 3895 tu
3097 3858 3263 3896 verus
3317 3860 3500 3916 agnus

1864 3927 1979 3997 Dei,
2002 3928 2097 3982 diu
2128 3929 2399 4000 quaesitus
2426 3931 2494 3985 ad
2514 3931 2820 4002 victimam,
2849 3950 2953 4005 per
2976 3935 3137 4006 cujus
3163 3937 3501 4008 sanguinem

1862 4021 2083 4092 placata
2112 4027 2246 4077 sunt
2272 4024 2493 4094 omnia;
2520 4030 2578 4079 tu
2610 4026 2752 4096 lapis
2774 4028 3064 4098 angularis
3091 4029 3502 4087 aediﬁcantibus

1863 4120 2105 4188 spretus,
2135 4116 2194 4171 id
2224 4117 2483 4173 Ecclesiae
2519 4120 2700 4191 capite
2744 4121 3106 4191 constitutus,
3153 4123 3501 4181 admirabilis

1861 4210 2222 4280 postmodum
2250 4210 2500 4267 effectus.
2532 4214 2614 4267 Tu
2643 4215 2901 4270 sacerdos
2937 4218 3189 4272 excelsus
3236 4223 3293 4273 et
3333 4235 3500 4274 verus

1864 4303 2141 4358 minister.
2164 4305 2246 4358 Tu
2278 4305 2434 4376 virga
2459 4305 2527 4361 de
2554 4307 2742 4363 radice
2770 4310 2920 4365 Jesse
2950 4312 3185 4381 prolata.
3217 4311 3296 4365 Tu
3349 4317 3497 4367 tem-

1860 4397 2023 4468 plum
2050 4414 2265 4465 verum,
2305 4401 2459 4471 quod
2500 4418 2601 4471 pro
2639 4407 2828 4456 nostra
2863 4402 3212 4458 redemtione
3254 4412 3497 4475 prostra-

1861 4495 1985 4544 tum
2015 4495 2118 4546 est.
2145 4493 2226 4546 Tu
2245 4499 2372 4563 post
2390 4494 2643 4547 triduum
2670 4510 2971 4566 resurgens
2999 4495 3157 4549 vivus
3174 4512 3207 4549 a
3232 4499 3492 4557 mortuis.

1742 4586 1838 4658 'D
1860 4586 1942 4639 Tu
1972 4585 2150 4656 igitur
2176 4586 2235 4638 in
2262 4587 2375 4639 Noe
2411 4590 2595 4640 rector
2623 4604 2788 4655 arcae,
2831 4604 2947 4641 non
2992 4588 3172 4643 solum
3221 4590 3354 4662 Noe,
3398 4594 3494 4649 sed

1863 4678 2116 4732 Ecclesia
2157 4678 2523 4749 gubernator.
2579 4680 2637 4733 In
2680 4679 2966 4734 Abraham
3012 4681 3370 4740 ﬁdelissimus
3400 4704 3496 4759 pa-

1861 4772 2121 4841 triarcha,
2145 4771 2205 4825 in
2227 4772 2371 4826 lsaac
2391 4772 2790 4843 gloriosissima
2805 4773 2986 4827 hostia
3012 4776 3207 4847 patris,
3245 4777 3304 4833 in
3322 4781 3491 4837 Jacob

1860 4881 2102 4920 summa:
2136 4865 2423 4936 patientiae
2451 4864 2738 4937 magister,
2770 4866 2829 4919 in
2862 4867 3069 4939 Ioseph
3093 4870 3495 4931 misericordiae

1858 4959 2213 5032 praedicator,
2257 4959 2317 5013 in
2360 4960 2543 5030 Moyse
2578 4958 2873 5014 laudabilis
2910 4960 3046 5028 dux,
3088 4962 3149 5017 in
3199 4966 3365 5022 David
3401 4986 3496 5040 pa-

1858 5053 2104 5108 triarcha
2155 5053 2477 5125 praeclarus,
2521 5054 2580 5108 in
2622 5053 2927 5110 Salomone
2974 5056 3492 5118 abundantissimus

1857 5147 1983 5203 fons
2008 5148 2296 5218 sapientia:
2326 5148 2387 5203 in
2419 5147 2552 5202 Isaia
2571 5153 2765 5204 auctor
2784 5150 3041 5205 omnium
3064 5152 3490 5228 prophetarum,

1859 5241 1919 5296 in
1956 5242 2208 5298 Iohanne
2261 5242 2480 5314 primus
2525 5242 2787 5314 baptista,
2831 5243 2892 5299 in
2946 5245 3227 5317 Stephano
3276 5246 3494 5319 primus

1859 5340 2092 5408 martyr,
2141 5336 2199 5391 in
2227 5337 2390 5391 Petro
2417 5337 2749 5407 negantium
2776 5338 2934 5408 ﬁdes,
2968 5339 3026 5393 in
3052 5341 3225 5395 Paulo
3252 5341 3495 5413 Spiritus

1858 5435 2084 5485 sanctus
2099 5429 2421 5485 Paraclitus.
2440 5431 2600 5495 Quod
2621 5431 2823 5486 merito
2842 5432 2962 5501 tibi,
2989 5434 3243 5506 Domine,
3264 5437 3493 5495 conlau.

1858 5525 1993 5579 dant
2019 5541 2188 5595 opera
2214 5524 2327 5591 illa,
2357 5524 2561 5595 viginti
2587 5529 2829 5596 quatuor
2856 5525 3121 5597 seniores,
3155 5534 3212 5584 et
3253 5537 3495 5603 quatuor

1857 5618 2121 5673 animalia
2143 5634 2306 5673 senas
2329 5618 2444 5672 alas
2470 5618 2764 5689 liabentes,
2796 5619 3045 5675 dicentes
3069 5637 3082 5676 :
3114 5622 3367 5681 Sanctus.

1858 5743 2204 5820 expositione
2244 5743 2513 5820 Symboli,
2555 5762 2685 5818 pag.
2742 5748 2844 5803 313
2892 5746 3023 5820 (huj.
3073 5750 3204 5808 edit.
3245 5752 3344 5809 col.
3386 5753 3489 5811 690

1858 5817 1983 5874 init.
2008 5821 2058 5872 et
2080 5821 2191 5874 not.
2217 5816 2291 5889 a).
