4006 6228
574 359 674 414 543

1442 366 1776 421 APPENDIX
1813 362 1900 419 AD
1937 365 2158 418 ΟΡΕΗΑ
2196 365 2249 416 S.
2291 364 2591 421 GERMANI
2631 369 3056 424 PARISIENSIS.

3856 377 3888 423 5
3897 373 3960 426 -Η

568 433 976 537 suspendere...
1005 469 1084 524 Tu
1111 485 1168 525 es
1195 470 1347 526 enim
1370 471 1515 526 Deus
1539 471 1639 543 qui
1652 471 1873 526 nullum
1889 471 1992 526 tibi
2012 471 2197 542 perire
2219 481 2277 554 Α
2299 473 2504 528 exaudi
2529 490 2542 528 :
2573 475 2790 547 suscipe
2811 475 3096 547 propicius
3116 474 3457 533 oblationem
3473 475 3661 550 adque
3673 475 3962 532 libamina

571 558 673 626 vis,
704 559 802 616 sed
831 562 1091 617 omnibus
1117 563 1303 618 reddis
1332 580 1538 635 magna
1557 580 1660 636 pro
1680 564 1883 635 parvis,
1899 580 2002 636 pro
2020 570 2200 620 morte

573 650 765 720 vitam,
788 671 890 725 pro
907 671 1070 726 poena
1084 656 1341 725 gloriam,
1358 673 1460 727 pro
1482 662 1740 712 votorum
1761 657 1947 712 officio
1969 659 2204 730 praemia

572 745 772 800 tribuis
796 748 1156 818 sempiterna,
1179 749 1580 820 perChristum
1602 751 1905 806 Dominum
1919 756 2201 807 nostrum.

1099 859 1220 897 ITEM
1263 859 1414 898 MISSA
1454 859 1572 899 VOTI
1581 861 1668 898 VA.

647 930 813 999 Deus,
844 931 943 1000 qui
968 931 1201 986 vulnere
1240 933 1514 1004 passionis
1559 937 1616 988 et
1660 934 1840 988 crucis
1881 938 2205 990 nostrorum

574 1023 798 1077 vincula
825 1024 988 1079 solvis
1014 1023 1434 1098 [peccatorum,l
1467 1027 1713 1083 votivam
1753 1028 1899 1082 hanc
1925 1045 2082 1083 servo
2109 1033 2206 1083 tuo

571 1114 650 1169 ill.
684 1117 902 1188 suscipe
931 1135 1158 1189 precem
1187 1119 1246 1174 in
1277 1121 1562 1191 omnibus,
1594 1137 1700 1192 pro
1727 1123 1932 1192 quibus
1955 1127 2009 1176 te
2037 1139 2195 1194 popo-

571 1209 736 1264 scerit
763 1209 913 1266 ﬁdeli
940 1212 1252 1282 devotione,
1286 1215 1554 1270 exaudire
1581 1215 1855 1286 digneris.
1943 1260 1946 1263 .

643 1305 852 1359 Dicitur
873 1307 1103 1362 Secreta.

1225 1378 1563 1428 Contestatio.

643 1457 781 1511 Vere
807 1457 1045 1529 dignum
1073 1463 1128 1512 et
1147 1459 1367 1529 justum
1395 1464 1499 1529 est,
1535 1459 1892 1531 omnipotens
1920 1461 2085 1527 Deus,
2108 1460 2205 1532 qui

571 1548 642 1603 ob
659 1548 765 1603 hoc
783 1557 1140 1620 peccatorum
1163 1569 1279 1607 non
1299 1553 1489 1608 renuis
1518 1553 1824 1624 postulata;
1854 1569 1957 1624 pro
1983 1570 2098 1625 quo
2132 1559 2204 1621 te,

567 1641 825 1708 Domine,
859 1645 1139 1714 supplices
1167 1647 1534 1716 postulamus,
1569 1651 1630 1701 ut
1655 1646 1787 1700 huic
1807 1662 1966 1700 servo
1993 1652 2091 1701 tuo
2117 1647 2195 1702 ill.

570 1735 924 1791 delectabiles
951 1739 1248 1808 petitiones
1274 1739 1528 1812 impleas,
1559 1745 1614 1793 et
1645 1725 2120 1810 perseverantiam
2147 1741 2207 1795 in

2305 582 2408 637 pro
2446 568 2714 624 fratribus
2742 587 2805 624 ac
2845 569 3132 624 sororibus
3170 571 3378 626 nostris
3419 587 3598 644 quam
3625 571 3730 626 tibi
3757 570 3960 626 oﬂ'eri-

2305 675 2453 730 mus,
2496 678 2596 716 seu
2639 664 2854 719 cunctis
2908 664 3358 719 benefactoribus
3402 666 3635 735 nostris,
3673 669 3798 720 tam
3849 682 3954 736 pro

2304 753 2462 821 vivis,
2478 771 2651 826 quam
2665 757 2924 827 mortuis,
2941 758 3026 812 vel
3039 757 3299 813 ﬁdelibus
3313 760 3446 828 tuis,
3461 776 3565 831 pro
3579 759 3791 831 quibus
3805 759 3964 814 obla-

2303 847 2518 905 tionem
2547 849 2856 918 offerimus,
2887 856 2954 906 ut
2981 851 3199 906 cunctis
3218 851 3472 924 proﬁciat
3499 853 3569 908 ad
3591 853 3868 908 salutem.

2379 1009 2516 1064 Vere
2543 1009 2784 1080 dignum
2813 1014 2869 1064 et
2900 939 3273 1081 @2333???
3281 978 3647 1084 omnipotens
3675 1015 3857 1083 Deus,
3893 1015 3964 1070 ad

2302 1107 2429 1156 vota
2457 1102 2764 1158 humilium
2803 1120 3041 1158 manum
3086 1106 3335 1160 dexterae
3384 1111 3495 1162 tua:
3520 1108 3832 1178 Majestatis
3858 1125 3962 1163 ex-

2303 1195 2492 1263 tende,
2523 1203 2588 1251 ut
2617 1198 2914 1253 animabus
2939 1199 3282 1254 famulorum
3312 1200 3769 1273 famularumque
3821 1207 3959 1256 tua-

2302 1308 2453 1360 rum,
2485 1296 2600 1346 tam
2645 1309 2748 1363 pro
2781 1293 2920 1348 vivis
2957 1311 3131 1366 quam
3173 1298 3229 1347 et
3262 1295 3455 1348 solutis
3496 1295 3684 1350 debito
3727 1295 3960 1362 mortis,

2303 1402 2549 1458 quorum
2564 1386 2786 1440 animas
2796 1387 2864 1441 ad
2885 1387 3321 1443 memorandum
3335 1389 3799 1460 conscripsimus,
3818 1389 3962 1444 ﬁde-

2303 1479 2445 1534 lium
2490 1479 2895 1535 catholicorum
2943 1481 3410 1551 orthodoxorum,
3441 1483 3537 1554 qui
3578 1483 3679 1538 tibi
3711 1484 3958 1554 placue-

2305 1578 2460 1643 runt,
2489 1590 2732 1645 quorum
2765 1575 3362 1630 commemorationem
3391 1575 3637 1648 agimus,
3665 1577 3748 1632 vel
3803 1593 3959 1648 quo-

2305 1683 2437 1723 rum
2464 1668 2696 1723 nomina
2723 1685 2894 1740 super
2932 1675 3189 1725 sanctum
3231 1669 3496 1725 altarium
3538 1670 3748 1742 scripta
3791 1671 3959 1726 adest

2308 1761 2614 1824 evidenter,
2657 1761 3047 1818 remissionem
3088 1769 3472 1835 peccatorum,
3519 1763 3954 1835 indulgentiam

569 1828 728 1883 bonis
759 1831 1024 1928 Oljel‘ibus
1053 1833 1266 1928 tribuas
1309 1850 1411 1904 Per
1442 1832 1728 1887 Chl'ismm
1757 1832 2197 1928 pominumm'
2221 1851 2277 1923 B
2301 1871 2472 1927 quam
2501 1872 2724 1926 semper
2749 1860 3087 1927 optaverunt
3121 1856 3228 1927 piis
3266 1856 3776 1928 supplicationibus
3807 1874 3949 1912 con-

569 1927 771 1978 strum.
798 1925 902 1980 Per
929 1941 1102 1996 quem
1121 1927 1465 1996 Majestatem
1483 1931 1641 1981 tuam
1666 1925 1899 1980 laudant
1923 1926 2127 1997 angeli.

913 2033 1070 2073 MISSA
1110 2033 1216 2074 PRO
1255 2035 1399 2074 VlVlS
1440 2036 1502 2074 ET
1540 2034 1854 2074 DEFUNCTIS.

820 2104 1049 2169 Epistola
1061 2106 1203 2156 Pauli
1225 2106 1444 2171 apostoli
1468 2107 1532 2156 ad
1559 2108 1892 2158 Colossenses
1909 2108 1954 2156 ³.

643 2187 880 2253 Fratres,
911 2187 1009 2258 qui
1041 2185 1144 2241 sub
1171 2192 1446 2259 potestate
1474 2188 1692 2242 domini
1716 2204 1936 2257 sumus,
1967 2189 2198 2244 manda-

567 2283 692 2335 tum
714 2281 810 2335 Dei
826 2281 1104 2335 custodire
1125 2281 1416 2336 debemus.
1440 2282 1545 2345 Qui
1572 2283 1899 2338 custodiunt
1923 2288 2204 2354 praecepta

569 2374 810 2441 Domini,
838 2374 1049 2428 habent
1069 2374 1239 2429 vitam
1268 2379 1542 2429 aeternam
1563 2393 1579 2443 ;
1606 2381 1661 2430 et
1683 2377 1781 2447 qui
1810 2380 2021 2447 negant
2048 2392 2204 2430 man-

539 2467 696 2522 ‘data
746 2467 888 2538 ejus,
921 2467 1228 2538 adquirunt
1265 2469 1510 2535 ruinam,
1553 2474 1610 2524 et
1648 2469 1707 2524 in
1747 2470 1853 2524 hoc
1898 2469 2203 2524 secundam

566 2565 829 2616 mortem.
859 2562 1211 2632 Praeceptum
1242 2562 1466 2616 Domini
1496 2563 1602 2617 hoc
1628 2567 1712 2617 est
1743 2580 1756 2617 :
1792 2564 1913 2618 Non
1940 2564 2199 2634 perjura-

568 2654 737 2709 beris.
768 2655 887 2708 Non
915 2655 1128 2708 furtum
1157 2655 1346 2711 facies.
1379 2657 1500 2710 Non
1539 2656 1900 2711 adulterabis.
1942 2658 2062 2710 Non
2105 2657 2204 2711 fal-

569 2763 695 2802 sum
715 2747 1105 2801 testimonium
1133 2747 1302 2803 dices.
1335 2751 1453 2803 Non
1485 2749 1722 2819 accipies
1748 2765 1987 2804 munera
2011 2754 2203 2803 contra

567 2841 880 2910 veritatem,
903 2857 1008 2895 nec
1034 2857 1137 2912 per
1157 2846 1515 2912 potestatem.
1533 2842 1639 2907 Qui
1667 2843 1839 2896 habet
1867 2847 2202 2913 potestatem

570 2938 626 2988 et
649 2934 894 3006 abnegat
919 2934 1234 3003 veritatem,
1267 2935 1646 3006 abnegabitur
1687 2935 1764 2989 illi
1791 2951 2035 3006 regnum
2080 2935 2200 3005 Dei,

569 3030 626 3082 et
649 3027 1068 3082 conculcabitur
1093 3028 1152 3082 in
1181 3028 1490 3083 infernum.
1520 3029 1596 3083 lbi
1635 3045 1752 3083 non
1781 3029 2071 3099 egreditur
2094 3029 2200 3084 bis.

567 3120 858 3184 Quomodo
883 3139 1077 3178 sumus
1115 3121 1343 3194 fragiles
1377 3128 1433 3177 et
1475 3122 1930 3193 praevaricatores
1971 3126 2203 3193 agentes

2307 1954 2637 2019 sequantur,
2662 1965 2765 2020 per
2790 1949 3078 2004 Christum
3099 1950 3399 2004 Dominum
3435 1954 3715 2005 nostrum.
3747 1951 3877 2006 Cui.

2685 2053 2844 2094 MISSA
2883 2055 2936 2094 1N
2975 2055 3120 2094 nouo
3162 2056 3478 2095 cumsuam
3504 2040 3552 2095 δ.

2501 2116 2675 2166 Lectio
2705 2118 2870 2167 sancti
2895 2119 3164 2182 Evangelii
3188 2119 3478 2169 secundum
3509 2123 3720 2170 Lucam.

2375 2197 2576 2253 Diebus
2606 2198 2717 2273 illis
2743 2199 2884 2254 dixit
2914 2201 3184 2255 Dominus
3201 2203 3359 2256 Jesus
3386 2202 3566 2256 turbis
3613 2202 3950 2258 similitudi-

2301 2307 2434 2346 nem
2464 2293 2710 2347 hominis
2731 2293 3029 2363 cujusdam
3070 2294 3280 2350 divitis.
3310 2295 3517 2350 Uberes
3554 2296 3776 2352 fructus
3807 2314 3952 2368 ager

2302 2386 2510 2455 attulit,
2553 2391 2609 2441 et
2653 2386 2936 2458 cogitabat
2976 2387 3126 2442 intra
3161 2405 3221 2443 se
3265 2388 3500 2444 dicens:
3530 2389 3670 2453 Quid
3713 2391 3945 2459 faciam,

2302 2481 2454 2552 quod
2485 2497 2599 2534 non
2647 2481 2830 2536 habeo
2869 2498 2982 2552 quo
3016 2481 3236 2536 fructus
3277 2499 3430 2536 meos
3457 2500 3802 2555 congregem
3823 2486 3852 2538 ?
3884 2485 3951 2538 Et

2303 2574 2445 2628 dixit
2472 2591 2485 2628 :
2519 2576 2630 2628 Hoc
2659 2574 2881 2629 faciam.
2911 2576 3207 2630 Destruam
3237 2576 3440 2631 horrea
3469 2593 3616 2642 mea,
3641 2581 3698 2631 et
3725 2578 3949 2648 majora

2302 2668 2541 2736 faciam;
2586 2671 2642 2722 et
2679 2668 2814 2722 illuc
2857 2669 3214 2740 congregabo
3250 2670 3441 2724 omnia
3483 2687 3611 2741 qua:
3647 2675 3780 2725 nata
3812 2677 3949 2725 sunt

2302 2759 2464 2829 mihi,
2497 2765 2552 2815 et
2582 2760 2727 2814 bona
2756 2777 2917 2829 mea;
2947 2766 3003 2816 et
3029 2762 3212 2816 dicam
3237 2763 3443 2817 animae
3489 2779 3633 2818 mea:
3671 2781 3684 2817 :
3714 2765 3944 2830 Anima,

2302 2853 2476 2908 habes
2514 2853 2693 2909 multa
2734 2854 2912 2925 posita
2950 2854 3009 2907 in
3057 2872 3235 2909 annos
3276 2856 3568 2926 plurimos.
3610 2857 3942 2928 Requiesce,

2303 2946 2554 3015 comede,
2586 2947 2736 3014 bibe,
2761 2948 3015 3018 epulare.
3043 2948 3194 3002 Dixit
3211 2952 3404 3004 autem
3430 2949 3513 3003 illi
3532 2951 3678 3004 Deus
3703 2966 3715 3003 :
3741 2950 3943 3018 Stulte,

2302 3040 2407 3094 hac
2433 3044 2595 3096 nocte
2623 3040 2872 3094 animam
2897 3045 3053 3095 tuam
3080 3047 3347 3113 repetunt
3378 3061 3412 3096 a
3452 3047 3542 3112 te;
3575 3059 3703 3115 quae
3749 3047 3944 3097 autem

2301 3133 2530 3205 parasti,
2560 3134 2720 3204 cujus
2751 3135 2956 3189 erunt?
2993 3135 3080 3190 Sic
3119 3140 3203 3190 est
3228 3136 3325 3206 qui
3353 3135 3457 3190 sibi
3483 3136 3851 3202 thesaurizat,
3895 3141 3948 3191 et

566 3219 879 3284 peccatum.
905 3217 1025 3270 Non
1051 3233 1154 3288 per
1177 3217 1432 3288 singulos
1447 3215 1564 3269 dies
1590 3215 1946 3286 paenitemus,
1978 3215 2076 3270 sed
2097 3231 2198 3286 per
2219 3218 2273 3292 C
2298 3243 2412 3281 non
2439 3231 2521 3282 est
2543 3227 2600 3280 in
2626 3229 2801 3282 Deum
2828 3228 2998 3283 dives.
3030 3228 3290 3300 Dixitque
3319 3230 3391 3284 ad
3417 3229 3724 3301 discipulos
3764 3247 3901 3284 suos
3931 3247 3943 3282 :

567 3307 817 3378 singulos
847 3308 963 3362 dies
989 3314 1284 3380 peccatum
1313 3325 1483 3380 super
1524 3313 1817 3380 peccatum
1851 3308 2111 3362 facimus.
2134 3310 2203 3363 Ut

567 3398 749 3453 sciatis
804 3401 941 3470 hoc,
996 3403 1195 3456 fratres
1245 3402 1546 3470 carissimi,
1596 3401 1730 3472 quia
1787 3414 1958 3476 opera
2010 3405 2203 3454 nostra

569 3493 839 3562 scriptum
871 3499 953 3548 est
979 3495 1038 3548 in
1068 3496 1173 3549 hoc
1217 3496 1382 3556 libro,
1422 3495 1482 3548 in
1519 3494 2060 3549 commemoratione
2095 3495 2203 3548 erit

570 3585 731 3639 nobis
763 3587 821 3640 in
847 3587 935 3642 die
953 3588 1176 3658 judicii.
1207 3589 1286 3642 lbi
1308 3605 1409 3642 nec
1443 3593 1629 3654 testes,
1663 3587 1740 3641 ibi
1766 3603 1868 3641 nec
1903 3603 2088 3658 pares,
2125 3587 2201 3641 ibi

571 3695 673 3732 nec
716 3695 821 3750 per
857 3697 1095 3736 munera
1129 3682 1479 3753 judicabitur
1507 3701 1520 3735 :
1551 3681 1683 3752 quia
1729 3697 1843 3734 non
1880 3684 1964 3735 est
2001 3680 2203 3734 melior

569 3783 740 3844 quam
771 3773 929 3844 fides,
959 3775 1184 3843 veritas,
1212 3775 1458 3843 castitas,
1475 3774 1779 3845 jejunium,
1809 3779 1864 3828 et
1890 3774 2199 3844 eleemosy-

568 3877 660 3927 na,
684 3878 810 3933 quas
839 3863 1122 3933 extinguit
1163 3863 1353 3917 omnia
1395 3867 1639 3934 peccata.
1673 3863 1739 3916 Et
1769 3863 1920 3933 quod
1945 3862 2047 3916 tibi
2088 3878 2203 3916 non

568 3954 671 4022 vis,
703 3955 813 4008 alio
847 3972 962 4010 non
1001 3956 1191 4011 facias.
1224 3956 1434 4027 Stipola
1460 3972 1706 4027 regnum
1736 3956 1852 4021 Dei,
1896 3959 1954 4009 et
1987 3942 2204 4026 accepit

568 4064 859 4116 coronam,
887 4050 1038 4120 quod
1064 4055 1147 4104 est
1173 4050 1231 4104 in
1256 4050 1476 4104 Christo
1494 4051 1622 4104 .Iesu
1655 4049 1915 4104 Domino.

642 4143 994 4209 Evangelium
1018 4146 1251 4211 inferius
1279 4145 1498 4198 dicitur.

1178 4253 1374 4294 INCIPIT
1414 4251 1593 4290 MISSA.

642 4325 984 4396 Majestatem
1011 4330 1188 4392 tuam,
1217 4323 1657 4380 clementissime
1685 4324 1867 4389 Pater,
1905 4338 2203 4378 exoramus

569 4435 672 4489 pro
695 4419 962 4474 fratribus
988 4424 1044 4474 et
1062 4417 1350 4473 sororibus
1371 4415 1604 4483 nostris,
1629 4431 1728 4469 seu
1751 4414 2015 4470 omnibus
2037 4415 2205 4470 bene-

566 4513 870 4568 factoribus
898 4511 1126 4578 nostris,
1153 4510 1238 4564 vel
1276 4509 1375 4580 qui
1420 4524 1478 4563 se
1508 4508 1567 4562 in
1613 4508 1816 4563 nostris
1857 4508 2204 4564 orationibus

2302 3321 2429 3375 Ideo
2459 3320 2582 3375 dico
2605 3320 2779 3390 vobis,
2811 3321 2982 3376 nolite
2995 3321 3222 3375 solliciti
3243 3338 3361 3376 esse
3385 3323 3592 3377 animae
3619 3323 3757 3394 quid
3788 3340 3947 3378 man-

2301 3414 2536 3483 ducetis,
2567 3431 2750 3484 neque
2791 3414 3013 3486 corpori
3049 3415 3188 3486 quid
3215 3416 3553 3472 vestiamini.
3579 3417 3783 3471 Anima
3813 3418 3943 3489 plus

2301 3512 2385 3562 est
2402 3523 2574 3578 quam
2599 3524 2743 3577 esca,
2771 3512 2828 3562 et
2852 3524 3056 3579 corpus
3081 3525 3254 3579 quam
3281 3510 3706 3564 vestimentum.
3738 3511 3938 3565 Consi-

2300 3600 2489 3654 derate
2510 3617 2720 3667 corvos,
2750 3601 2884 3672 quia
2903 3618 3017 3655 non
3039 3602 3322 3656 seminant
3344 3619 3530 3674 neque
3553 3608 3798 3672 metunt,
3822 3604 3942 3675 qui-

2301 3694 2406 3748 bus
2432 3710 2547 3748 non
2575 3697 2660 3748 est
2688 3694 2979 3749 cellarium
3004 3711 3190 3766 neque
3216 3696 3521 3764 horreum;
3548 3701 3603 3750 et
3635 3697 3784 3752 Deus
3812 3714 3940 3769 pas-

2303 3787 2379 3841 cit
2406 3787 2549 3841 illos.
2578 3788 2796 3851 Quanto
2823 3789 3004 3860 magis
3029 3806 3125 3843 vos
3153 3789 3333 3861 pluris
3363 3790 3496 3844 estis
3523 3789 3675 3844 illis?

2914 3899 3117 3938 INCIPIT
3144 3899 3323 3938 MlSSA.

2373 3971 2660 4025 Protector
2693 3970 2751 4024 in
2790 3975 2844 4025 te
2885 3971 3237 4041 sperantium
3288 3972 3452 4041 Deus,
3485 3976 3542 4028 et
3580 3973 3942 4028 subditarum

2300 4063 2401 4118 tibi
2433 4064 2715 4118 mentium
2743 4068 2949 4134 custos,
2989 4065 3374 4120 habitantibus
3418 4065 3479 4120 in
3506 4067 3609 4120 hac
3635 4067 3805 4121 domo
3858 4068 3937 4123 fa-

2302 4156 2468 4210 molis
2486 4157 2598 4211 tuis
2627 4157 2706 4212 ill.
2735 4157 3023 4230 propicius
3041 4159 3232 4214 adesse
3261 4159 3520 4230 dignare.
3556 4160 3753 4216 Veniat
3769 4177 3941 4233 super

2303 4267 2396 4304 eos
2419 4255 2706 4322 sperantes
2733 4269 2766 4305 a
2793 4257 2847 4306 te
2877 4251 3212 4319 benedictio,
3243 4269 3316 4307 ne
3354 4253 3642 4308 subvertas
3675 4270 3688 4308 :
3717 4260 3783 4309 ut
3829 4256 3940 4326 pie-

2301 4343 2429 4398 tatis
2454 4348 2567 4398 tum
2597 4344 2797 4415 repleti
2823 4345 3176 4414 muneribus,
3213 4346 3272 4400 in
3309 4351 3406 4401 tua
3452 4347 3632 4417 gratia
3673 4352 3731 4402 et
3757 4347 3816 4402 in
3843 4353 3937 4402 tuo

2303 4437 2537 4493 nomine
2564 4437 2680 4492 laeti
2705 4454 2930 4509 semper
2956 4439 3232 4493 exultent.

3001 4528 3229 4577 Secreta.

565 4607 1126 4670 commendaverunt,
1149 4606 1267 4656 tam
1293 4618 1398 4673 pro
1425 4600 1582 4668 vivis,
1607 4619 1780 4674 quam
1806 4606 1864 4657 et
1888 4601 2083 4656 solutis
2111 4602 2203 4656 de-
2221 4588 2280 4660 D
2373 4597 2623 4669 Suscipe,
2657 4598 2913 4666 Domine,
2942 4615 3289 4671 quaesumus,
3313 4616 3508 4671 preces
3532 4604 3588 4654 et
3613 4600 3824 4655 hostias
3855 4603 3934 4656 fa-

566 4701 682 4754 bito
707 4698 929 4765 mortis,
959 4711 1202 4767 quorum
1228 4697 1608 4766 eleemosynas
1629 4696 1941 4768 erogandas
1957 4695 2200 4766 suscepi-

566 4809 713 4860 mus,
744 4791 832 4845 vel
857 4806 1100 4861 quorum
1124 4790 1342 4844 animas
1361 4790 1432 4844 ad
1457 4790 1893 4845 memorandum
1919 4789 2198 4860 conscrip-

564 4885 758 4953 simus,
785 4883 870 4938 vel
895 4899 1138 4955 quorum
1165 4884 1399 4938 nomina
1427 4900 1600 4954 super
1629 4887 1890 4938 sanctum
1935 4881 2198 4937 altarium

564 4977 769 5048 scripta
801 4977 960 5034 adest
993 4977 1281 5034 evidenter
1307 4998 1323 5032 :
1356 4977 1600 5032 concede
1637 4976 1942 5048 pr0picius,
1973 4981 2038 5031 ut
2076 4975 2200 5029 haec

562 5086 717 5124 sacra
741 5071 948 5126 oblatio
972 5071 1212 5127 mortuis
1239 5071 1417 5143 prosit
1444 5070 1514 5125 ad
1543 5070 1784 5137 veniam,
1814 5074 1870 5124 et
1893 5069 2032 5124 vivis
2066 5085 2196 5140 pro-

564 5159 712 5214 ficiat
751 5160 824 5215 ad
851 5161 1090 5218 salutem
1115 5178 1132 5230 ;
1165 5166 1222 5215 et
1242 5159 1502 5213 ﬁdelibus
1529 5158 1661 5225 tuis,
1685 5175 1790 5230 pro
1819 5158 2025 5229 quibus
2051 5157 2201 5212 obla-

561 5253 776 5310 tionem
801 5253 1110 5322 offerimus,
1136 5251 1492 5322 indulgentia
1508 5256 1622 5306 tuae
1648 5251 1870 5323 pietatis
1891 5255 2197 5306 succurrat.

1093 5343 1291 5394 Dicitur
1315 5344 1526 5394 Secreta
1553 5343 1672 5394 alia.

630 5420 825 5476 Preces
893 5423 1133 5484 nostras,
1187 5415 1623 5472 clementissime
1685 5416 1848 5486 Deus,
1918 5413 2201 5485 benignus

631 5554 656 5584 ⁸
679 5547 930 5616 Sequens
956 5541 1158 5616 Lectio‘
1185 5557 1299 5616 non
1324 5541 1534 5616 legitur
1560 5541 1618 5597 in
1645 5541 1882 5616 epistola
1901 5541 1972 5594 ad
2010 5539 2196 5594 Colos-

560 5612 787 5680 senses:
813 5629 999 5685 neque
1032 5613 1101 5685 in
1139 5612 1319 5668 Libris
1345 5612 1518 5670 sacris
1549 5631 1563 5667 :
1605 5612 1703 5669 sed
1737 5617 1822 5668 est
1856 5612 2083 5682 farrago
2131 5627 2200 5666 ex

560 5686 864 5742 Scriptura;
890 5683 1072 5739 verbis
1101 5689 1380 5740 contexta.

632 5752 853 5809 bMoris
892 5755 1194 5827 aliquando
1237 5756 1517 5827 fuisseﬂut
1563 5755 1621 5808 in
1662 5753 1925 5827 domibus
1950 5752 2199 5827 privatis,

559 5827 673 5878 sive
700 5842 803 5894 pro
833 5824 1090 5896 infirmis,
1118 5845 1217 5882 seu
1244 5843 1348 5898 pro
1373 5825 1498 5898 aliis
1528 5824 1730 5898 causb.
1760 5841 1915 5898 sacra
1949 5824 2199 5898 celebra-

561 5901 775 5970 rentur,
804 5899 958 5956 testis
983 5895 1085 5971 est,
1116 5895 1324 5971 praeter
1361 5896 1518 5965 alios,
1547 5895 1832 5968 Paulinus,
1864 5896 1924 5954 in
1947 5896 2089 5952 libro
2134 5895 2202 5953 de

2297 4691 2585 4746 mulorum
2612 4695 2842 4746 tuorum
2875 4693 2978 4762 ill.,
3024 4698 3081 4747 et
3129 4709 3296 4748 muro
3339 4693 3604 4749 custodiae
3644 4698 3757 4748 tute
3792 4695 3939 4749 hanc

2298 4785 2535 4840 domum
2562 4786 2892 4854 circumda;
2925 4790 2990 4840 ut
3015 4786 3172 4840 omni
3200 4787 3532 4841 adversitate
3577 4787 3834 4859 depulsa,
3865 4789 3936 4842 sit

2299 4879 2406 4934 hoc
2445 4895 2672 4950 semper
2712 4878 3063 4934 domicilium
3094 4879 3494 4935 incolomitatis
3521 4886 3576 4935 et
3599 4880 3777 4951 pacis.
3815 4882 3938 4936 Per.

2947 4971 3281 5022 Contestatio.

2372 5045 2510 5099 Vere
2537 5043 2775 5114 dignum
2802 5047 2858 5099 et
2874 5043 3096 5114 justum
3131 5048 3215 5098 est
3249 5043 3608 5116 omnipotens
3638 5045 3807 5114 Deus,
3836 5045 3931 5101 be-

2299 5136 2509 5209 nignus
2537 5136 2788 5191 indultor
2813 5137 2872 5191 in
2894 5135 3125 5192 ~secretis
3151 5136 3350 5192 ofﬁciis
3374 5137 3605 5205 nostris,
3628 5131 3762 5193 etin
3791 5138 3934 5193 hanc

2300 5231 2531 5284 domum
2577 5229 2940 5285 manentibus
2980 5230 3298 5301 praesentia:
3327 5234 3440 5285 tua:
3481 5231 3725 5287 concede
3755 5236 3932 5288 custo-

2301 5323 2471 5390 diam,
2493 5323 2725 5378 familiae
2750 5328 2865 5379 tua:
2896 5323 3178 5392 defensor,
3220 5340 3285 5378 ac
3305 5324 3475 5379 totius
3504 5324 3813 5382 habitaculi
3839 5325 3936 5381 hu-

2293 5417 2390 5488 jus
2415 5417 2699 5472 habitator
2725 5433 3018 5489 appareas.

2302 5539 2421 5593 Vita
2445 5538 2618 5593 sancti
2646 5538 2946 5611 Ambrosii,
2969 5539 3068 5611 qui
3088 5541 3306 5609 Romae,
3323 5545 3478 5596 trans
3503 5540 3771 5609 Tiberim,
3789 5541 3935 5610 apud

2301 5611 2607 5691 quamdam
2634 5609 3004 5691 clarissimam
3044 5616 3364 5668 matronam
3405 5612 3694 5681 invitatus,
3729 5609 3933 5666 sacriﬁ-

2302 5681 2453 5736 cium
2481 5681 2541 5736 in
2569 5681 2741 5736 domo
2773 5681 3000 5737 obtulit.

2372 5765 2394 5824 9
2429 5754 2541 5807 Hoc
2583 5753 2952 5824 Evangelium
2993 5751 3216 5808 videtur
3253 5752 3441 5824 potius
3483 5753 3844 5809 referendum
3872 5752 3933 5806 ad

2302 5823 2532 5897 missam
2577 5823 2932 5896 sequentem,
2975 5839 3147 5895 quam
3184 5823 3268 5879 ad’
3301 5824 3650 5897 superiorem
3681 5824 3750 5880 de
3782 5840 3933 5879 mor-

2303 5893 2433 5950 tuis.
