  <div class='ocr_page' id='page_1' title='image "/cluster/home/n/w/nwhite01/storage/ocr_20150623/72/uva.x000827084/382.png"; bbox 0 0 4006 6228; ppageno 0'>
   <div class='ocr_carea' id='block_1_1' title="bbox 79 421 3416 469">
    <p class='ocr_par' dir='ltr' id='par_1_1' title="bbox 3187 445 3380 452">
     <span class='ocr_line' id='line_1_1' title="bbox 3187 445 3380 452; baseline 0.01 -2"><span class='ocrx_word' id='word_1_1' title='bbox 3187 445 3189 448; x_wconf 8' lang='grc'><em>⁴</em></span> <span class='ocrx_word' id='word_1_2' title='bbox 3377 448 3380 452; x_wconf 83' lang='grc'>,</span> 
     </span>
    </p>
   </div>
   <div class='ocr_carea' id='block_1_2' title="bbox 516 567 2957 760">
    <p class='ocr_par' dir='ltr' id='par_1_2' title="bbox 516 567 2957 760">
     <span class='ocr_line' id='line_1_2' title="bbox 516 567 2957 760; baseline 0.01 -74"><span class='ocrx_word' id='word_1_3' title='bbox 516 567 1542 760; x_wconf 71' lang='grc' dir='ltr'>ιεατιοΝΕε</span> <span class='ocrx_word' id='word_1_4' title='bbox 1647 580 2957 711; x_wconf 68' lang='grc' dir='ltr'>υοΜιΝιαΑιΕε.</span> 
     </span>
    </p>
   </div>
   <div class='ocr_carea' id='block_1_3' title="bbox 579 909 1139 951">
    <p class='ocr_par' dir='ltr' id='par_1_3' title="bbox 579 909 1139 951">
     <span class='ocr_line' id='line_1_3' title="bbox 579 909 1139 951; baseline 0.009 -5"><span class='ocrx_word' id='word_1_5' title='bbox 579 909 736 950; x_wconf 78' lang='lat' dir='ltr'>MISSA</span> <span class='ocrx_word' id='word_1_6' title='bbox 774 911 1139 951; x_wconf 72' lang='lat' dir='ltr'>DOIINICALIS.</span> 
     </span>
    </p>
   </div>
   <div class='ocr_carea' id='block_1_4' title="bbox 455 981 1271 1048">
    <p class='ocr_par' dir='ltr' id='par_1_4' title="bbox 455 981 1271 1048">
     <span class='ocr_line' id='line_1_4' title="bbox 455 981 1271 1048; baseline 0.01 -20"><span class='ocrx_word' id='word_1_7' title='bbox 455 981 631 1030; x_wconf 78' lang='lat' dir='ltr'>Lectio</span> <span class='ocrx_word' id='word_1_8' title='bbox 667 982 960 1032; x_wconf 86' lang='lat' dir='ltr'>Hiezechiel</span> <span class='ocrx_word' id='word_1_9' title='bbox 985 985 1271 1048; x_wconf 68' lang='lat' dir='ltr'>prOphetae.</span> 
     </span>
    </p>
   </div>
   <div class='ocr_carea' id='block_1_5' title="bbox 129 1059 1682 1134">
    <p class='ocr_par' dir='ltr' id='par_1_5' title="bbox 129 1059 1682 1134">
     <span class='ocr_line' id='line_1_5' title="bbox 129 1059 1682 1134; baseline 0.009 -24"><span class='ocrx_word' id='word_1_10' title='bbox 129 1059 346 1111; x_wconf 83' lang='lat' dir='ltr'>Factum</span> <span class='ocrx_word' id='word_1_11' title='bbox 387 1063 474 1113; x_wconf 92' lang='lat' dir='ltr'>est</span> <span class='ocrx_word' id='word_1_12' title='bbox 509 1060 747 1116; x_wconf 85' lang='lat' dir='ltr'>verbum</span> <span class='ocrx_word' id='word_1_13' title='bbox 786 1063 1012 1118; x_wconf 86' lang='lat' dir='ltr'>Domini</span> <span class='ocrx_word' id='word_1_14' title='bbox 1051 1067 1121 1120; x_wconf 90' lang='lat' dir='ltr'>ad</span> <span class='ocrx_word' id='word_1_15' title='bbox 1150 1083 1241 1121; x_wconf 91' lang='lat' dir='ltr'>me</span> <span class='ocrx_word' id='word_1_16' title='bbox 1277 1067 1468 1124; x_wconf 90' lang='lat' dir='ltr'>dicens</span> <span class='ocrx_word' id='word_1_17' title='bbox 1498 1087 1511 1124; x_wconf 92' lang='lat'><strong>:</strong></span> <span class='ocrx_word' id='word_1_18' title='bbox 1539 1071 1682 1134; x_wconf 90' lang='lat' dir='ltr'>Quid</span> 
     </span>
    </p>
   </div>
   <div class='ocr_carea' id='block_1_6' title="bbox 70 1150 1680 1232">
    <p class='ocr_par' dir='ltr' id='par_1_6' title="bbox 70 1150 1680 1232">
     <span class='ocr_line' id='line_1_6' title="bbox 70 1150 1680 1232; baseline 0.01 -29"><span class='ocrx_word' id='word_1_19' title='bbox 70 1155 136 1205; x_wconf 87' lang='lat' dir='ltr'>est</span> <span class='ocrx_word' id='word_1_20' title='bbox 158 1150 300 1221; x_wconf 90' lang='lat' dir='ltr'>quod</span> <span class='ocrx_word' id='word_1_21' title='bbox 324 1151 482 1206; x_wconf 88' lang='lat' dir='ltr'>inter</span> <span class='ocrx_word' id='word_1_22' title='bbox 511 1169 608 1208; x_wconf 92' lang='lat' dir='ltr'>vos</span> <span class='ocrx_word' id='word_1_23' title='bbox 635 1156 963 1226; x_wconf 87' lang='lat' dir='ltr'>parabolam</span> <span class='ocrx_word' id='word_1_24' title='bbox 992 1160 1208 1214; x_wconf 83' lang='lat' dir='ltr'>vertitis</span> <span class='ocrx_word' id='word_1_25' title='bbox 1237 1161 1295 1214; x_wconf 92' lang='lat' dir='ltr'>in</span> <span class='ocrx_word' id='word_1_26' title='bbox 1319 1163 1680 1232; x_wconf 83' lang='lat' dir='ltr'>proverbium</span> 
     </span>
    </p>
   </div>
   <div class='ocr_carea' id='block_1_7' title="bbox 69 1243 1682 1312">
    <p class='ocr_par' dir='ltr' id='par_1_7' title="bbox 69 1243 1682 1312">
     <span class='ocr_line' id='line_1_7' title="bbox 69 1243 1682 1312; baseline 0.009 -15"><span class='ocrx_word' id='word_1_27' title='bbox 69 1244 193 1298; x_wconf 87' lang='lat' dir='ltr'>istud</span> <span class='ocrx_word' id='word_1_28' title='bbox 230 1243 290 1298; x_wconf 91' lang='lat' dir='ltr'>in</span> <span class='ocrx_word' id='word_1_29' title='bbox 327 1248 479 1299; x_wconf 86' lang='lat' dir='ltr'>terra</span> <span class='ocrx_word' id='word_1_30' title='bbox 526 1249 690 1303; x_wconf 88' lang='lat' dir='ltr'>Israel</span> <span class='ocrx_word' id='word_1_31' title='bbox 738 1250 988 1306; x_wconf 78' lang='lat' dir='ltr'>dicentes</span> <span class='ocrx_word' id='word_1_32' title='bbox 1030 1269 1042 1306; x_wconf 93' lang='lat'>:</span> <span class='ocrx_word' id='word_1_33' title='bbox 1084 1255 1276 1308; x_wconf 83' lang='lat' dir='ltr'>Patres</span> <span class='ocrx_word' id='word_1_34' title='bbox 1315 1257 1682 1312; x_wconf 87' lang='lat' dir='ltr'>comederunt</span> 
     </span>
    </p>
   </div>
   <div class='ocr_carea' id='block_1_8' title="bbox 68 1337 1682 1421">
    <p class='ocr_par' dir='ltr' id='par_1_8' title="bbox 68 1337 1682 1421">
     <span class='ocr_line' id='line_1_8' title="bbox 68 1337 1682 1421; baseline 0.009 -30"><span class='ocrx_word' id='word_1_35' title='bbox 68 1353 214 1391; x_wconf 87' lang='lat' dir='ltr'>uvam</span> <span class='ocrx_word' id='word_1_36' title='bbox 247 1337 535 1408; x_wconf 85' lang='lat' dir='ltr'>acerbam,</span> <span class='ocrx_word' id='word_1_37' title='bbox 575 1346 630 1396; x_wconf 91' lang='lat' dir='ltr'>et</span> <span class='ocrx_word' id='word_1_38' title='bbox 678 1343 872 1398; x_wconf 87' lang='lat' dir='ltr'>dentes</span> <span class='ocrx_word' id='word_1_39' title='bbox 928 1345 1180 1401; x_wconf 84' lang='lat' dir='ltr'>ﬁliorum</span> <span class='ocrx_word' id='word_1_40' title='bbox 1231 1349 1682 1421; x_wconf 82' lang='lat' dir='ltr'>obstupescunt?</span> 
     </span>
    </p>
   </div>
   <div class='ocr_carea' id='block_1_9' title="bbox 67 1431 1679 1507">
    <p class='ocr_par' dir='ltr' id='par_1_9' title="bbox 67 1431 1679 1507">
     <span class='ocr_line' id='line_1_9' title="bbox 67 1431 1679 1507; baseline 0.009 -22"><span class='ocrx_word' id='word_1_41' title='bbox 67 1432 180 1485; x_wconf 86' lang='lat' dir='ltr'>Vivo</span> <span class='ocrx_word' id='word_1_42' title='bbox 210 1447 332 1501; x_wconf 86' lang='lat' dir='ltr'>ego,</span> <span class='ocrx_word' id='word_1_43' title='bbox 374 1431 512 1486; x_wconf 85' lang='lat' dir='ltr'>dicit</span> <span class='ocrx_word' id='word_1_44' title='bbox 558 1435 829 1490; x_wconf 89' lang='lat' dir='ltr'>Dominus</span> <span class='ocrx_word' id='word_1_45' title='bbox 868 1438 1034 1507; x_wconf 91' lang='lat' dir='ltr'>Deus,</span> <span class='ocrx_word' id='word_1_46' title='bbox 1076 1456 1203 1495; x_wconf 92' lang='lat' dir='ltr'>ecce</span> <span class='ocrx_word' id='word_1_47' title='bbox 1241 1458 1437 1497; x_wconf 92' lang='lat' dir='ltr'>omnes</span> <span class='ocrx_word' id='word_1_48' title='bbox 1471 1444 1679 1499; x_wconf 64' lang='lat' dir='ltr'>anima:</span> 
     </span>
    </p>
   </div>
   <div class='ocr_carea' id='block_1_10' title="bbox 67 1527 1676 1600">
    <p class='ocr_par' dir='ltr' id='par_1_10' title="bbox 67 1527 1676 1600">
     <span class='ocr_line' id='line_1_10' title="bbox 67 1527 1676 1600; baseline 0.009 -22"><span class='ocrx_word' id='word_1_49' title='bbox 67 1541 186 1579; x_wconf 60' lang='lat' dir='ltr'>mea!</span> <span class='ocrx_word' id='word_1_50' title='bbox 212 1530 359 1581; x_wconf 89' lang='lat' dir='ltr'>sunt.</span> <span class='ocrx_word' id='word_1_51' title='bbox 384 1529 454 1582; x_wconf 92' lang='lat' dir='ltr'>Ut</span> <span class='ocrx_word' id='word_1_52' title='bbox 478 1527 668 1582; x_wconf 90' lang='lat' dir='ltr'>anima</span> <span class='ocrx_word' id='word_1_53' title='bbox 689 1530 879 1600; x_wconf 86' lang='lat' dir='ltr'>patris,</span> <span class='ocrx_word' id='word_1_54' title='bbox 900 1531 977 1585; x_wconf 90' lang='lat' dir='ltr'>ita</span> <span class='ocrx_word' id='word_1_55' title='bbox 1003 1536 1060 1587; x_wconf 88' lang='lat' dir='ltr'>et</span> <span class='ocrx_word' id='word_1_56' title='bbox 1085 1534 1277 1589; x_wconf 90' lang='lat' dir='ltr'>anima</span> <span class='ocrx_word' id='word_1_57' title='bbox 1296 1536 1394 1590; x_wconf 93' lang='lat' dir='ltr'>ﬁlii</span> <span class='ocrx_word' id='word_1_58' title='bbox 1413 1553 1541 1591; x_wconf 90' lang='lat' dir='ltr'>mea</span> <span class='ocrx_word' id='word_1_59' title='bbox 1575 1542 1676 1592; x_wconf 85' lang='lat' dir='ltr'>est.</span> 
     </span>
    </p>
   </div>
   <div class='ocr_carea' id='block_1_11' title="bbox 65 1623 1680 1703">
    <p class='ocr_par' dir='ltr' id='par_1_11' title="bbox 65 1623 1680 1703">
     <span class='ocr_line' id='line_1_11' title="bbox 65 1623 1680 1703; baseline 0.009 -27"><span class='ocrx_word' id='word_1_60' title='bbox 65 1623 240 1677; x_wconf 79' lang='lat' dir='ltr'>Anima</span> <span class='ocrx_word' id='word_1_61' title='bbox 265 1641 392 1696; x_wconf 63' lang='lat' dir='ltr'>quae</span> <span class='ocrx_word' id='word_1_62' title='bbox 409 1627 724 1696; x_wconf 82' lang='lat' dir='ltr'>peccaverit</span> <span class='ocrx_word' id='word_1_63' title='bbox 751 1627 868 1698; x_wconf 90' lang='lat' dir='ltr'>ipsa</span> <span class='ocrx_word' id='word_1_64' title='bbox 889 1630 1183 1686; x_wconf 88' lang='lat' dir='ltr'>morietur.</span> <span class='ocrx_word' id='word_1_65' title='bbox 1210 1634 1275 1687; x_wconf 88' lang='lat' dir='ltr'>Et</span> <span class='ocrx_word' id='word_1_66' title='bbox 1301 1633 1404 1703; x_wconf 91' lang='lat' dir='ltr'>vir,</span> <span class='ocrx_word' id='word_1_67' title='bbox 1434 1634 1479 1688; x_wconf 92' lang='lat' dir='ltr'>si</span> <span class='ocrx_word' id='word_1_68' title='bbox 1507 1635 1680 1690; x_wconf 88' lang='lat' dir='ltr'>fuerit</span> 
     </span>
    </p>
   </div>
   <div class='ocr_carea' id='block_1_12' title="bbox 60 1704 1681 1799">
    <p class='ocr_par' dir='ltr' id='par_1_12' title="bbox 60 1704 1681 1799">
     <span class='ocr_line' id='line_1_12' title="bbox 60 1704 1681 1799; baseline 0.008 -30"><span class='ocrx_word' id='word_1_69' title='bbox 60 1716 241 1786; x_wconf 87' lang='lat' dir='ltr'>justus,</span> <span class='ocrx_word' id='word_1_70' title='bbox 285 1723 340 1771; x_wconf 92' lang='lat' dir='ltr'>et</span> <span class='ocrx_word' id='word_1_71' title='bbox 382 1704 581 1774; x_wconf 79' lang='lat' dir='ltr'>fecerit</span> <span class='ocrx_word' id='word_1_72' title='bbox 613 1720 892 1790; x_wconf 88' lang='lat' dir='ltr'>judicium</span> <span class='ocrx_word' id='word_1_73' title='bbox 944 1726 1000 1776; x_wconf 92' lang='lat' dir='ltr'>et</span> <span class='ocrx_word' id='word_1_74' title='bbox 1036 1723 1339 1794; x_wconf 81' lang='lat' dir='ltr'>justitiam,</span> <span class='ocrx_word' id='word_1_75' title='bbox 1373 1726 1441 1781; x_wconf 91' lang='lat' dir='ltr'>de</span> <span class='ocrx_word' id='word_1_76' title='bbox 1481 1728 1681 1799; x_wconf 86' lang='lat' dir='ltr'>rapina</span> 
     </span>
    </p>
   </div>
   <div class='ocr_carea' id='block_1_13' title="bbox 67 1811 1677 1878">
    <p class='ocr_par' dir='ltr' id='par_1_13' title="bbox 67 1811 1677 1878">
     <span class='ocr_line' id='line_1_13' title="bbox 67 1811 1677 1878; baseline 0.009 -16"><span class='ocrx_word' id='word_1_77' title='bbox 67 1825 161 1862; x_wconf 90' lang='lat' dir='ltr'>non</span> <span class='ocrx_word' id='word_1_78' title='bbox 207 1811 540 1878; x_wconf 89' lang='lat' dir='ltr'>comederit,</span> <span class='ocrx_word' id='word_1_79' title='bbox 591 1818 647 1867; x_wconf 91' lang='lat' dir='ltr'>et</span> <span class='ocrx_word' id='word_1_80' title='bbox 687 1814 878 1868; x_wconf 91' lang='lat' dir='ltr'>oculos</span> <span class='ocrx_word' id='word_1_81' title='bbox 929 1832 1060 1870; x_wconf 92' lang='lat' dir='ltr'>suos</span> <span class='ocrx_word' id='word_1_82' title='bbox 1114 1835 1232 1872; x_wconf 92' lang='lat' dir='ltr'>non</span> <span class='ocrx_word' id='word_1_83' title='bbox 1273 1819 1573 1874; x_wconf 88' lang='lat' dir='ltr'>elevaverit</span> <span class='ocrx_word' id='word_1_84' title='bbox 1609 1822 1677 1875; x_wconf 88' lang='lat' dir='ltr'>ad</span> 
     </span>
    </p>
   </div>
   <div class='ocr_carea' id='block_1_14' title="bbox 69 1902 1675 1982">
    <p class='ocr_par' dir='ltr' id='par_1_14' title="bbox 69 1902 1675 1982">
     <span class='ocr_line' id='line_1_14' title="bbox 69 1902 1675 1982; baseline 0.009 -27"><span class='ocrx_word' id='word_1_85' title='bbox 69 1902 193 1956; x_wconf 85' lang='lat' dir='ltr'>idola</span> <span class='ocrx_word' id='word_1_86' title='bbox 216 1903 416 1958; x_wconf 88' lang='lat' dir='ltr'>domus</span> <span class='ocrx_word' id='word_1_87' title='bbox 444 1905 632 1974; x_wconf 89' lang='lat' dir='ltr'>Israel,</span> <span class='ocrx_word' id='word_1_88' title='bbox 662 1913 718 1962; x_wconf 91' lang='lat' dir='ltr'>et</span> <span class='ocrx_word' id='word_1_89' title='bbox 742 1925 984 1964; x_wconf 86' lang='lat' dir='ltr'>uxorem</span> <span class='ocrx_word' id='word_1_90' title='bbox 1019 1912 1263 1982; x_wconf 84' lang='lat' dir='ltr'>proximi</span> <span class='ocrx_word' id='word_1_91' title='bbox 1302 1913 1387 1966; x_wconf 91' lang='lat' dir='ltr'>sui</span> <span class='ocrx_word' id='word_1_92' title='bbox 1418 1931 1533 1968; x_wconf 91' lang='lat' dir='ltr'>non</span> <span class='ocrx_word' id='word_1_93' title='bbox 1560 1915 1675 1968; x_wconf 90' lang='lat' dir='ltr'>vio-</span> 
     </span>
    </p>
   </div>
   <div class='ocr_carea' id='block_1_15' title="bbox 68 1996 1676 2076">
    <p class='ocr_par' dir='ltr' id='par_1_15' title="bbox 68 1996 1676 2076">
     <span class='ocr_line' id='line_1_15' title="bbox 68 1996 1676 2076; baseline 0.009 -27"><span class='ocrx_word' id='word_1_94' title='bbox 68 1996 260 2064; x_wconf 80' lang='lat' dir='ltr'>laverit,</span> <span class='ocrx_word' id='word_1_95' title='bbox 288 2002 342 2052; x_wconf 90' lang='lat' dir='ltr'>et</span> <span class='ocrx_word' id='word_1_96' title='bbox 372 1998 444 2052; x_wconf 91' lang='lat' dir='ltr'>ad</span> <span class='ocrx_word' id='word_1_97' title='bbox 486 2000 790 2055; x_wconf 90' lang='lat' dir='ltr'>mulierem</span> <span class='ocrx_word' id='word_1_98' title='bbox 827 2009 1239 2060; x_wconf 79' lang='lat' dir='ltr'>menstruatam</span> <span class='ocrx_word' id='word_1_99' title='bbox 1275 2023 1390 2060; x_wconf 92' lang='lat' dir='ltr'>non</span> <span class='ocrx_word' id='word_1_100' title='bbox 1430 2008 1676 2076; x_wconf 86' lang='lat' dir='ltr'>accedat,</span> 
     </span>
    </p>
   </div>
   <div class='ocr_carea' id='block_1_16' title="bbox 67 2089 1679 2168">
    <p class='ocr_par' dir='ltr' id='par_1_16' title="bbox 67 2089 1679 2168">
     <span class='ocr_line' id='line_1_16' title="bbox 67 2089 1679 2168; baseline 0.008 -26"><span class='ocrx_word' id='word_1_101' title='bbox 67 2094 110 2143; x_wconf 88' lang='lat' dir='ltr'>et</span> <span class='ocrx_word' id='word_1_102' title='bbox 132 2089 418 2144; x_wconf 89' lang='lat' dir='ltr'>hominum</span> <span class='ocrx_word' id='word_1_103' title='bbox 447 2108 562 2146; x_wconf 93' lang='lat' dir='ltr'>non</span> <span class='ocrx_word' id='word_1_104' title='bbox 595 2095 1030 2167; x_wconf 89' lang='lat' dir='ltr'>contristaverit,</span> <span class='ocrx_word' id='word_1_105' title='bbox 1054 2097 1262 2168; x_wconf 87' lang='lat' dir='ltr'>pignus</span> <span class='ocrx_word' id='word_1_106' title='bbox 1289 2098 1533 2154; x_wconf 87' lang='lat' dir='ltr'>debitori</span> <span class='ocrx_word' id='word_1_107' title='bbox 1559 2101 1679 2155; x_wconf 88' lang='lat' dir='ltr'>red-</span> 
     </span>
    </p>
   </div>
   <div class='ocr_carea' id='block_1_17' title="bbox 70 2182 1681 2261">
    <p class='ocr_par' dir='ltr' id='par_1_17' title="bbox 70 2182 1681 2261">
     <span class='ocr_line' id='line_1_17' title="bbox 70 2182 1681 2261; baseline 0.007 -25"><span class='ocrx_word' id='word_1_108' title='bbox 70 2182 263 2250; x_wconf 86' lang='lat' dir='ltr'>diderit,</span> <span class='ocrx_word' id='word_1_109' title='bbox 281 2201 385 2255; x_wconf 91' lang='lat' dir='ltr'>per</span> <span class='ocrx_word' id='word_1_110' title='bbox 405 2186 520 2240; x_wconf 87' lang='lat' dir='ltr'>vim</span> <span class='ocrx_word' id='word_1_111' title='bbox 535 2187 675 2240; x_wconf 88' lang='lat' dir='ltr'>nihil</span> <span class='ocrx_word' id='word_1_112' title='bbox 693 2190 974 2260; x_wconf 85' lang='lat' dir='ltr'>rapuerit;</span> <span class='ocrx_word' id='word_1_113' title='bbox 998 2207 1206 2261; x_wconf 88' lang='lat' dir='ltr'>panem</span> <span class='ocrx_word' id='word_1_114' title='bbox 1227 2208 1395 2247; x_wconf 91' lang='lat' dir='ltr'>suum</span> <span class='ocrx_word' id='word_1_115' title='bbox 1408 2193 1681 2248; x_wconf 88' lang='lat' dir='ltr'>esurienti</span> 
     </span>
    </p>
   </div>
   <div class='ocr_carea' id='block_1_18' title="bbox 71 2275 1754 2355">
    <p class='ocr_par' dir='ltr' id='par_1_18' title="bbox 71 2275 1754 2355">
     <span class='ocr_line' id='line_1_18' title="bbox 71 2275 1754 2355; baseline 0.008 -27"><span class='ocrx_word' id='word_1_116' title='bbox 71 2275 274 2344; x_wconf 85' lang='lat' dir='ltr'>dederit,</span> <span class='ocrx_word' id='word_1_117' title='bbox 305 2282 360 2332; x_wconf 89' lang='lat' dir='ltr'>et</span> <span class='ocrx_word' id='word_1_118' title='bbox 385 2279 610 2334; x_wconf 91' lang='lat' dir='ltr'>nudum</span> <span class='ocrx_word' id='word_1_119' title='bbox 639 2282 928 2351; x_wconf 90' lang='lat' dir='ltr'>operuerit</span> <span class='ocrx_word' id='word_1_120' title='bbox 950 2283 1314 2352; x_wconf 90' lang='lat' dir='ltr'>vestimento;</span> <span class='ocrx_word' id='word_1_121' title='bbox 1346 2286 1417 2340; x_wconf 91' lang='lat' dir='ltr'>ad</span> <span class='ocrx_word' id='word_1_122' title='bbox 1441 2303 1678 2340; x_wconf 89' lang='lat' dir='ltr'>usuram</span> <span class='ocrx_word' id='word_1_123' title='bbox 1699 2285 1754 2355; x_wconf 87' lang='lat' dir='ltr'>B</span> 
     </span>
    </p>
   </div>
   <div class='ocr_carea' id='block_1_19' title="bbox 70 2381 1681 2458">
    <p class='ocr_par' dir='ltr' id='par_1_19' title="bbox 70 2381 1681 2458">
     <span class='ocr_line' id='line_1_19' title="bbox 70 2381 1681 2458; baseline 0.007 -27"><span class='ocrx_word' id='word_1_124' title='bbox 70 2393 162 2432; x_wconf 89' lang='lat' dir='ltr'>non</span> <span class='ocrx_word' id='word_1_125' title='bbox 181 2381 621 2436; x_wconf 88' lang='lat' dir='ltr'>commodaverit</span> <span class='ocrx_word' id='word_1_126' title='bbox 651 2388 707 2437; x_wconf 91' lang='lat' dir='ltr'>et</span> <span class='ocrx_word' id='word_1_127' title='bbox 733 2384 976 2454; x_wconf 90' lang='lat' dir='ltr'>amplius</span> <span class='ocrx_word' id='word_1_128' title='bbox 1006 2401 1119 2440; x_wconf 93' lang='lat' dir='ltr'>non</span> <span class='ocrx_word' id='word_1_129' title='bbox 1140 2387 1451 2458; x_wconf 90' lang='lat' dir='ltr'>acceperit;</span> <span class='ocrx_word' id='word_1_130' title='bbox 1486 2388 1556 2442; x_wconf 89' lang='lat' dir='ltr'>ab</span> <span class='ocrx_word' id='word_1_131' title='bbox 1576 2389 1681 2442; x_wconf 90' lang='lat' dir='ltr'>ini-</span> 
     </span>
    </p>
   </div>
   <div class='ocr_carea' id='block_1_20' title="bbox 73 2472 1675 2549">
    <p class='ocr_par' dir='ltr' id='par_1_20' title="bbox 73 2472 1675 2549">
     <span class='ocr_line' id='line_1_20' title="bbox 73 2472 1675 2549; baseline 0.007 -25"><span class='ocrx_word' id='word_1_132' title='bbox 73 2472 254 2540; x_wconf 87' lang='lat' dir='ltr'>quitate</span> <span class='ocrx_word' id='word_1_133' title='bbox 290 2475 558 2529; x_wconf 88' lang='lat' dir='ltr'>averterit</span> <span class='ocrx_word' id='word_1_134' title='bbox 589 2492 822 2530; x_wconf 90' lang='lat' dir='ltr'>manum</span> <span class='ocrx_word' id='word_1_135' title='bbox 852 2493 1036 2545; x_wconf 90' lang='lat' dir='ltr'>suam,</span> <span class='ocrx_word' id='word_1_136' title='bbox 1059 2479 1343 2549; x_wconf 91' lang='lat' dir='ltr'>judicium</span> <span class='ocrx_word' id='word_1_137' title='bbox 1371 2497 1566 2534; x_wconf 89' lang='lat' dir='ltr'>verum</span> <span class='ocrx_word' id='word_1_138' title='bbox 1594 2481 1675 2535; x_wconf 91' lang='lat' dir='ltr'>fe-</span> 
     </span>
    </p>
   </div>
   <div class='ocr_carea' id='block_1_21' title="bbox 75 2565 1680 2645">
    <p class='ocr_par' dir='ltr' id='par_1_21' title="bbox 75 2565 1680 2645">
     <span class='ocr_line' id='line_1_21' title="bbox 75 2565 1680 2645; baseline 0.008 -28"><span class='ocrx_word' id='word_1_139' title='bbox 75 2565 204 2631; x_wconf 88' lang='lat' dir='ltr'>cerit,</span> <span class='ocrx_word' id='word_1_140' title='bbox 233 2565 378 2621; x_wconf 88' lang='lat' dir='ltr'>inter</span> <span class='ocrx_word' id='word_1_141' title='bbox 407 2568 599 2622; x_wconf 91' lang='lat' dir='ltr'>virum</span> <span class='ocrx_word' id='word_1_142' title='bbox 625 2574 680 2624; x_wconf 91' lang='lat' dir='ltr'>et</span> <span class='ocrx_word' id='word_1_143' title='bbox 706 2570 1062 2640; x_wconf 85' lang='lat' dir='ltr'>proximum;</span> <span class='ocrx_word' id='word_1_144' title='bbox 1093 2573 1152 2626; x_wconf 92' lang='lat' dir='ltr'>in</span> <span class='ocrx_word' id='word_1_145' title='bbox 1193 2574 1491 2645; x_wconf 69' lang='lat' dir='ltr'>praeceptis</span> <span class='ocrx_word' id='word_1_146' title='bbox 1539 2575 1680 2630; x_wconf 88' lang='lat' dir='ltr'>meis</span> 
     </span>
    </p>
   </div>
   <div class='ocr_carea' id='block_1_22' title="bbox 75 2658 1681 2733">
    <p class='ocr_par' dir='ltr' id='par_1_22' title="bbox 75 2658 1681 2733">
     <span class='ocr_line' id='line_1_22' title="bbox 75 2658 1681 2733; baseline 0.007 -23"><span class='ocrx_word' id='word_1_147' title='bbox 75 2658 432 2731; x_wconf 85' lang='lat' dir='ltr'>ambulaverit,</span> <span class='ocrx_word' id='word_1_148' title='bbox 454 2666 513 2716; x_wconf 90' lang='lat' dir='ltr'>et</span> <span class='ocrx_word' id='word_1_149' title='bbox 524 2662 746 2733; x_wconf 89' lang='lat' dir='ltr'>judicia</span> <span class='ocrx_word' id='word_1_150' title='bbox 765 2681 891 2718; x_wconf 90' lang='lat' dir='ltr'>mea</span> <span class='ocrx_word' id='word_1_151' title='bbox 909 2666 1238 2720; x_wconf 90' lang='lat' dir='ltr'>custodierit</span> <span class='ocrx_word' id='word_1_152' title='bbox 1255 2672 1320 2722; x_wconf 92' lang='lat' dir='ltr'>ut</span> <span class='ocrx_word' id='word_1_153' title='bbox 1343 2667 1516 2723; x_wconf 84' lang='lat' dir='ltr'>faciat</span> <span class='ocrx_word' id='word_1_154' title='bbox 1543 2669 1681 2723; x_wconf 92' lang='lat' dir='ltr'>veri-</span> 
     </span>
    </p>
   </div>
   <div class='ocr_carea' id='block_1_23' title="bbox 75 2754 1680 2828">
    <p class='ocr_par' dir='ltr' id='par_1_23' title="bbox 75 2754 1680 2828">
     <span class='ocr_line' id='line_1_23' title="bbox 75 2754 1680 2828; baseline 0.008 -25"><span class='ocrx_word' id='word_1_155' title='bbox 75 2754 217 2805; x_wconf 82' lang='lat' dir='ltr'>tatem</span> <span class='ocrx_word' id='word_1_156' title='bbox 269 2769 282 2807; x_wconf 89' lang='lat'>:</span> <span class='ocrx_word' id='word_1_157' title='bbox 329 2754 420 2808; x_wconf 90' lang='lat' dir='ltr'>hic</span> <span class='ocrx_word' id='word_1_158' title='bbox 469 2755 658 2826; x_wconf 89' lang='lat' dir='ltr'>justus</span> <span class='ocrx_word' id='word_1_159' title='bbox 721 2762 824 2828; x_wconf 92' lang='lat' dir='ltr'>est,</span> <span class='ocrx_word' id='word_1_160' title='bbox 870 2758 986 2813; x_wconf 86' lang='lat' dir='ltr'>vita</span> <span class='ocrx_word' id='word_1_161' title='bbox 1036 2760 1203 2827; x_wconf 85' lang='lat' dir='ltr'>vivet,</span> <span class='ocrx_word' id='word_1_162' title='bbox 1273 2761 1352 2816; x_wconf 87' lang='lat' dir='ltr'>ait</span> <span class='ocrx_word' id='word_1_163' title='bbox 1412 2762 1680 2816; x_wconf 90' lang='lat' dir='ltr'>Dominus</span> 
     </span>
    </p>
   </div>
   <div class='ocr_carea' id='block_1_24' title="bbox 77 2843 1353 2986">
    <p class='ocr_par' dir='ltr' id='par_1_24' title="bbox 77 2843 1353 2986">
     <span class='ocr_line' id='line_1_24' title="bbox 77 2843 1353 2986; baseline 0.009 -23"><span class='ocrx_word' id='word_1_164' title='bbox 77 2843 211 2897; x_wconf 40' lang='lat' dir='ltr'>Deus.</span> <span class='ocrx_word' id='word_1_165' title='bbox 350 2917 584 2982; x_wconf 86' lang='lat' dir='ltr'>Epistola</span> <span class='ocrx_word' id='word_1_166' title='bbox 617 2921 760 2971; x_wconf 84' lang='lat' dir='ltr'>Pauli</span> <span class='ocrx_word' id='word_1_167' title='bbox 793 2922 1015 2986; x_wconf 87' lang='lat' dir='ltr'>apostoli</span> <span class='ocrx_word' id='word_1_168' title='bbox 1041 2923 1105 2972; x_wconf 89' lang='lat' dir='ltr'>ad</span> <span class='ocrx_word' id='word_1_169' title='bbox 1133 2923 1353 2974; x_wconf 84' lang='lat' dir='ltr'>Galatas.</span> 
     </span>
    </p>
   </div>
   <div class='ocr_carea' id='block_1_25' title="bbox 130 2995 1676 3077">
    <p class='ocr_par' dir='ltr' id='par_1_25' title="bbox 130 2995 1676 3077">
     <span class='ocr_line' id='line_1_25' title="bbox 130 2995 1676 3077; baseline 0.008 -29"><span class='ocrx_word' id='word_1_170' title='bbox 130 2995 349 3066; x_wconf 87' lang='lat' dir='ltr'>Fratres,</span> <span class='ocrx_word' id='word_1_171' title='bbox 378 2998 602 3055; x_wconf 89' lang='lat' dir='ltr'>fructus</span> <span class='ocrx_word' id='word_1_172' title='bbox 641 3005 832 3057; x_wconf 88' lang='lat' dir='ltr'>autem</span> <span class='ocrx_word' id='word_1_173' title='bbox 874 3003 1106 3074; x_wconf 89' lang='lat' dir='ltr'>spiritus</span> <span class='ocrx_word' id='word_1_174' title='bbox 1149 3010 1234 3059; x_wconf 92' lang='lat' dir='ltr'>est</span> <span class='ocrx_word' id='word_1_175' title='bbox 1268 3005 1489 3072; x_wconf 88' lang='lat' dir='ltr'>caritas,</span> <span class='ocrx_word' id='word_1_176' title='bbox 1538 3023 1676 3077; x_wconf 90' lang='lat' dir='ltr'>gau-</span> 
     </span>
    </p>
   </div>
   <div class='ocr_carea' id='block_1_26' title="bbox 74 3088 1677 3169">
    <p class='ocr_par' dir='ltr' id='par_1_26' title="bbox 74 3088 1677 3169">
     <span class='ocr_line' id='line_1_26' title="bbox 74 3088 1677 3169; baseline 0.009 -29"><span class='ocrx_word' id='word_1_177' title='bbox 74 3088 226 3158; x_wconf 88' lang='lat' dir='ltr'>dium,</span> <span class='ocrx_word' id='word_1_178' title='bbox 255 3108 380 3161; x_wconf 87' lang='lat' dir='ltr'>pax,</span> <span class='ocrx_word' id='word_1_179' title='bbox 414 3093 838 3165; x_wconf 83' lang='lat' dir='ltr'>longanimitas,</span> <span class='ocrx_word' id='word_1_180' title='bbox 865 3096 1104 3166; x_wconf 90' lang='lat' dir='ltr'>bonitas,</span> <span class='ocrx_word' id='word_1_181' title='bbox 1135 3097 1475 3169; x_wconf 85' lang='lat' dir='ltr'>benignitas,</span> <span class='ocrx_word' id='word_1_182' title='bbox 1518 3100 1677 3167; x_wconf 88' lang='lat' dir='ltr'>ﬁdes,</span> 
     </span>
    </p>
   </div>
   <div class='ocr_carea' id='block_1_27' title="bbox 74 3183 1682 3261">
    <p class='ocr_par' dir='ltr' id='par_1_27' title="bbox 74 3183 1682 3261">
     <span class='ocr_line' id='line_1_27' title="bbox 74 3183 1682 3261; baseline 0.009 -27"><span class='ocrx_word' id='word_1_183' title='bbox 74 3183 333 3252; x_wconf 86' lang='lat' dir='ltr'>modestia,</span> <span class='ocrx_word' id='word_1_184' title='bbox 363 3187 774 3244; x_wconf 74' lang='lat' dir='ltr'>continentia‘.</span> <span class='ocrx_word' id='word_1_185' title='bbox 802 3189 1080 3244; x_wconf 88' lang='lat' dir='ltr'>Adversus</span> <span class='ocrx_word' id='word_1_186' title='bbox 1107 3191 1433 3261; x_wconf 89' lang='lat' dir='ltr'>hujusmodi</span> <span class='ocrx_word' id='word_1_187' title='bbox 1459 3209 1574 3247; x_wconf 92' lang='lat' dir='ltr'>non</span> <span class='ocrx_word' id='word_1_188' title='bbox 1600 3199 1682 3248; x_wconf 90' lang='lat' dir='ltr'>est</span> 
     </span>
    </p>
   </div>
   <div class='ocr_carea' id='block_1_28' title="bbox 75 3274 1679 3352">
    <p class='ocr_par' dir='ltr' id='par_1_28' title="bbox 75 3274 1679 3352">
     <span class='ocr_line' id='line_1_28' title="bbox 75 3274 1679 3352; baseline 0.009 -24"><span class='ocrx_word' id='word_1_189' title='bbox 75 3274 164 3329; x_wconf 83' lang='lat' dir='ltr'>lex.</span> <span class='ocrx_word' id='word_1_190' title='bbox 191 3277 287 3340; x_wconf 89' lang='lat' dir='ltr'>Qui</span> <span class='ocrx_word' id='word_1_191' title='bbox 307 3283 501 3334; x_wconf 85' lang='lat' dir='ltr'>autem</span> <span class='ocrx_word' id='word_1_192' title='bbox 532 3287 664 3335; x_wconf 92' lang='lat' dir='ltr'>sunt</span> <span class='ocrx_word' id='word_1_193' title='bbox 689 3283 922 3352; x_wconf 91' lang='lat' dir='ltr'>Christi,</span> <span class='ocrx_word' id='word_1_194' title='bbox 947 3301 1176 3339; x_wconf 88' lang='lat' dir='ltr'>carnem</span> <span class='ocrx_word' id='word_1_195' title='bbox 1196 3301 1358 3339; x_wconf 92' lang='lat' dir='ltr'>suam</span> <span class='ocrx_word' id='word_1_196' title='bbox 1385 3287 1679 3343; x_wconf 85' lang='lat' dir='ltr'>cruciﬁxe-</span> 
     </span>
    </p>
   </div>
   <div class='ocr_carea' id='block_1_29' title="bbox 78 3373 1678 3451">
    <p class='ocr_par' dir='ltr' id='par_1_29' title="bbox 78 3373 1678 3451">
     <span class='ocr_line' id='line_1_29' title="bbox 78 3373 1678 3451; baseline 0.006 -27"><span class='ocrx_word' id='word_1_197' title='bbox 78 3375 188 3425; x_wconf 87' lang='lat' dir='ltr'>runt</span> <span class='ocrx_word' id='word_1_198' title='bbox 203 3387 325 3426; x_wconf 91' lang='lat' dir='ltr'>cum</span> <span class='ocrx_word' id='word_1_199' title='bbox 352 3373 503 3428; x_wconf 89' lang='lat' dir='ltr'>vitiis</span> <span class='ocrx_word' id='word_1_200' title='bbox 528 3380 585 3428; x_wconf 88' lang='lat' dir='ltr'>et</span> <span class='ocrx_word' id='word_1_201' title='bbox 609 3377 1093 3447; x_wconf 88' lang='lat' dir='ltr'>concupiscentiis.</span> <span class='ocrx_word' id='word_1_202' title='bbox 1123 3379 1179 3434; x_wconf 92' lang='lat' dir='ltr'>Si</span> <span class='ocrx_word' id='word_1_203' title='bbox 1199 3378 1400 3450; x_wconf 87' lang='lat' dir='ltr'>spiritu</span> <span class='ocrx_word' id='word_1_204' title='bbox 1419 3381 1678 3451; x_wconf 85' lang='lat' dir='ltr'>vivimus,</span> 
     </span>
    </p>
   </div>
   <div class='ocr_carea' id='block_1_30' title="bbox 77 3462 1682 3546">
    <p class='ocr_par' dir='ltr' id='par_1_30' title="bbox 77 3462 1682 3546">
     <span class='ocr_line' id='line_1_30' title="bbox 77 3462 1682 3546; baseline 0.01 -32"><span class='ocrx_word' id='word_1_205' title='bbox 77 3462 250 3533; x_wconf 88' lang='lat' dir='ltr'>spiritu</span> <span class='ocrx_word' id='word_1_206' title='bbox 276 3471 331 3521; x_wconf 90' lang='lat' dir='ltr'>et</span> <span class='ocrx_word' id='word_1_207' title='bbox 355 3467 736 3524; x_wconf 87' lang='lat' dir='ltr'>ambulemus.</span> <span class='ocrx_word' id='word_1_208' title='bbox 765 3470 889 3524; x_wconf 89' lang='lat' dir='ltr'>Non</span> <span class='ocrx_word' id='word_1_209' title='bbox 919 3471 1236 3526; x_wconf 89' lang='lat' dir='ltr'>efﬁciamur</span> <span class='ocrx_word' id='word_1_210' title='bbox 1260 3472 1444 3528; x_wconf 89' lang='lat' dir='ltr'>inanis</span> <span class='ocrx_word' id='word_1_211' title='bbox 1492 3475 1682 3546; x_wconf 61' lang='lat' dir='ltr'>gloriae</span> 
     </span>
    </p>
   </div>
   <div class='ocr_carea' id='block_1_31' title="bbox 78 3556 1678 3633">
    <p class='ocr_par' dir='ltr' id='par_1_31' title="bbox 78 3556 1678 3633">
     <span class='ocr_line' id='line_1_31' title="bbox 78 3556 1678 3633; baseline 0.008 -23"><span class='ocrx_word' id='word_1_212' title='bbox 78 3556 258 3627; x_wconf 88' lang='lat' dir='ltr'>cupidi,</span> <span class='ocrx_word' id='word_1_213' title='bbox 312 3560 553 3616; x_wconf 83' lang='lat' dir='ltr'>invicem</span> <span class='ocrx_word' id='word_1_214' title='bbox 616 3567 1003 3633; x_wconf 86' lang='lat' dir='ltr'>provocantes,</span> <span class='ocrx_word' id='word_1_215' title='bbox 1054 3565 1294 3620; x_wconf 90' lang='lat' dir='ltr'>invicem</span> <span class='ocrx_word' id='word_1_216' title='bbox 1346 3567 1678 3624; x_wconf 86' lang='lat' dir='ltr'>invidentes.</span> 
     </span>
    </p>
   </div>
   <div class='ocr_carea' id='block_1_32' title="bbox 1705 906 3411 988">
    <p class='ocr_par' dir='ltr' id='par_1_32' title="bbox 1705 906 3411 988">
     <span class='ocr_line' id='line_1_32' title="bbox 1705 906 3411 988; baseline 0.011 -31"><span class='ocrx_word' id='word_1_217' title='bbox 1705 918 1762 988; x_wconf 73' lang='grc' dir='ltr'><strong>Α</strong></span> <span class='ocrx_word' id='word_1_218' title='bbox 1783 906 1929 976; x_wconf 88' lang='lat' dir='ltr'>pulis</span> <span class='ocrx_word' id='word_1_219' title='bbox 1954 908 2071 961; x_wconf 90' lang='lat' dir='ltr'>suis</span> <span class='ocrx_word' id='word_1_220' title='bbox 2115 925 2128 962; x_wconf 92' lang='lat'>:</span> <span class='ocrx_word' id='word_1_221' title='bbox 2172 913 2353 965; x_wconf 88' lang='lat' dir='ltr'>Amen</span> <span class='ocrx_word' id='word_1_222' title='bbox 2388 911 2512 966; x_wconf 90' lang='lat' dir='ltr'>dico</span> <span class='ocrx_word' id='word_1_223' title='bbox 2541 914 2715 978; x_wconf 87' lang='lat' dir='ltr'>vobis,</span> <span class='ocrx_word' id='word_1_224' title='bbox 2756 915 2974 970; x_wconf 87' lang='lat' dir='ltr'>facilius</span> <span class='ocrx_word' id='word_1_225' title='bbox 3012 922 3097 971; x_wconf 91' lang='lat' dir='ltr'>est</span> <span class='ocrx_word' id='word_1_226' title='bbox 3131 921 3411 976; x_wconf 87' lang='lat' dir='ltr'>camelum</span> 
     </span>
    </p>
   </div>
   <div class='ocr_carea' id='block_1_33' title="bbox 1782 999 3411 1077">
    <p class='ocr_par' dir='ltr' id='par_1_33' title="bbox 1782 999 3411 1077">
     <span class='ocr_line' id='line_1_33' title="bbox 1782 999 3411 1077; baseline 0.011 -26"><span class='ocrx_word' id='word_1_227' title='bbox 1782 1014 1884 1068; x_wconf 89' lang='lat' dir='ltr'>per</span> <span class='ocrx_word' id='word_1_228' title='bbox 1908 999 2163 1056; x_wconf 87' lang='lat' dir='ltr'>foramen</span> <span class='ocrx_word' id='word_1_229' title='bbox 2189 1020 2322 1057; x_wconf 90' lang='lat' dir='ltr'>acus</span> <span class='ocrx_word' id='word_1_230' title='bbox 2355 1006 2612 1074; x_wconf 89' lang='lat' dir='ltr'>transire,</span> <span class='ocrx_word' id='word_1_231' title='bbox 2644 1024 2817 1077; x_wconf 87' lang='lat' dir='ltr'>quam</span> <span class='ocrx_word' id='word_1_232' title='bbox 2849 1009 3079 1064; x_wconf 89' lang='lat' dir='ltr'>divitem</span> <span class='ocrx_word' id='word_1_233' title='bbox 3110 1011 3317 1068; x_wconf 88' lang='lat' dir='ltr'>intrare</span> <span class='ocrx_word' id='word_1_234' title='bbox 3353 1015 3411 1068; x_wconf 91' lang='lat' dir='ltr'>in</span> 
     </span>
    </p>
   </div>
   <div class='ocr_carea' id='block_1_34' title="bbox 1782 1095 3412 1175">
    <p class='ocr_par' dir='ltr' id='par_1_34' title="bbox 1782 1095 3412 1175">
     <span class='ocr_line' id='line_1_34' title="bbox 1782 1095 3412 1175; baseline 0.011 -30"><span class='ocrx_word' id='word_1_235' title='bbox 1782 1108 2026 1164; x_wconf 80' lang='lat' dir='ltr'>regnum</span> <span class='ocrx_word' id='word_1_236' title='bbox 2054 1095 2342 1150; x_wconf 64' lang='lat' dir='ltr'>caelorum.</span> <span class='ocrx_word' id='word_1_237' title='bbox 2375 1098 2593 1152; x_wconf 87' lang='lat' dir='ltr'>Auditis</span> <span class='ocrx_word' id='word_1_238' title='bbox 2619 1103 2810 1154; x_wconf 90' lang='lat' dir='ltr'>autem</span> <span class='ocrx_word' id='word_1_239' title='bbox 2827 1102 2916 1155; x_wconf 90' lang='lat' dir='ltr'>his</span> <span class='ocrx_word' id='word_1_240' title='bbox 2936 1103 3223 1175; x_wconf 89' lang='lat' dir='ltr'>discipulis</span> <span class='ocrx_word' id='word_1_241' title='bbox 3246 1107 3412 1162; x_wconf 90' lang='lat' dir='ltr'>mira-</span> 
     </span>
    </p>
   </div>
   <div class='ocr_carea' id='block_1_35' title="bbox 1781 1185 3411 1268">
    <p class='ocr_par' dir='ltr' id='par_1_35' title="bbox 1781 1185 3411 1268">
     <span class='ocr_line' id='line_1_35' title="bbox 1781 1185 3411 1268; baseline 0.01 -30"><span class='ocrx_word' id='word_1_242' title='bbox 1781 1185 1991 1240; x_wconf 90' lang='lat' dir='ltr'>bantur</span> <span class='ocrx_word' id='word_1_243' title='bbox 2042 1188 2223 1256; x_wconf 90' lang='lat' dir='ltr'>valde,</span> <span class='ocrx_word' id='word_1_244' title='bbox 2282 1189 2531 1245; x_wconf 83' lang='lat' dir='ltr'>dicentes</span> <span class='ocrx_word' id='word_1_245' title='bbox 2574 1210 2586 1244; x_wconf 90' lang='lat'><strong>:</strong></span> <span class='ocrx_word' id='word_1_246' title='bbox 2629 1194 2762 1256; x_wconf 88' lang='lat' dir='ltr'>Quis</span> <span class='ocrx_word' id='word_1_247' title='bbox 2798 1211 2936 1266; x_wconf 88' lang='lat' dir='ltr'>ergo</span> <span class='ocrx_word' id='word_1_248' title='bbox 2979 1199 3187 1268; x_wconf 87' lang='lat' dir='ltr'>poterit</span> <span class='ocrx_word' id='word_1_249' title='bbox 3226 1201 3411 1256; x_wconf 91' lang='lat' dir='ltr'>salvus</span> 
     </span>
    </p>
   </div>
   <div class='ocr_carea' id='block_1_36' title="bbox 1781 1276 3409 1363">
    <p class='ocr_par' dir='ltr' id='par_1_36' title="bbox 1781 1276 3409 1363">
     <span class='ocr_line' id='line_1_36' title="bbox 1781 1276 3409 1363; baseline 0.01 -29"><span class='ocrx_word' id='word_1_250' title='bbox 1781 1280 1938 1334; x_wconf 84' lang='lat' dir='ltr'>esse?</span> <span class='ocrx_word' id='word_1_251' title='bbox 1964 1281 2252 1352; x_wconf 78' lang='lat' dir='ltr'>Aspiciens</span> <span class='ocrx_word' id='word_1_252' title='bbox 2281 1289 2473 1338; x_wconf 88' lang='lat' dir='ltr'>autem</span> <span class='ocrx_word' id='word_1_253' title='bbox 2500 1276 2662 1338; x_wconf 73' lang='lat' dir='ltr'>Jesus</span> <span class='ocrx_word' id='word_1_254' title='bbox 2688 1286 2830 1341; x_wconf 82' lang='lat' dir='ltr'>dixit</span> <span class='ocrx_word' id='word_1_255' title='bbox 2855 1288 2965 1342; x_wconf 88' lang='lat' dir='ltr'>illis</span> <span class='ocrx_word' id='word_1_256' title='bbox 2994 1290 3196 1363; x_wconf 72' lang='lat' dir='ltr'>:prud</span> <span class='ocrx_word' id='word_1_257' title='bbox 3223 1294 3409 1349; x_wconf 87' lang='lat' dir='ltr'>homi-</span> 
     </span>
    </p>
   </div>
   <div class='ocr_carea' id='block_1_37' title="bbox 1779 1373 3414 1448">
    <p class='ocr_par' dir='ltr' id='par_1_37' title="bbox 1779 1373 3414 1448">
     <span class='ocr_line' id='line_1_37' title="bbox 1779 1373 3414 1448; baseline 0.011 -23"><span class='ocrx_word' id='word_1_258' title='bbox 1779 1388 1880 1426; x_wconf 91' lang='lat' dir='ltr'>nes</span> <span class='ocrx_word' id='word_1_259' title='bbox 1921 1373 2026 1428; x_wconf 86' lang='lat' dir='ltr'>hoc</span> <span class='ocrx_word' id='word_1_260' title='bbox 2066 1374 2415 1446; x_wconf 89' lang='lat' dir='ltr'>impossibile</span> <span class='ocrx_word' id='word_1_261' title='bbox 2447 1381 2549 1442; x_wconf 89' lang='lat' dir='ltr'>est,</span> <span class='ocrx_word' id='word_1_262' title='bbox 2593 1380 2745 1448; x_wconf 92' lang='lat' dir='ltr'>apud</span> <span class='ocrx_word' id='word_1_263' title='bbox 2781 1382 2960 1435; x_wconf 91' lang='lat' dir='ltr'>Deum</span> <span class='ocrx_word' id='word_1_264' title='bbox 2995 1390 3184 1439; x_wconf 88' lang='lat' dir='ltr'>autem</span> <span class='ocrx_word' id='word_1_265' title='bbox 3225 1388 3414 1442; x_wconf 89' lang='lat' dir='ltr'>omnia</span> 
     </span>
    </p>
   </div>
   <div class='ocr_carea' id='block_1_38' title="bbox 1781 1466 3409 1543">
    <p class='ocr_par' dir='ltr' id='par_1_38' title="bbox 1781 1466 3409 1543">
     <span class='ocr_line' id='line_1_38' title="bbox 1781 1466 3409 1543; baseline 0.01 -24"><span class='ocrx_word' id='word_1_266' title='bbox 1781 1466 2068 1536; x_wconf 88' lang='lat' dir='ltr'>possibilia</span> <span class='ocrx_word' id='word_1_267' title='bbox 2106 1475 2255 1524; x_wconf 91' lang='lat' dir='ltr'>sunt.</span> <span class='ocrx_word' id='word_1_268' title='bbox 2297 1471 2448 1524; x_wconf 89' lang='lat' dir='ltr'>Tunc</span> <span class='ocrx_word' id='word_1_269' title='bbox 2484 1473 2829 1543; x_wconf 91' lang='lat' dir='ltr'>respondens</span> <span class='ocrx_word' id='word_1_270' title='bbox 2869 1477 3065 1530; x_wconf 84' lang='lat' dir='ltr'>Petrus</span> <span class='ocrx_word' id='word_1_271' title='bbox 3117 1479 3257 1533; x_wconf 81' lang='lat' dir='ltr'>dixit</span> <span class='ocrx_word' id='word_1_272' title='bbox 3297 1482 3349 1535; x_wconf 91' lang='lat' dir='ltr'>ei</span> <span class='ocrx_word' id='word_1_273' title='bbox 3395 1500 3409 1536; x_wconf 88' lang='lat'><strong>:</strong></span> 
     </span>
    </p>
   </div>
   <div class='ocr_carea' id='block_1_39' title="bbox 1781 1560 3410 1645">
    <p class='ocr_par' dir='ltr' id='par_1_39' title="bbox 1781 1560 3410 1645">
     <span class='ocr_line' id='line_1_39' title="bbox 1781 1560 3410 1645; baseline 0.01 -33"><span class='ocrx_word' id='word_1_274' title='bbox 1781 1560 1916 1613; x_wconf 84' lang='lat' dir='ltr'>Ecce</span> <span class='ocrx_word' id='word_1_275' title='bbox 1941 1576 2048 1614; x_wconf 94' lang='lat' dir='ltr'>nos</span> <span class='ocrx_word' id='word_1_276' title='bbox 2073 1562 2407 1632; x_wconf 89' lang='lat' dir='ltr'>reliquimus</span> <span class='ocrx_word' id='word_1_277' title='bbox 2421 1565 2630 1632; x_wconf 89' lang='lat' dir='ltr'>omnia,</span> <span class='ocrx_word' id='word_1_278' title='bbox 2661 1570 2717 1619; x_wconf 90' lang='lat' dir='ltr'>et</span> <span class='ocrx_word' id='word_1_279' title='bbox 2743 1568 2921 1622; x_wconf 88' lang='lat' dir='ltr'>secuti</span> <span class='ocrx_word' id='word_1_280' title='bbox 2947 1585 3144 1624; x_wconf 90' lang='lat' dir='ltr'>sumus</span> <span class='ocrx_word' id='word_1_281' title='bbox 3176 1575 3228 1626; x_wconf 90' lang='lat' dir='ltr'>te</span> <span class='ocrx_word' id='word_1_282' title='bbox 3245 1589 3258 1626; x_wconf 87' lang='lat'><strong>:</strong></span> <span class='ocrx_word' id='word_1_283' title='bbox 3275 1575 3410 1645; x_wconf 92' lang='lat' dir='ltr'>quid</span> 
     </span>
    </p>
   </div>
   <div class='ocr_carea' id='block_1_40' title="bbox 1779 1655 3412 1723">
    <p class='ocr_par' dir='ltr' id='par_1_40' title="bbox 1779 1655 3412 1723">
     <span class='ocr_line' id='line_1_40' title="bbox 1779 1655 3412 1723; baseline 0.01 -18"><span class='ocrx_word' id='word_1_284' title='bbox 1779 1667 1916 1723; x_wconf 89' lang='lat' dir='ltr'>ergo</span> <span class='ocrx_word' id='word_1_285' title='bbox 1945 1655 2052 1709; x_wconf 90' lang='lat' dir='ltr'>erit</span> <span class='ocrx_word' id='word_1_286' title='bbox 2076 1655 2240 1709; x_wconf 88' lang='lat' dir='ltr'>nobis</span> <span class='ocrx_word' id='word_1_287' title='bbox 2258 1656 2285 1709; x_wconf 85' lang='lat'><strong>?</strong></span> <span class='ocrx_word' id='word_1_288' title='bbox 2313 1657 2470 1711; x_wconf 85' lang='lat' dir='ltr'>Jesus</span> <span class='ocrx_word' id='word_1_289' title='bbox 2496 1662 2689 1713; x_wconf 90' lang='lat' dir='ltr'>autem</span> <span class='ocrx_word' id='word_1_290' title='bbox 2716 1659 2859 1714; x_wconf 85' lang='lat' dir='ltr'>dixit</span> <span class='ocrx_word' id='word_1_291' title='bbox 2886 1661 2999 1715; x_wconf 89' lang='lat' dir='ltr'>illis</span> <span class='ocrx_word' id='word_1_292' title='bbox 3025 1680 3038 1716; x_wconf 87' lang='lat'><strong>:</strong></span> <span class='ocrx_word' id='word_1_293' title='bbox 3066 1666 3244 1720; x_wconf 86' lang='lat' dir='ltr'>Amen</span> <span class='ocrx_word' id='word_1_294' title='bbox 3288 1668 3412 1721; x_wconf 88' lang='lat' dir='ltr'>dico</span> 
     </span>
    </p>
   </div>
   <div class='ocr_carea' id='block_1_41' title="bbox 1778 1746 3410 1828">
    <p class='ocr_par' dir='ltr' id='par_1_41' title="bbox 1778 1746 3410 1828">
     <span class='ocr_line' id='line_1_41' title="bbox 1778 1746 3410 1828; baseline 0.01 -29"><span class='ocrx_word' id='word_1_295' title='bbox 1778 1746 1953 1816; x_wconf 89' lang='lat' dir='ltr'>vobis,</span> <span class='ocrx_word' id='word_1_296' title='bbox 1985 1749 2139 1818; x_wconf 90' lang='lat' dir='ltr'>quod</span> <span class='ocrx_word' id='word_1_297' title='bbox 2171 1765 2266 1803; x_wconf 90' lang='lat' dir='ltr'>vos</span> <span class='ocrx_word' id='word_1_298' title='bbox 2287 1750 2578 1821; x_wconf 56' lang='lat' dir='ltr'>qui;secuti</span> <span class='ocrx_word' id='word_1_299' title='bbox 2605 1753 2737 1807; x_wconf 87' lang='lat' dir='ltr'>estis</span> <span class='ocrx_word' id='word_1_300' title='bbox 2753 1770 2864 1823; x_wconf 90' lang='lat' dir='ltr'>me,</span> <span class='ocrx_word' id='word_1_301' title='bbox 2883 1755 2942 1809; x_wconf 92' lang='lat' dir='ltr'>in</span> <span class='ocrx_word' id='word_1_302' title='bbox 2965 1759 3410 1828; x_wconf 69' lang='lat' dir='ltr'>regeneratione,</span> 
     </span>
    </p>
   </div>
   <div class='ocr_carea' id='block_1_42' title="bbox 1778 1841 3408 1922">
    <p class='ocr_par' dir='ltr' id='par_1_42' title="bbox 1778 1841 3408 1922">
     <span class='ocr_line' id='line_1_42' title="bbox 1778 1841 3408 1922; baseline 0.01 -30"><span class='ocrx_word' id='word_1_303' title='bbox 1778 1856 1909 1894; x_wconf 92' lang='lat' dir='ltr'>cum</span> <span class='ocrx_word' id='word_1_304' title='bbox 1936 1841 2144 1896; x_wconf 90' lang='lat' dir='ltr'>sederit</span> <span class='ocrx_word' id='word_1_305' title='bbox 2188 1842 2355 1897; x_wconf 85' lang='lat' dir='ltr'>Filius</span> <span class='ocrx_word' id='word_1_306' title='bbox 2386 1844 2630 1900; x_wconf 88' lang='lat' dir='ltr'>hominis</span> <span class='ocrx_word' id='word_1_307' title='bbox 2671 1847 2729 1901; x_wconf 91' lang='lat' dir='ltr'>iu</span> <span class='ocrx_word' id='word_1_308' title='bbox 2767 1848 2898 1903; x_wconf 83' lang='lat' dir='ltr'>sede</span> <span class='ocrx_word' id='word_1_309' title='bbox 2937 1850 3242 1920; x_wconf 85' lang='lat' dir='ltr'>majestatis</span> <span class='ocrx_word' id='word_1_310' title='bbox 3272 1870 3408 1922; x_wconf 73' lang='lat' dir='ltr'>suae,</span> 
     </span>
    </p>
   </div>
   <div class='ocr_carea' id='block_1_43' title="bbox 1779 1933 3413 2015">
    <p class='ocr_par' dir='ltr' id='par_1_43' title="bbox 1779 1933 3413 2015">
     <span class='ocr_line' id='line_1_43' title="bbox 1779 1933 3413 2015; baseline 0.01 -29"><span class='ocrx_word' id='word_1_311' title='bbox 1779 1933 2043 1989; x_wconf 89' lang='lat' dir='ltr'>sedebitis</span> <span class='ocrx_word' id='word_1_312' title='bbox 2083 1940 2139 1989; x_wconf 91' lang='lat' dir='ltr'>et</span> <span class='ocrx_word' id='word_1_313' title='bbox 2184 1953 2279 1990; x_wconf 91' lang='lat' dir='ltr'>vos</span> <span class='ocrx_word' id='word_1_314' title='bbox 2317 1954 2490 2008; x_wconf 89' lang='lat' dir='ltr'>super</span> <span class='ocrx_word' id='word_1_315' title='bbox 2525 1940 2682 1994; x_wconf 89' lang='lat' dir='ltr'>sedes</span> <span class='ocrx_word' id='word_1_316' title='bbox 2733 1941 3050 2012; x_wconf 89' lang='lat' dir='ltr'>duodecim,</span> <span class='ocrx_word' id='word_1_317' title='bbox 3093 1945 3413 2015; x_wconf 89' lang='lat' dir='ltr'>judicantes</span> 
     </span>
    </p>
   </div>
   <div class='ocr_carea' id='block_1_44' title="bbox 1779 2027 3408 2112">
    <p class='ocr_par' dir='ltr' id='par_1_44' title="bbox 1779 2027 3408 2112">
     <span class='ocr_line' id='line_1_44' title="bbox 1779 2027 3408 2112; baseline 0.01 -32"><span class='ocrx_word' id='word_1_318' title='bbox 1779 2027 2074 2081; x_wconf 89' lang='lat' dir='ltr'>duodecim</span> <span class='ocrx_word' id='word_1_319' title='bbox 2091 2029 2270 2083; x_wconf 86' lang='lat' dir='ltr'>tribus</span> <span class='ocrx_word' id='word_1_320' title='bbox 2288 2031 2471 2086; x_wconf 89' lang='lat' dir='ltr'>Israel.</span> <span class='ocrx_word' id='word_1_321' title='bbox 2491 2033 2554 2086; x_wconf 88' lang='lat' dir='ltr'>Et</span> <span class='ocrx_word' id='word_1_322' title='bbox 2581 2033 2766 2087; x_wconf 92' lang='lat' dir='ltr'>omnis</span> <span class='ocrx_word' id='word_1_323' title='bbox 2792 2035 2892 2106; x_wconf 86' lang='lat' dir='ltr'>qui</span> <span class='ocrx_word' id='word_1_324' title='bbox 2912 2036 3141 2108; x_wconf 87' lang='lat' dir='ltr'>reliquit</span> <span class='ocrx_word' id='word_1_325' title='bbox 3153 2039 3408 2112; x_wconf 90' lang='lat' dir='ltr'>domum,</span> 
     </span>
    </p>
   </div>
   <div class='ocr_carea' id='block_1_45' title="bbox 1778 2121 3412 2202">
    <p class='ocr_par' dir='ltr' id='par_1_45' title="bbox 1778 2121 3412 2202">
     <span class='ocr_line' id='line_1_45' title="bbox 1778 2121 3412 2202; baseline 0.01 -29"><span class='ocrx_word' id='word_1_326' title='bbox 1778 2121 1862 2174; x_wconf 91' lang='lat' dir='ltr'>vel</span> <span class='ocrx_word' id='word_1_327' title='bbox 1893 2121 2092 2176; x_wconf 86' lang='lat' dir='ltr'>fratres</span> <span class='ocrx_word' id='word_1_328' title='bbox 2118 2127 2216 2176; x_wconf 90' lang='lat' dir='ltr'>aut</span> <span class='ocrx_word' id='word_1_329' title='bbox 2243 2140 2486 2193; x_wconf 88' lang='lat' dir='ltr'>sorores,</span> <span class='ocrx_word' id='word_1_330' title='bbox 2518 2131 2616 2180; x_wconf 90' lang='lat' dir='ltr'>aut</span> <span class='ocrx_word' id='word_1_331' title='bbox 2642 2131 2880 2197; x_wconf 89' lang='lat' dir='ltr'>patrem,</span> <span class='ocrx_word' id='word_1_332' title='bbox 2904 2135 3002 2182; x_wconf 89' lang='lat' dir='ltr'>aut</span> <span class='ocrx_word' id='word_1_333' title='bbox 3030 2137 3290 2202; x_wconf 89' lang='lat' dir='ltr'>matrem,</span> <span class='ocrx_word' id='word_1_334' title='bbox 3313 2142 3412 2190; x_wconf 88' lang='lat' dir='ltr'>aut</span> 
     </span>
    </p>
   </div>
   <div class='ocr_carea' id='block_1_46' title="bbox 1778 2215 3408 2297">
    <p class='ocr_par' dir='ltr' id='par_1_46' title="bbox 1778 2215 3408 2297">
     <span class='ocr_line' id='line_1_46' title="bbox 1778 2215 3408 2297; baseline 0.01 -31"><span class='ocrx_word' id='word_1_335' title='bbox 1778 2229 2036 2284; x_wconf 90' lang='lat' dir='ltr'>uxorem,</span> <span class='ocrx_word' id='word_1_336' title='bbox 2069 2221 2166 2270; x_wconf 90' lang='lat' dir='ltr'>aut</span> <span class='ocrx_word' id='word_1_337' title='bbox 2194 2215 2353 2286; x_wconf 89' lang='lat' dir='ltr'>ﬁlios,</span> <span class='ocrx_word' id='word_1_338' title='bbox 2384 2223 2482 2272; x_wconf 91' lang='lat' dir='ltr'>aut</span> <span class='ocrx_word' id='word_1_339' title='bbox 2510 2235 2676 2290; x_wconf 90' lang='lat' dir='ltr'>agros</span> <span class='ocrx_word' id='word_1_340' title='bbox 2701 2226 2934 2292; x_wconf 89' lang='lat' dir='ltr'>propter</span> <span class='ocrx_word' id='word_1_341' title='bbox 2955 2239 3163 2279; x_wconf 89' lang='lat' dir='ltr'>nomen</span> <span class='ocrx_word' id='word_1_342' title='bbox 3192 2243 3408 2297; x_wconf 83' lang='lat' dir='ltr'>meum,</span> 
     </span>
    </p>
   </div>
   <div class='ocr_carea' id='block_1_47' title="bbox 1779 2308 3406 2389">
    <p class='ocr_par' dir='ltr' id='par_1_47' title="bbox 1779 2308 3406 2389">
     <span class='ocr_line' id='line_1_47' title="bbox 1779 2308 3406 2389; baseline 0.009 -28"><span class='ocrx_word' id='word_1_343' title='bbox 1779 2308 2107 2380; x_wconf 83' lang='lat' dir='ltr'>centuplum</span> <span class='ocrx_word' id='word_1_344' title='bbox 2151 2309 2405 2381; x_wconf 84' lang='lat' dir='ltr'>accipiet,</span> <span class='ocrx_word' id='word_1_345' title='bbox 2458 2315 2514 2365; x_wconf 92' lang='lat' dir='ltr'>et</span> <span class='ocrx_word' id='word_1_346' title='bbox 2555 2313 2729 2368; x_wconf 89' lang='lat' dir='ltr'>vitam</span> <span class='ocrx_word' id='word_1_347' title='bbox 2770 2319 3041 2371; x_wconf 68' lang='lat' dir='ltr'>aeternam</span> <span class='ocrx_word' id='word_1_348' title='bbox 3079 2319 3406 2389; x_wconf 88' lang='lat' dir='ltr'>possidebit.</span> 
     </span>
    </p>
   </div>
   <div class='ocr_carea' id='block_1_48' title="bbox 1778 2400 3408 2476">
    <p class='ocr_par' dir='ltr' id='par_1_48' title="bbox 1778 2400 3408 2476">
     <span class='ocr_line' id='line_1_48' title="bbox 1778 2400 3408 2476; baseline 0.01 -23"><span class='ocrx_word' id='word_1_349' title='bbox 1778 2400 1933 2454; x_wconf 85' lang='lat' dir='ltr'>Multi</span> <span class='ocrx_word' id='word_1_350' title='bbox 1976 2404 2169 2456; x_wconf 90' lang='lat' dir='ltr'>autem</span> <span class='ocrx_word' id='word_1_351' title='bbox 2214 2409 2384 2459; x_wconf 92' lang='lat' dir='ltr'>erunt</span> <span class='ocrx_word' id='word_1_352' title='bbox 2420 2405 2592 2476; x_wconf 88' lang='lat' dir='ltr'>primi</span> <span class='ocrx_word' id='word_1_353' title='bbox 2641 2407 2950 2476; x_wconf 87' lang='lat' dir='ltr'>novissimi,</span> <span class='ocrx_word' id='word_1_354' title='bbox 3011 2413 3066 2464; x_wconf 89' lang='lat' dir='ltr'>et</span> <span class='ocrx_word' id='word_1_355' title='bbox 3119 2413 3408 2469; x_wconf 88' lang='lat' dir='ltr'>novissimi</span> 
     </span>
    </p>
   </div>
   <div class='ocr_carea' id='block_1_49' title="bbox 1780 2493 1968 2565">
    <p class='ocr_par' dir='ltr' id='par_1_49' title="bbox 1780 2493 1968 2565">
     <span class='ocr_line' id='line_1_49' title="bbox 1780 2493 1968 2565; baseline -0.005 -17"><span class='ocrx_word' id='word_1_356' title='bbox 1780 2493 1968 2565; x_wconf 89' lang='lat' dir='ltr'>primi.</span> 
     </span>
    </p>
   </div>
   <div class='ocr_carea' id='block_1_50' title="bbox 2385 2584 2798 2625">
    <p class='ocr_par' dir='ltr' id='par_1_50' title="bbox 2385 2584 2798 2625">
     <span class='ocr_line' id='line_1_50' title="bbox 2385 2584 2798 2625; baseline 0.005 -4"><span class='ocrx_word' id='word_1_357' title='bbox 2385 2584 2582 2623; x_wconf 75' lang='lat' dir='ltr'>INCIPIT</span> <span class='ocrx_word' id='word_1_358' title='bbox 2621 2585 2798 2625; x_wconf 74' lang='lat' dir='ltr'>MISSA.</span> 
     </span>
    </p>
   </div>
   <div class='ocr_carea' id='block_1_51' title="bbox 2153 2659 2986 2726">
    <p class='ocr_par' dir='ltr' id='par_1_51' title="bbox 2153 2659 2986 2726">
     <span class='ocr_line' id='line_1_51' title="bbox 2153 2659 2986 2726; baseline 0.007 -19"><span class='ocrx_word' id='word_1_359' title='bbox 2153 2659 2401 2709; x_wconf 90' lang='lat' dir='ltr'>Collectio</span> <span class='ocrx_word' id='word_1_360' title='bbox 2426 2665 2543 2724; x_wconf 89' lang='lat' dir='ltr'>post</span> <span class='ocrx_word' id='word_1_361' title='bbox 2576 2662 2902 2726; x_wconf 84' lang='lat' dir='ltr'>prOphetiam</span> <span class='ocrx_word' id='word_1_362' title='bbox 2921 2665 2948 2704; x_wconf 86' lang='lat' dir='ltr'>b</span> <span class='ocrx_word' id='word_1_363' title='bbox 2978 2703 2986 2713; x_wconf 94' lang='lat'>.</span> 
     </span>
    </p>
   </div>
   <div class='ocr_carea' id='block_1_52' title="bbox 1854 2738 3404 2823">
    <p class='ocr_par' dir='ltr' id='par_1_52' title="bbox 1854 2738 3404 2823">
     <span class='ocr_line' id='line_1_52' title="bbox 1854 2738 3404 2823; baseline 0.012 -32"><span class='ocrx_word' id='word_1_364' title='bbox 1854 2738 2086 2794; x_wconf 90' lang='lat' dir='ltr'>Domine</span> <span class='ocrx_word' id='word_1_365' title='bbox 2127 2741 2257 2794; x_wconf 84' lang='lat' dir='ltr'>Jesu</span> <span class='ocrx_word' id='word_1_366' title='bbox 2282 2741 2521 2808; x_wconf 89' lang='lat' dir='ltr'>Christe,</span> <span class='ocrx_word' id='word_1_367' title='bbox 2553 2759 2680 2814; x_wconf 91' lang='lat' dir='ltr'>spes</span> <span class='ocrx_word' id='word_1_368' title='bbox 2708 2748 2765 2798; x_wconf 90' lang='lat' dir='ltr'>et</span> <span class='ocrx_word' id='word_1_369' title='bbox 2794 2745 2942 2798; x_wconf 89' lang='lat' dir='ltr'>salus</span> <span class='ocrx_word' id='word_1_370' title='bbox 2968 2747 3206 2804; x_wconf 91' lang='lat' dir='ltr'>humani</span> <span class='ocrx_word' id='word_1_371' title='bbox 3233 2767 3404 2823; x_wconf 87' lang='lat' dir='ltr'>gene—</span> 
     </span>
    </p>
   </div>
   <div class='ocr_carea' id='block_1_53' title="bbox 1782 2830 3406 2918">
    <p class='ocr_par' dir='ltr' id='par_1_53' title="bbox 1782 2830 3406 2918">
     <span class='ocr_line' id='line_1_53' title="bbox 1782 2830 3406 2918; baseline 0.012 -35"><span class='ocrx_word' id='word_1_372' title='bbox 1782 2830 1876 2897; x_wconf 86' lang='lat' dir='ltr'>ris,</span> <span class='ocrx_word' id='word_1_373' title='bbox 1909 2832 2005 2902; x_wconf 89' lang='lat' dir='ltr'>qui</span> <span class='ocrx_word' id='word_1_374' title='bbox 2036 2833 2105 2886; x_wconf 92' lang='lat' dir='ltr'>ad</span> <span class='ocrx_word' id='word_1_375' title='bbox 2136 2851 2236 2888; x_wconf 93' lang='lat' dir='ltr'>nos</span> <span class='ocrx_word' id='word_1_376' title='bbox 2263 2835 2494 2889; x_wconf 90' lang='lat' dir='ltr'>veniens</span> <span class='ocrx_word' id='word_1_377' title='bbox 2524 2852 2591 2890; x_wconf 87' lang='lat' dir='ltr'>ex</span> <span class='ocrx_word' id='word_1_378' title='bbox 2636 2837 2749 2891; x_wconf 89' lang='lat' dir='ltr'>alto</span> <span class='ocrx_word' id='word_1_379' title='bbox 2787 2838 3007 2895; x_wconf 88' lang='lat' dir='ltr'>visitare</span> <span class='ocrx_word' id='word_1_380' title='bbox 3034 2841 3298 2914; x_wconf 88' lang='lat' dir='ltr'>dignatus</span> <span class='ocrx_word' id='word_1_381' title='bbox 3328 2864 3406 2918; x_wconf 90' lang='lat' dir='ltr'>es,</span> 
     </span>
    </p>
   </div>
   <div class='ocr_carea' id='block_1_54' title="bbox 1782 2923 3410 3001">
    <p class='ocr_par' dir='ltr' id='par_1_54' title="bbox 1782 2923 3410 3001">
     <span class='ocr_line' id='line_1_54' title="bbox 1782 2923 3410 3001; baseline 0.01 -24"><span class='ocrx_word' id='word_1_382' title='bbox 1782 2928 1838 2977; x_wconf 93' lang='lat' dir='ltr'>et</span> <span class='ocrx_word' id='word_1_383' title='bbox 1877 2923 1944 2978; x_wconf 90' lang='lat' dir='ltr'>de</span> <span class='ocrx_word' id='word_1_384' title='bbox 1992 2926 2226 2998; x_wconf 86' lang='lat' dir='ltr'>antiqua</span> <span class='ocrx_word' id='word_1_385' title='bbox 2262 2931 2445 2982; x_wconf 85' lang='lat' dir='ltr'>morte</span> <span class='ocrx_word' id='word_1_386' title='bbox 2484 2929 2693 2999; x_wconf 89' lang='lat' dir='ltr'>peccati</span> <span class='ocrx_word' id='word_1_387' title='bbox 2741 2947 2844 3001; x_wconf 92' lang='lat' dir='ltr'>per</span> <span class='ocrx_word' id='word_1_388' title='bbox 2889 2933 3263 2992; x_wconf 87' lang='lat' dir='ltr'>miserationis</span> <span class='ocrx_word' id='word_1_389' title='bbox 3294 2944 3410 2995; x_wconf 78' lang='lat' dir='ltr'>tuae</span> 
     </span>
    </p>
   </div>
   <div class='ocr_carea' id='block_1_55' title="bbox 1781 3018 3406 3100">
    <p class='ocr_par' dir='ltr' id='par_1_55' title="bbox 1781 3018 3406 3100">
     <span class='ocr_line' id='line_1_55' title="bbox 1781 3018 3406 3100; baseline 0.012 -30"><span class='ocrx_word' id='word_1_390' title='bbox 1781 3018 2048 3088; x_wconf 78' lang='lat' dir='ltr'>mysteria</span> <span class='ocrx_word' id='word_1_391' title='bbox 2077 3020 2407 3088; x_wconf 88' lang='lat' dir='ltr'>redemisti;</span> <span class='ocrx_word' id='word_1_392' title='bbox 2441 3021 2537 3092; x_wconf 91' lang='lat' dir='ltr'>qui</span> <span class='ocrx_word' id='word_1_393' title='bbox 2563 3021 2817 3078; x_wconf 85' lang='lat' dir='ltr'>inluxisti</span> <span class='ocrx_word' id='word_1_394' title='bbox 2843 3026 3025 3095; x_wconf 87' lang='lat' dir='ltr'>nobis,</span> <span class='ocrx_word' id='word_1_395' title='bbox 3058 3029 3157 3100; x_wconf 91' lang='lat' dir='ltr'>qui</span> <span class='ocrx_word' id='word_1_396' title='bbox 3185 3033 3406 3088; x_wconf 89' lang='lat' dir='ltr'>erraba-</span> 
     </span>
    </p>
   </div>
   <div class='ocr_carea' id='block_1_56' title="bbox 1782 3110 3410 3183">
    <p class='ocr_par' dir='ltr' id='par_1_56' title="bbox 1782 3110 3410 3183">
     <span class='ocr_line' id='line_1_56' title="bbox 1782 3110 3410 3183; baseline 0.012 -20"><span class='ocrx_word' id='word_1_397' title='bbox 1782 3127 1908 3165; x_wconf 91' lang='lat' dir='ltr'>mus</span> <span class='ocrx_word' id='word_1_398' title='bbox 1945 3110 2000 3166; x_wconf 93' lang='lat' dir='ltr'>in</span> <span class='ocrx_word' id='word_1_399' title='bbox 2045 3114 2311 3182; x_wconf 87' lang='lat' dir='ltr'>tenebris,</span> <span class='ocrx_word' id='word_1_400' title='bbox 2349 3119 2405 3168; x_wconf 90' lang='lat' dir='ltr'>et</span> <span class='ocrx_word' id='word_1_401' title='bbox 2442 3115 2668 3169; x_wconf 83' lang='lat' dir='ltr'>vitalem</span> <span class='ocrx_word' id='word_1_402' title='bbox 2709 3117 2860 3171; x_wconf 90' lang='lat' dir='ltr'>diem</span> <span class='ocrx_word' id='word_1_403' title='bbox 2897 3119 2957 3174; x_wconf 89' lang='lat' dir='ltr'>in</span> <span class='ocrx_word' id='word_1_404' title='bbox 2985 3124 3187 3180; x_wconf 90' lang='lat' dir='ltr'>umbra</span> <span class='ocrx_word' id='word_1_405' title='bbox 3213 3129 3410 3183; x_wconf 89' lang='lat' dir='ltr'>mortis</span> 
     </span>
    </p>
   </div>
   <div class='ocr_carea' id='block_1_57' title="bbox 1781 3205 3408 3293">
    <p class='ocr_par' dir='ltr' id='par_1_57' title="bbox 1781 3205 3408 3293">
     <span class='ocr_line' id='line_1_57' title="bbox 1781 3205 3408 3293; baseline 0.01 -34"><span class='ocrx_word' id='word_1_406' title='bbox 1781 3205 2103 3260; x_wconf 88' lang='lat' dir='ltr'>sedentibus</span> <span class='ocrx_word' id='word_1_407' title='bbox 2138 3206 2408 3276; x_wconf 88' lang='lat' dir='ltr'>intulisti;</span> <span class='ocrx_word' id='word_1_408' title='bbox 2450 3208 2684 3278; x_wconf 91' lang='lat' dir='ltr'>respice,</span> <span class='ocrx_word' id='word_1_409' title='bbox 2722 3211 2980 3283; x_wconf 89' lang='lat' dir='ltr'>Domine,</span> <span class='ocrx_word' id='word_1_410' title='bbox 3019 3221 3075 3270; x_wconf 92' lang='lat' dir='ltr'>et</span> <span class='ocrx_word' id='word_1_411' title='bbox 3100 3217 3282 3291; x_wconf 85' lang='lat' dir='ltr'>dirige</span> <span class='ocrx_word' id='word_1_412' title='bbox 3309 3239 3408 3293; x_wconf 89' lang='lat' dir='ltr'>pe-</span> 
     </span>
    </p>
   </div>
   <div class='ocr_carea' id='block_1_58' title="bbox 1782 3297 2731 3373">
    <p class='ocr_par' dir='ltr' id='par_1_58' title="bbox 1782 3297 2731 3373">
     <span class='ocr_line' id='line_1_58' title="bbox 1782 3297 2731 3373; baseline 0.004 -21"><span class='ocrx_word' id='word_1_413' title='bbox 1782 3297 1879 3352; x_wconf 91' lang='lat' dir='ltr'>des</span> <span class='ocrx_word' id='word_1_414' title='bbox 1900 3303 2118 3354; x_wconf 91' lang='lat' dir='ltr'>nostros</span> <span class='ocrx_word' id='word_1_415' title='bbox 2146 3299 2204 3354; x_wconf 90' lang='lat' dir='ltr'>in</span> <span class='ocrx_word' id='word_1_416' title='bbox 2230 3301 2379 3355; x_wconf 91' lang='lat' dir='ltr'>viam</span> <span class='ocrx_word' id='word_1_417' title='bbox 2404 3301 2578 3373; x_wconf 91' lang='lat' dir='ltr'>pacis.</span> <span class='ocrx_word' id='word_1_418' title='bbox 2609 3304 2731 3357; x_wconf 90' lang='lat' dir='ltr'>Per.</span> 
     </span>
    </p>
   </div>
   <div class='ocr_carea' id='block_1_59' title="bbox 2465 3394 2725 3444">
    <p class='ocr_par' dir='ltr' id='par_1_59' title="bbox 2465 3394 2725 3444">
     <span class='ocr_line' id='line_1_59' title="bbox 2465 3394 2725 3444; baseline 0.008 -2"><span class='ocrx_word' id='word_1_419' title='bbox 2465 3394 2700 3444; x_wconf 66' lang='lat' dir='ltr'>Praefatio</span> <span class='ocrx_word' id='word_1_420' title='bbox 2715 3434 2725 3444; x_wconf 97' lang='lat'>.</span> 
     </span>
    </p>
   </div>
   <div class='ocr_carea' id='block_1_60' title="bbox 1854 3473 3408 3560">
    <p class='ocr_par' dir='ltr' id='par_1_60' title="bbox 1854 3473 3408 3560">
     <span class='ocr_line' id='line_1_60' title="bbox 1854 3473 3408 3560; baseline 0.012 -34"><span class='ocrx_word' id='word_1_421' title='bbox 1854 3473 2085 3527; x_wconf 90' lang='lat' dir='ltr'>Domine</span> <span class='ocrx_word' id='word_1_422' title='bbox 2117 3474 2263 3528; x_wconf 91' lang='lat' dir='ltr'>Deus</span> <span class='ocrx_word' id='word_1_423' title='bbox 2291 3474 2873 3547; x_wconf 84' lang='lat' dir='ltr'>incomprehensibilis</span> <span class='ocrx_word' id='word_1_424' title='bbox 2902 3485 2958 3534; x_wconf 91' lang='lat' dir='ltr'>et</span> <span class='ocrx_word' id='word_1_425' title='bbox 2998 3481 3408 3560; x_wconf 90' lang='lat' dir='ltr'>inenarrabilis,</span> 
     </span>
    </p>
   </div>
   <div class='ocr_carea' id='block_1_61' title="bbox 1781 3565 3412 3648">
    <p class='ocr_par' dir='ltr' id='par_1_61' title="bbox 1781 3565 3412 3648">
     <span class='ocr_line' id='line_1_61' title="bbox 1781 3565 3412 3648; baseline 0.013 -30"><span class='ocrx_word' id='word_1_426' title='bbox 1781 3566 1878 3636; x_wconf 93' lang='lat' dir='ltr'>qui</span> <span class='ocrx_word' id='word_1_427' title='bbox 1908 3565 2133 3621; x_wconf 85' lang='lat' dir='ltr'>dixisti:</span> <span class='ocrx_word' id='word_1_428' title='bbox 2165 3568 2284 3623; x_wconf 90' lang='lat' dir='ltr'>Non</span> <span class='ocrx_word' id='word_1_429' title='bbox 2325 3569 2452 3622; x_wconf 88' lang='lat' dir='ltr'>veni</span> <span class='ocrx_word' id='word_1_430' title='bbox 2491 3585 2686 3624; x_wconf 90' lang='lat' dir='ltr'>vocare</span> <span class='ocrx_word' id='word_1_431' title='bbox 2723 3571 2924 3640; x_wconf 91' lang='lat' dir='ltr'>justos,</span> <span class='ocrx_word' id='word_1_432' title='bbox 2959 3576 3056 3630; x_wconf 91' lang='lat' dir='ltr'>sed</span> <span class='ocrx_word' id='word_1_433' title='bbox 3093 3585 3412 3648; x_wconf 88' lang='lat' dir='ltr'>peccatores</span> 
     </span>
    </p>
   </div>
   <div class='ocr_carea' id='block_1_62' title="bbox 79 3647 3408 3747">
    <p class='ocr_par' dir='ltr' id='par_1_62' title="bbox 79 3647 3408 3747">
     <span class='ocr_line' id='line_1_62' title="bbox 79 3647 3408 3747; baseline 0.009 -46"><span class='ocrx_word' id='word_1_434' title='bbox 79 3647 290 3721; x_wconf 86' lang='lat' dir='ltr'>Fratres,</span> <span class='ocrx_word' id='word_1_435' title='bbox 320 3655 422 3709; x_wconf 90' lang='lat' dir='ltr'>etsi</span> <span class='ocrx_word' id='word_1_436' title='bbox 453 3662 880 3727; x_wconf 63' lang='lat' dir='ltr'>praeoccupatus</span> <span class='ocrx_word' id='word_1_437' title='bbox 900 3657 1074 3712; x_wconf 86' lang='lat' dir='ltr'>fuerit</span> <span class='ocrx_word' id='word_1_438' title='bbox 1093 3658 1265 3714; x_wconf 90' lang='lat' dir='ltr'>homo</span> <span class='ocrx_word' id='word_1_439' title='bbox 1290 3659 1349 3714; x_wconf 92' lang='lat' dir='ltr'>in</span> <span class='ocrx_word' id='word_1_440' title='bbox 1378 3661 1572 3732; x_wconf 88' lang='lat' dir='ltr'>aliquo</span> <span class='ocrx_word' id='word_1_441' title='bbox 1594 3663 1686 3718; x_wconf 91' lang='lat' dir='ltr'>de-</span> <span class='ocrx_word' id='word_1_442' title='bbox 1705 3655 1760 3729; x_wconf 85' lang='lat' dir='ltr'>C</span> <span class='ocrx_word' id='word_1_443' title='bbox 1785 3659 1852 3714; x_wconf 89' lang='lat' dir='ltr'>ad</span> <span class='ocrx_word' id='word_1_444' title='bbox 1881 3660 2301 3732; x_wconf 64' lang='lat' dir='ltr'>paenitentiam;</span> <span class='ocrx_word' id='word_1_445' title='bbox 2335 3667 2389 3717; x_wconf 90' lang='lat' dir='ltr'>et</span> <span class='ocrx_word' id='word_1_446' title='bbox 2417 3677 2547 3716; x_wconf 89' lang='lat' dir='ltr'>cum</span> <span class='ocrx_word' id='word_1_447' title='bbox 2573 3663 2828 3733; x_wconf 87' lang='lat' dir='ltr'>profectu</span> <span class='ocrx_word' id='word_1_448' title='bbox 2852 3670 3044 3722; x_wconf 89' lang='lat' dir='ltr'>nostro</span> <span class='ocrx_word' id='word_1_449' title='bbox 3076 3647 3192 3726; x_wconf 82' lang='lat' dir='ltr'>non</span> <span class='ocrx_word' id='word_1_450' title='bbox 3221 3689 3408 3747; x_wconf 86' lang='lat' dir='ltr'>egeas,</span> 
     </span>
    </p>
   </div>
   <div class='ocr_carea' id='block_1_63' title="bbox 80 3740 1681 3823">
    <p class='ocr_par' dir='ltr' id='par_1_63' title="bbox 80 3740 1681 3823">
     <span class='ocr_line' id='line_1_63' title="bbox 80 3740 1681 3823; baseline 0.009 -28"><span class='ocrx_word' id='word_1_451' title='bbox 80 3740 207 3811; x_wconf 87' lang='lat' dir='ltr'>licto,</span> <span class='ocrx_word' id='word_1_452' title='bbox 229 3762 320 3800; x_wconf 90' lang='lat' dir='ltr'>vos</span> <span class='ocrx_word' id='word_1_453' title='bbox 352 3749 452 3819; x_wconf 87' lang='lat' dir='ltr'>qui</span> <span class='ocrx_word' id='word_1_454' title='bbox 485 3749 763 3820; x_wconf 88' lang='lat' dir='ltr'>spiritales</span> <span class='ocrx_word' id='word_1_455' title='bbox 795 3751 949 3818; x_wconf 89' lang='lat' dir='ltr'>estis,</span> <span class='ocrx_word' id='word_1_456' title='bbox 984 3752 1310 3823; x_wconf 90' lang='lat' dir='ltr'>hujusmodi</span> <span class='ocrx_word' id='word_1_457' title='bbox 1337 3754 1602 3810; x_wconf 89' lang='lat' dir='ltr'>instruite</span> <span class='ocrx_word' id='word_1_458' title='bbox 1621 3756 1681 3810; x_wconf 93' lang='lat' dir='ltr'>in</span> 
     </span>
    </p>
   </div>
   <div class='ocr_carea' id='block_1_64' title="bbox 81 3836 1679 3917">
    <p class='ocr_par' dir='ltr' id='par_1_64' title="bbox 81 3836 1679 3917">
     <span class='ocr_line' id='line_1_64' title="bbox 81 3836 1679 3917; baseline 0.009 -27"><span class='ocrx_word' id='word_1_459' title='bbox 81 3836 252 3906; x_wconf 89' lang='lat' dir='ltr'>spiritu</span> <span class='ocrx_word' id='word_1_460' title='bbox 278 3840 541 3912; x_wconf 87' lang='lat' dir='ltr'>lenitatis,</span> <span class='ocrx_word' id='word_1_461' title='bbox 575 3843 936 3899; x_wconf 86' lang='lat' dir='ltr'>considerans</span> <span class='ocrx_word' id='word_1_462' title='bbox 962 3848 1016 3900; x_wconf 87' lang='lat' dir='ltr'>te</span> <span class='ocrx_word' id='word_1_463' title='bbox 1043 3845 1253 3917; x_wconf 90' lang='lat' dir='ltr'>ipsum,</span> <span class='ocrx_word' id='word_1_464' title='bbox 1282 3863 1354 3902; x_wconf 92' lang='lat' dir='ltr'>ne</span> <span class='ocrx_word' id='word_1_465' title='bbox 1385 3854 1442 3903; x_wconf 91' lang='lat' dir='ltr'>et</span> <span class='ocrx_word' id='word_1_466' title='bbox 1467 3854 1528 3903; x_wconf 92' lang='lat' dir='ltr'>tu</span> <span class='ocrx_word' id='word_1_467' title='bbox 1555 3852 1679 3904; x_wconf 90' lang='lat' dir='ltr'>ten-</span> 
     </span>
    </p>
   </div>
   <div class='ocr_carea' id='block_1_65' title="bbox 82 3930 1679 4013">
    <p class='ocr_par' dir='ltr' id='par_1_65' title="bbox 82 3930 1679 4013">
     <span class='ocr_line' id='line_1_65' title="bbox 82 3930 1679 4013; baseline 0.009 -30"><span class='ocrx_word' id='word_1_468' title='bbox 82 3930 210 3985; x_wconf 83' lang='lat' dir='ltr'>teris.</span> <span class='ocrx_word' id='word_1_469' title='bbox 241 3934 386 3990; x_wconf 85' lang='lat' dir='ltr'>Alter</span> <span class='ocrx_word' id='word_1_470' title='bbox 411 3935 644 3990; x_wconf 86' lang='lat' dir='ltr'>alterius</span> <span class='ocrx_word' id='word_1_471' title='bbox 669 3953 840 3992; x_wconf 91' lang='lat' dir='ltr'>onera</span> <span class='ocrx_word' id='word_1_472' title='bbox 867 3943 1103 4009; x_wconf 87' lang='lat' dir='ltr'>portate,</span> <span class='ocrx_word' id='word_1_473' title='bbox 1134 3945 1190 3995; x_wconf 91' lang='lat' dir='ltr'>et</span> <span class='ocrx_word' id='word_1_474' title='bbox 1215 3939 1290 3994; x_wconf 91' lang='lat' dir='ltr'>sic</span> <span class='ocrx_word' id='word_1_475' title='bbox 1341 3941 1679 4013; x_wconf 91' lang='lat' dir='ltr'>adimplebi-</span> 
     </span>
    </p>
   </div>
   <div class='ocr_carea' id='block_1_66' title="bbox 84 4020 589 4097">
    <p class='ocr_par' dir='ltr' id='par_1_66' title="bbox 84 4020 589 4097">
     <span class='ocr_line' id='line_1_66' title="bbox 84 4020 589 4097; baseline 0.01 -19"><span class='ocrx_word' id='word_1_476' title='bbox 84 4020 138 4074; x_wconf 77' lang='lat' dir='ltr'>tis</span> <span class='ocrx_word' id='word_1_477' title='bbox 162 4024 336 4097; x_wconf 89' lang='lat' dir='ltr'>legem</span> <span class='ocrx_word' id='word_1_478' title='bbox 359 4029 589 4084; x_wconf 88' lang='lat' dir='ltr'>Christi.</span> 
     </span>
    </p>
   </div>
   <div class='ocr_carea' id='block_1_67' title="bbox 215 4117 1525 4186">
    <p class='ocr_par' dir='ltr' id='par_1_67' title="bbox 215 4117 1525 4186">
     <span class='ocr_line' id='line_1_67' title="bbox 215 4117 1525 4186; baseline 0.007 -19"><span class='ocrx_word' id='word_1_479' title='bbox 215 4117 378 4170; x_wconf 84' lang='lat' dir='ltr'>Lectio</span> <span class='ocrx_word' id='word_1_480' title='bbox 409 4122 575 4172; x_wconf 88' lang='lat' dir='ltr'>sancti</span> <span class='ocrx_word' id='word_1_481' title='bbox 603 4123 869 4186; x_wconf 82' lang='lat' dir='ltr'>Evangelii</span> <span class='ocrx_word' id='word_1_482' title='bbox 902 4123 1188 4174; x_wconf 88' lang='lat' dir='ltr'>secundum</span> <span class='ocrx_word' id='word_1_483' title='bbox 1214 4125 1525 4176; x_wconf 71' lang='lat' dir='ltr'>Mattbaaum.</span> 
     </span>
    </p>
   </div>
   <div class='ocr_carea' id='block_1_68' title="bbox 142 4197 1680 4272">
    <p class='ocr_par' dir='ltr' id='par_1_68' title="bbox 142 4197 1680 4272">
     <span class='ocr_line' id='line_1_68' title="bbox 142 4197 1680 4272; baseline 0.007 -20"><span class='ocrx_word' id='word_1_484' title='bbox 142 4197 327 4255; x_wconf 87' lang='lat' dir='ltr'>Diebus</span> <span class='ocrx_word' id='word_1_485' title='bbox 369 4203 502 4272; x_wconf 90' lang='lat' dir='ltr'>illis,</span> <span class='ocrx_word' id='word_1_486' title='bbox 531 4204 803 4259; x_wconf 88' lang='lat' dir='ltr'>accedens</span> <span class='ocrx_word' id='word_1_487' title='bbox 840 4221 989 4260; x_wconf 90' lang='lat' dir='ltr'>unus</span> <span class='ocrx_word' id='word_1_488' title='bbox 1030 4206 1099 4260; x_wconf 88' lang='lat' dir='ltr'>de</span> <span class='ocrx_word' id='word_1_489' title='bbox 1138 4206 1344 4261; x_wconf 87' lang='lat' dir='ltr'>Scribis</span> <span class='ocrx_word' id='word_1_490' title='bbox 1385 4207 1457 4262; x_wconf 91' lang='lat' dir='ltr'>ad</span> <span class='ocrx_word' id='word_1_491' title='bbox 1485 4207 1680 4263; x_wconf 86' lang='lat' dir='ltr'>Domi-</span> 
     </span>
    </p>
   </div>
   <div class='ocr_carea' id='block_1_69' title="bbox 85 4293 1685 4372">
    <p class='ocr_par' dir='ltr' id='par_1_69' title="bbox 85 4293 1685 4372">
     <span class='ocr_line' id='line_1_69' title="bbox 85 4293 1685 4372; baseline 0.008 -29"><span class='ocrx_word' id='word_1_492' title='bbox 85 4304 202 4345; x_wconf 86' lang='lat' dir='ltr'>num</span> <span class='ocrx_word' id='word_1_493' title='bbox 226 4293 428 4363; x_wconf 84' lang='lat' dir='ltr'>lesum,</span> <span class='ocrx_word' id='word_1_494' title='bbox 459 4302 516 4352; x_wconf 89' lang='lat' dir='ltr'>et</span> <span class='ocrx_word' id='word_1_495' title='bbox 552 4297 686 4352; x_wconf 92' lang='lat' dir='ltr'>dicit</span> <span class='ocrx_word' id='word_1_496' title='bbox 711 4297 794 4352; x_wconf 90' lang='lat' dir='ltr'>illi</span> <span class='ocrx_word' id='word_1_497' title='bbox 823 4315 836 4353; x_wconf 87' lang='lat'><strong>:</strong></span> <span class='ocrx_word' id='word_1_498' title='bbox 869 4299 1132 4370; x_wconf 87' lang='lat' dir='ltr'>Magister</span> <span class='ocrx_word' id='word_1_499' title='bbox 1174 4298 1341 4370; x_wconf 90' lang='lat' dir='ltr'>bone,</span> <span class='ocrx_word' id='word_1_500' title='bbox 1378 4300 1515 4372; x_wconf 90' lang='lat' dir='ltr'>quid</span> <span class='ocrx_word' id='word_1_501' title='bbox 1550 4300 1685 4356; x_wconf 89' lang='lat' dir='ltr'>boni</span> 
     </span>
    </p>
   </div>
   <div class='ocr_carea' id='block_1_70' title="bbox 87 4380 1680 4457">
    <p class='ocr_par' dir='ltr' id='par_1_70' title="bbox 87 4380 1680 4457">
     <span class='ocr_line' id='line_1_70' title="bbox 87 4380 1680 4457; baseline 0.008 -21"><span class='ocrx_word' id='word_1_502' title='bbox 87 4380 276 4453; x_wconf 82' lang='lat' dir='ltr'>faciam,</span> <span class='ocrx_word' id='word_1_503' title='bbox 309 4395 369 4444; x_wconf 92' lang='lat' dir='ltr'>ut</span> <span class='ocrx_word' id='word_1_504' title='bbox 409 4390 652 4445; x_wconf 88' lang='lat' dir='ltr'>habeam</span> <span class='ocrx_word' id='word_1_505' title='bbox 695 4391 869 4446; x_wconf 89' lang='lat' dir='ltr'>vitam</span> <span class='ocrx_word' id='word_1_506' title='bbox 916 4393 1231 4447; x_wconf 59' lang='lat' dir='ltr'>aeternam?</span> <span class='ocrx_word' id='word_1_507' title='bbox 1269 4393 1372 4457; x_wconf 89' lang='lat' dir='ltr'>Qui</span> <span class='ocrx_word' id='word_1_508' title='bbox 1409 4394 1549 4449; x_wconf 86' lang='lat' dir='ltr'>dixit</span> <span class='ocrx_word' id='word_1_509' title='bbox 1583 4395 1633 4449; x_wconf 90' lang='lat' dir='ltr'>ei</span> <span class='ocrx_word' id='word_1_510' title='bbox 1666 4411 1680 4449; x_wconf 89' lang='lat'><strong>:</strong></span> 
     </span>
    </p>
   </div>
   <div class='ocr_carea' id='block_1_71' title="bbox 88 4476 1680 4556">
    <p class='ocr_par' dir='ltr' id='par_1_71' title="bbox 88 4476 1680 4556">
     <span class='ocr_line' id='line_1_71' title="bbox 88 4476 1680 4556; baseline 0.008 -25"><span class='ocrx_word' id='word_1_511' title='bbox 88 4476 198 4546; x_wconf 85' lang='lat' dir='ltr'>quid</span> <span class='ocrx_word' id='word_1_512' title='bbox 223 4497 308 4536; x_wconf 90' lang='lat' dir='ltr'>me</span> <span class='ocrx_word' id='word_1_513' title='bbox 330 4483 644 4556; x_wconf 87' lang='lat' dir='ltr'>interrogas</span> <span class='ocrx_word' id='word_1_514' title='bbox 669 4485 738 4540; x_wconf 91' lang='lat' dir='ltr'>de</span> <span class='ocrx_word' id='word_1_515' title='bbox 764 4485 912 4542; x_wconf 91' lang='lat' dir='ltr'>bono</span> <span class='ocrx_word' id='word_1_516' title='bbox 934 4487 962 4541; x_wconf 65' lang='grc' dir='ltr'><strong><em>Ἰ</em></strong></span> <span class='ocrx_word' id='word_1_517' title='bbox 985 4487 1139 4543; x_wconf 92' lang='lat' dir='ltr'>Unus</span> <span class='ocrx_word' id='word_1_518' title='bbox 1169 4491 1255 4542; x_wconf 90' lang='lat' dir='ltr'>est</span> <span class='ocrx_word' id='word_1_519' title='bbox 1289 4487 1472 4543; x_wconf 89' lang='lat' dir='ltr'>bonus</span> <span class='ocrx_word' id='word_1_520' title='bbox 1515 4490 1680 4544; x_wconf 91' lang='lat' dir='ltr'>Deus.</span> 
     </span>
    </p>
   </div>
   <div class='ocr_carea' id='block_1_72' title="bbox 90 4566 1687 4650">
    <p class='ocr_par' dir='ltr' id='par_1_72' title="bbox 90 4566 1687 4650">
     <span class='ocr_line' id='line_1_72' title="bbox 90 4566 1687 4650; baseline 0.008 -27"><span class='ocrx_word' id='word_1_521' title='bbox 90 4566 134 4622; x_wconf 88' lang='lat' dir='ltr'>Si</span> <span class='ocrx_word' id='word_1_522' title='bbox 157 4577 332 4629; x_wconf 88' lang='lat' dir='ltr'>autem</span> <span class='ocrx_word' id='word_1_523' title='bbox 357 4577 438 4631; x_wconf 87' lang='lat' dir='ltr'>vis</span> <span class='ocrx_word' id='word_1_524' title='bbox 462 4578 531 4632; x_wconf 91' lang='lat' dir='ltr'>ad</span> <span class='ocrx_word' id='word_1_525' title='bbox 563 4579 736 4633; x_wconf 90' lang='lat' dir='ltr'>vitam</span> <span class='ocrx_word' id='word_1_526' title='bbox 763 4578 1003 4650; x_wconf 88' lang='lat' dir='ltr'>ingredi,</span> <span class='ocrx_word' id='word_1_527' title='bbox 1036 4595 1193 4635; x_wconf 91' lang='lat' dir='ltr'>serva</span> <span class='ocrx_word' id='word_1_528' title='bbox 1228 4581 1513 4636; x_wconf 86' lang='lat' dir='ltr'>mandata.</span> <span class='ocrx_word' id='word_1_529' title='bbox 1545 4581 1687 4637; x_wconf 90' lang='lat' dir='ltr'>Dicit</span> 
     </span>
    </p>
   </div>
   <div class='ocr_carea' id='block_1_73' title="bbox 89 4658 1683 4730">
    <p class='ocr_par' dir='ltr' id='par_1_73' title="bbox 89 4658 1683 4730">
     <span class='ocr_line' id='line_1_73' title="bbox 89 4658 1683 4730; baseline 0.011 -18"><span class='ocrx_word' id='word_1_530' title='bbox 89 4658 154 4715; x_wconf 89' lang='lat' dir='ltr'>illi</span> <span class='ocrx_word' id='word_1_531' title='bbox 179 4683 191 4717; x_wconf 89' lang='lat'><strong>:</strong></span> <span class='ocrx_word' id='word_1_532' title='bbox 220 4667 347 4730; x_wconf 72' lang='lat' dir='ltr'>Quae</span> <span class='ocrx_word' id='word_1_533' title='bbox 366 4671 393 4724; x_wconf 83' lang='lat'><strong>?</strong></span> <span class='ocrx_word' id='word_1_534' title='bbox 418 4672 574 4726; x_wconf 78' lang='lat' dir='ltr'>Iesus</span> <span class='ocrx_word' id='word_1_535' title='bbox 599 4675 790 4726; x_wconf 90' lang='lat' dir='ltr'>autem</span> <span class='ocrx_word' id='word_1_536' title='bbox 820 4672 961 4727; x_wconf 91' lang='lat' dir='ltr'>dixit</span> <span class='ocrx_word' id='word_1_537' title='bbox 989 4689 1002 4727; x_wconf 93' lang='lat'><strong>:</strong></span> <span class='ocrx_word' id='word_1_538' title='bbox 1033 4673 1152 4727; x_wconf 89' lang='lat' dir='ltr'>Non</span> <span class='ocrx_word' id='word_1_539' title='bbox 1182 4674 1555 4729; x_wconf 89' lang='lat' dir='ltr'>homicidium</span> <span class='ocrx_word' id='word_1_540' title='bbox 1597 4675 1683 4729; x_wconf 90' lang='lat' dir='ltr'>fa-</span> 
     </span>
    </p>
   </div>
   <div class='ocr_carea' id='block_1_74' title="bbox 90 4754 1688 4836">
    <p class='ocr_par' dir='ltr' id='par_1_74' title="bbox 90 4754 1688 4836">
     <span class='ocr_line' id='line_1_74' title="bbox 90 4754 1688 4836; baseline 0.009 -28"><span class='ocrx_word' id='word_1_541' title='bbox 90 4754 198 4825; x_wconf 87' lang='lat' dir='ltr'>cies,</span> <span class='ocrx_word' id='word_1_542' title='bbox 226 4776 332 4816; x_wconf 92' lang='lat' dir='ltr'>non</span> <span class='ocrx_word' id='word_1_543' title='bbox 349 4763 712 4834; x_wconf 88' lang='lat' dir='ltr'>adulterabis,</span> <span class='ocrx_word' id='word_1_544' title='bbox 734 4782 847 4820; x_wconf 91' lang='lat' dir='ltr'>non</span> <span class='ocrx_word' id='word_1_545' title='bbox 875 4766 1046 4821; x_wconf 85' lang='lat' dir='ltr'>facies</span> <span class='ocrx_word' id='word_1_546' title='bbox 1065 4766 1305 4836; x_wconf 88' lang='lat' dir='ltr'>furtum,</span> <span class='ocrx_word' id='word_1_547' title='bbox 1334 4784 1451 4822; x_wconf 93' lang='lat' dir='ltr'>non</span> <span class='ocrx_word' id='word_1_548' title='bbox 1479 4767 1688 4823; x_wconf 89' lang='lat' dir='ltr'>falsum</span> 
     </span>
    </p>
   </div>
   <div class='ocr_carea' id='block_1_75' title="bbox 89 4850 1685 4930">
    <p class='ocr_par' dir='ltr' id='par_1_75' title="bbox 89 4850 1685 4930">
     <span class='ocr_line' id='line_1_75' title="bbox 89 4850 1685 4930; baseline 0.011 -31"><span class='ocrx_word' id='word_1_549' title='bbox 89 4850 435 4910; x_wconf 87' lang='lat' dir='ltr'>testimonium</span> <span class='ocrx_word' id='word_1_550' title='bbox 464 4857 646 4927; x_wconf 87' lang='lat' dir='ltr'>dices;</span> <span class='ocrx_word' id='word_1_551' title='bbox 677 4859 894 4915; x_wconf 90' lang='lat' dir='ltr'>honora</span> <span class='ocrx_word' id='word_1_552' title='bbox 918 4864 1138 4928; x_wconf 89' lang='lat' dir='ltr'>patrem</span> <span class='ocrx_word' id='word_1_553' title='bbox 1160 4865 1215 4915; x_wconf 92' lang='lat' dir='ltr'>et</span> <span class='ocrx_word' id='word_1_554' title='bbox 1231 4865 1492 4930; x_wconf 90' lang='lat' dir='ltr'>matrem,</span> <span class='ocrx_word' id='word_1_555' title='bbox 1521 4865 1577 4916; x_wconf 90' lang='lat' dir='ltr'>et</span> <span class='ocrx_word' id='word_1_556' title='bbox 1602 4861 1685 4916; x_wconf 89' lang='lat' dir='ltr'>di-</span> 
     </span>
    </p>
   </div>
   <div class='ocr_carea' id='block_1_76' title="bbox 90 4938 1685 5024">
    <p class='ocr_par' dir='ltr' id='par_1_76' title="bbox 90 4938 1685 5024">
     <span class='ocr_line' id='line_1_76' title="bbox 90 4938 1685 5024; baseline 0.008 -28"><span class='ocrx_word' id='word_1_557' title='bbox 90 4938 206 5011; x_wconf 85' lang='lat' dir='ltr'>liges</span> <span class='ocrx_word' id='word_1_558' title='bbox 228 4949 544 5018; x_wconf 87' lang='lat' dir='ltr'>proximum</span> <span class='ocrx_word' id='word_1_559' title='bbox 581 4955 742 5006; x_wconf 91' lang='lat' dir='ltr'>tuum</span> <span class='ocrx_word' id='word_1_560' title='bbox 770 4953 914 5007; x_wconf 87' lang='lat' dir='ltr'>sicut</span> <span class='ocrx_word' id='word_1_561' title='bbox 943 4953 1203 5024; x_wconf 89' lang='lat' dir='ltr'>teipsum.</span> <span class='ocrx_word' id='word_1_562' title='bbox 1236 4954 1382 5008; x_wconf 90' lang='lat' dir='ltr'>Dicit</span> <span class='ocrx_word' id='word_1_563' title='bbox 1421 4953 1503 5008; x_wconf 91' lang='lat' dir='ltr'>illi</span> <span class='ocrx_word' id='word_1_564' title='bbox 1547 4954 1685 5008; x_wconf 90' lang='lat' dir='ltr'>adu-</span> 
     </span>
    </p>
   </div>
   <div class='ocr_carea' id='block_1_77' title="bbox 1784 3752 3410 3838">
    <p class='ocr_par' dir='ltr' id='par_1_77' title="bbox 1784 3752 3410 3838">
     <span class='ocr_line' id='line_1_77' title="bbox 1784 3752 3410 3838; baseline 0.011 -32"><span class='ocrx_word' id='word_1_565' title='bbox 1784 3752 1995 3825; x_wconf 90' lang='lat' dir='ltr'>gaudes</span> <span class='ocrx_word' id='word_1_566' title='bbox 2020 3757 2211 3809; x_wconf 89' lang='lat' dir='ltr'>tamen</span> <span class='ocrx_word' id='word_1_567' title='bbox 2237 3772 2407 3827; x_wconf 91' lang='lat' dir='ltr'>super</span> <span class='ocrx_word' id='word_1_568' title='bbox 2433 3760 2782 3827; x_wconf 88' lang='lat' dir='ltr'>peccatorem</span> <span class='ocrx_word' id='word_1_569' title='bbox 2813 3759 3204 3830; x_wconf 84' lang='lat' dir='ltr'>paenitentiam</span> <span class='ocrx_word' id='word_1_570' title='bbox 3232 3783 3410 3838; x_wconf 86' lang='lat' dir='ltr'>agen-</span> 
     </span>
    </p>
   </div>
   <div class='ocr_carea' id='block_1_78' title="bbox 1779 3847 3414 3921">
    <p class='ocr_par' dir='ltr' id='par_1_78' title="bbox 1779 3847 3414 3921">
     <span class='ocr_line' id='line_1_78' title="bbox 1779 3847 3414 3921; baseline 0.01 -21"><span class='ocrx_word' id='word_1_571' title='bbox 1779 3850 1918 3916; x_wconf 91' lang='lat' dir='ltr'>tem,</span> <span class='ocrx_word' id='word_1_572' title='bbox 1947 3847 2080 3918; x_wconf 87' lang='lat' dir='ltr'>quia</span> <span class='ocrx_word' id='word_1_573' title='bbox 2106 3864 2220 3903; x_wconf 91' lang='lat' dir='ltr'>non</span> <span class='ocrx_word' id='word_1_574' title='bbox 2247 3849 2327 3902; x_wconf 89' lang='lat' dir='ltr'>vis</span> <span class='ocrx_word' id='word_1_575' title='bbox 2357 3855 2600 3906; x_wconf 92' lang='lat' dir='ltr'>mortem</span> <span class='ocrx_word' id='word_1_576' title='bbox 2629 3853 2955 3921; x_wconf 89' lang='lat' dir='ltr'>peccatoris,</span> <span class='ocrx_word' id='word_1_577' title='bbox 2986 3856 3083 3910; x_wconf 91' lang='lat' dir='ltr'>sed</span> <span class='ocrx_word' id='word_1_578' title='bbox 3108 3863 3171 3912; x_wconf 93' lang='lat' dir='ltr'>ut</span> <span class='ocrx_word' id='word_1_579' title='bbox 3185 3875 3414 3918; x_wconf 81' lang='lat' dir='ltr'>conver-</span> 
     </span>
    </p>
   </div>
   <div class='ocr_carea' id='block_1_79' title="bbox 1781 3940 3410 4016">
    <p class='ocr_par' dir='ltr' id='par_1_79' title="bbox 1781 3940 3410 4016">
     <span class='ocr_line' id='line_1_79' title="bbox 1781 3940 3410 4016; baseline 0.01 -21"><span class='ocrx_word' id='word_1_580' title='bbox 1781 3943 1935 3995; x_wconf 85' lang='lat' dir='ltr'>tatur</span> <span class='ocrx_word' id='word_1_581' title='bbox 1959 3943 2016 3994; x_wconf 90' lang='lat' dir='ltr'>et</span> <span class='ocrx_word' id='word_1_582' title='bbox 2043 3940 2210 3998; x_wconf 89' lang='lat' dir='ltr'>vivat.</span> <span class='ocrx_word' id='word_1_583' title='bbox 2247 3943 2518 3999; x_wconf 90' lang='lat' dir='ltr'>Converte</span> <span class='ocrx_word' id='word_1_584' title='bbox 2557 3961 2677 4013; x_wconf 93' lang='lat' dir='ltr'>nos,</span> <span class='ocrx_word' id='word_1_585' title='bbox 2713 3945 2966 4016; x_wconf 89' lang='lat' dir='ltr'>Domine,</span> <span class='ocrx_word' id='word_1_586' title='bbox 3010 3950 3080 4004; x_wconf 91' lang='lat' dir='ltr'>ad</span> <span class='ocrx_word' id='word_1_587' title='bbox 3106 3955 3160 4006; x_wconf 87' lang='lat' dir='ltr'>te</span> <span class='ocrx_word' id='word_1_588' title='bbox 3189 3957 3245 4008; x_wconf 90' lang='lat' dir='ltr'>et</span> <span class='ocrx_word' id='word_1_589' title='bbox 3275 3970 3410 4011; x_wconf 85' lang='lat' dir='ltr'>con-</span> 
     </span>
    </p>
   </div>
   <div class='ocr_carea' id='block_1_80' title="bbox 1782 4035 3413 4114">
    <p class='ocr_par' dir='ltr' id='par_1_80' title="bbox 1782 4035 3413 4114">
     <span class='ocr_line' id='line_1_80' title="bbox 1782 4035 3413 4114; baseline 0.011 -27"><span class='ocrx_word' id='word_1_590' title='bbox 1782 4038 2090 4088; x_wconf 78' lang='lat' dir='ltr'>vertamur.</span> <span class='ocrx_word' id='word_1_591' title='bbox 2117 4035 2390 4092; x_wconf 90' lang='lat' dir='ltr'>Converte</span> <span class='ocrx_word' id='word_1_592' title='bbox 2420 4054 2520 4092; x_wconf 92' lang='lat' dir='ltr'>nos</span> <span class='ocrx_word' id='word_1_593' title='bbox 2541 4039 2686 4093; x_wconf 90' lang='lat' dir='ltr'>Deus</span> <span class='ocrx_word' id='word_1_594' title='bbox 2715 4039 2973 4095; x_wconf 88' lang='lat' dir='ltr'>salutaris</span> <span class='ocrx_word' id='word_1_595' title='bbox 3019 4050 3227 4114; x_wconf 89' lang='lat' dir='ltr'>noster,</span> <span class='ocrx_word' id='word_1_596' title='bbox 3257 4053 3312 4103; x_wconf 90' lang='lat' dir='ltr'>et</span> <span class='ocrx_word' id='word_1_597' title='bbox 3340 4066 3413 4106; x_wconf 91' lang='lat' dir='ltr'>ne</span> 
     </span>
    </p>
   </div>
   <div class='ocr_carea' id='block_1_81' title="bbox 1782 4126 3412 4203">
    <p class='ocr_par' dir='ltr' id='par_1_81' title="bbox 1782 4126 3412 4203">
     <span class='ocr_line' id='line_1_81' title="bbox 1782 4126 3412 4203; baseline 0.012 -24"><span class='ocrx_word' id='word_1_598' title='bbox 1782 4126 1984 4198; x_wconf 90' lang='lat' dir='ltr'>perdas</span> <span class='ocrx_word' id='word_1_599' title='bbox 2017 4143 2119 4181; x_wconf 90' lang='lat' dir='ltr'>nos</span> <span class='ocrx_word' id='word_1_600' title='bbox 2156 4145 2286 4183; x_wconf 91' lang='lat' dir='ltr'>cum</span> <span class='ocrx_word' id='word_1_601' title='bbox 2325 4131 2565 4201; x_wconf 90' lang='lat' dir='ltr'>peccatis</span> <span class='ocrx_word' id='word_1_602' title='bbox 2609 4133 2832 4203; x_wconf 89' lang='lat' dir='ltr'>nostris,</span> <span class='ocrx_word' id='word_1_603' title='bbox 2872 4150 2945 4191; x_wconf 90' lang='lat' dir='ltr'>ne</span> <span class='ocrx_word' id='word_1_604' title='bbox 2988 4138 3172 4193; x_wconf 89' lang='lat' dir='ltr'>tradas</span> <span class='ocrx_word' id='word_1_605' title='bbox 3214 4157 3319 4197; x_wconf 91' lang='lat' dir='ltr'>nos</span> <span class='ocrx_word' id='word_1_606' title='bbox 3352 4144 3412 4200; x_wconf 93' lang='lat' dir='ltr'>in</span> 
     </span>
    </p>
   </div>
   <div class='ocr_carea' id='block_1_82' title="bbox 1782 4218 3416 4304">
    <p class='ocr_par' dir='ltr' id='par_1_82' title="bbox 1782 4218 3416 4304">
     <span class='ocr_line' id='line_1_82' title="bbox 1782 4218 3416 4304; baseline 0.013 -31"><span class='ocrx_word' id='word_1_607' title='bbox 1782 4218 1975 4274; x_wconf 91' lang='lat' dir='ltr'>ﬁnem.</span> <span class='ocrx_word' id='word_1_608' title='bbox 2005 4221 2083 4275; x_wconf 90' lang='lat' dir='ltr'>Ne</span> <span class='ocrx_word' id='word_1_609' title='bbox 2109 4220 2284 4277; x_wconf 92' lang='lat' dir='ltr'>intres</span> <span class='ocrx_word' id='word_1_610' title='bbox 2309 4223 2367 4277; x_wconf 92' lang='lat' dir='ltr'>in</span> <span class='ocrx_word' id='word_1_611' title='bbox 2381 4223 2664 4294; x_wconf 91' lang='lat' dir='ltr'>judicium</span> <span class='ocrx_word' id='word_1_612' title='bbox 2693 4244 2824 4282; x_wconf 88' lang='lat' dir='ltr'>cum</span> <span class='ocrx_word' id='word_1_613' title='bbox 2849 4231 3021 4285; x_wconf 91' lang='lat' dir='ltr'>servis</span> <span class='ocrx_word' id='word_1_614' title='bbox 3047 4233 3180 4304; x_wconf 91' lang='lat' dir='ltr'>tuis,</span> <span class='ocrx_word' id='word_1_615' title='bbox 3209 4252 3282 4292; x_wconf 91' lang='lat' dir='ltr'>ne</span> <span class='ocrx_word' id='word_1_616' title='bbox 3304 4241 3416 4293; x_wconf 81' lang='lat' dir='ltr'>tra-</span> 
     </span>
    </p>
   </div>
   <div class='ocr_carea' id='block_1_83' title="bbox 1784 4312 3412 4392">
    <p class='ocr_par' dir='ltr' id='par_1_83' title="bbox 1784 4312 3412 4392">
     <span class='ocr_line' id='line_1_83' title="bbox 1784 4312 3412 4392; baseline 0.014 -26"><span class='ocrx_word' id='word_1_617' title='bbox 1784 4312 1880 4367; x_wconf 91' lang='lat' dir='ltr'>das</span> <span class='ocrx_word' id='word_1_618' title='bbox 1907 4313 2098 4370; x_wconf 89' lang='lat' dir='ltr'>bestiis</span> <span class='ocrx_word' id='word_1_619' title='bbox 2131 4315 2380 4370; x_wconf 90' lang='lat' dir='ltr'>animam</span> <span class='ocrx_word' id='word_1_620' title='bbox 2415 4318 2776 4376; x_wconf 85' lang='lat' dir='ltr'>conﬁtentem</span> <span class='ocrx_word' id='word_1_621' title='bbox 2813 4321 2933 4392; x_wconf 89' lang='lat' dir='ltr'>tibi,</span> <span class='ocrx_word' id='word_1_622' title='bbox 2964 4335 3252 4384; x_wconf 89' lang='lat' dir='ltr'>memento</span> <span class='ocrx_word' id='word_1_623' title='bbox 3277 4347 3412 4388; x_wconf 90' lang='lat' dir='ltr'>con-</span> 
     </span>
    </p>
   </div>
   <div class='ocr_carea' id='block_1_84' title="bbox 1787 4407 3410 4499">
    <p class='ocr_par' dir='ltr' id='par_1_84' title="bbox 1787 4407 3410 4499">
     <span class='ocr_line' id='line_1_84' title="bbox 1787 4407 3410 4499; baseline 0.014 -40"><span class='ocrx_word' id='word_1_624' title='bbox 1787 4407 2127 4478; x_wconf 88' lang='lat' dir='ltr'>gregationis</span> <span class='ocrx_word' id='word_1_625' title='bbox 2155 4412 2288 4476; x_wconf 68' lang='lat' dir='ltr'>tuae,</span> <span class='ocrx_word' id='word_1_626' title='bbox 2308 4414 2366 4465; x_wconf 92' lang='lat' dir='ltr'>et</span> <span class='ocrx_word' id='word_1_627' title='bbox 2395 4410 2576 4482; x_wconf 90' lang='lat' dir='ltr'>dirige</span> <span class='ocrx_word' id='word_1_628' title='bbox 2603 4428 2704 4468; x_wconf 91' lang='lat' dir='ltr'>nos</span> <span class='ocrx_word' id='word_1_629' title='bbox 2723 4415 2780 4470; x_wconf 92' lang='lat' dir='ltr'>in</span> <span class='ocrx_word' id='word_1_630' title='bbox 2807 4415 2894 4470; x_wconf 86' lang='lat' dir='ltr'>via</span> <span class='ocrx_word' id='word_1_631' title='bbox 2917 4426 3087 4476; x_wconf 79' lang='lat' dir='ltr'>recta.</span> <span class='ocrx_word' id='word_1_632' title='bbox 3117 4423 3262 4478; x_wconf 91' lang='lat' dir='ltr'>Doce</span> <span class='ocrx_word' id='word_1_633' title='bbox 3287 4442 3410 4499; x_wconf 90' lang='lat' dir='ltr'>nos,</span> 
     </span>
    </p>
   </div>
   <div class='ocr_carea' id='block_1_85' title="bbox 1785 4498 3415 4583">
    <p class='ocr_par' dir='ltr' id='par_1_85' title="bbox 1785 4498 3415 4583">
     <span class='ocr_line' id='line_1_85' title="bbox 1785 4498 3415 4583; baseline 0.015 -31"><span class='ocrx_word' id='word_1_634' title='bbox 1785 4498 2040 4569; x_wconf 92' lang='lat' dir='ltr'>Domine,</span> <span class='ocrx_word' id='word_1_635' title='bbox 2070 4500 2254 4556; x_wconf 91' lang='lat' dir='ltr'>facere</span> <span class='ocrx_word' id='word_1_636' title='bbox 2298 4503 2651 4559; x_wconf 87' lang='lat' dir='ltr'>voluntatem</span> <span class='ocrx_word' id='word_1_637' title='bbox 2687 4511 2864 4580; x_wconf 88' lang='lat' dir='ltr'>tuam,</span> <span class='ocrx_word' id='word_1_638' title='bbox 2896 4514 3028 4583; x_wconf 88' lang='lat' dir='ltr'>quia</span> <span class='ocrx_word' id='word_1_639' title='bbox 3069 4520 3130 4570; x_wconf 92' lang='lat' dir='ltr'>tu</span> <span class='ocrx_word' id='word_1_640' title='bbox 3169 4532 3228 4572; x_wconf 92' lang='lat' dir='ltr'>es</span> <span class='ocrx_word' id='word_1_641' title='bbox 3268 4498 3415 4577; x_wconf 87' lang='lat' dir='ltr'>Deus</span> 
     </span>
    </p>
   </div>
   <div class='ocr_carea' id='block_1_86' title="bbox 1785 4593 3411 4685">
    <p class='ocr_par' dir='ltr' id='par_1_86' title="bbox 1785 4593 3411 4685">
     <span class='ocr_line' id='line_1_86' title="bbox 1785 4593 3411 4685; baseline 0.015 -39"><span class='ocrx_word' id='word_1_642' title='bbox 1785 4596 1991 4646; x_wconf 91' lang='lat' dir='ltr'>noster.</span> <span class='ocrx_word' id='word_1_643' title='bbox 2021 4593 2209 4648; x_wconf 88' lang='lat' dir='ltr'>Statue</span> <span class='ocrx_word' id='word_1_644' title='bbox 2241 4595 2412 4664; x_wconf 90' lang='lat' dir='ltr'>pedes</span> <span class='ocrx_word' id='word_1_645' title='bbox 2441 4596 2502 4650; x_wconf 90' lang='lat' dir='ltr'>in</span> <span class='ocrx_word' id='word_1_646' title='bbox 2541 4604 3049 4677; x_wconf 90' lang='lat' dir='ltr'>consummatione,</span> <span class='ocrx_word' id='word_1_647' title='bbox 3079 4614 3144 4664; x_wconf 91' lang='lat' dir='ltr'>ut</span> <span class='ocrx_word' id='word_1_648' title='bbox 3166 4616 3220 4666; x_wconf 92' lang='lat' dir='ltr'>te</span> <span class='ocrx_word' id='word_1_649' title='bbox 3246 4613 3411 4685; x_wconf 80' lang='lat' dir='ltr'>adju-</span> 
     </span>
    </p>
   </div>
   <div class='ocr_carea' id='block_1_87' title="bbox 1785 4686 3413 4766">
    <p class='ocr_par' dir='ltr' id='par_1_87' title="bbox 1785 4686 3413 4766">
     <span class='ocr_line' id='line_1_87' title="bbox 1785 4686 3413 4766; baseline 0.013 -28"><span class='ocrx_word' id='word_1_650' title='bbox 1785 4690 1948 4740; x_wconf 89' lang='lat' dir='ltr'>vante</span> <span class='ocrx_word' id='word_1_651' title='bbox 1975 4686 2265 4740; x_wconf 87' lang='lat' dir='ltr'>vincamus</span> <span class='ocrx_word' id='word_1_652' title='bbox 2292 4687 2511 4758; x_wconf 90' lang='lat' dir='ltr'>antiqui</span> <span class='ocrx_word' id='word_1_653' title='bbox 2551 4689 2730 4745; x_wconf 90' lang='lat' dir='ltr'>hostis</span> <span class='ocrx_word' id='word_1_654' title='bbox 2760 4692 3006 4765; x_wconf 91' lang='lat' dir='ltr'>insidias,</span> <span class='ocrx_word' id='word_1_655' title='bbox 3049 4708 3111 4758; x_wconf 87' lang='lat' dir='ltr'>ut</span> <span class='ocrx_word' id='word_1_656' title='bbox 3141 4705 3306 4763; x_wconf 84' lang='lat' dir='ltr'>liberi</span> <span class='ocrx_word' id='word_1_657' title='bbox 3343 4710 3413 4766; x_wconf 84' lang='lat' dir='ltr'>ab</span> 
     </span>
    </p>
   </div>
   <div class='ocr_carea' id='block_1_88' title="bbox 1787 4778 3417 4861">
    <p class='ocr_par' dir='ltr' id='par_1_88' title="bbox 1787 4778 3417 4861">
     <span class='ocr_line' id='line_1_88' title="bbox 1787 4778 3417 4861; baseline 0.018 -29"><span class='ocrx_word' id='word_1_658' title='bbox 1787 4778 2140 4834; x_wconf 86' lang='lat' dir='ltr'>infestatione</span> <span class='ocrx_word' id='word_1_659' title='bbox 2175 4779 2415 4847; x_wconf 91' lang='lat' dir='ltr'>inimici,</span> <span class='ocrx_word' id='word_1_660' title='bbox 2457 4781 2764 4838; x_wconf 86' lang='lat' dir='ltr'>serviamus</span> <span class='ocrx_word' id='word_1_661' title='bbox 2793 4786 2895 4841; x_wconf 89' lang='lat' dir='ltr'>tibi</span> <span class='ocrx_word' id='word_1_662' title='bbox 2935 4791 2997 4845; x_wconf 93' lang='lat' dir='ltr'>in</span> <span class='ocrx_word' id='word_1_663' title='bbox 3030 4799 3322 4858; x_wconf 85' lang='lat' dir='ltr'>sanctitate</span> <span class='ocrx_word' id='word_1_664' title='bbox 3359 4809 3417 4861; x_wconf 89' lang='lat' dir='ltr'>et</span> 
     </span>
    </p>
   </div>
   <div class='ocr_carea' id='block_1_89' title="bbox 1779 4872 2914 4944">
    <p class='ocr_par' dir='ltr' id='par_1_89' title="bbox 1779 4872 2914 4944">
     <span class='ocr_line' id='line_1_89' title="bbox 1779 4872 2914 4944; baseline 0.007 -17"><span class='ocrx_word' id='word_1_665' title='bbox 1779 4872 2000 4944; x_wconf 88' lang='lat' dir='ltr'>justitia</span> <span class='ocrx_word' id='word_1_666' title='bbox 2017 4873 2281 4928; x_wconf 87' lang='lat' dir='ltr'>omnibus</span> <span class='ocrx_word' id='word_1_667' title='bbox 2311 4873 2509 4929; x_wconf 89' lang='lat' dir='ltr'>diebus</span> <span class='ocrx_word' id='word_1_668' title='bbox 2534 4875 2662 4930; x_wconf 74' lang='lat' dir='ltr'>vitae</span> <span class='ocrx_word' id='word_1_669' title='bbox 2687 4882 2914 4935; x_wconf 67' lang='lat' dir='ltr'>nostras.</span> 
     </span>
    </p>
   </div>
   <div class='ocr_carea' id='block_1_90' title="bbox 2464 4967 2732 5018">
    <p class='ocr_par' dir='ltr' id='par_1_90' title="bbox 2464 4967 2732 5018">
     <span class='ocr_line' id='line_1_90' title="bbox 2464 4967 2732 5018; baseline 0.004 -1"><span class='ocrx_word' id='word_1_670' title='bbox 2464 4967 2732 5018; x_wconf 89' lang='lat' dir='ltr'>Collectio.</span> 
     </span>
    </p>
   </div>
   <div class='ocr_carea' id='block_1_91' title="bbox 91 5023 3412 5132">
    <p class='ocr_par' dir='ltr' id='par_1_91' title="bbox 91 5023 3412 5132">
     <span class='ocr_line' id='line_1_91' title="bbox 91 5023 3412 5132; baseline 0.009 -47"><span class='ocrx_word' id='word_1_671' title='bbox 91 5031 318 5096; x_wconf 87' lang='lat' dir='ltr'>lescens:</span> <span class='ocrx_word' id='word_1_672' title='bbox 362 5044 561 5099; x_wconf 91' lang='lat' dir='ltr'>Omnia</span> <span class='ocrx_word' id='word_1_673' title='bbox 604 5045 726 5100; x_wconf 70' lang='lat' dir='ltr'>haec</span> <span class='ocrx_word' id='word_1_674' title='bbox 777 5023 1068 5115; x_wconf 81' lang='lat' dir='ltr'>custodivi,</span> <span class='ocrx_word' id='word_1_675' title='bbox 1115 5045 1255 5118; x_wconf 89' lang='lat' dir='ltr'>quid</span> <span class='ocrx_word' id='word_1_676' title='bbox 1311 5047 1495 5102; x_wconf 90' lang='lat' dir='ltr'>adhuc</span> <span class='ocrx_word' id='word_1_677' title='bbox 1547 5023 1766 5102; x_wconf 84' lang='lat' dir='ltr'>mihiD</span> <span class='ocrx_word' id='word_1_678' title='bbox 1861 5045 2096 5102; x_wconf 91' lang='lat' dir='ltr'>Domine</span> <span class='ocrx_word' id='word_1_679' title='bbox 2124 5044 2272 5102; x_wconf 91' lang='lat' dir='ltr'>Deus</span> <span class='ocrx_word' id='word_1_680' title='bbox 2293 5047 2670 5119; x_wconf 89' lang='lat' dir='ltr'>omnipotens,</span> <span class='ocrx_word' id='word_1_681' title='bbox 2699 5051 2796 5122; x_wconf 90' lang='lat' dir='ltr'>qui</span> <span class='ocrx_word' id='word_1_682' title='bbox 2818 5053 2994 5108; x_wconf 91' lang='lat' dir='ltr'>salvos</span> <span class='ocrx_word' id='word_1_683' title='bbox 3019 5056 3152 5112; x_wconf 89' lang='lat' dir='ltr'>facis</span> <span class='ocrx_word' id='word_1_684' title='bbox 3175 5078 3412 5132; x_wconf 89' lang='lat' dir='ltr'>speran-</span> 
     </span>
    </p>
   </div>
   <div class='ocr_carea' id='block_1_92' title="bbox 95 5125 1692 5211">
    <p class='ocr_par' dir='ltr' id='par_1_92' title="bbox 95 5125 1692 5211">
     <span class='ocr_line' id='line_1_92' title="bbox 95 5125 1692 5211; baseline 0.009 -33"><span class='ocrx_word' id='word_1_685' title='bbox 95 5125 255 5186; x_wconf 85' lang='lat' dir='ltr'>deest?</span> <span class='ocrx_word' id='word_1_686' title='bbox 281 5135 366 5191; x_wconf 87' lang='lat' dir='ltr'>Ait</span> <span class='ocrx_word' id='word_1_687' title='bbox 391 5137 470 5191; x_wconf 92' lang='lat' dir='ltr'>illi</span> <span class='ocrx_word' id='word_1_688' title='bbox 510 5139 667 5194; x_wconf 88' lang='lat' dir='ltr'>Jesus</span> <span class='ocrx_word' id='word_1_689' title='bbox 712 5155 724 5191; x_wconf 89' lang='lat'>:</span> <span class='ocrx_word' id='word_1_690' title='bbox 759 5138 814 5195; x_wconf 92' lang='lat' dir='ltr'>Si</span> <span class='ocrx_word' id='word_1_691' title='bbox 844 5140 924 5194; x_wconf 91' lang='lat' dir='ltr'>vis</span> <span class='ocrx_word' id='word_1_692' title='bbox 969 5139 1250 5211; x_wconf 87' lang='lat' dir='ltr'>perfectus</span> <span class='ocrx_word' id='word_1_693' title='bbox 1277 5157 1418 5210; x_wconf 90' lang='lat' dir='ltr'>esse,</span> <span class='ocrx_word' id='word_1_694' title='bbox 1447 5139 1603 5209; x_wconf 89' lang='lat' dir='ltr'>vade,</span> <span class='ocrx_word' id='word_1_695' title='bbox 1635 5143 1692 5196; x_wconf 90' lang='lat' dir='ltr'>et</span> 
     </span>
    </p>
   </div>
   <div class='ocr_carea' id='block_1_93' title="bbox 95 5224 1691 5305">
    <p class='ocr_par' dir='ltr' id='par_1_93' title="bbox 95 5224 1691 5305">
     <span class='ocr_line' id='line_1_93' title="bbox 95 5224 1691 5305; baseline 0.011 -34"><span class='ocrx_word' id='word_1_696' title='bbox 95 5224 245 5279; x_wconf 89' lang='lat' dir='ltr'>vende</span> <span class='ocrx_word' id='word_1_697' title='bbox 270 5241 388 5300; x_wconf 68' lang='lat' dir='ltr'>qua:</span> <span class='ocrx_word' id='word_1_698' title='bbox 407 5231 601 5302; x_wconf 89' lang='lat' dir='ltr'>habes,</span> <span class='ocrx_word' id='word_1_699' title='bbox 633 5236 689 5288; x_wconf 93' lang='lat' dir='ltr'>et</span> <span class='ocrx_word' id='word_1_700' title='bbox 716 5233 785 5288; x_wconf 89' lang='lat' dir='ltr'>da</span> <span class='ocrx_word' id='word_1_701' title='bbox 805 5233 1170 5305; x_wconf 89' lang='lat' dir='ltr'>pauperibus,</span> <span class='ocrx_word' id='word_1_702' title='bbox 1203 5237 1259 5288; x_wconf 92' lang='lat' dir='ltr'>et</span> <span class='ocrx_word' id='word_1_703' title='bbox 1302 5232 1534 5288; x_wconf 88' lang='lat' dir='ltr'>habebis</span> <span class='ocrx_word' id='word_1_704' title='bbox 1572 5235 1691 5289; x_wconf 90' lang='lat' dir='ltr'>the-</span> 
     </span>
    </p>
   </div>
   <div class='ocr_carea' id='block_1_94' title="bbox 98 5322 1693 5398">
    <p class='ocr_par' dir='ltr' id='par_1_94' title="bbox 98 5322 1693 5398">
     <span class='ocr_line' id='line_1_94' title="bbox 98 5322 1693 5398; baseline 0.011 -33"><span class='ocrx_word' id='word_1_705' title='bbox 98 5325 294 5375; x_wconf 87' lang='lat' dir='ltr'>saurum</span> <span class='ocrx_word' id='word_1_706' title='bbox 322 5323 378 5377; x_wconf 91' lang='lat' dir='ltr'>in</span> <span class='ocrx_word' id='word_1_707' title='bbox 418 5325 574 5393; x_wconf 84' lang='lat' dir='ltr'>caelo,</span> <span class='ocrx_word' id='word_1_708' title='bbox 606 5330 662 5381; x_wconf 91' lang='lat' dir='ltr'>et</span> <span class='ocrx_word' id='word_1_709' title='bbox 687 5322 835 5395; x_wconf 89' lang='lat' dir='ltr'>veni,</span> <span class='ocrx_word' id='word_1_710' title='bbox 864 5342 1098 5398; x_wconf 91' lang='lat' dir='ltr'>sequere</span> <span class='ocrx_word' id='word_1_711' title='bbox 1119 5343 1230 5381; x_wconf 91' lang='lat' dir='ltr'>me.</span> <span class='ocrx_word' id='word_1_712' title='bbox 1273 5327 1414 5382; x_wconf 91' lang='lat' dir='ltr'>Cum</span> <span class='ocrx_word' id='word_1_713' title='bbox 1447 5325 1693 5382; x_wconf 89' lang='lat' dir='ltr'>audisset</span> 
     </span>
    </p>
   </div>
   <div class='ocr_carea' id='block_1_95' title="bbox 99 5413 1691 5487">
    <p class='ocr_par' dir='ltr' id='par_1_95' title="bbox 99 5413 1691 5487">
     <span class='ocr_line' id='line_1_95' title="bbox 99 5413 1691 5487; baseline 0.009 -27"><span class='ocrx_word' id='word_1_714' title='bbox 99 5413 259 5466; x_wconf 83' lang='lat' dir='ltr'>autem</span> <span class='ocrx_word' id='word_1_715' title='bbox 304 5417 626 5473; x_wconf 90' lang='lat' dir='ltr'>adulescens</span> <span class='ocrx_word' id='word_1_716' title='bbox 672 5419 929 5487; x_wconf 91' lang='lat' dir='ltr'>verbum,</span> <span class='ocrx_word' id='word_1_717' title='bbox 958 5419 1094 5474; x_wconf 90' lang='lat' dir='ltr'>abiit</span> <span class='ocrx_word' id='word_1_718' title='bbox 1136 5420 1329 5474; x_wconf 89' lang='lat' dir='ltr'>tristis.</span> <span class='ocrx_word' id='word_1_719' title='bbox 1369 5420 1499 5473; x_wconf 89' lang='lat' dir='ltr'>Erat</span> <span class='ocrx_word' id='word_1_720' title='bbox 1537 5419 1691 5475; x_wconf 92' lang='lat' dir='ltr'>enim</span> 
     </span>
    </p>
   </div>
   <div class='ocr_carea' id='block_1_96' title="bbox 100 5495 1688 5584">
    <p class='ocr_par' dir='ltr' id='par_1_96' title="bbox 100 5495 1688 5584">
     <span class='ocr_line' id='line_1_96' title="bbox 100 5495 1688 5584; baseline 0.007 -27"><span class='ocrx_word' id='word_1_721' title='bbox 100 5495 281 5559; x_wconf 81' lang='lat' dir='ltr'>habens</span> <span class='ocrx_word' id='word_1_722' title='bbox 303 5511 510 5566; x_wconf 91' lang='lat' dir='ltr'>multas</span> <span class='ocrx_word' id='word_1_723' title='bbox 533 5512 928 5584; x_wconf 90' lang='lat' dir='ltr'>possessiones.</span> <span class='ocrx_word' id='word_1_724' title='bbox 959 5514 1114 5568; x_wconf 79' lang='lat' dir='ltr'>Iesus</span> <span class='ocrx_word' id='word_1_725' title='bbox 1139 5517 1332 5568; x_wconf 86' lang='lat' dir='ltr'>autem</span> <span class='ocrx_word' id='word_1_726' title='bbox 1356 5513 1500 5568; x_wconf 87' lang='lat' dir='ltr'>dixit</span> <span class='ocrx_word' id='word_1_727' title='bbox 1525 5512 1688 5568; x_wconf 88' lang='lat' dir='ltr'>disci-</span> 
     </span>
    </p>
   </div>
   <div class='ocr_carea' id='block_1_97' title="bbox 156 5640 1694 5737">
    <p class='ocr_par' dir='ltr' id='par_1_97' title="bbox 156 5640 1694 5737">
     <span class='ocr_line' id='line_1_97' title="bbox 156 5640 1694 5737; baseline 0.007 -36"><span class='ocrx_word' id='word_1_728' title='bbox 156 5640 286 5737; x_wconf 57' lang='lat' dir='ltr'>:Hic</span> <span class='ocrx_word' id='word_1_729' title='bbox 309 5667 509 5737; x_wconf 73' lang='lat' dir='ltr'>novem</span> <span class='ocrx_word' id='word_1_730' title='bbox 533 5660 757 5737; x_wconf 77' lang='lat' dir='ltr'>tantum</span> <span class='ocrx_word' id='word_1_731' title='bbox 793 5656 1012 5737; x_wconf 67' lang='lat' dir='ltr'>fructus</span> <span class='ocrx_word' id='word_1_732' title='bbox 1047 5657 1290 5737; x_wconf 77' lang='lat' dir='ltr'>Spiritus</span> <span class='ocrx_word' id='word_1_733' title='bbox 1319 5654 1516 5737; x_wconf 64' lang='lat' dir='ltr'>sancti,</span> <span class='ocrx_word' id='word_1_734' title='bbox 1533 5663 1610 5737; x_wconf 41' lang='lat' dir='ltr'>.ut</span> <span class='ocrx_word' id='word_1_735' title='bbox 1631 5655 1694 5711; x_wconf 88' lang='lat' dir='ltr'>in</span> 
     </span>
    </p>
   </div>
   <div class='ocr_carea' id='block_1_98' title="bbox 102 5709 1691 5798">
    <p class='ocr_par' dir='ltr' id='par_1_98' title="bbox 102 5709 1691 5798">
     <span class='ocr_line' id='line_1_98' title="bbox 102 5709 1691 5798; baseline 0.014 -25"><span class='ocrx_word' id='word_1_736' title='bbox 102 5709 261 5798; x_wconf 50' lang='lat' dir='ltr'>graeco</span> <span class='ocrx_word' id='word_1_737' title='bbox 280 5725 391 5798; x_wconf 87' lang='lat' dir='ltr'>;_in</span> <span class='ocrx_word' id='word_1_738' title='bbox 425 5709 772 5782; x_wconf 19' lang='lat' dir='ltr'>Leictionario</span> <span class='ocrx_word' id='word_1_739' title='bbox 795 5709 1143 5786; x_wconf 14' lang='lat' dir='ltr'>CLuxovienlsi</span> <span class='ocrx_word' id='word_1_740' title='bbox 1188 5729 1405 5798; x_wconf 90' lang='lat' dir='ltr'>decem,</span> <span class='ocrx_word' id='word_1_741' title='bbox 1447 5709 1549 5782; x_wconf 78' lang='lat' dir='ltr'>ubi</span> <span class='ocrx_word' id='word_1_742' title='bbox 1585 5742 1691 5798; x_wconf 51' lang='lat' dir='ltr'>pa?</span> 
     </span>
    </p>
   </div>
   <div class='ocr_carea' id='block_1_99' title="bbox 103 5785 699 5865">
    <p class='ocr_par' dir='ltr' id='par_1_99' title="bbox 103 5785 699 5865">
     <span class='ocr_line' id='line_1_99' title="bbox 103 5785 699 5865; baseline 0.025 -26"><span class='ocrx_word' id='word_1_743' title='bbox 103 5785 289 5865; x_wconf 52' lang='lat' dir='ltr'>tientia,</span> <span class='ocrx_word' id='word_1_744' title='bbox 306 5795 699 5865; x_wconf 75' lang='lat' dir='ltr'>longanimitas.</span> 
     </span>
    </p>
   </div>
   <div class='ocr_carea' id='block_1_100' title="bbox 161 5855 1694 5942">
    <p class='ocr_par' dir='ltr' id='par_1_100' title="bbox 161 5855 1694 5942">
     <span class='ocr_line' id='line_1_100' title="bbox 161 5855 1694 5942; baseline 0.004 -25"><span class='ocrx_word' id='word_1_745' title='bbox 161 5855 186 5896; x_wconf 68' lang='grc' dir='ltr'>δ</span> <span class='ocrx_word' id='word_1_746' title='bbox 208 5860 331 5918; x_wconf 77' lang='lat' dir='ltr'>Hinc</span> <span class='ocrx_word' id='word_1_747' title='bbox 365 5855 668 5941; x_wconf 64' lang='lat' dir='ltr'>cblligitur,</span> <span class='ocrx_word' id='word_1_748' title='bbox 701 5870 951 5941; x_wconf 89' lang='lat' dir='ltr'>missam,</span> <span class='ocrx_word' id='word_1_749' title='bbox 985 5870 1030 5923; x_wconf 89' lang='lat' dir='ltr'>si</span> <span class='ocrx_word' id='word_1_750' title='bbox 1053 5886 1171 5925; x_wconf 93' lang='lat' dir='ltr'>non</span> <span class='ocrx_word' id='word_1_751' title='bbox 1210 5884 1452 5942; x_wconf 88' lang='lat' dir='ltr'>semper,</span> <span class='ocrx_word' id='word_1_752' title='bbox 1494 5868 1694 5924; x_wconf 88' lang='lat' dir='ltr'>saltem</span> 
     </span>
    </p>
   </div>
   <div class='ocr_carea' id='block_1_101' title="bbox 1789 5138 3417 5228">
    <p class='ocr_par' dir='ltr' id='par_1_101' title="bbox 1789 5138 3417 5228">
     <span class='ocr_line' id='line_1_101' title="bbox 1789 5138 3417 5228; baseline 0.015 -36"><span class='ocrx_word' id='word_1_753' title='bbox 1789 5141 1872 5192; x_wconf 87' lang='lat' dir='ltr'>tes</span> <span class='ocrx_word' id='word_1_754' title='bbox 1901 5138 1960 5193; x_wconf 90' lang='lat' dir='ltr'>in</span> <span class='ocrx_word' id='word_1_755' title='bbox 1985 5144 2058 5194; x_wconf 92' lang='lat' dir='ltr'>te.</span> <span class='ocrx_word' id='word_1_756' title='bbox 2083 5141 2164 5195; x_wconf 90' lang='lat' dir='ltr'>Tu</span> <span class='ocrx_word' id='word_1_757' title='bbox 2186 5140 2642 5210; x_wconf 89' lang='lat' dir='ltr'>clementissime,</span> <span class='ocrx_word' id='word_1_758' title='bbox 2673 5145 2771 5216; x_wconf 91' lang='lat' dir='ltr'>qui</span> <span class='ocrx_word' id='word_1_759' title='bbox 2796 5162 3018 5203; x_wconf 88' lang='lat' dir='ltr'>revocas</span> <span class='ocrx_word' id='word_1_760' title='bbox 3043 5159 3322 5228; x_wconf 89' lang='lat' dir='ltr'>errantes;</span> <span class='ocrx_word' id='word_1_761' title='bbox 3351 5166 3417 5220; x_wconf 92' lang='lat' dir='ltr'>tu</span> 
     </span>
    </p>
   </div>
   <div class='ocr_carea' id='block_1_102' title="bbox 1790 5231 3413 5322">
    <p class='ocr_par' dir='ltr' id='par_1_102' title="bbox 1790 5231 3413 5322">
     <span class='ocr_line' id='line_1_102' title="bbox 1790 5231 3413 5322; baseline 0.011 -37"><span class='ocrx_word' id='word_1_762' title='bbox 1790 5231 2326 5303; x_wconf 90' lang='lat' dir='ltr'>misericordissime,</span> <span class='ocrx_word' id='word_1_763' title='bbox 2371 5235 2470 5306; x_wconf 92' lang='lat' dir='ltr'>qui</span> <span class='ocrx_word' id='word_1_764' title='bbox 2513 5252 2626 5290; x_wconf 91' lang='lat' dir='ltr'>non</span> <span class='ocrx_word' id='word_1_765' title='bbox 2665 5235 2905 5311; x_wconf 88' lang='lat' dir='ltr'>despicis</span> <span class='ocrx_word' id='word_1_766' title='bbox 2948 5249 3298 5319; x_wconf 87' lang='lat' dir='ltr'>peccatores;</span> <span class='ocrx_word' id='word_1_767' title='bbox 3327 5258 3413 5322; x_wconf 80' lang='lat' dir='ltr'>tu,</span> 
     </span>
    </p>
   </div>
   <div class='ocr_carea' id='block_1_103' title="bbox 1791 5322 3414 5417">
    <p class='ocr_par' dir='ltr' id='par_1_103' title="bbox 1791 5322 3414 5417">
     <span class='ocr_line' id='line_1_103' title="bbox 1791 5322 3414 5417; baseline 0.014 -39"><span class='ocrx_word' id='word_1_768' title='bbox 1791 5322 2025 5380; x_wconf 91' lang='lat' dir='ltr'>Domine</span> <span class='ocrx_word' id='word_1_769' title='bbox 2052 5327 2234 5393; x_wconf 85' lang='lat' dir='ltr'>Pater,</span> <span class='ocrx_word' id='word_1_770' title='bbox 2267 5343 2398 5382; x_wconf 89' lang='lat' dir='ltr'>cum</span> <span class='ocrx_word' id='word_1_771' title='bbox 2425 5329 2688 5385; x_wconf 89' lang='lat' dir='ltr'>ceciderit</span> <span class='ocrx_word' id='word_1_772' title='bbox 2713 5332 2922 5402; x_wconf 87' lang='lat' dir='ltr'>justus,</span> <span class='ocrx_word' id='word_1_773' title='bbox 2967 5352 3204 5395; x_wconf 89' lang='lat' dir='ltr'>manum</span> <span class='ocrx_word' id='word_1_774' title='bbox 3237 5358 3414 5417; x_wconf 86' lang='lat' dir='ltr'>appo-</span> 
     </span>
    </p>
   </div>
   <div class='ocr_carea' id='block_1_104' title="bbox 1789 5415 3415 5499">
    <p class='ocr_par' dir='ltr' id='par_1_104' title="bbox 1789 5415 3415 5499">
     <span class='ocr_line' id='line_1_104' title="bbox 1789 5415 3415 5499; baseline 0.012 -27"><span class='ocrx_word' id='word_1_775' title='bbox 1789 5415 1906 5488; x_wconf 88' lang='lat' dir='ltr'>nis;</span> <span class='ocrx_word' id='word_1_776' title='bbox 1937 5422 2000 5473; x_wconf 92' lang='lat' dir='ltr'>tu</span> <span class='ocrx_word' id='word_1_777' title='bbox 2029 5420 2278 5474; x_wconf 90' lang='lat' dir='ltr'>excelsus</span> <span class='ocrx_word' id='word_1_778' title='bbox 2304 5420 2363 5475; x_wconf 92' lang='lat' dir='ltr'>in</span> <span class='ocrx_word' id='word_1_779' title='bbox 2392 5420 2560 5491; x_wconf 56' lang='lat' dir='ltr'>caelis,</span> <span class='ocrx_word' id='word_1_780' title='bbox 2591 5423 2842 5481; x_wconf 89' lang='lat' dir='ltr'>habitare</span> <span class='ocrx_word' id='word_1_781' title='bbox 2867 5431 3176 5499; x_wconf 88' lang='lat' dir='ltr'>promisisti</span> <span class='ocrx_word' id='word_1_782' title='bbox 3210 5415 3415 5496; x_wconf 74' lang='lat' dir='ltr'>inter-</span> 
     </span>
    </p>
   </div>
   <div class='ocr_carea' id='block_1_105' title="bbox 1792 5511 3417 5604">
    <p class='ocr_par' dir='ltr' id='par_1_105' title="bbox 1792 5511 3417 5604">
     <span class='ocr_line' id='line_1_105' title="bbox 1792 5511 3417 5604; baseline 0.015 -39"><span class='ocrx_word' id='word_1_783' title='bbox 1792 5511 1891 5581; x_wconf 93' lang='lat' dir='ltr'>ris,</span> <span class='ocrx_word' id='word_1_784' title='bbox 1919 5511 2018 5566; x_wconf 92' lang='lat' dir='ltr'>ubi</span> <span class='ocrx_word' id='word_1_785' title='bbox 2044 5517 2174 5568; x_wconf 90' lang='lat' dir='ltr'>sunt</span> <span class='ocrx_word' id='word_1_786' title='bbox 2199 5515 2528 5587; x_wconf 87' lang='lat' dir='ltr'>congregati</span> <span class='ocrx_word' id='word_1_787' title='bbox 2559 5515 2618 5572; x_wconf 87' lang='lat' dir='ltr'>in</span> <span class='ocrx_word' id='word_1_788' title='bbox 2647 5521 2744 5574; x_wconf 89' lang='lat' dir='ltr'>tuo</span> <span class='ocrx_word' id='word_1_789' title='bbox 2771 5522 3000 5579; x_wconf 90' lang='lat' dir='ltr'>nomine</span> <span class='ocrx_word' id='word_1_790' title='bbox 3027 5525 3138 5581; x_wconf 92' lang='lat' dir='ltr'>duo</span> <span class='ocrx_word' id='word_1_791' title='bbox 3164 5529 3252 5584; x_wconf 91' lang='lat' dir='ltr'>vel</span> <span class='ocrx_word' id='word_1_792' title='bbox 3272 5535 3417 5604; x_wconf 90' lang='lat' dir='ltr'>tres;</span> 
     </span>
    </p>
   </div>
   <div class='ocr_carea' id='block_1_106' title="bbox 1791 5656 3415 5746">
    <p class='ocr_par' dir='ltr' id='par_1_106' title="bbox 1791 5656 3415 5746">
     <span class='ocr_line' id='line_1_106' title="bbox 1791 5656 3415 5746; baseline 0.017 -38"><span class='ocrx_word' id='word_1_793' title='bbox 1791 5656 2114 5746; x_wconf 62' lang='lat' dir='ltr'>aliquando,</span> <span class='ocrx_word' id='word_1_794' title='bbox 2153 5658 2474 5746; x_wconf 50' lang='lat' dir='ltr'>inchoatanm</span> <span class='ocrx_word' id='word_1_795' title='bbox 2507 5660 2678 5718; x_wconf 86' lang='lat' dir='ltr'>fuisse</span> <span class='ocrx_word' id='word_1_796' title='bbox 2718 5681 2763 5746; x_wconf 39' lang='lat' dir='ltr'>.a</span> <span class='ocrx_word' id='word_1_797' title='bbox 2800 5664 3039 5746; x_wconf 77' lang='lat' dir='ltr'>lectione</span> <span class='ocrx_word' id='word_1_798' title='bbox 3081 5675 3415 5746; x_wconf 73' lang='lat' dir='ltr'>prophetiae,</span> 
     </span>
    </p>
   </div>
   <div class='ocr_carea' id='block_1_107' title="bbox 1794 5729 3416 5808">
    <p class='ocr_par' dir='ltr' id='par_1_107' title="bbox 1794 5729 3416 5808">
     <span class='ocr_line' id='line_1_107' title="bbox 1794 5729 3416 5808; baseline 0.015 -27"><span class='ocrx_word' id='word_1_799' title='bbox 1794 5729 2275 5808; x_wconf 66' lang='lat' dir='ltr'>quemadmodum</span> <span class='ocrx_word' id='word_1_800' title='bbox 2303 5730 2363 5808; x_wconf 75' lang='lat' dir='ltr'>in</span> <span class='ocrx_word' id='word_1_801' title='bbox 2392 5732 2689 5808; x_wconf 79' lang='lat' dir='ltr'>Parasceve</span> <span class='ocrx_word' id='word_1_802' title='bbox 2716 5733 2912 5808; x_wconf 89' lang='lat' dir='ltr'>incipit</span> <span class='ocrx_word' id='word_1_803' title='bbox 2939 5729 3137 5798; x_wconf 76' lang='lat' dir='ltr'>missas</span> <span class='ocrx_word' id='word_1_804' title='bbox 3163 5729 3416 5805; x_wconf 45' lang='lat'>$35331</span> 
     </span>
    </p>
   </div>
   <div class='ocr_carea' id='block_1_108' title="bbox 1795 5799 3415 5876">
    <p class='ocr_par' dir='ltr' id='par_1_108' title="bbox 1795 5799 3415 5876">
     <span class='ocr_line' id='line_1_108' title="bbox 1795 5799 3415 5876; baseline 0.015 -24"><span class='ocrx_word' id='word_1_805' title='bbox 1795 5799 2184 5876; x_wconf 66' lang='lat' dir='ltr'>ctiﬁcatorurn.</span> <span class='ocrx_word' id='word_1_806' title='bbox 2217 5801 2421 5876; x_wconf 78' lang='lat' dir='ltr'>Confer</span> <span class='ocrx_word' id='word_1_807' title='bbox 2418 5805 2707 5876; x_wconf 84' lang='lat' dir='ltr'>_tres_alias</span> <span class='ocrx_word' id='word_1_808' title='bbox 2729 5799 2924 5864; x_wconf 74' lang='lat' dir='ltr'>missas</span> <span class='ocrx_word' id='word_1_809' title='bbox 2946 5799 3415 5876; x_wconf 66' lang='grc' dir='ltr'>(10111ίηίοᾷὶᾶἶῆ-</span> 
     </span>
    </p>
   </div>
   <div class='ocr_carea' id='block_1_109' title="bbox 1795 5869 3419 5953">
    <p class='ocr_par' dir='ltr' id='par_1_109' title="bbox 1795 5869 3419 5953">
     <span class='ocr_line' id='line_1_109' title="bbox 1795 5869 3419 5953; baseline -0.02 -27"><span class='ocrx_word' id='word_1_810' title='bbox 1795 5869 1990 5938; x_wconf 81' lang='lat' dir='ltr'>ferius,</span> <span class='ocrx_word' id='word_1_811' title='bbox 2019 5870 2113 5925; x_wconf 92' lang='lat' dir='ltr'>ubi</span> <span class='ocrx_word' id='word_1_812' title='bbox 2141 5871 2399 5926; x_wconf 85' lang='lat' dir='ltr'>similiter</span> <span class='ocrx_word' id='word_1_813' title='bbox 2417 5873 2676 5930; x_wconf 65' lang='lat' dir='ltr'>Praafatio</span> <span class='ocrx_word' id='word_1_814' title='bbox 2701 5882 2826 5947; x_wconf 86' lang='lat' dir='ltr'>post</span> <span class='ocrx_word' id='word_1_815' title='bbox 2851 5869 3304 5953; x_wconf 52' lang='grc' dir='ltr'>ριιοριιθῆὧςν-</span> <span class='ocrx_word' id='word_1_816' title='bbox 3324 5869 3384 5876; x_wconf 81' lang='grc'><strong><em>---</em></strong></span> <span class='ocrx_word' id='word_1_817' title='bbox 3416 5892 3419 5894; x_wconf 84' lang='grc'><strong>,</strong></span> 
     </span>
    </p>
   </div>
  </div>
