4006 6228
542 310 642 364 547

1417 291 1753 349 ΑΡΡΕΝΒΙΧ
1793 288 1881 342 AD
1917 285 2137 341 OPEBA
2177 283 2228 337 S.
2270 279 2567 336 GERMANI
2606 272 3032 332 PARISIENSIS.

3824 259 3946 308 2349

536 422 616 486 te,
645 411 903 480 Domine,
950 413 1213 464 tenemus
1256 401 1682 475 promissorcm,
1725 400 1788 449 ut
1825 395 1922 449 des
1952 391 2173 445 veniam
2200 388 2408 473 Aplex
2449 385 2698 453 affectus,
2732 382 3005 455 patientia
3048 378 3229 447 fortis,
3277 369 3600 429 obedientia
3654 380 3943 438 perseve-

2773 481 2781 486 .
3301 485 3308 486 ,,
3339 484 3351 486 -
3373 472 3511 486 ,μημ
3553 464 3603 486 ,ι
3632 458 3942 486 Humana.

538 504 959 581 pauitantibus.
1002 502 1077 556 Te
1119 497 1410 553 inveniant
1441 508 1639 547 omnes
1668 489 1768 561 qui
1808 490 2073 559 quaerunt
2098 490 2172 538 te.

539 604 620 657 Tu
647 617 749 655 rex
776 597 968 671 gloriae
994 593 1264 659 Christus,
1294 594 1357 643 tu
1384 603 1482 642 rex
1506 578 1691 641 omnis
1732 586 1898 637 terra:
1919 580 2085 647 Deus,
2116 583 2179 631 tu

543 712 644 751 rex
669 694 963 748 virtutum.
988 689 1062 742 Te
1091 686 1563 758 perscrutatorem
1591 674 2063 732 conscientiarum
2079 687 2179 725 no-

542 794 787 844 strarum
827 783 1032 838 scimus
1082 798 1095 833 :
1145 778 1270 832 ideo
1315 779 1371 830 et
1398 772 1622 829 veniam
1656 769 1901 842 petimus
1947 765 2176 820 delicto-

544 899 695 937 rum.
735 880 819 933 Tu
852 889 1094 946 magnus
1137 869 1408 925 Dominus
1447 870 1504 922 et
1534 862 1829 920 laudabilis
1873 860 2052 913 valde.
2105 858 2180 911 Te

543 988 861 1047 precamur,
900 972 966 1023 ut
1007 967 1080 1021 sis
1125 963 1288 1020 nobis
1330 960 1636 1033 propicius.
1683 960 1728 1012 Α
1765 961 1821 1010 te
1866 967 2177 1025 speramus.

546 1066 745 1119 Avertc
770 1057 971 1114 faciem
1001 1059 1161 1110 tuam
1185 1070 1217 1107 a
1244 1049 1486 1124 peccatis
1510 1047 1735 1116 nostris,
1763 1048 1820 1100 et
1848 1058 2044 1098 omnes
2072 1041 2178 1095 ini-

545 1156 790 1229 quitates
825 1155 1043 1206 nostras
1084 1148 1228 1203 dele.
1274 1148 1349 1201 Te
1386 1144 1766 1208 obsecramus,
1811 1137 1908 1209 qui
1947 1133 2184 1207 praemia

548 1266 712 1322 paras
728 1246 918 1318 justis,
944 1244 1016 1298 da
1035 1242 1262 1297 veniam
1282 1236 1687 1311 peccatoribus.
1711 1230 2185 1287 Tibiconﬁtemur

545 1344 696 1399 mala
721 1344 934 1409 nostra,
956 1342 1022 1393 ut
1046 1348 1372 1391 mereamur
1390 1328 1656 1401 consequi
1680 1327 1832 1382 bona
1858 1329 1973 1380 tua.

1184 1424 1305 1472 Post
1326 1419 1557 1470 nomina.

611 1502 848 1557 Domine
888 1501 1033 1554 Deus
1076 1495 1386 1562 Abraham,
1427 1492 1575 1545 Deus
1601 1489 1767 1555 Isaac,
1809 1486 1956 1539 Deus
1997 1479 2183 1549 Jacob,

552 1598 698 1652 Deus
727 1591 1207 1667 patriarcharum,
1254 1586 1687 1659 prophetarum,
1718 1577 2105 1651 apostolorum
2131 1575 2188 1627 et

551 1691 889 1755 martyrum,
921 1678 1292 1748 omniumque
1320 1675 1666 1739 sanctorum,
1696 1669 1838 1723 sicut
1873 1681 1975 1737 pro
2012 1662 2189 1734 piissi-

2275 498 2426 549 rans,
2449 497 2560 552 pax
2590 481 2886 550 perpetua,
2918 490 3079 529 mens
3109 487 3274 543 pura,
3297 472 3519 523 rectum
3549 464 3607 517 et
3632 458 3944 515 mundum

2276 594 2392 645 cor,
2434 574 2693 628 voluntas
2720 571 2889 637 bona,
2931 564 3272 622 conscientia
3304 565 3519 626 sancta,
3552 552 3950 624 compunctio

2278 667 2561 743 spiritalis,
2601 664 2780 719 virtus
2822 662 3046 731 animae,
3084 660 3198 713 vita
3233 653 3619 719 immaculata,
3660 648 3943 717 inrepre-

2278 760 2600 829 hensibilis;
2625 760 3129 826 consummatoque
3158 751 3394 806 viriliter
3416 762 3608 812 cursu,
3653 742 3718 796 in
3759 745 3955 795 tuum

2279 856 2518 913 feliciter
2547 867 2869 908 mereamur
2890 850 3102 904 intrare
3128 859 3397 916 regnum.
3426 840 3527 896 Cui
3553 836 3791 893 merito.

2549 944 2723 996 Lectio
2757 940 3106 1006 Apocalypsin
3131 937 3299 988 sancti
3320 932 3575 986 Johannis
3592 932 3638 979 ⁸.

2352 1022 2470 1091 Ego
2494 1018 2777 1073 Iohannes
2800 997 2913 1070 vidi
2940 997 3231 1068 sedentem
3252 1023 3424 1080 super
3450 1006 3754 1069 thronum,
3787 1003 3852 1054 et
3882 997 3955 1051 in

2282 1090 2513 1169 dextera
2538 1109 2779 1165 sedentis
2803 1123 2973 1179 super
2990 1107 3284 1172 thronum,
3305 1101 3517 1155 librum
3544 1096 3831 1167 scriptum
3852 1090 3961 1145 in-

2283 1213 2374 1263 tus
2404 1211 2460 1261 et
2484 1205 2640 1273 foris,
2684 1201 2974 1274 signatum
3003 1197 3205 1270 sigillis
3230 1200 3470 1266 septem.
3500 1192 3569 1245 Et
3596 1189 3712 1243 vidi
3757 1200 3957 1255 ange-

2284 1301 2408 1355 lum
2428 1299 2657 1364 fortem,
2677 1294 3082 1368 praedicantem
3110 1306 3244 1344 voce
3270 1302 3505 1358 magna,
3529 1289 3589 1340 et
3614 1282 3957 1339 dicentem;

2284 1393 2419 1459 Quis
2445 1395 2530 1447 est
2556 1391 2763 1461 dignus
2800 1386 3017 1460 aperire
3037 1385 3273 1450 librum,
3296 1387 3352 1437 et
3379 1381 3595 1435 solvere
3633 1372 3959 1447 signacula

2286 1487 2443 1557 ejus?
2469 1485 2537 1538 Et
2560 1498 2732 1537 nemo
2756 1484 2995 1553 poterat.
3025 1480 3092 1532 Et
3115 1493 3221 1548 ego
3253 1474 3462 1530 ﬂebam
3489 1470 3766 1537 multum,
3795 1482 3886 1537 qu
3898 1464 3959 1516 ia

2287 1595 2458 1634 nemo
2483 1577 2688 1648 dignus
2715 1575 2978 1629 inventus
3016 1576 3101 1627 est
3125 1569 3346 1642 aperire
3374 1566 3610 1631 librum,
3645 1566 3702 1617 et
3734 1559 3959 1615 videre

2288 1689 2442 1728 eum.
2471 1672 2536 1725 Et
2555 1686 2703 1725 unus
2752 1668 2819 1722 de
2859 1665 3173 1721 senioribus
3203 1662 3341 1717 dicit
3366 1658 3507 1715 mihi
3532 1675 3547 1712 :
3573 1657 3651 1710 Ne
3678 1652 3953 1709 ﬂeveris.

552 1795 647 1833 ma
670 1747 1056 1831 misericordia
1077 1777 1176 1826 tua
1201 1747 1407 1824 dedisti
1442 1766 1521 1821 eis
1540 1764 1901 1836 voluntatem
1932 1754 2187 1812 veniendi
2209 1769 2266 1841 B
2289 1767 2426 1821 Ecce
2454 1763 2589 1819 vicit
2613 1764 2723 1838 Leo
2765 1761 2832 1816 de
2873 1759 3023 1814 tribu
3060 1757 3221 1824 παίω,
3266 1753 3428 1810 radix
3462 1750 3658 1819 David,
3701 1747 3957 1820 aperire

555 1872 623 1927 ad
646 1877 734 1939 te;
765 1870 860 1937 ita,
884 1864 1320 1923 clementissime
1343 1862 1528 1928 Pater,
1550 1858 1620 1912 da
1636 1854 1809 1911 servis
1833 1852 1944 1907 tuis
1971 1849 2188 1905 intelle-

553 1971 729 2033 ctum,
760 1963 1049 2026 virtutem,
1083 1962 1139 2013 et
1168 1953 1616 2028 possibilitatem,
1649 1952 1713 2003 ut
1742 1946 1845 2002 tibi
1872 1943 2186 2000 secundum

552 2059 898 2115 voluntatem
923 2060 1077 2109 tuam
1110 2049 1438 2105 serviamus.
1461 2044 1703 2117 Spiritus
1729 2047 1859 2096 tuus
1886 2040 2067 2094 bonus
2096 2037 2187 2091 de-

554 2152 722 2207 ducat
742 2166 846 2203 nos
870 2147 930 2202 in
946 2146 1035 2200 via
1051 2146 1221 2199 recta.
1243 2142 1322 2196 Da
1341 2136 1741 2210 incipientibus
1758 2132 2184 2206 perfectionem,

552 2241 887 2317 daparvnlis
916 2238 1291 2303 intellectum,
1321 2235 1391 2289 da
1416 2229 1775 2287 currentibus
1816 2225 2184 2297 adjutorium.

552 2341 630 2394 Da
645 2315 1076 2409 negligentibus
1116 2327 1635 2401 compunctionem,
1666 2323 1740 2378 da
1768 2319 1973 2392 tepidis
2016 2315 2183 2389 spiri-

554 2437 679 2488 tum
723 2430 1056 2496 ferventem,
1097 2425 1167 2481 da
1207 2420 1466 2494 perfectis
1496 2420 1707 2473 bonam
1745 2410 2185 2470 consummatio-

556 2541 712 2581 nem.
740 2524 1027 2594 Loquatur
1050 2535 1111 2574 os
1133 2521 1391 2572 nostrum
1420 2512 1649 2568 laudem
1672 2515 1850 2578 tuam,
1874 2512 1930 2563 et
1952 2521 2055 2578 per
2080 2504 2190 2559 sin-

561 2618 726 2690 gulos
741 2616 860 2672 dies
881 2612 1282 2669 benedicamus
1293 2613 1369 2677 te,
1394 2612 1451 2662 et
1473 2605 1771 2660 laudemus
1796 2616 2003 2656 nomen
2024 2604 2189 2655 tuum

560 2713 621 2768 in
647 2714 861 2766 aeterna
885 2706 1089 2763 saecula
1114 2703 1473 2759 saeculorum.

631 2874 779 2928 Deus
810 2887 919 2943 pax
949 2874 1005 2923 et
1034 2791 1746 2933 caritashtiepggg‘relacamur;
1786 2852 2019 2909 Domine
2060 2868 2185 2906 san-

560 2973 666 3036 cte,
696 2968 859 3021 Pater
891 2961 1270 3033 omnipotens,
1308 2960 1517 3010 aeterne
1556 2953 1720 3020 Deus,
1766 2949 1943 3004 libera
1974 2963 2076 3000 nos
2121 2945 2191 2999 ab

560 3061 718 3116 omni
736 3057 1087 3124 temtatione,
1111 3052 1318 3123 adjuva
1334 3065 1437 3104 nos
1457 3048 1514 3101 in
1536 3043 1691 3099 omni
1712 3041 2039 3108 certamine,
2063 3055 2193 3094 con-

561 3155 738 3210 solare
764 3152 825 3207 in
851 3150 1006 3206 omni
1036 3143 1422 3202 tribulatione.
1460 3141 1535 3193 Da
1582 3136 1743 3193 nobis
1769 3133 2098 3207 patientiam
2135 3133 2195 3186 in
2216 3137 2271 3210 ρ

560 3245 828 3312 adversis,
857 3244 928 3299 da
959 3240 1120 3296 nobis
1156 3242 1222 3293 ut
1260 3241 1316 3291 te
1355 3250 1499 3307 puro
1537 3231 1703 3287 corde
1746 3224 2067 3291 adoremus,
2092 3226 2197 3281 tibi

562 3339 777 3395 munda
795 3333 1135 3393 conscientia
1157 3329 1483 3403 psallamus,
1503 3325 1606 3381 tibi
1625 3328 1741 3380 tota
1762 3323 1968 3401 virtute
1986 3319 2195 3376 servia-

562 3449 710 3487 mus.
751 3431 827 3485 Te
859 3425 1270 3492 benedicimus,
1316 3419 1555 3476 Trinitas
1597 3420 1807 3483 sancta,
1839 3414 1940 3470 tibi
1986 3412 2199 3485 gratias

561 3525 805 3597 agimus,
836 3527 893 3577 te
919 3537 1020 3593 per
1048 3517 1303 3589 singulos
1332 3514 1449 3570 dies
1493 3512 1810 3579 laudamus,
1837 3513 1894 3563 te
1929 3507 2194 3578 depreca-

560 3635 712 3686 mur,
744 3616 899 3672 Abba
926 3616 1108 3669 Pater.
1148 3609 1340 3667 Suavis
1373 3608 1446 3663 sit
1482 3604 1731 3662 laudatio
1768 3607 1983 3671 nostra,
2014 3600 2196 3671 sitque

562 3709 917 3784 acceptabilis
942 3706 1121 3763 oratio
1144 3708 1357 3760 nostra.

1214 3788 1549 3842 Contestatio.

633 3873 774 3928 Vere
816 3869 1054 3942 dignum
1098 3870 1154 3921 et
1182 3864 1406 3935 justum
1439 3864 1543 3929 est,
1589 3856 1824 3913 Domine
1873 3856 1993 3910 Rex
2043 3852 2198 3908 caele-

563 3965 757 4032 stium,
788 3965 906 4019 Rex
935 3976 1158 4033 regum,
1192 3960 1336 4012 Deus
1361 3955 1620 4020 deorum,
1651 3955 1707 4006 et
1732 3948 2002 4005 Dominus
2024 3945 2199 4001 domi-

563 4074 793 4127 norum,
823 4055 929 4110 tibi
956 4054 1166 4126 gratias
1189 4065 1378 4122 agere,
1396 4047 1636 4102 laudum
1662 4043 1871 4099 hostias
1883 4039 2193 4095 immolare.

564 4150 779 4210 Exaudi
807 4148 1121 4213 orationem
1151 4149 1208 4201 et
1248 4139 1702 4214 deprecationem
1738 4134 2086 4191 famulorum
2112 4131 2196 4186 fa-

566 4246 967 4315 mularumque
990 4246 1251 4306 tuarum;
1301 4233 1535 4290 auribus
1561 4230 1791 4303 percipe
1816 4226 2075 4282 lacrimas
2100 4241 2195 4280 eo-

567 4355 719 4407 rum,
751 4336 905 4393 Abba
930 4336 1113 4391 Pater.
1145 4329 1323 4400 Imple
1350 4323 1600 4381 nominis
1632 4323 1719 4378 tui
1749 4320 2002 4377 officium
2030 4336 2200 4391 super

563 4432 804 4490 famulos
828 4434 884 4486 et
910 4426 1150 4484 famulas
1176 4427 1335 4490 tuas;
1366 4425 1430 4474 tu
1457 4433 1552 4473 eos
1581 4432 1738 4488 rege,
1758 4420 1820 4471 tu
1849 4419 2102 4486 protege,
2133 4418 2199 4469 tu

565 4540 855 4593 conserva,
895 4527 958 4576 tu
1001 4515 1301 4585 sanctiﬁca,
1346 4516 1410 4567 tu
1453 4510 1724 4582 guberna,
1773 4511 1838 4563 tu
1884 4508 2194 4564 consolare.
2217 4509 2276 4581 D

565 4618 719 4679 Sicut
760 4632 874 4673 non
902 4630 961 4669 es
987 4609 1324 4680 dedignatus
1358 4618 1707 4677 congregare
1741 4606 1799 4658 et
1822 4616 2022 4657 vocare
2067 4616 2194 4669 eos;

568 4714 647 4769 ita
657 4718 756 4768 tuo
768 4706 1205 4764 inﬂammantur
1215 4715 1429 4770 amore,
1459 4701 1525 4754 ut
1542 4714 1575 4753 a
1586 4701 1644 4753 te
1658 4712 1777 4752 non
1794 4694 2194 4767 despiciantur,

570 4801 810 4866 Domine
850 4795 1305 4864 clementissime,
1347 4798 1404 4849 et
1454 4790 1709 4864 piissime
1755 4788 1937 4844 Pater.
1976 4787 2086 4843 Oro
2120 4790 2195 4856 te,

566 4897 825 4965 Domine,
855 4909 973 4951 non
996 4895 1190 4964 pereat
1227 4888 1287 4943 in
1314 4885 1476 4943 nobis
1506 4885 1723 4939 factura
1748 4879 2119 4937 redemtionis
2144 4882 2202 4934 et

566 4993 785 5051 vocatio
811 4995 912 5047 tua
936 5003 951 5042 :
979 4986 1123 5041 sicut
1144 4981 1351 5039 vocasti
1376 4982 1647 5045 errantes,
1667 4976 1747 5030 ita
1769 4973 1986 5029 custodi
2010 4972 2069 5026 in
2095 4972 2202 5028 hoc

572 5087 704 5146 ovili
744 5082 1082 5154 habitantes.
1125 5078 1430 5132 Precamur
1472 5075 1548 5141 te,
1581 5067 1813 5123 Domine
1855 5069 2064 5136 sancte,
2091 5066 2199 5121 Pa-

570 5189 659 5239 ter
697 5178 1075 5249 omnipotens,
1109 5174 1321 5225 aeterne
1354 5169 1520 5234 Deus,
1550 5160 1754 5218 exaudi
1778 5160 2018 5216 famulos
2053 5163 2200 5226 tuos,

571 5274 702 5351 quia
740 5270 987 5342 benigna
1030 5268 1115 5320 est
1149 5257 1536 5317 misericordia
1574 5259 1692 5310 tua.
1738 5253 1992 5310 Concede
2027 5253 2107 5308 eis
2144 5256 2206 5307 ut

570 5344 669 5428 tuo
707 5369 900 5424 sancto
943 5357 1155 5431 Spiritu
1204 5353 1652 5417 inﬂammentur,
1707 5351 1806 5403 tua
1851 5347 2058 5401 virtute
2115 5344 2204 5400 ﬁr-

570 5466 821 5527 mentur,
861 5463 961 5511 tuo
989 5448 1291 5524 splendore
1320 5444 1759 5513 inluminentur,
1786 5446 1887 5497 tua
1915 5438 2097 5511 gratia
2122 5454 2205 5494 re-

568 5557 833 5631 pleantur
886 5562 1017 5605 cum
1058 5550 1159 5600 tuo
1204 5537 1486 5612 adjutorio
1532 5535 1848 5610 proﬁciant.
1904 5533 2059 5587 Dona
2102 5530 2203 5599 eis,

572 5623 834 5715 Domine,
860 5642 1034 5699 ﬁdem
1059 5642 1292 5704 rectam,
1321 5632 1613 5690 caritatem
1652 5628 1981 5701 perfectam,
2010 5623 2205 5680 humi-

571 5744 794 5802 litatem
820 5751 1034 5791 veram.
1062 5728 1339 5799 Concede,
1355 5724 1616 5793 Domine,
1636 5727 1700 5777 ut
1724 5721 1796 5776 sit
1818 5720 1880 5775 in
1897 5717 2060 5775 nobis
2078 5718 2208 5774 sim-

644 5833 670 5863 '
697 5831 826 5887 nec
850 5825 1050 5883 catilla
1072 5820 1393 5898 prophetia,
1422 5819 1491 5874 de
1517 5831 1630 5890 qua
1672 5813 1932 5887 superius
1966 5808 2204 5869 mentio.

2286 1859 2520 1927 librum,
2546 1862 2603 1912 et
2629 1859 2844 1927 septem
2870 1851 3162 1924 signacula
3185 1849 3325 1920 ejus.
3356 1848 3423 1901 Et
3446 1843 3582 1912 vidi,
3613 1847 3672 1898 et
3712 1856 3849 1896 ecce
3884 1839 3956 1892 in

2287 1952 2475 2008 medio
2506 1948 2698 2004 throni
2728 1953 2783 2001 et
2807 1950 3072 2018 quattuor
3098 1940 3439 1997 animalium
3469 1943 3526 1993 et
3544 1937 3603 1991 in
3620 1934 3811 1990 medio
3842 1948 3954 1986 se-

2286 2046 2515 2100 niorum
2553 2046 2781 2113 Agnum
2825 2042 3066 2094 stantem
3105 2034 3264 2108 quasi
3302 2032 3571 2100 occisum,
3620 2028 3956 2083 habentem

2287 2155 2504 2194 cornua
2532 2139 2771 2207 septem,
2802 2138 2859 2188 et
2883 2131 3072 2186 oculos
3100 2134 3338 2200 septem,
3364 2125 3464 2197 qui
3492 2128 3624 2178 sunt
3649 2120 3959 2194 spiriritus

2288 2232 2382 2287 Dei
2417 2230 2569 2285 missi
2600 2229 2659 2283 in
2682 2241 2916 2282 omnem
2947 2228 3178 2279 terram.
3216 2222 3283 2275 Et
3318 2218 3493 2279 venit,
3526 2222 3583 2271 et
3608 2214 3826 2286 accepit
3870 2212 3953 2265 li-

2287 2325 2455 2380 brum
2487 2340 2500 2377 :
2532 2327 2589 2378 et
2612 2324 2879 2394 quattuor
2903 2315 3188 2382 animalia,
3221 2318 3278 2369 et
3301 2311 3504 2385 viginti
3542 2311 3816 2382 quattuor
3845 2321 3952 2360 se-

2287 2418 2475 2473 niores
2518 2415 2842 2471 ceciderunt
2879 2426 3072 2466 coram
3112 2410 3309 2480 Agno;
3351 2410 3408 2461 et
3449 2408 3683 2477 cantant
3716 2416 3951 2455 novum

2289 2511 2565 2567 canticum
2597 2508 2845 2564 dicentes
2879 2522 2893 2559 :
2924 2504 3137 2575 Dignus
3166 2518 3225 2556 es
3253 2498 3476 2572 aperire
3506 2497 3742 2564 librum,
3776 2498 3833 2548 et
3862 2494 3951 2547 si-

2291 2606 2531 2679 gnacula
2568 2602 2710 2674 ejus,
2754 2598 3023 2672 quoniam
3056 2595 3267 2651 occisus
3296 2610 3375 2661 es,
3419 2597 3478 2647 et
3503 2587 3796 2645 redemisti
3832 2602 3953 2642 nos

2293 2702 2407 2755 Deo
2436 2698 2494 2753 in
2513 2695 2793 2768 sanguine
2816 2698 2936 2748 tuo.
2964 2692 3031 2745 Et
3056 2705 3252 2745 omnes
3275 2685 3465 2742 audivi
3493 2684 3747 2739 dicentes
3780 2698 3793 2735 :
3831 2680 3949 2736 Se-

2292 2793 2446 2849 denti
2484 2792 2544 2846 in
2571 2790 2794 2845 Throno
2829 2791 2886 2841 et
2923 2789 3103 2856 Agno,
3147 2779 3493 2848 benedictio,
3537 2782 3594 2832 et
3638 2777 3848 2843 honor,
3886 2778 3949 2827 et

2294 2887 2489 2959 gloria,
2521 2891 2578 2939 et
2613 2887 2855 2955 potestas
2885 2880 2946 2934 in
2972 2877 3181 2933 saecula
3216 2874 3557 2930 saeculorum
3591 2885 3785 2925 amen.
3824 2868 3947 2931 Qui

2292 2981 2459 3035 habet
2490 2994 2690 3034 aurem
2714 2974 2924 3044 audiat,
2955 2971 3096 3044 quid
3122 2970 3363 3041 Spiritus
3389 2968 3537 3022 dicat
3556 2962 3836 3021 Ecclesiis.

2827 3083 2987 3123 MISSA
3028 3078 3399 3120 DOMINICALIS.

2572 3148 2803 3213 Epistola
2825 3146 2969 3197 Pauli
2995 3144 3216 3210 apostoli
3245 3141 3310 3193 ad
3334 3138 3649 3213 Corinthios.

2365 3209 2783 3291 Fratres,'cum
2822 3235 2958 3291 ergo
3002 3209 3256 3271 Christus
3298 3212 3642 3285 praedicatur
3696 3209 3857 3282 quod
3918 3225 3952 3260 a

2296 3317 2537 3373 mortuis
2562 3312 2892 3380 resurrexit,
2924 3310 3208 3384 quomodo
3238 3307 3434 3363 dicunt
3477 3305 3710 3377 quidam
3747 3302 3811 3357 in
3833 3318 3947 3355 vo-

2294 3411 2402 3480 bis,
2431 3408 2702 3482 quoniam
2722 3405 3058 3462 resurrectio
3085 3407 3443 3459 mortuorum
3470 3415 3587 3453 non
3617 3399 3742 3452 est?
3765 3396 3826 3452 Si
3843 3412 3949 3449 au-

2295 3511 2412 3561 tem
2434 3500 2771 3558 resurrectio
2797 3504 3160 3555 mortuorum
3184 3512 3298 3551 non
3326 3500 3431 3564 est,
3460 3508 3648 3564 neque
3676 3491 3950 3546 Christus

2295 3595 2625 3654 resurrexit.
2659 3594 2712 3649 Si
2751 3598 2944 3649 autem
2973 3609 3089 3647 non
3116 3588 3447 3657 resurrexit,
3483 3587 3605 3641 sine
3639 3601 3812 3639 causa
3858 3588 3950 3639 est

2297 3706 2433 3762 ergo
2461 3694 2516 3744 et
2544 3688 2868 3761 praedicatio
2902 3691 3115 3754 nostra,
3149 3689 3204 3739 et
3237 3682 3374 3738 ﬁdes
3403 3687 3585 3737 vestra
3611 3694 3809 3733 vacua.
3846 3679 3947 3732 In-

2295 3783 2559 3839 venimur
2594 3786 2783 3837 autem
2835 3780 2959 3835 falsi
2996 3784 3161 3834 testes
3195 3778 3323 3847 Dei;
3378 3777 3649 3849 quoniam
3685 3773 3949 3829 testimo-

2296 3876 2458 3933 nium
2501 3876 2749 3931 diximus
2789 3874 3054 3929 adversus
3113 3873 3315 3942 Deum,
3370 3870 3526 3943 quod
3575 3868 3949 3924 suscitaverit

2295 3970 2601 4038 Christum,
2633 3984 2805 4040 quem
2828 3983 2944 4022 non
2970 3965 3273 4021 suscitavit.
3296 3964 3351 4019 Si
3378 3964 3534 4019 enim
3574 3962 3788 4018 mortui
3816 3978 3949 4018 non

2295 4067 2622 4135 resurgunt,
2650 4077 2837 4133 neque
2867 4059 3122 4116 Christus
3145 4058 3476 4113 resurrexit.
3503 4057 3663 4121 Quod
3688 4056 3736 4111 si
3768 4056 3944 4111 Chri-

2296 4161 2414 4212 stus
2440 4172 2555 4211 non
2580 4154 2912 4222 resurrexit,
2948 4153 3068 4207 sine
3094 4167 3263 4206 causa
3288 4155 3344 4206 et
3369 4150 3508 4206 fides
3534 4153 3719 4205 vestra
3745 4153 3852 4218 est,
3890 4155 3947 4205 et

2295 4250 2481 4305 adhuc
2510 4248 2639 4304 estis
2666 4248 2727 4302 in
2751 4245 2994 4319 peccatis
3021 4244 3238 4300 vestris.
3273 4246 3422 4316 Ergo
3460 4248 3517 4298 et
3541 4242 3639 4316 qui
3692 4243 3945 4298 dormie-

2297 4348 2450 4411 runt,
2489 4342 2550 4396 in
2597 4340 2815 4396 Christo
2851 4339 3168 4412 perierunt.
3211 4337 3268 4393 Si
3306 4337 3369 4392 in
3408 4338 3516 4392 hac
3550 4336 3669 4392 vita
3714 4336 3832 4391 sola
3879 4336 3939 4392 in

2297 4435 2518 4492 Christo
2546 4437 2833 4506 sperantes
2860 4448 3061 4488 sumus
3086 4434 3331 4501 tantum,
3364 4429 3807 4485 miserabiliores
3833 4447 3937 4485 su-

2297 4545 2426 4585 mus
2450 4528 2715 4583 omnibus
2739 4526 3087 4583 hominibus.
3125 4523 3402 4589 Quoniam
3428 4524 3490 4578 in
3521 4524 3702 4579 Adam
3732 4539 3936 4579 omnes

2299 4621 2644 4689 moriuntur,
2667 4620 2746 4676 ita
2763 4624 2820 4676 et
2838 4619 2897 4674 in
2916 4619 3137 4674 Christo
3167 4633 3365 4672 omnes
3384 4616 3841 4673 viviﬁcabuntur.

2451 4713 2628 4764 Lectio
2652 4712 2822 4763 sancti
2849 4711 3116 4776 Evangelii
3141 4709 3433 4761 secundum
3456 4709 3775 4761 Matthteum.

2370 4786 2577 4841 Diebus
2604 4785 2736 4855 illis,
2766 4783 3085 4839 convocatis
3109 4784 3181 4838 ad
3211 4799 3269 4838 se
3299 4782 3571 4837 Dominus
3597 4783 3756 4837 Jesus
3804 4787 3933 4838 tur-

2298 4880 2404 4951 bis,
2434 4878 2581 4934 dixit
2611 4878 2693 4933 eis
2723 4895 2737 4934 :
2770 4878 2973 4933 Audite
3003 4882 3060 4933 et
3085 4875 3404 4948 intelligite.
3438 4876 3560 4930 Non
3587 4875 3741 4947 quod
3760 4872 3938 4932 intrat

2299 4974 2361 5028 in
2386 4990 2466 5043 os,
2509 4971 2837 5043 coinquinat
2865 4971 3202 5039 hominem;
3236 4969 3335 5025 sed
3377 4970 3529 5041 quod
3568 4969 3825 5041 procedit
3868 4987 3935 5025 ex

2302 5082 2419 5135 ore,
2448 5066 2555 5121 hoc
2579 5064 2912 5136 coinquinat
2940 5064 3254 5119 hominem.
3285 5064 3439 5117 'l‘unc
3468 5068 3831 5118 accesserunt
3860 5063 3935 5118 di-

2302 5158 2504 5231 scipuli
2521 5158 2663 5229 ejus,
2686 5162 2742 5212 et
2767 5158 3035 5213 dixerunt
3060 5157 3111 5211 ei
3140 5174 3154 5211 :
3186 5156 3300 5212 Scis
3327 5156 3459 5228 quia
3502 5155 3801 5225 Pharisaei,
3831 5172 3932 5211 auc

2302 5252 2420 5307 dito
2445 5252 2551 5306 hoc
2572 5250 2762 5320 verbo,
2794 5250 3150 5305 scandalizati
3192 5254 3344 5304 sunt.
3374 5251 3446 5305 At
3470 5250 3566 5304 ille
3589 5250 3935 5321 respondens

2303 5346 2383 5400 ait
2413 5363 2427 5400 :
2457 5343 2653 5401 Omnis
2670 5344 2963 5416 plantatio,
2977 5359 3148 5415 quam
3165 5358 3280 5398 non
3301 5342 3573 5414 plantavit
3586 5345 3753 5399 Pater
3776 5359 3934 5399 meus

2304 5438 2558 5508 caelestis,
2604 5436 2997 5495 eradicabitur.
3032 5436 3207 5492 Sinite
3238 5435 3382 5506 illos,
3416 5435 3551 5492 caeci
3572 5441 3727 5507 sunt,
3770 5437 3936 5494 duces

2305 5547 2604 5588 caecorum.
2649 5531 2842 5586 Caecus
2889 5535 3079 5586 autem
3109 5529 3155 5584 si
3192 5545 3343 5585 czeco
3377 5529 3643 5585 ducatum
3686 5534 3931 5602 prestat,

2307 5625 2475 5682 ambo
2506 5625 2570 5683 in
2602 5625 2824 5681 foveam
2858 5623 3088 5680 cadunt.
3120 5623 3491 5696 Respondeas
3525 5628 3721 5680 autem
3744 5624 3935 5680 Petrus

2306 5718 2450 5776 dixit
2496 5719 2549 5776 ei
2598 5738 2613 5778 :
2648 5718 2901 5776 Edissere
2946 5716 3113 5776 nobis
3153 5717 3479 5792 parabolam
3520 5717 3708 5775 istam.
3734 5719 3814 5775 At
3848 5716 3934 5774 ille
