4006 6228
116 345 208 396 349

729 339 1338 395 SACRAMENTARIUM
1377 340 1820 394 CALLICANUM.
1864 369 1930 377 ——
1971 340 2335 393 LECTIONES
2374 340 2830 394 DOMINICALES.

3359 347 3459 396 550

103 449 265 504 dixit:
291 446 491 502 Adhuc
511 451 564 500 et
582 462 676 500 vos
706 447 825 501 sine
858 447 1147 501 intellectu
1166 448 1337 501 estis?
1364 464 1479 501 non
1506 447 1715 501 intelli-
1740 462 1799 532 Α
1822 447 2043 517 guravit
2069 447 2125 499 in
2153 463 2338 500 curro.
2364 447 2535 516 Cujus
2561 447 2710 500 dono
2728 447 2897 501 vidua
2926 445 3215 502 benedixit
3234 448 3294 502 in
3310 451 3451 517 oleo,

107 542 221 614 gitis
246 541 381 612 quia
413 555 581 594 omne
610 541 761 611 quod
789 541 851 595 in
881 557 941 594 os
965 540 1156 608 intrat,
1179 541 1239 594 in
1268 546 1523 595 ventrem
1548 541 1717 610 vadit,

1824 539 2000 610 ipsius
2029 540 2462 594 viviﬁcationem
2496 540 2743 594 Heliseus
2789 540 2925 596 vidit
2960 541 3021 596 in
3049 542 3326 612 sepulcro.
3354 543 3456 597 Cu-

109 642 156 691 et
178 636 233 689 in
259 650 540 688 secessum
581 635 862 688 mittitur?
906 651 1033 705 quia
1073 637 1263 688 autem
1307 635 1620 705 procedunt
1654 636 1723 689 de
1815 633 1911 703 jus
1936 634 2265 704 patientiam
2291 633 2597 688 Hieremias
2622 634 2813 688 docuit
2838 634 2896 689 in
2919 634 3124 702 lacum,
3157 635 3330 706 ipsius
3353 636 3454 690 mi-

107 746 209 795 ore,
238 728 304 782 de
343 729 512 781 corde
559 733 786 797 exeunt,
820 733 877 782 et
911 744 976 782 ea
1017 727 1384 799 coinquinant
1411 728 1720 781 hominem.

108 823 174 876 De
201 820 360 875 corde
387 820 542 875 enim
570 826 779 875 exeunt
804 821 1169 891 cogitationes
1189 821 1375 890 malae,
1400 820 1720 889 homicidia,

107 914 379 982 adulteria,
447 913 864 982 fornicationes,
933 915 1081 968 furta
1106 957 1119 982 ,
1181 915 1322 969 falsa
1382 913 1720 981 testimonia,

108 1007 486 1080 blasphemiae;
516 1008 637 1062 haec
677 1013 810 1062 sunt
850 1024 977 1079 quae
1005 1009 1372 1079 coinquinant
1410 1007 1721 1062 hominem.

110 1103 213 1156 Non
238 1101 360 1155 lotis
386 1105 582 1156 autem
606 1101 870 1155 manibus
896 1102 1258 1169 manducare,
1273 1119 1386 1156 non
1401 1101 1727 1172 coinquinat

109 1193 397 1248 hominem.
445 1195 718 1249 Ecasssus
765 1211 888 1250 INDE
915 1195 1164 1250 Doumcs
1200 1197 1360 1250 Jsscs
1407 1194 1628 1248 secessit
1668 1194 1726 1247 in

110 1291 277 1359 partes
304 1287 432 1358 Tyri
465 1291 523 1343 et
560 1288 778 1343 Sidonis
811 1306 823 1342 :
857 1293 913 1342 et
941 1305 1067 1343 ecce
1105 1288 1312 1343 mulier
1335 1289 1652 1356 Chananea,
1693 1303 1728 1340 a

112 1381 298 1435 ﬁnibus
343 1381 456 1434 illis
505 1398 750 1453 egressa,
798 1383 1086 1451 clamavit,
1119 1382 1309 1437 dicens
1338 1382 1388 1436 ei
1422 1399 1433 1435 :
1468 1381 1725 1435 Miserere

110 1475 226 1541 mei,
252 1474 510 1541 Domine,
539 1476 619 1528 tili
647 1475 847 1543 David;
877 1475 990 1530 ﬁlia
1033 1492 1158 1530 mea
1201 1476 1344 1529 male
1388 1493 1420 1528 a
1446 1474 1726 1529 diemonio

109 1573 346 1622 vexatur.
374 1569 484 1632 Qui
511 1585 624 1622 non
646 1569 936 1640 respondit
961 1569 1013 1623 ei
1033 1569 1289 1623 verbum.
1315 1570 1379 1623 Et
1402 1568 1727 1622 accedentes

109 1661 351 1732 discipuli
373 1662 496 1732 ejus
522 1662 805 1734 rogabant
825 1679 978 1728 eum,
1011 1663 1258 1717 dicentes
1293 1679 1306 1714 :
1332 1661 1558 1716 Dimitte
1579 1677 1724 1728 eam,

109 1754 227 1825 quia
267 1755 470 1808 clamat
511 1760 638 1826 post
674 1773 797 1810 nos.
829 1757 950 1827 Ipse
995 1760 1184 1809 autem
1216 1755 1560 1826 respondens
1601 1754 1679 1808 ait
1711 1769 1722 1806 :

1823 727 2183 781 sericordiam
2210 727 2509 782 Zerobabel
2535 728 2859 798 praedicavit
2893 729 2951 783 in
2985 729 3250 783 reditum.
3282 729 3456 799 Cujus

1826 836 1969 891 opus
1994 820 2450 874 Patriarcharum
2475 821 2658 874 forma
2684 821 2956 889 distinxit,
2987 822 3162 893 ipsius
3187 823 3457 894 propicia-

1826 913 2038 966 tionem
2065 913 2419 968 sacerdotum
2447 914 2787 984 praeparatio
2817 915 3131 969 declaravit.
3152 915 3323 985 Cujus
3340 916 3457 970 lon-

1827 994 2214 1076 ganimitatem
2237 1007 2495 1076 judicum
2528 1007 2762 1078 aquitas
2777 1007 3030 1078 protulit,
3051 1007 3226 1078 ipsius
3241 1009 3458 1080 sapien-

1827 1100 1963 1154 tiam
1995 1116 2196 1169 regum
2223 1099 2337 1153 vita
2365 1100 2624 1154 deservit.
2653 1101 2823 1170 Cujus
2859 1101 3120 1170 spiritum
3148 1103 3454 1173 propheta-

1826 1210 1955 1248 rum
1984 1193 2186 1247 veritas
2226 1193 2575 1264 adprobavit,
2607 1194 2778 1263 ipsius
2803 1195 3106 1249 adventum
3136 1197 3456 1252 Zaccharias

1826 1287 2131 1358 castigatus
2162 1287 2422 1341 ostendit.
2461 1287 2632 1356 Cujus
2661 1287 2958 1341 introitum
2991 1288 3273 1343 Iohannes
3307 1307 3454 1360 prae-

1827 1397 2022 1434 cursor
2056 1380 2369 1444 admonuit,
2405 1379 2578 1451 ipsius
2618 1379 2966 1435 nativitatem
2999 1382 3168 1452 Virgo
3200 1384 3456 1453 protulit,

1826 1475 1982 1528 stella
2012 1465 2314 1544 praecessit.
2349 1474 2694 1544 Angelorum
2721 1491 2824 1528 vox
2854 1491 3009 1528 sacra
3036 1475 3256 1543 cecinit,
3275 1483 3461 1547 pasto-

1828 1584 1957 1621 rum
1981 1567 2214 1638 pervigil
2238 1567 2547 1621 sollicitudo
2569 1568 2827 1637 pervidit,
2851 1585 3155 1638 magorum
3179 1571 3459 1639 tripertita

1827 1661 2032 1716 oblatio
2056 1661 2310 1715 muneris
2337 1661 2650 1715 honoravit.
2678 1661 2848 1731 Cujus
2877 1661 3193 1731 passionem
3212 1663 3460 1718 mundus

1827 1771 1941 1808 non
1971 1754 2257 1821 sustinuit,
2287 1754 2371 1808 sol
2401 1754 2630 1825 refugit.
2662 1754 2832 1823 Cujus
2861 1755 3328 1810 resurrectionem
3357 1758 3456 1812 ad-

111 1849 214 1901 .V'ou
241 1864 364 1902 sum
394 1849 600 1902 missus
639 1849 749 1902 nisi
775 1849 846 1903 ad
887 1865 1017 1903 oves
1052 1865 1182 1920 qua:
1209 1849 1503 1919 perierunt
1526 1833 1804 1903 domusB
1828 1847 2084 1902 sistentes
2125 1852 2580 1902 sustentaverunt
2617 1847 2825 1917 angeli,
2878 1864 3009 1901 cum
3070 1854 3459 1919 resurgentem

113 1940 281 1996 Israel.
309 1944 377 1995 At
406 1941 505 1995 illa
546 1942 720 2011 venit,
769 1947 827 1996 et
871 1942 1144 1996 adorabat
1185 1958 1318 1995 eum
1357 1942 1588 1996 dicens:
1620 1941 1725 1994 Do-

112 2034 273 2102 mine,
299 2034 504 2105 adjuva
531 2052 643 2090 me.
680 2036 786 2100 Qui
831 2036 1176 2107 respondens
1203 2036 1282 2089 ait
1313 2051 1324 2089 :
1368 2036 1488 2088 Non
1515 2039 1599 2088 est
1626 2033 1725 2088 bo-

111 2144 233 2182 num
258 2145 481 2183 sumere
521 2145 726 2200 panem
752 2128 1019 2198 ﬁliorum,
1047 2134 1103 2184 et
1130 2129 1352 2184 mittere
1381 2129 1627 2182 canibus.
1662 2132 1731 2183 At

112 2221 191 2275 illa
213 2221 350 2276 dixit
377 2239 388 2276 :
430 2223 614 2277 Etiam
639 2265 652 2292 ,
685 2223 921 2278 Domine
940 2265 954 2289 ,
984 2239 1117 2276 nam
1143 2227 1199 2278 et
1238 2222 1421 2276 catelli
1449 2223 1624 2276 edunt
1661 2223 1730 2276 de

112 2331 289 2369 mensa
312 2316 682 2371 dominorum
728 2333 980 2371 suorum.
1021 2319 1174 2370 Tunc
1204 2315 1548 2386 respondens
1575 2316 1731 2370 Jesus

114 2409 178 2462 ait
203 2409 280 2462 illi
310 2426 321 2463 :
350 2410 393 2464 Ο
414 2409 644 2472 mulier,
666 2428 875 2481 magna
904 2414 988 2464 est
1013 2410 1150 2464 ﬁdes
1178 2413 1304 2478 tua;
1332 2409 1429 2463 ﬁat
1457 2409 1559 2463 tibi
1585 2409 1732 2464 sicut

117 2502 200 2555 vis.
229 2503 514 2571 Etisanata
539 2508 623 2558 est
650 2503 762 2557 tilia
788 2504 909 2573 ejus
947 2520 1016 2558 ex
1042 2503 1136 2556 illa
1165 2503 1322 2556 hora.

716 2617 904 2655 INCIPIT
945 2617 1116 2654 HISSA.

178 2695 424 2758 Oremus,
469 2693 672 2748 fratres
709 2693 998 2760 carissimi,
1041 2693 1362 2747 unianimes
1389 2696 1557 2764 atque
1595 2709 1728 2746 con-

118 2786 310 2853 cordes,
346 2791 410 2840 ut
435 2787 745 2840 Ecclesiam
771 2803 931 2840 suam
969 2786 1238 2840 Dominus
1264 2785 1323 2840 in
1359 2802 1499 2857 pace
1526 2786 1730 2840 consti-

117 2885 239 2946 tuat,
267 2880 484 2934 clerum
528 2897 696 2934 suum
738 2879 945 2934 cmlesti
972 2879 1363 2934 benedictione
1401 2879 1730 2948 circumdet,

119 2972 318 3042 plebem
357 2989 520 3027 suam
562 2973 724 3027 donis
762 2973 974 3044 repleat
1011 2972 1350 3044 spiritalium
1389 2973 1730 3043 gratiarum;

118 3071 170 3119 ut
202 3066 448 3138 quietam
481 3067 652 3122 vitam
699 3071 951 3139 agentes,
982 3070 1192 3122 aeterno
1221 3066 1458 3120 Domino
1501 3065 1734 3120 inlibate

118 3159 427 3216 serviamus.

785 3229 1054 3279 Collectio.

180 3311 593 3382 Sempiternum
645 3311 968 3378 Dominum,
1028 3310 1334 3379 inﬁnitum,
1392 3310 1733 3381 ingenitum,

121 3403 504 3474 immortalem,
549 3406 759 3460 devotae
813 3403 1038 3470 mentis,
1096 3404 1506 3460 desideriorum
1555 3404 1738 3458 cordis

121 3496 472 3554 habitatorem
501 3499 892 3570 deprecemur,
921 3501 987 3551 ut
1018 3497 1322 3552 Ecclesiam
1357 3501 1607 3552 sanctam
1641 3513 1732 3552 ca-

122 3589 368 3646 tholicam
392 3595 672 3664 perpetua
697 3591 1023 3647 defensione
1051 3594 1295 3646 tueatur.

728 3681 850 3730 Post
874 3679 1103 3730 nomina.

187 3760 409 3815 Domine
437 3764 587 3816 Deus
612 3761 926 3816 dilectionis
949 3765 1007 3815 et
1031 3761 1204 3832 pacis,
1235 3761 1294 3814 in
1319 3759 1480 3830 cujus
1505 3760 1736 3814 dextera

124 3853 259 3907 salus
279 3859 467 3909 nostra
495 3859 601 3917 est,
616 3859 821 3925 praesta
844 3860 908 3908 ut
929 3854 999 3908 ad
1025 3859 1080 3908 te
1108 3869 1223 3908 non
1250 3869 1346 3908 ore
1371 3858 1614 3920 tantum,
1641 3853 1737 3908 sed

126 3951 174 4000 et
211 3947 368 4004 corde
411 3948 732 4019 vigilemus.
781 3948 1063 4002 Timorem
1104 3947 1189 4002 tui
1237 3947 1485 4002 nominis
1533 3946 1738 4001 nostris

127 4039 302 4096 emitte
313 4041 639 4110 visceribus,
658 4047 714 4096 et
732 4057 985 4095 amorem
1007 4040 1243 4096 infunde
1257 4039 1594 4112 pectoribus.
1611 4041 1735 4094 Per.

766 4133 843 4184 Ad
871 4147 1076 4198 pacem.

187 4215 364 4271 Presta
389 4215 574 4285 nobis,
604 4215 857 4284 Domine,
891 4215 952 4268 in
999 4215 1166 4269 domo
1191 4219 1288 4269 tua
1314 4218 1505 4269 sancta
1532 4212 1737 4268 unani-

129 4306 306 4363 mitate
343 4308 663 4365 viventibus
701 4324 899 4380 pacem
948 4307 1158 4363 habere
1211 4323 1387 4380 quam
1425 4307 1736 4373 tradimus;

129 4415 306 4469 pacem
331 4419 554 4459 servare
583 4419 755 4474 quam
789 4401 1066 4457 sumimus

779 4493 1110 4544 Contestatio.

1757 3205 1812 3278 C

1833 1940 2285 2010 gloriﬁcaverunt
2311 1940 2506 1993 sancti.
2535 1939 2705 2009 Cujus
2730 1955 2977 2009 regnum
3010 1940 3334 1996 universum
3361 1958 3460 1997 cm-

1830 2034 2054 2088 lestium
2093 2039 2149 2088 et
2185 2032 2538 2087 terrestrium
2582 2032 3052 2104 infernorumque
3098 2041 3455 2104 concentum,

1829 2127 2184 2195 animalium,
2226 2127 2532 2194 seniorum,
2569 2126 2944 2195 signatorum,
2974 2126 3300 2183 incessabile
3327 2146 3458 2184 voce

1831 2221 2257 2292 proclamabant
2285 2220 2534 2275 dicentes
2565 2236 2577 2272 :
2617 2219 2871 2273 Sanctus.

2356 2343 2511 2381 HISSA
2552 2341 2915 2382 DOMINICALIS.

1926 2419 2100 2469 Lectio
2128 2418 2393 2468 Malachiaa
2422 2419 2689 2482 prophetae
2709 2455 2726 2480 ,
2762 2419 3088 2470 dominicalis
3125 2421 3367 2485 legenda.

1905 2506 2027 2558 Haec
2064 2504 2196 2559 dicit
2233 2505 2501 2558 Dominus
2535 2522 2547 2558 :
2585 2505 2787 2559 Inferte
2827 2522 3056 2559 omnem
3097 2505 3373 2560 decimam
3402 2506 3462 2560 in

1833 2599 2102 2653 horreum
2128 2614 2342 2666 meum,
2380 2603 2436 2652 et
2460 2598 2531 2652 sit
2557 2599 2712 2652 cibus
2751 2598 2810 2652 in
2854 2599 3022 2652 domo
3064 2615 3213 2667 mea,
3246 2604 3303 2654 et
3329 2616 3460 2670 pro-

1832 2692 1960 2746 bate
1983 2708 2075 2746 me
2114 2707 2286 2762 super
2311 2691 2437 2759 hoc,
2466 2691 2601 2745 dicit
2624 2691 2915 2746 Dominus.
2963 2692 3018 2746 Si
3045 2707 3160 2746 non
3187 2708 3462 2763 aperuero

1833 2785 1987 2839 vobis
2011 2789 2311 2840 cataractas
2341 2784 2481 2851 caeli,
2530 2790 2587 2839 et
2628 2783 2879 2839 eﬂ‘udero
2921 2785 3076 2840 vobis
3115 2786 3462 2841 benedictio-

1833 2895 1965 2934 nem
1991 2894 2170 2949 usque
2194 2878 2266 2932 ad
2288 2877 2692 2932 abundantiam
2725 2895 2736 2931 :
2769 2882 2824 2932 et
2850 2878 3151 2949 increpabo
3180 2897 3282 2950 pro
3307 2882 3462 2934 vobis

1833 2973 2217 3039 devorantem,
2234 2975 2291 3026 et
2309 2987 2424 3026 non
2445 2976 2769 3042 corrumpet
2784 2971 3035 3025 fructum
3054 2977 3221 3026 terra:
3243 2978 3458 3040 vestrae,

1833 3081 1935 3120 nec
1959 3064 2066 3119 erit
2091 3065 2294 3119 sterilis
2325 3063 2484 3118 vinea
2511 3064 2570 3118 in
2601 3080 2758 3134 agro,
2790 3063 2923 3118 dicit
2948 3065 3219 3120 Dominus
3247 3067 3460 3120 exerci-

1834 3163 2021 3212 tuum.
2069 3159 2137 3212 Et
2165 3159 2365 3213 beatos
2403 3174 2501 3212 vos
2539 3158 2731 3212 dicent
2771 3174 2973 3212 omnes
3019 3162 3241 3228 gentes.
3299 3161 3465 3215 Eritis

1838 3253 1994 3307 enim
2027 3269 2126 3306 vos
2145 3254 2299 3305 terra
2321 3249 2736 3316 desiderabilis,
2766 3250 2905 3304 dicit
2939 3251 3218 3305 Dominus
3252 3254 3464 3308 exerci-

1836 3349 2022 3399 tuum.
2051 3345 2418 3398 Invaluerunt
2436 3359 2610 3414 super
2634 3359 2728 3396 me
2760 3344 2932 3397 verba
2951 3347 3159 3410 vestra,
3191 3345 3328 3400 dicit
3351 3347 3460 3402 Do-

1839 3439 2050 3504 minus,
2089 3441 2147 3492 et
2191 3437 2408 3491 dixistis
2445 3454 2457 3490 :
2498 3436 2645 3500 Quid
2687 3437 2861 3491 locuti
2895 3454 3094 3492 sumus
3131 3443 3333 3494 contra
3361 3440 3466 3495 te?

1839 3531 2061 3585 Dixistis
2092 3549 2104 3586 :
2139 3533 2328 3585 Vanus
2353 3534 2440 3584 est
2467 3530 2565 3600 qui
2587 3530 2759 3583 servit
2777 3531 2915 3585 Deo.
2949 3532 3383 3601 Convertimini,
3409 3538 3467 3588 et

1837 3629 2120 3695 videbitis,
2145 3627 2280 3699 quid
2314 3627 2384 3680 sit
2413 3627 2563 3680 inter
2583 3627 2805 3696 justum
2833 3632 2888 3680 et
2930 3628 3196 3698 impium,
3227 3633 3283 3682 et
3313 3630 3466 3684 inter

1836 3721 2182 3776 servientem
2211 3722 2392 3774 Deum
2419 3724 2478 3773 et
2505 3735 2619 3774 non
2647 3720 2991 3774 servientem
3021 3721 3091 3774 ei.
3128 3723 3266 3776 Ecce
3307 3723 3463 3778 enim

1839 3817 1960 3871 dies
1979 3816 2171 3870 veniet
2196 3831 2466 3869 succensa
2494 3815 2655 3884 quasi
2679 3815 2955 3881 caminus,
2981 3819 3039 3868 et
3061 3821 3232 3870 erunt
3263 3834 3466 3872 omnes

1838 3911 2067 3982 superbi
2086 3915 2144 3964 et
2162 3927 2366 3964 omnes
2387 3909 3037 3979 facientesimpietatem
3065 3912 3291 3983 stipula,
3305 3917 3364 3966 et
3383 3913 3469 3968 in-

1838 4002 2158 4060 ﬂammabit
2186 4021 2284 4057 eos
2315 4001 2435 4056 dies
2461 4002 2719 4056 veniens.
2744 4004 2812 4056 Et
2839 4003 3056 4057 orietur
3071 4004 3230 4059 vobis
3252 4005 3460 4060 timen-

1838 4099 1988 4154 tibus
2016 4113 2232 4152 nomen
2257 4113 2456 4150 meum
2485 4097 2566 4149 sol
2593 4095 2851 4165 justitiae,
2871 4099 2929 4149 et
2958 4097 3170 4152 sanitas
3196 4099 3254 4152 in
3277 4100 3468 4170 pinnis

1840 4192 1980 4263 ejus.
2015 4192 2155 4245 Ecce
2183 4207 2292 4261 ego
2314 4189 2543 4244 mittam
2563 4189 2722 4243 vobis
2744 4189 2959 4243 Heliam
2982 4192 3346 4262 pmphetam,
3372 4211 3471 4249 an-

1841 4289 2074 4356 tequam
2101 4284 2296 4339 veniat
2319 4283 2443 4337 dies
2466 4283 2694 4338 Domini
2719 4299 2968 4354 magnus
2990 4288 3046 4338 et
3080 4285 3367 4342 terribilis.
3400 4289 3470 4344 Et

1840 4381 2136 4434 convertet
2169 4395 2268 4433 cor
2291 4381 2522 4449 patrum
2563 4376 2636 4430 ad
2678 4377 2844 4444 filios,
2875 4379 2934 4432 et
2971 4395 3069 4432 cor
3105 4379 3358 4435 filiorum
3394 4383 3469 4437 ad

1841 4475 2034 4544 patres
2059 4488 2260 4527 eorum
2281 4489 2294 4539 ;
2319 4488 2391 4524 ne
2413 4472 2562 4525 forte
2583 4469 2813 4525 veniam
2833 4474 2890 4525 et
2906 4471 3227 4542 percutiam
3248 4476 3467 4530 terram

191 4573 319 4630 Vere
338 4575 579 4648 dignum
605 4579 661 4630 et
678 4575 897 4646 justum
923 4579 1025 4643 est,
1053 4573 1414 4645 omnipotens
1447 4573 1611 4640 Deus,
1635 4587 1737 4643 per
1755 4570 1814 4642 Ι)
1838 4566 2228 4631 anathemate,
2255 4563 2335 4617 ait
2361 4563 2640 4617 Dominus
2669 4565 2836 4618 Deus.

129 4665 389 4722 Christum
433 4669 736 4723 Dominum
788 4673 1072 4723 nostrum.
1102 4666 1275 4738 Cujus
1325 4682 1512 4720 vocem
1563 4665 1742 4719 Adam

131 4759 342 4830 audivit,
380 4767 435 4817 et
460 4763 651 4817 timuit
673 4760 846 4834 ipsius
871 4766 1196 4832 aspectum;
1229 4760 1365 4814 Abel
1385 4757 1664 4830 quaesivit,
1687 4762 1744 4812 et

130 4854 336 4908 meruit.
377 4855 550 4927 Cujus
590 4872 802 4910 nomen
846 4855 1038 4910 Enoch
1085 4853 1341 4922 credidit,
1389 4856 1445 4907 et
1489 4852 1738 4920 vocavit;

130 4942 286 5014 ipsius
308 4949 543 5018 gratiam
579 4950 692 5003 Noe
724 4948 1064 5019 justiﬁcatus
1103 4946 1340 5001 invenit.
1369 4945 1540 5016 Cujus
1564 4945 1739 5000 bene-

130 5030 413 5090 dictionem
434 5037 721 5092 Abraham
738 5041 963 5091 vocatus
982 5036 1220 5107 accepit,
1250 5035 1425 5106 ipsius
1451 5035 1742 5090 caritatem

131 5124 260 5181 Isaac
281 5130 545 5198 probatus
573 5131 821 5202 agnovit.
849 5130 1022 5200 Cujus
1048 5129 1549 5200 sanctiﬁcationem
1571 5127 1740 5182 Jacob

131 5216 319 5274 electus
361 5224 620 5293 emeruit,
669 5223 846 5295 ipsius
888 5223 1084 5294 ignem
1122 5224 1331 5294 Moyses
1379 5222 1614 5276 miratus
1650 5220 1740 5274 in-

131 5311 310 5379 spexit.
339 5315 506 5386 Cujus
533 5317 804 5372 ducatum
840 5317 1000 5371 Jesus
1027 5316 1134 5370 sibi
1160 5315 1414 5371 conscius
1439 5315 1697 5370 adoravit
1725 5330 1738 5367 :

132 5400 287 5470 ipsius
312 5407 577 5464 suavitate
605 5409 862 5464 Debbora
903 5409 1148 5465 cantavit
1171 5410 1233 5464 in
1262 5424 1413 5463 voce.
1442 5408 1613 5480 Cujus
1639 5424 1741 5478 po-

134 5497 345 5553 tentiam
369 5501 589 5557 Gedeon
615 5502 879 5572 probavit
903 5503 964 5557 in
992 5503 1196 5558 vellere
1222 5519 1235 5556 :
1264 5501 1439 5573 ipsius
1464 5499 1745 5555 fortitudi-

135 5599 249 5642 nem
293 5591 521 5650 Samson
563 5595 809 5650 ostendit
849 5595 910 5650 in
955 5595 1130 5650 crine.
1175 5595 1348 5666 Cujus
1389 5593 1743 5664 majestatem

137 5675 342 5737 Samuel
364 5685 502 5742 vidit
528 5687 588 5742 in
624 5693 851 5758 sancto,
881 5688 1056 5760 ipsius
1081 5687 1532 5760 magnitudinem
1575 5683 1743 5739 David

137 5771 383 5833 exultavit
407 5779 464 5834 in
491 5785 784 5854 tympano.
821 5781 994 5854 Cujus
1021 5780 1297 5837 honorem
1328 5780 1591 5836 Salomon
1618 5777 1741 5850 glo-

141 5861 352 5924 riﬂcavit
378 5869 433 5926 in
459 5874 692 5945 templo,
721 5874 898 5946 ipsius
936 5865 1322 5930 ascensionem
1349 5873 1530 5928 Helias
1556 5871 1742 5944 prati-

2137 4662 2366 4726 Epistola
2392 4662 2532 4711 Pauli
2565 4663 2786 4725 apostoli
2807 4662 2873 4711 ad
2897 4664 3172 4716 Romanos.

1915 4752 2155 4813 Fratres,
2181 4764 2297 4800 non
2312 4761 2452 4816 ergo
2479 4750 2686 4816 regnet
2704 4749 3003 4816 peccatum
3030 4750 3089 4803 in
3122 4754 3306 4808 vestro
3320 4768 3469 4810 mors

1842 4843 1940 4898 tali
1984 4856 2243 4911 corpore,
2271 4842 2333 4892 ut
2362 4837 2646 4892 obediatis
2675 4840 3150 4908 concupiscentiis
3181 4846 3323 4916 ejus.
3357 4847 3468 4903 Sed

1844 4951 2029 5008 neque
2071 4931 2386 4988 exhibeatis
2423 4929 2685 4984 membra
2722 4935 2909 4984 vestra
2949 4949 3113 4988 arma
3152 4937 3470 5010 iniquitatis

1841 5031 2108 5101 peccato;
2140 5026 2240 5080 sed
2265 5024 2527 5080 exhibete
2549 5040 2648 5077 vos
2674 5024 2789 5077 Deo
2821 5027 3121 5096 tamquam
3144 5046 3211 5083 ex
3227 5036 3468 5089 mortuis

1841 5123 2116 5187 viventes,
2139 5123 2197 5173 et
2219 5119 2483 5173 membra
2512 5119 2699 5171 vestra
2729 5133 2892 5171 arma
2916 5117 3156 5188 justitiae
3182 5123 3316 5178 Deo.
3339 5128 3469 5181 Pec-

1841 5219 2035 5271 catum
2061 5213 2218 5268 enim
2241 5211 2397 5267 vobis
2427 5228 2544 5266 non
2571 5210 2983 5266 dominabitur.
3017 5213 3140 5268 Non
3175 5215 3334 5270 enim
3365 5217 3466 5273 sub

1842 5311 1969 5380 lege
1996 5307 2150 5375 estis,
2194 5306 2294 5360 sed
2334 5305 2436 5360 sub
2477 5304 2684 5376 gratia.
2710 5304 2857 5369 Quid
2890 5321 3028 5378 ergo
3050 5307 3077 5361 ‘I
3107 5309 3468 5379 peccabimus

1843 5401 2119 5474 quoniam
2143 5417 2260 5455 non
2283 5416 2477 5453 sumus
2489 5399 2593 5452 sub
2611 5399 2759 5468 lege,
2783 5399 2884 5453 sed
2911 5401 3014 5456 sub
3036 5403 3220 5472 gratia
3241 5402 3267 5457 (Γ
3286 5404 3464 5460 Absit.

1842 5495 2077 5550 Nescitis
2107 5494 2194 5549 cui
2227 5491 2556 5546 exhibuistis
2579 5508 2678 5545 vos
2717 5509 2908 5547 servos
2947 5494 3020 5548 ad
3056 5496 3468 5568 obediendum,

1844 5588 1987 5643 servi
2017 5588 2150 5641 estis
2173 5586 2294 5656 ejus
2319 5585 2410 5640 cui
2432 5585 2694 5653 obeditis,
2724 5585 2838 5639 sive
2862 5587 3080 5656 peccati
3102 5585 3160 5642 in
3199 5596 3468 5661 mortem,

1844 5682 1958 5736 sive
2000 5679 2346 5736 obeditionis
2390 5675 2463 5733 ad
2492 5677 2776 5749 justitiam
2799 5677 2826 5732 ?
2865 5679 3086 5735 Gratias
3124 5687 3316 5739 autem
3355 5687 3471 5741 Deo

1844 5773 1999 5847 quod
2032 5773 2217 5829 fuistis
2248 5771 2391 5827 servi
2420 5770 2652 5844 peccati,
2681 5771 2954 5828 obedistis
2979 5777 3174 5831 autem
3207 5793 3273 5832 ex
3297 5779 3471 5834 corde

1842 5868 1901 5923 in
1926 5883 2054 5922 eam
2081 5868 2332 5922 formam
2364 5863 2656 5929 doctrinae,
2679 5863 2739 5920 in
2763 5881 2873 5936 qua
2904 5867 3094 5922 traditi
3125 5869 3276 5924 estis.
3302 5869 3466 5925 Libe-
