  <div class='ocr_page' id='page_1' title='image "/cluster/home/n/w/nwhite01/storage/ocr_20150623/72/uva.x000827084/385.png"; bbox 0 0 4006 6228; ppageno 0'>
   <div class='ocr_carea' id='block_1_1' title="bbox 482 327 574 378">
    <p class='ocr_par' dir='ltr' id='par_1_1' title="bbox 482 327 574 378">
     <span class='ocr_line' id='line_1_1' title="bbox 482 327 574 378; baseline 0.011 -1"><span class='ocrx_word' id='word_1_1' title='bbox 482 327 574 378; x_wconf 76' lang='grc'>551</span> 
     </span>
    </p>
   </div>
   <div class='ocr_carea' id='block_1_2' title="bbox 1351 312 2963 373">
    <p class='ocr_par' dir='ltr' id='par_1_2' title="bbox 1351 312 2963 373">
     <span class='ocr_line' id='line_1_2' title="bbox 1351 312 2963 373; baseline -0.004 0"><span class='ocrx_word' id='word_1_2' title='bbox 1351 313 1685 373; x_wconf 74' lang='grc' dir='ltr'>ᾹΡΡΕΝΒΙΧ</span> <span class='ocrx_word' id='word_1_3' title='bbox 1722 315 1809 369; x_wconf 83' lang='grc' dir='ltr'>ΑΙ)</span> <span class='ocrx_word' id='word_1_4' title='bbox 1845 313 2068 369; x_wconf 79' lang='lat' dir='ltr'>OPERA</span> <span class='ocrx_word' id='word_1_5' title='bbox 2106 313 2161 367; x_wconf 93' lang='lat' dir='ltr'>S.</span> <span class='ocrx_word' id='word_1_6' title='bbox 2200 312 2501 369; x_wconf 81' lang='lat' dir='ltr'>GERMANI</span> <span class='ocrx_word' id='word_1_7' title='bbox 2536 312 2963 369; x_wconf 77' lang='lat' dir='ltr'>PARISIENSIS.</span> 
     </span>
    </p>
   </div>
   <div class='ocr_carea' id='block_1_3' title="bbox 3754 316 3856 366">
    <p class='ocr_par' dir='ltr' id='par_1_3' title="bbox 3754 316 3856 366">
     <span class='ocr_line' id='line_1_3' title="bbox 3754 316 3856 366; baseline 0.01 -1"><span class='ocrx_word' id='word_1_8' title='bbox 3754 316 3856 366; x_wconf 79' lang='lat'>55&#39;2</span> 
     </span>
    </p>
   </div>
   <div class='ocr_carea' id='block_1_4' title="bbox 480 420 3858 505">
    <p class='ocr_par' dir='ltr' id='par_1_4' title="bbox 480 420 3858 505">
     <span class='ocr_line' id='line_1_4' title="bbox 480 420 3858 505; baseline -0.004 -19"><span class='ocrx_word' id='word_1_9' title='bbox 480 431 590 486; x_wconf 86' lang='lat' dir='ltr'>rati</span> <span class='ocrx_word' id='word_1_10' title='bbox 618 433 811 484; x_wconf 90' lang='lat' dir='ltr'>autem</span> <span class='ocrx_word' id='word_1_11' title='bbox 837 445 870 482; x_wconf 88' lang='lat' dir='ltr'>a</span> <span class='ocrx_word' id='word_1_12' title='bbox 896 430 1153 499; x_wconf 90' lang='lat' dir='ltr'>peccato,</span> <span class='ocrx_word' id='word_1_13' title='bbox 1201 425 1343 479; x_wconf 86' lang='lat' dir='ltr'>servi</span> <span class='ocrx_word' id='word_1_14' title='bbox 1381 424 1516 479; x_wconf 85' lang='lat' dir='ltr'>facti</span> <span class='ocrx_word' id='word_1_15' title='bbox 1558 422 1692 477; x_wconf 90' lang='lat' dir='ltr'>estis</span> <span class='ocrx_word' id='word_1_16' title='bbox 1725 420 1985 493; x_wconf 78' lang='lat' dir='ltr'>justitiae,</span> <span class='ocrx_word' id='word_1_17' title='bbox 2018 437 2122 492; x_wconf 88' lang='lat' dir='ltr'>per</span> <span class='ocrx_word' id='word_1_18' title='bbox 2143 432 2201 505; x_wconf 77' lang='grc' dir='ltr'>Α</span> <span class='ocrx_word' id='word_1_19' title='bbox 2220 421 2449 475; x_wconf 82' lang='lat' dir='ltr'>Patrem</span> <span class='ocrx_word' id='word_1_20' title='bbox 2474 421 2956 492; x_wconf 84' lang='lat' dir='ltr'>omnipotentem,</span> <span class='ocrx_word' id='word_1_21' title='bbox 2979 421 3077 492; x_wconf 88' lang='lat' dir='ltr'>qui</span> <span class='ocrx_word' id='word_1_22' title='bbox 3095 421 3417 475; x_wconf 84' lang='lat' dir='ltr'>clamantes</span> <span class='ocrx_word' id='word_1_23' title='bbox 3436 421 3513 476; x_wconf 92' lang='lat' dir='ltr'>ad</span> <span class='ocrx_word' id='word_1_24' title='bbox 3531 436 3593 475; x_wconf 91' lang='lat' dir='ltr'>se</span> <span class='ocrx_word' id='word_1_25' title='bbox 3606 421 3858 473; x_wconf 88' lang='lat' dir='ltr'>clemen-</span> 
     </span>
    </p>
   </div>
   <div class='ocr_carea' id='block_1_5' title="bbox 478 519 1340 580">
    <p class='ocr_par' dir='ltr' id='par_1_5' title="bbox 478 519 1340 580">
     <span class='ocr_line' id='line_1_5' title="bbox 478 519 1340 580; baseline -0.01 0"><span class='ocrx_word' id='word_1_26' title='bbox 478 527 672 580; x_wconf 86' lang='lat' dir='ltr'>Jesum</span> <span class='ocrx_word' id='word_1_27' title='bbox 693 521 981 579; x_wconf 86' lang='lat' dir='ltr'>Christum</span> <span class='ocrx_word' id='word_1_28' title='bbox 1011 519 1340 575; x_wconf 90' lang='lat' dir='ltr'>Dominum.</span> 
     </span>
    </p>
   </div>
   <div class='ocr_carea' id='block_1_6' title="bbox 636 620 1953 687">
    <p class='ocr_par' dir='ltr' id='par_1_6' title="bbox 636 620 1953 687">
     <span class='ocr_line' id='line_1_6' title="bbox 636 620 1953 687; baseline -0.006 -9"><span class='ocrx_word' id='word_1_29' title='bbox 636 626 810 677; x_wconf 84' lang='lat' dir='ltr'>Lectio</span> <span class='ocrx_word' id='word_1_30' title='bbox 836 625 1002 676; x_wconf 86' lang='lat' dir='ltr'>sancti</span> <span class='ocrx_word' id='word_1_31' title='bbox 1027 622 1294 687; x_wconf 79' lang='lat' dir='ltr'>Evangelii</span> <span class='ocrx_word' id='word_1_32' title='bbox 1318 621 1614 672; x_wconf 88' lang='lat' dir='ltr'>secundum</span> <span class='ocrx_word' id='word_1_33' title='bbox 1640 620 1953 671; x_wconf 65' lang='lat' dir='ltr'>Matthmum.</span> 
     </span>
    </p>
   </div>
   <div class='ocr_carea' id='block_1_7' title="bbox 549 710 2111 783">
    <p class='ocr_par' dir='ltr' id='par_1_7' title="bbox 549 710 2111 783">
     <span class='ocr_line' id='line_1_7' title="bbox 549 710 2111 783; baseline -0.008 -9"><span class='ocrx_word' id='word_1_34' title='bbox 549 718 746 775; x_wconf 88' lang='lat' dir='ltr'>Simile</span> <span class='ocrx_word' id='word_1_35' title='bbox 769 718 981 771; x_wconf 87' lang='lat' dir='ltr'>factum</span> <span class='ocrx_word' id='word_1_36' title='bbox 995 718 1079 769; x_wconf 89' lang='lat' dir='ltr'>est</span> <span class='ocrx_word' id='word_1_37' title='bbox 1090 729 1337 783; x_wconf 82' lang='lat' dir='ltr'>regnum</span> <span class='ocrx_word' id='word_1_38' title='bbox 1361 713 1634 767; x_wconf 62' lang='lat' dir='ltr'>caelorum</span> <span class='ocrx_word' id='word_1_39' title='bbox 1647 710 1891 777; x_wconf 87' lang='lat' dir='ltr'>homini,</span> <span class='ocrx_word' id='word_1_40' title='bbox 1909 710 2008 781; x_wconf 86' lang='lat' dir='ltr'>qui</span> <span class='ocrx_word' id='word_1_41' title='bbox 2028 726 2111 763; x_wconf 90' lang='lat' dir='ltr'>se-</span> 
     </span>
    </p>
   </div>
   <div class='ocr_carea' id='block_1_8' title="bbox 481 803 2109 877">
    <p class='ocr_par' dir='ltr' id='par_1_8' title="bbox 481 803 2109 877">
     <span class='ocr_line' id='line_1_8' title="bbox 481 803 2109 877; baseline -0.007 -10"><span class='ocrx_word' id='word_1_42' title='bbox 481 812 722 867; x_wconf 89' lang='lat' dir='ltr'>minavit</span> <span class='ocrx_word' id='word_1_43' title='bbox 740 812 957 864; x_wconf 92' lang='lat' dir='ltr'>bonum</span> <span class='ocrx_word' id='word_1_44' title='bbox 986 823 1184 861; x_wconf 87' lang='lat' dir='ltr'>semen</span> <span class='ocrx_word' id='word_1_45' title='bbox 1206 806 1265 860; x_wconf 91' lang='lat' dir='ltr'>in</span> <span class='ocrx_word' id='word_1_46' title='bbox 1283 822 1425 877; x_wconf 89' lang='lat' dir='ltr'>agro</span> <span class='ocrx_word' id='word_1_47' title='bbox 1444 822 1565 860; x_wconf 93' lang='lat' dir='ltr'>suo.</span> <span class='ocrx_word' id='word_1_48' title='bbox 1590 805 1733 859; x_wconf 91' lang='lat' dir='ltr'>Cum</span> <span class='ocrx_word' id='word_1_49' title='bbox 1753 806 1948 857; x_wconf 89' lang='lat' dir='ltr'>autem</span> <span class='ocrx_word' id='word_1_50' title='bbox 1976 803 2109 857; x_wconf 87' lang='lat' dir='ltr'>dor-</span> 
     </span>
    </p>
   </div>
   <div class='ocr_carea' id='block_1_9' title="bbox 482 896 2113 969">
    <p class='ocr_par' dir='ltr' id='par_1_9' title="bbox 482 896 2113 969">
     <span class='ocr_line' id='line_1_9' title="bbox 482 896 2113 969; baseline -0.007 -9"><span class='ocrx_word' id='word_1_51' title='bbox 482 906 695 960; x_wconf 91' lang='lat' dir='ltr'>mirent</span> <span class='ocrx_word' id='word_1_52' title='bbox 720 902 1008 966; x_wconf 87' lang='lat' dir='ltr'>homines,</span> <span class='ocrx_word' id='word_1_53' title='bbox 1042 900 1199 954; x_wconf 89' lang='lat' dir='ltr'>venit</span> <span class='ocrx_word' id='word_1_54' title='bbox 1225 900 1492 954; x_wconf 89' lang='lat' dir='ltr'>inimicus</span> <span class='ocrx_word' id='word_1_55' title='bbox 1521 898 1663 969; x_wconf 89' lang='lat' dir='ltr'>ejus,</span> <span class='ocrx_word' id='word_1_56' title='bbox 1692 902 1749 952; x_wconf 92' lang='lat' dir='ltr'>et</span> <span class='ocrx_word' id='word_1_57' title='bbox 1768 896 2113 968; x_wconf 90' lang='lat' dir='ltr'>supersemi-</span> 
     </span>
    </p>
   </div>
   <div class='ocr_carea' id='block_1_10' title="bbox 480 990 2107 1060">
    <p class='ocr_par' dir='ltr' id='par_1_10' title="bbox 480 990 2107 1060">
     <span class='ocr_line' id='line_1_10' title="bbox 480 990 2107 1060; baseline -0.007 -6"><span class='ocrx_word' id='word_1_58' title='bbox 480 999 634 1054; x_wconf 86' lang='lat' dir='ltr'>navit</span> <span class='ocrx_word' id='word_1_59' title='bbox 661 996 876 1051; x_wconf 88' lang='lat' dir='ltr'>zizania</span> <span class='ocrx_word' id='word_1_60' title='bbox 917 994 975 1048; x_wconf 91' lang='lat' dir='ltr'>in</span> <span class='ocrx_word' id='word_1_61' title='bbox 1006 993 1197 1048; x_wconf 88' lang='lat' dir='ltr'>medio</span> <span class='ocrx_word' id='word_1_62' title='bbox 1224 992 1416 1060; x_wconf 82' lang='lat' dir='ltr'>tritici,</span> <span class='ocrx_word' id='word_1_63' title='bbox 1446 996 1506 1046; x_wconf 88' lang='lat' dir='ltr'>et</span> <span class='ocrx_word' id='word_1_64' title='bbox 1543 991 1701 1046; x_wconf 88' lang='lat' dir='ltr'>abiit.</span> <span class='ocrx_word' id='word_1_65' title='bbox 1744 990 1887 1045; x_wconf 92' lang='lat' dir='ltr'>Cum</span> <span class='ocrx_word' id='word_1_66' title='bbox 1915 994 2107 1044; x_wconf 91' lang='lat' dir='ltr'>autem</span> 
     </span>
    </p>
   </div>
   <div class='ocr_carea' id='block_1_11' title="bbox 477 1086 2113 1155">
    <p class='ocr_par' dir='ltr' id='par_1_11' title="bbox 477 1086 2113 1155">
     <span class='ocr_line' id='line_1_11' title="bbox 477 1086 2113 1155; baseline -0.006 -8"><span class='ocrx_word' id='word_1_67' title='bbox 477 1091 743 1147; x_wconf 87' lang='lat' dir='ltr'>crevisset</span> <span class='ocrx_word' id='word_1_68' title='bbox 762 1088 942 1143; x_wconf 88' lang='lat' dir='ltr'>herba</span> <span class='ocrx_word' id='word_1_69' title='bbox 962 1088 1280 1141; x_wconf 85' lang='lat' dir='ltr'>etfructum</span> <span class='ocrx_word' id='word_1_70' title='bbox 1299 1086 1542 1155; x_wconf 85' lang='lat' dir='ltr'>fecisset,</span> <span class='ocrx_word' id='word_1_71' title='bbox 1565 1087 1699 1139; x_wconf 90' lang='lat' dir='ltr'>tunc</span> <span class='ocrx_word' id='word_1_72' title='bbox 1720 1087 2113 1155; x_wconf 88' lang='lat' dir='ltr'>apparuerunt</span> 
     </span>
    </p>
   </div>
   <div class='ocr_carea' id='block_1_12' title="bbox 476 1177 2112 1250">
    <p class='ocr_par' dir='ltr' id='par_1_12' title="bbox 476 1177 2112 1250">
     <span class='ocr_line' id='line_1_12' title="bbox 476 1177 2112 1250; baseline -0.007 -10"><span class='ocrx_word' id='word_1_73' title='bbox 476 1184 709 1240; x_wconf 81' lang='lat' dir='ltr'>zizania.</span> <span class='ocrx_word' id='word_1_74' title='bbox 741 1182 1096 1237; x_wconf 85' lang='lat' dir='ltr'>Accedentes</span> <span class='ocrx_word' id='word_1_75' title='bbox 1123 1185 1319 1235; x_wconf 89' lang='lat' dir='ltr'>autem</span> <span class='ocrx_word' id='word_1_76' title='bbox 1333 1179 1478 1233; x_wconf 88' lang='lat' dir='ltr'>servi</span> <span class='ocrx_word' id='word_1_77' title='bbox 1506 1177 1940 1250; x_wconf 82' lang='lat' dir='ltr'>patrisfamilias</span> <span class='ocrx_word' id='word_1_78' title='bbox 1962 1177 2112 1230; x_wconf 86' lang='lat' dir='ltr'>dixe-</span> 
     </span>
    </p>
   </div>
   <div class='ocr_carea' id='block_1_13' title="bbox 478 1270 2111 1345">
    <p class='ocr_par' dir='ltr' id='par_1_13' title="bbox 478 1270 2111 1345">
     <span class='ocr_line' id='line_1_13' title="bbox 478 1270 2111 1345; baseline -0.006 -12"><span class='ocrx_word' id='word_1_79' title='bbox 478 1281 611 1333; x_wconf 89' lang='lat' dir='ltr'>runt</span> <span class='ocrx_word' id='word_1_80' title='bbox 629 1277 680 1331; x_wconf 89' lang='lat' dir='ltr'>ei</span> <span class='ocrx_word' id='word_1_81' title='bbox 705 1293 717 1331; x_wconf 91' lang='lat'>:</span> <span class='ocrx_word' id='word_1_82' title='bbox 739 1276 1002 1343; x_wconf 90' lang='lat' dir='ltr'>Domine,</span> <span class='ocrx_word' id='word_1_83' title='bbox 1029 1291 1223 1329; x_wconf 88' lang='lat' dir='ltr'>nonne</span> <span class='ocrx_word' id='word_1_84' title='bbox 1251 1274 1470 1328; x_wconf 91' lang='lat' dir='ltr'>bonum</span> <span class='ocrx_word' id='word_1_85' title='bbox 1503 1288 1704 1326; x_wconf 90' lang='lat' dir='ltr'>semen</span> <span class='ocrx_word' id='word_1_86' title='bbox 1732 1270 2030 1345; x_wconf 61' lang='lat' dir='ltr'>seminasti</span> <span class='ocrx_word' id='word_1_87' title='bbox 2052 1270 2111 1324; x_wconf 92' lang='lat' dir='ltr'>in</span> 
     </span>
    </p>
   </div>
   <div class='ocr_carea' id='block_1_14' title="bbox 477 1363 2107 1442">
    <p class='ocr_par' dir='ltr' id='par_1_14' title="bbox 477 1363 2107 1442">
     <span class='ocr_line' id='line_1_14' title="bbox 477 1363 2107 1442; baseline -0.006 -16"><span class='ocrx_word' id='word_1_88' title='bbox 477 1387 618 1442; x_wconf 91' lang='lat' dir='ltr'>agro</span> <span class='ocrx_word' id='word_1_89' title='bbox 650 1369 791 1425; x_wconf 86' lang='lat' dir='ltr'>tuo?</span> <span class='ocrx_word' id='word_1_90' title='bbox 820 1368 972 1423; x_wconf 89' lang='lat' dir='ltr'>unde</span> <span class='ocrx_word' id='word_1_91' title='bbox 995 1384 1134 1439; x_wconf 89' lang='lat' dir='ltr'>ergo</span> <span class='ocrx_word' id='word_1_92' title='bbox 1160 1366 1337 1421; x_wconf 88' lang='lat' dir='ltr'>habet</span> <span class='ocrx_word' id='word_1_93' title='bbox 1356 1364 1608 1420; x_wconf 86' lang='lat' dir='ltr'>zizania?</span> <span class='ocrx_word' id='word_1_94' title='bbox 1634 1366 1702 1419; x_wconf 91' lang='lat' dir='ltr'>Et</span> <span class='ocrx_word' id='word_1_95' title='bbox 1728 1364 1808 1418; x_wconf 89' lang='lat' dir='ltr'>ait</span> <span class='ocrx_word' id='word_1_96' title='bbox 1824 1364 1963 1418; x_wconf 90' lang='lat' dir='ltr'>illis:</span> <span class='ocrx_word' id='word_1_97' title='bbox 1997 1363 2107 1417; x_wconf 88' lang='lat' dir='ltr'>Ini-</span> 
     </span>
    </p>
   </div>
   <div class='ocr_carea' id='block_1_15' title="bbox 477 1457 2112 1519">
    <p class='ocr_par' dir='ltr' id='par_1_15' title="bbox 477 1457 2112 1519">
     <span class='ocr_line' id='line_1_15' title="bbox 477 1457 2112 1519; baseline -0.006 0"><span class='ocrx_word' id='word_1_98' title='bbox 477 1465 659 1519; x_wconf 90' lang='lat' dir='ltr'>micus</span> <span class='ocrx_word' id='word_1_99' title='bbox 684 1464 858 1518; x_wconf 89' lang='lat' dir='ltr'>homo</span> <span class='ocrx_word' id='word_1_100' title='bbox 879 1463 987 1517; x_wconf 92' lang='lat' dir='ltr'>hoc</span> <span class='ocrx_word' id='word_1_101' title='bbox 1013 1462 1165 1515; x_wconf 87' lang='lat' dir='ltr'>fecit.</span> <span class='ocrx_word' id='word_1_102' title='bbox 1201 1460 1360 1516; x_wconf 91' lang='lat' dir='ltr'>Servi</span> <span class='ocrx_word' id='word_1_103' title='bbox 1391 1464 1587 1514; x_wconf 88' lang='lat' dir='ltr'>autem</span> <span class='ocrx_word' id='word_1_104' title='bbox 1620 1458 1888 1513; x_wconf 90' lang='lat' dir='ltr'>dixerunt</span> <span class='ocrx_word' id='word_1_105' title='bbox 1915 1457 1965 1511; x_wconf 93' lang='lat' dir='ltr'>ei</span> <span class='ocrx_word' id='word_1_106' title='bbox 1988 1457 2112 1512; x_wconf 89' lang='lat' dir='ltr'>:Vis</span> 
     </span>
    </p>
   </div>
   <div class='ocr_carea' id='block_1_16' title="bbox 477 1550 2112 1627">
    <p class='ocr_par' dir='ltr' id='par_1_16' title="bbox 477 1550 2112 1627">
     <span class='ocr_line' id='line_1_16' title="bbox 477 1550 2112 1627; baseline -0.006 -14"><span class='ocrx_word' id='word_1_107' title='bbox 477 1558 645 1624; x_wconf 89' lang='lat' dir='ltr'>imus,</span> <span class='ocrx_word' id='word_1_108' title='bbox 662 1562 720 1612; x_wconf 90' lang='lat' dir='ltr'>et</span> <span class='ocrx_word' id='word_1_109' title='bbox 734 1556 1058 1627; x_wconf 81' lang='lat' dir='ltr'>colligimus</span> <span class='ocrx_word' id='word_1_110' title='bbox 1075 1554 1183 1608; x_wconf 80' lang='lat' dir='ltr'>ea?</span> <span class='ocrx_word' id='word_1_111' title='bbox 1206 1554 1274 1607; x_wconf 88' lang='lat' dir='ltr'>Et</span> <span class='ocrx_word' id='word_1_112' title='bbox 1289 1554 1370 1607; x_wconf 90' lang='lat' dir='ltr'>ait</span> <span class='ocrx_word' id='word_1_113' title='bbox 1386 1552 1493 1607; x_wconf 91' lang='lat' dir='ltr'>illis</span> <span class='ocrx_word' id='word_1_114' title='bbox 1511 1570 1523 1607; x_wconf 93' lang='lat'>:</span> <span class='ocrx_word' id='word_1_115' title='bbox 1539 1554 1684 1620; x_wconf 88' lang='lat' dir='ltr'>Non,</span> <span class='ocrx_word' id='word_1_116' title='bbox 1701 1568 1771 1605; x_wconf 90' lang='lat' dir='ltr'>ne</span> <span class='ocrx_word' id='word_1_117' title='bbox 1794 1552 1941 1605; x_wconf 85' lang='lat' dir='ltr'>forte</span> <span class='ocrx_word' id='word_1_118' title='bbox 1959 1550 2112 1604; x_wconf 88' lang='lat' dir='ltr'>colli-</span> 
     </span>
    </p>
   </div>
   <div class='ocr_carea' id='block_1_17' title="bbox 478 1644 2107 1723">
    <p class='ocr_par' dir='ltr' id='par_1_17' title="bbox 478 1644 2107 1723">
     <span class='ocr_line' id='line_1_17' title="bbox 478 1644 2107 1723; baseline -0.006 -17"><span class='ocrx_word' id='word_1_119' title='bbox 478 1655 682 1723; x_wconf 82' lang='lat' dir='ltr'>gentes</span> <span class='ocrx_word' id='word_1_120' title='bbox 710 1649 943 1715; x_wconf 87' lang='lat' dir='ltr'>zizania,</span> <span class='ocrx_word' id='word_1_121' title='bbox 969 1647 1271 1702; x_wconf 88' lang='lat' dir='ltr'>eradicetis</span> <span class='ocrx_word' id='word_1_122' title='bbox 1288 1646 1459 1700; x_wconf 89' lang='lat' dir='ltr'>simul</span> <span class='ocrx_word' id='word_1_123' title='bbox 1481 1662 1611 1700; x_wconf 92' lang='lat' dir='ltr'>cum</span> <span class='ocrx_word' id='word_1_124' title='bbox 1640 1646 1720 1698; x_wconf 90' lang='lat' dir='ltr'>eis</span> <span class='ocrx_word' id='word_1_125' title='bbox 1751 1649 1809 1699; x_wconf 90' lang='lat' dir='ltr'>et</span> <span class='ocrx_word' id='word_1_126' title='bbox 1834 1644 2107 1698; x_wconf 85' lang='lat' dir='ltr'>triticum.</span> 
     </span>
    </p>
   </div>
   <div class='ocr_carea' id='block_1_18' title="bbox 478 1738 2109 1813">
    <p class='ocr_par' dir='ltr' id='par_1_18' title="bbox 478 1738 2109 1813">
     <span class='ocr_line' id='line_1_18' title="bbox 478 1738 2109 1813; baseline -0.006 -15"><span class='ocrx_word' id='word_1_127' title='bbox 478 1744 658 1799; x_wconf 89' lang='lat' dir='ltr'>Sinite</span> <span class='ocrx_word' id='word_1_128' title='bbox 679 1746 917 1813; x_wconf 91' lang='lat' dir='ltr'>utraque</span> <span class='ocrx_word' id='word_1_129' title='bbox 945 1757 1201 1795; x_wconf 89' lang='lat' dir='ltr'>crescere</span> <span class='ocrx_word' id='word_1_130' title='bbox 1217 1757 1394 1811; x_wconf 89' lang='lat' dir='ltr'>usque</span> <span class='ocrx_word' id='word_1_131' title='bbox 1408 1739 1481 1794; x_wconf 90' lang='lat' dir='ltr'>ad</span> <span class='ocrx_word' id='word_1_132' title='bbox 1501 1754 1781 1802; x_wconf 87' lang='lat' dir='ltr'>messem;</span> <span class='ocrx_word' id='word_1_133' title='bbox 1808 1741 1868 1791; x_wconf 89' lang='lat' dir='ltr'>ct</span> <span class='ocrx_word' id='word_1_134' title='bbox 1883 1738 1942 1791; x_wconf 90' lang='lat' dir='ltr'>in</span> <span class='ocrx_word' id='word_1_135' title='bbox 1966 1740 2109 1790; x_wconf 89' lang='lat' dir='ltr'>tem-</span> 
     </span>
    </p>
   </div>
   <div class='ocr_carea' id='block_1_19' title="bbox 2220 513 3710 586">
    <p class='ocr_par' dir='ltr' id='par_1_19' title="bbox 2220 513 3710 586">
     <span class='ocr_line' id='line_1_19' title="bbox 2220 513 3710 586; baseline -0.001 -18"><span class='ocrx_word' id='word_1_136' title='bbox 2220 518 2310 568; x_wconf 90' lang='lat' dir='ltr'>ter</span> <span class='ocrx_word' id='word_1_137' title='bbox 2336 514 2585 581; x_wconf 85' lang='lat' dir='ltr'>exaudit,</span> <span class='ocrx_word' id='word_1_138' title='bbox 2609 520 2668 569; x_wconf 90' lang='lat' dir='ltr'>et</span> <span class='ocrx_word' id='word_1_139' title='bbox 2695 519 2990 586; x_wconf 86' lang='lat' dir='ltr'>sperantes</span> <span class='ocrx_word' id='word_1_140' title='bbox 3013 514 3071 568; x_wconf 88' lang='lat' dir='ltr'>in</span> <span class='ocrx_word' id='word_1_141' title='bbox 3101 532 3160 569; x_wconf 92' lang='lat' dir='ltr'>se</span> <span class='ocrx_word' id='word_1_142' title='bbox 3193 531 3311 569; x_wconf 90' lang='lat' dir='ltr'>non</span> <span class='ocrx_word' id='word_1_143' title='bbox 3339 513 3710 585; x_wconf 89' lang='lat' dir='ltr'>derelinquit.</span> 
     </span>
    </p>
   </div>
   <div class='ocr_carea' id='block_1_20' title="bbox 2894 617 3164 667">
    <p class='ocr_par' dir='ltr' id='par_1_20' title="bbox 2894 617 3164 667">
     <span class='ocr_line' id='line_1_20' title="bbox 2894 617 3164 667; baseline 0 -1"><span class='ocrx_word' id='word_1_144' title='bbox 2894 617 3164 667; x_wconf 89' lang='lat' dir='ltr'>Collectio.</span> 
     </span>
    </p>
   </div>
   <div class='ocr_carea' id='block_1_21' title="bbox 2282 696 3848 767">
    <p class='ocr_par' dir='ltr' id='par_1_21' title="bbox 2282 696 3848 767">
     <span class='ocr_line' id='line_1_21' title="bbox 2282 696 3848 767; baseline 0.001 -17"><span class='ocrx_word' id='word_1_145' title='bbox 2282 697 2466 760; x_wconf 90' lang='lat' dir='ltr'>Quam</span> <span class='ocrx_word' id='word_1_146' title='bbox 2490 712 2707 767; x_wconf 89' lang='lat' dir='ltr'>magna</span> <span class='ocrx_word' id='word_1_147' title='bbox 2732 700 2819 750; x_wconf 91' lang='lat' dir='ltr'>est</span> <span class='ocrx_word' id='word_1_148' title='bbox 2846 696 3243 752; x_wconf 87' lang='lat' dir='ltr'>misericordia</span> <span class='ocrx_word' id='word_1_149' title='bbox 3270 701 3387 764; x_wconf 91' lang='lat' dir='ltr'>tua,</span> <span class='ocrx_word' id='word_1_150' title='bbox 3419 696 3687 764; x_wconf 88' lang='lat' dir='ltr'>Domine,</span> <span class='ocrx_word' id='word_1_151' title='bbox 3719 697 3848 751; x_wconf 87' lang='lat' dir='ltr'>sub-</span> 
     </span>
    </p>
   </div>
   <div class='ocr_carea' id='block_1_22' title="bbox 2212 789 3854 862">
    <p class='ocr_par' dir='ltr' id='par_1_22' title="bbox 2212 789 3854 862">
     <span class='ocr_line' id='line_1_22' title="bbox 2212 789 3854 862; baseline 0.001 -19"><span class='ocrx_word' id='word_1_152' title='bbox 2212 789 2409 844; x_wconf 89' lang='lat' dir='ltr'>venire</span> <span class='ocrx_word' id='word_1_153' title='bbox 2427 789 2686 861; x_wconf 84' lang='lat' dir='ltr'>captivis,</span> <span class='ocrx_word' id='word_1_154' title='bbox 2710 790 2938 845; x_wconf 88' lang='lat' dir='ltr'>miseris</span> <span class='ocrx_word' id='word_1_155' title='bbox 2964 807 3221 862; x_wconf 89' lang='lat' dir='ltr'>parcere,</span> <span class='ocrx_word' id='word_1_156' title='bbox 3243 791 3545 862; x_wconf 90' lang='lat' dir='ltr'>indulgere</span> <span class='ocrx_word' id='word_1_157' title='bbox 3567 790 3854 861; x_wconf 80' lang='lat' dir='ltr'>peccanti-</span> 
     </span>
    </p>
   </div>
   <div class='ocr_carea' id='block_1_23' title="bbox 2211 882 3848 956">
    <p class='ocr_par' dir='ltr' id='par_1_23' title="bbox 2211 882 3848 956">
     <span class='ocr_line' id='line_1_23' title="bbox 2211 882 3848 956; baseline 0.001 -20"><span class='ocrx_word' id='word_1_158' title='bbox 2211 882 2334 951; x_wconf 89' lang='lat' dir='ltr'>bus,</span> <span class='ocrx_word' id='word_1_159' title='bbox 2366 884 2703 954; x_wconf 88' lang='lat' dir='ltr'>peregrinos</span> <span class='ocrx_word' id='word_1_160' title='bbox 2729 885 3037 951; x_wconf 91' lang='lat' dir='ltr'>consolari,</span> <span class='ocrx_word' id='word_1_161' title='bbox 3072 900 3376 956; x_wconf 83' lang='lat' dir='ltr'>Oppressos</span> <span class='ocrx_word' id='word_1_162' title='bbox 3405 884 3728 950; x_wconf 90' lang='lat' dir='ltr'>sublevare,</span> <span class='ocrx_word' id='word_1_163' title='bbox 3761 899 3848 937; x_wconf 84' lang='lat' dir='ltr'>ro-</span> 
     </span>
    </p>
   </div>
   <div class='ocr_carea' id='block_1_24' title="bbox 2212 976 3848 1048">
    <p class='ocr_par' dir='ltr' id='par_1_24' title="bbox 2212 976 3848 1048">
     <span class='ocr_line' id='line_1_24' title="bbox 2212 976 3848 1048; baseline 0.002 -19"><span class='ocrx_word' id='word_1_164' title='bbox 2212 980 2416 1046; x_wconf 91' lang='lat' dir='ltr'>gantes</span> <span class='ocrx_word' id='word_1_165' title='bbox 2429 976 2656 1041; x_wconf 89' lang='lat' dir='ltr'>audire;</span> <span class='ocrx_word' id='word_1_166' title='bbox 2681 993 2798 1032; x_wconf 90' lang='lat' dir='ltr'>non</span> <span class='ocrx_word' id='word_1_167' title='bbox 2817 978 3164 1032; x_wconf 87' lang='lat' dir='ltr'>habentibus</span> <span class='ocrx_word' id='word_1_168' title='bbox 3176 978 3335 1045; x_wconf 90' lang='lat' dir='ltr'>dare,</span> <span class='ocrx_word' id='word_1_169' title='bbox 3354 977 3585 1032; x_wconf 90' lang='lat' dir='ltr'>veniam</span> <span class='ocrx_word' id='word_1_170' title='bbox 3604 993 3848 1048; x_wconf 83' lang='lat' dir='ltr'>peccan-</span> 
     </span>
    </p>
   </div>
   <div class='ocr_carea' id='block_1_25' title="bbox 2212 1069 3848 1141">
    <p class='ocr_par' dir='ltr' id='par_1_25' title="bbox 2212 1069 3848 1141">
     <span class='ocr_line' id='line_1_25' title="bbox 2212 1069 3848 1141; baseline 0.002 -19"><span class='ocrx_word' id='word_1_171' title='bbox 2212 1069 2361 1123; x_wconf 85' lang='lat' dir='ltr'>tibus</span> <span class='ocrx_word' id='word_1_172' title='bbox 2389 1070 2547 1137; x_wconf 89' lang='lat' dir='ltr'>dare,</span> <span class='ocrx_word' id='word_1_173' title='bbox 2572 1074 2776 1141; x_wconf 86' lang='lat' dir='ltr'>gentes</span> <span class='ocrx_word' id='word_1_174' title='bbox 2802 1071 3079 1126; x_wconf 87' lang='lat' dir='ltr'>barbaras</span> <span class='ocrx_word' id='word_1_175' title='bbox 3098 1071 3171 1126; x_wconf 90' lang='lat' dir='ltr'>ad</span> <span class='ocrx_word' id='word_1_176' title='bbox 3196 1072 3623 1127; x_wconf 87' lang='lat' dir='ltr'>invocationem</span> <span class='ocrx_word' id='word_1_177' title='bbox 3662 1072 3848 1126; x_wconf 90' lang='lat' dir='ltr'>nomi-</span> 
     </span>
    </p>
   </div>
   <div class='ocr_carea' id='block_1_26' title="bbox 2212 1163 3852 1220">
    <p class='ocr_par' dir='ltr' id='par_1_26' title="bbox 2212 1163 3852 1220">
     <span class='ocr_line' id='line_1_26' title="bbox 2212 1163 3852 1220; baseline 0.002 -4"><span class='ocrx_word' id='word_1_178' title='bbox 2212 1163 2300 1217; x_wconf 88' lang='lat' dir='ltr'>nis</span> <span class='ocrx_word' id='word_1_179' title='bbox 2318 1163 2403 1217; x_wconf 90' lang='lat' dir='ltr'>tui</span> <span class='ocrx_word' id='word_1_180' title='bbox 2433 1167 2788 1220; x_wconf 88' lang='lat' dir='ltr'>convertere.</span> <span class='ocrx_word' id='word_1_181' title='bbox 2810 1164 2896 1218; x_wconf 77' lang='lat' dir='ltr'>Ad</span> <span class='ocrx_word' id='word_1_182' title='bbox 2919 1164 3075 1219; x_wconf 91' lang='lat' dir='ltr'>illam</span> <span class='ocrx_word' id='word_1_183' title='bbox 3106 1165 3563 1220; x_wconf 89' lang='lat' dir='ltr'>misericordiam</span> <span class='ocrx_word' id='word_1_184' title='bbox 3579 1169 3852 1220; x_wconf 80' lang='lat' dir='ltr'>converte</span> 
     </span>
    </p>
   </div>
   <div class='ocr_carea' id='block_1_27' title="bbox 2212 1258 3857 1329">
    <p class='ocr_par' dir='ltr' id='par_1_27' title="bbox 2212 1258 3857 1329">
     <span class='ocr_line' id='line_1_27' title="bbox 2212 1258 3857 1329; baseline 0.002 -19"><span class='ocrx_word' id='word_1_185' title='bbox 2212 1272 2336 1323; x_wconf 91' lang='lat' dir='ltr'>nos,</span> <span class='ocrx_word' id='word_1_186' title='bbox 2362 1272 2535 1327; x_wconf 89' lang='lat' dir='ltr'>quam</span> <span class='ocrx_word' id='word_1_187' title='bbox 2562 1258 2903 1328; x_wconf 88' lang='lat' dir='ltr'>rogantibus</span> <span class='ocrx_word' id='word_1_188' title='bbox 2931 1258 3095 1312; x_wconf 90' lang='lat' dir='ltr'>nobis</span> <span class='ocrx_word' id='word_1_189' title='bbox 3124 1258 3251 1329; x_wconf 91' lang='lat' dir='ltr'>pius</span> <span class='ocrx_word' id='word_1_190' title='bbox 3272 1262 3330 1312; x_wconf 91' lang='lat' dir='ltr'>et</span> <span class='ocrx_word' id='word_1_191' title='bbox 3356 1259 3685 1314; x_wconf 88' lang='lat' dir='ltr'>misericors</span> <span class='ocrx_word' id='word_1_192' title='bbox 3704 1261 3857 1314; x_wconf 88' lang='lat' dir='ltr'>Deus</span> 
     </span>
    </p>
   </div>
   <div class='ocr_carea' id='block_1_28' title="bbox 2212 1349 3778 1422">
    <p class='ocr_par' dir='ltr' id='par_1_28' title="bbox 2212 1349 3778 1422">
     <span class='ocr_line' id='line_1_28' title="bbox 2212 1349 3778 1422; baseline 0.001 -19"><span class='ocrx_word' id='word_1_193' title='bbox 2212 1349 2479 1404; x_wconf 83' lang='lat' dir='ltr'>exaudire</span> <span class='ocrx_word' id='word_1_194' title='bbox 2503 1350 2759 1421; x_wconf 87' lang='lat' dir='ltr'>digneris</span> <span class='ocrx_word' id='word_1_195' title='bbox 2778 1368 2883 1422; x_wconf 92' lang='lat' dir='ltr'>per</span> <span class='ocrx_word' id='word_1_196' title='bbox 2908 1352 3299 1407; x_wconf 86' lang='lat' dir='ltr'>interventum</span> <span class='ocrx_word' id='word_1_197' title='bbox 3331 1355 3541 1406; x_wconf 68' lang='lat' dir='ltr'>sanctas</span> <span class='ocrx_word' id='word_1_198' title='bbox 3568 1352 3778 1407; x_wconf 67' lang='lat' dir='ltr'>Mariae.</span> 
     </span>
    </p>
   </div>
   <div class='ocr_carea' id='block_1_29' title="bbox 2839 1452 3220 1502">
    <p class='ocr_par' dir='ltr' id='par_1_29' title="bbox 2839 1452 3220 1502">
     <span class='ocr_line' id='line_1_29' title="bbox 2839 1452 3220 1502; baseline 0 -1"><span class='ocrx_word' id='word_1_199' title='bbox 2839 1453 2963 1501; x_wconf 87' lang='lat' dir='ltr'>Post</span> <span class='ocrx_word' id='word_1_200' title='bbox 2990 1452 3220 1502; x_wconf 89' lang='lat' dir='ltr'>nomina.</span> 
     </span>
    </p>
   </div>
   <div class='ocr_carea' id='block_1_30' title="bbox 2283 1531 3857 1597">
    <p class='ocr_par' dir='ltr' id='par_1_30' title="bbox 2283 1531 3857 1597">
     <span class='ocr_line' id='line_1_30' title="bbox 2283 1531 3857 1597; baseline -0.001 -10"><span class='ocrx_word' id='word_1_201' title='bbox 2283 1531 2609 1587; x_wconf 67' lang='lat' dir='ltr'>Caelestium</span> <span class='ocrx_word' id='word_1_202' title='bbox 2629 1532 2757 1587; x_wconf 64' lang='lat' dir='ltr'>vita:</span> <span class='ocrx_word' id='word_1_203' title='bbox 2792 1537 3025 1587; x_wconf 77' lang='lat' dir='ltr'>aeternae</span> <span class='ocrx_word' id='word_1_204' title='bbox 3048 1533 3360 1587; x_wconf 89' lang='lat' dir='ltr'>adoremus</span> <span class='ocrx_word' id='word_1_205' title='bbox 3381 1533 3717 1597; x_wconf 90' lang='lat' dir='ltr'>Dominum,</span> <span class='ocrx_word' id='word_1_206' title='bbox 3744 1534 3857 1586; x_wconf 79' lang='lat' dir='ltr'>fra-</span> 
     </span>
    </p>
   </div>
   <div class='ocr_carea' id='block_1_31' title="bbox 2212 1625 3852 1697">
    <p class='ocr_par' dir='ltr' id='par_1_31' title="bbox 2212 1625 3852 1697">
     <span class='ocr_line' id='line_1_31' title="bbox 2212 1625 3852 1697; baseline 0 -18"><span class='ocrx_word' id='word_1_207' title='bbox 2212 1629 2327 1679; x_wconf 84' lang='lat' dir='ltr'>tres</span> <span class='ocrx_word' id='word_1_208' title='bbox 2354 1625 2655 1693; x_wconf 87' lang='lat' dir='ltr'>carissimi,</span> <span class='ocrx_word' id='word_1_209' title='bbox 2691 1626 3025 1697; x_wconf 89' lang='lat' dir='ltr'>suppliciter</span> <span class='ocrx_word' id='word_1_210' title='bbox 3048 1626 3449 1697; x_wconf 88' lang='lat' dir='ltr'>deprecemur,</span> <span class='ocrx_word' id='word_1_211' title='bbox 3484 1629 3546 1681; x_wconf 93' lang='lat' dir='ltr'>ut</span> <span class='ocrx_word' id='word_1_212' title='bbox 3569 1627 3852 1697; x_wconf 90' lang='lat' dir='ltr'>populum</span> 
     </span>
    </p>
   </div>
   <div class='ocr_carea' id='block_1_32' title="bbox 2213 1719 3848 1791">
    <p class='ocr_par' dir='ltr' id='par_1_32' title="bbox 2213 1719 3848 1791">
     <span class='ocr_line' id='line_1_32' title="bbox 2213 1719 3848 1791; baseline 0.001 -19"><span class='ocrx_word' id='word_1_213' title='bbox 2213 1735 2380 1772; x_wconf 92' lang='lat' dir='ltr'>suum</span> <span class='ocrx_word' id='word_1_214' title='bbox 2415 1735 2647 1789; x_wconf 89' lang='lat' dir='ltr'>semper</span> <span class='ocrx_word' id='word_1_215' title='bbox 2676 1719 2885 1790; x_wconf 91' lang='lat' dir='ltr'>ubique</span> <span class='ocrx_word' id='word_1_216' title='bbox 2914 1719 3221 1786; x_wconf 86' lang='lat' dir='ltr'>custodiat,</span> <span class='ocrx_word' id='word_1_217' title='bbox 3248 1723 3518 1791; x_wconf 85' lang='lat' dir='ltr'>protegat</span> <span class='ocrx_word' id='word_1_218' title='bbox 3544 1722 3722 1790; x_wconf 88' lang='lat' dir='ltr'>atque</span> <span class='ocrx_word' id='word_1_219' title='bbox 3750 1719 3848 1773; x_wconf 89' lang='lat' dir='ltr'>de-</span> 
     </span>
    </p>
   </div>
   <div class='ocr_carea' id='block_1_33' title="bbox 478 1804 2123 1909">
    <p class='ocr_par' dir='ltr' id='par_1_33' title="bbox 478 1829 2109 1909">
     <span class='ocr_line' id='line_1_33' title="bbox 478 1829 2109 1909; baseline -0.005 -18"><span class='ocrx_word' id='word_1_220' title='bbox 478 1854 618 1909; x_wconf 92' lang='lat' dir='ltr'>pore</span> <span class='ocrx_word' id='word_1_221' title='bbox 662 1836 859 1890; x_wconf 87' lang='lat' dir='ltr'>messis</span> <span class='ocrx_word' id='word_1_222' title='bbox 897 1835 1087 1889; x_wconf 90' lang='lat' dir='ltr'>dicam</span> <span class='ocrx_word' id='word_1_223' title='bbox 1120 1833 1471 1887; x_wconf 90' lang='lat' dir='ltr'>messoribus</span> <span class='ocrx_word' id='word_1_224' title='bbox 1511 1849 1523 1885; x_wconf 92' lang='lat'>:</span> <span class='ocrx_word' id='word_1_225' title='bbox 1556 1830 1818 1901; x_wconf 88' lang='lat' dir='ltr'>Colligite</span> <span class='ocrx_word' id='word_1_226' title='bbox 1860 1829 2109 1901; x_wconf 87' lang='lat' dir='ltr'>primum</span> 
     </span>
    </p>
   </div>
   <div class='ocr_carea' id='block_1_34' title="bbox 2217 1804 3850 1909">
    <p class='ocr_par' dir='ltr' id='par_1_34' title="bbox 2217 1811 3850 1884">
     <span class='ocr_line' id='line_1_34' title="bbox 2217 1811 3850 1884; baseline 0 -19"><span class='ocrx_word' id='word_1_227' title='bbox 2217 1811 2433 1880; x_wconf 76' lang='lat' dir='ltr'>tendat,</span> <span class='ocrx_word' id='word_1_228' title='bbox 2467 1812 2756 1883; x_wconf 89' lang='lat' dir='ltr'>principes</span> <span class='ocrx_word' id='word_1_229' title='bbox 2793 1812 3039 1883; x_wconf 89' lang='lat' dir='ltr'>mitiget,</span> <span class='ocrx_word' id='word_1_230' title='bbox 3081 1815 3396 1883; x_wconf 88' lang='lat' dir='ltr'>potestates</span> <span class='ocrx_word' id='word_1_231' title='bbox 3426 1812 3733 1884; x_wconf 88' lang='lat' dir='ltr'>gubernet,</span> <span class='ocrx_word' id='word_1_232' title='bbox 3757 1812 3850 1883; x_wconf 79' lang='lat' dir='ltr'>ju-</span> 
     </span>
    </p>
   </div>
   <div class='ocr_carea' id='block_1_35' title="bbox 476 1923 2108 1998">
    <p class='ocr_par' dir='ltr' id='par_1_35' title="bbox 476 1923 2108 1998">
     <span class='ocr_line' id='line_1_35' title="bbox 476 1923 2108 1998; baseline -0.004 -15"><span class='ocrx_word' id='word_1_233' title='bbox 476 1930 710 1995; x_wconf 82' lang='lat' dir='ltr'>zizania,</span> <span class='ocrx_word' id='word_1_234' title='bbox 746 1932 818 1982; x_wconf 87' lang='lat' dir='ltr'>‘et</span> <span class='ocrx_word' id='word_1_235' title='bbox 851 1928 1082 1998; x_wconf 88' lang='lat' dir='ltr'>alligate</span> <span class='ocrx_word' id='word_1_236' title='bbox 1125 1942 1193 1980; x_wconf 89' lang='lat' dir='ltr'>ea</span> <span class='ocrx_word' id='word_1_237' title='bbox 1228 1926 1285 1979; x_wconf 89' lang='lat' dir='ltr'>in</span> <span class='ocrx_word' id='word_1_238' title='bbox 1317 1925 1618 1980; x_wconf 88' lang='lat' dir='ltr'>fasciculos</span> <span class='ocrx_word' id='word_1_239' title='bbox 1662 1924 1737 1977; x_wconf 92' lang='lat' dir='ltr'>ad</span> <span class='ocrx_word' id='word_1_240' title='bbox 1767 1923 2108 1977; x_wconf 86' lang='lat' dir='ltr'>comburen-</span> 
     </span>
    </p>
   </div>
   <div class='ocr_carea' id='block_1_36' title="bbox 478 2018 2108 2091">
    <p class='ocr_par' dir='ltr' id='par_1_36' title="bbox 478 2018 2108 2091">
     <span class='ocr_line' id='line_1_36' title="bbox 478 2018 2108 2091; baseline -0.004 -14"><span class='ocrx_word' id='word_1_241' title='bbox 478 2023 636 2091; x_wconf 91' lang='lat' dir='ltr'>dum,</span> <span class='ocrx_word' id='word_1_242' title='bbox 653 2022 903 2076; x_wconf 88' lang='lat' dir='ltr'>triticum</span> <span class='ocrx_word' id='word_1_243' title='bbox 924 2024 1119 2074; x_wconf 89' lang='lat' dir='ltr'>autem</span> <span class='ocrx_word' id='word_1_244' title='bbox 1142 2022 1496 2089; x_wconf 87' lang='lat' dir='ltr'>congregate</span> <span class='ocrx_word' id='word_1_245' title='bbox 1520 2018 1578 2071; x_wconf 93' lang='lat' dir='ltr'>in</span> <span class='ocrx_word' id='word_1_246' title='bbox 1597 2018 1873 2072; x_wconf 89' lang='lat' dir='ltr'>horreum</span> <span class='ocrx_word' id='word_1_247' title='bbox 1892 2033 2108 2071; x_wconf 89' lang='lat' dir='ltr'>meum.</span> 
     </span>
    </p>
   </div>
   <div class='ocr_carea' id='block_1_37' title="bbox 547 2111 2107 2183">
    <p class='ocr_par' dir='ltr' id='par_1_37' title="bbox 547 2111 2107 2183">
     <span class='ocr_line' id='line_1_37' title="bbox 547 2111 2107 2183; baseline -0.005 -12"><span class='ocrx_word' id='word_1_248' title='bbox 547 2129 572 2157; x_wconf 73' lang='grc' dir='ltr'>ι</span> <span class='ocrx_word' id='word_1_249' title='bbox 599 2117 843 2171; x_wconf 86' lang='lat' dir='ltr'>Locutus</span> <span class='ocrx_word' id='word_1_250' title='bbox 864 2118 950 2168; x_wconf 90' lang='lat' dir='ltr'>est</span> <span class='ocrx_word' id='word_1_251' title='bbox 981 2114 1256 2168; x_wconf 89' lang='lat' dir='ltr'>Dominus</span> <span class='ocrx_word' id='word_1_252' title='bbox 1290 2114 1451 2167; x_wconf 84' lang='lat' dir='ltr'>Jesus</span> <span class='ocrx_word' id='word_1_253' title='bbox 1486 2112 1543 2166; x_wconf 91' lang='lat' dir='ltr'>in</span> <span class='ocrx_word' id='word_1_254' title='bbox 1576 2111 1865 2183; x_wconf 89' lang='lat' dir='ltr'>parabolis</span> <span class='ocrx_word' id='word_1_255' title='bbox 1896 2111 1968 2165; x_wconf 92' lang='lat' dir='ltr'>ad</span> <span class='ocrx_word' id='word_1_256' title='bbox 1992 2114 2107 2164; x_wconf 89' lang='lat' dir='ltr'>tur-</span> 
     </span>
    </p>
   </div>
   <div class='ocr_carea' id='block_1_38' title="bbox 477 2204 2108 2279">
    <p class='ocr_par' dir='ltr' id='par_1_38' title="bbox 477 2204 2108 2279">
     <span class='ocr_line' id='line_1_38' title="bbox 477 2204 2108 2279; baseline -0.006 -14"><span class='ocrx_word' id='word_1_257' title='bbox 477 2210 598 2278; x_wconf 89' lang='lat' dir='ltr'>bas,</span> <span class='ocrx_word' id='word_1_258' title='bbox 623 2213 680 2263; x_wconf 89' lang='lat' dir='ltr'>et</span> <span class='ocrx_word' id='word_1_259' title='bbox 703 2208 825 2263; x_wconf 88' lang='lat' dir='ltr'>sine</span> <span class='ocrx_word' id='word_1_260' title='bbox 851 2207 1138 2279; x_wconf 84' lang='lat' dir='ltr'>parabolis</span> <span class='ocrx_word' id='word_1_261' title='bbox 1160 2222 1276 2261; x_wconf 92' lang='lat' dir='ltr'>non</span> <span class='ocrx_word' id='word_1_262' title='bbox 1308 2205 1653 2276; x_wconf 85' lang='lat' dir='ltr'>loquebatur</span> <span class='ocrx_word' id='word_1_263' title='bbox 1682 2204 1783 2270; x_wconf 91' lang='lat' dir='ltr'>eis,</span> <span class='ocrx_word' id='word_1_264' title='bbox 1811 2208 1874 2258; x_wconf 92' lang='lat' dir='ltr'>ut</span> <span class='ocrx_word' id='word_1_265' title='bbox 1906 2204 2108 2275; x_wconf 91' lang='lat' dir='ltr'>imple-</span> 
     </span>
    </p>
   </div>
   <div class='ocr_carea' id='block_1_39' title="bbox 478 2296 2108 2373">
    <p class='ocr_par' dir='ltr' id='par_1_39' title="bbox 478 2296 2108 2373">
     <span class='ocr_line' id='line_1_39' title="bbox 478 2296 2108 2373; baseline -0.006 -14"><span class='ocrx_word' id='word_1_266' title='bbox 478 2307 636 2359; x_wconf 87' lang='lat' dir='ltr'>retur</span> <span class='ocrx_word' id='word_1_267' title='bbox 666 2301 823 2373; x_wconf 92' lang='lat' dir='ltr'>quod</span> <span class='ocrx_word' id='word_1_268' title='bbox 861 2300 1077 2355; x_wconf 90' lang='lat' dir='ltr'>dictum</span> <span class='ocrx_word' id='word_1_269' title='bbox 1116 2302 1203 2354; x_wconf 89' lang='lat' dir='ltr'>est</span> <span class='ocrx_word' id='word_1_270' title='bbox 1230 2316 1334 2369; x_wconf 91' lang='lat' dir='ltr'>per</span> <span class='ocrx_word' id='word_1_271' title='bbox 1379 2298 1725 2369; x_wconf 88' lang='lat' dir='ltr'>prophetam</span> <span class='ocrx_word' id='word_1_272' title='bbox 1768 2296 2060 2350; x_wconf 90' lang='lat' dir='ltr'>dicentem</span> <span class='ocrx_word' id='word_1_273' title='bbox 2095 2312 2108 2349; x_wconf 91' lang='lat'>:</span> 
     </span>
    </p>
   </div>
   <div class='ocr_carea' id='block_1_40' title="bbox 476 2390 2113 2468">
    <p class='ocr_par' dir='ltr' id='par_1_40' title="bbox 476 2390 2113 2468">
     <span class='ocr_line' id='line_1_40' title="bbox 476 2390 2113 2468; baseline -0.005 -17"><span class='ocrx_word' id='word_1_274' title='bbox 476 2396 745 2468; x_wconf 80' lang='lat' dir='ltr'>Aperiam</span> <span class='ocrx_word' id='word_1_275' title='bbox 773 2394 831 2448; x_wconf 91' lang='lat' dir='ltr'>in</span> <span class='ocrx_word' id='word_1_276' title='bbox 853 2393 1141 2465; x_wconf 89' lang='lat' dir='ltr'>parabolis</span> <span class='ocrx_word' id='word_1_277' title='bbox 1162 2410 1225 2447; x_wconf 91' lang='lat' dir='ltr'>os</span> <span class='ocrx_word' id='word_1_278' title='bbox 1247 2408 1465 2459; x_wconf 90' lang='lat' dir='ltr'>meum,</span> <span class='ocrx_word' id='word_1_279' title='bbox 1493 2390 1804 2445; x_wconf 89' lang='lat' dir='ltr'>eructuabo</span> <span class='ocrx_word' id='word_1_280' title='bbox 1835 2390 2113 2444; x_wconf 90' lang='lat' dir='ltr'>absconsa</span> 
     </span>
    </p>
   </div>
   <div class='ocr_carea' id='block_1_41' title="bbox 477 2482 2110 2550">
    <p class='ocr_par' dir='ltr' id='par_1_41' title="bbox 477 2482 2110 2550">
     <span class='ocr_line' id='line_1_41' title="bbox 477 2482 2110 2550; baseline -0.006 -4"><span class='ocrx_word' id='word_1_281' title='bbox 477 2508 512 2546; x_wconf 90' lang='lat' dir='ltr'>a</span> <span class='ocrx_word' id='word_1_282' title='bbox 541 2487 950 2545; x_wconf 81' lang='lat' dir='ltr'>constitutione</span> <span class='ocrx_word' id='word_1_283' title='bbox 967 2486 1190 2541; x_wconf 90' lang='lat' dir='ltr'>mundi.</span> <span class='ocrx_word' id='word_1_284' title='bbox 1212 2487 1369 2540; x_wconf 88' lang='lat' dir='ltr'>Tunc</span> <span class='ocrx_word' id='word_1_285' title='bbox 1391 2483 1643 2538; x_wconf 88' lang='lat' dir='ltr'>dimissis</span> <span class='ocrx_word' id='word_1_286' title='bbox 1660 2484 1860 2550; x_wconf 90' lang='lat' dir='ltr'>turbis,</span> <span class='ocrx_word' id='word_1_287' title='bbox 1884 2482 2110 2537; x_wconf 89' lang='lat' dir='ltr'>venitin</span> 
     </span>
    </p>
   </div>
   <div class='ocr_carea' id='block_1_42' title="bbox 478 2576 2113 2648">
    <p class='ocr_par' dir='ltr' id='par_1_42' title="bbox 478 2576 2113 2648">
     <span class='ocr_line' id='line_1_42' title="bbox 478 2576 2113 2648; baseline -0.006 -10"><span class='ocrx_word' id='word_1_288' title='bbox 478 2584 721 2638; x_wconf 89' lang='lat' dir='ltr'>domum</span> <span class='ocrx_word' id='word_1_289' title='bbox 742 2599 756 2648; x_wconf 88' lang='lat'>;</span> <span class='ocrx_word' id='word_1_290' title='bbox 782 2584 839 2635; x_wconf 92' lang='lat' dir='ltr'>et</span> <span class='ocrx_word' id='word_1_291' title='bbox 855 2582 1218 2635; x_wconf 91' lang='lat' dir='ltr'>accesserunt</span> <span class='ocrx_word' id='word_1_292' title='bbox 1235 2578 1305 2632; x_wconf 91' lang='lat' dir='ltr'>ad</span> <span class='ocrx_word' id='word_1_293' title='bbox 1326 2594 1461 2631; x_wconf 91' lang='lat' dir='ltr'>eum</span> <span class='ocrx_word' id='word_1_294' title='bbox 1482 2576 1741 2647; x_wconf 90' lang='lat' dir='ltr'>discipoli</span> <span class='ocrx_word' id='word_1_295' title='bbox 1760 2576 1903 2646; x_wconf 87' lang='lat' dir='ltr'>ejus,</span> <span class='ocrx_word' id='word_1_296' title='bbox 1920 2576 2113 2630; x_wconf 88' lang='lat' dir='ltr'>dicen-</span> 
     </span>
    </p>
   </div>
   <div class='ocr_carea' id='block_1_43' title="bbox 477 2669 2111 2744">
    <p class='ocr_par' dir='ltr' id='par_1_43' title="bbox 477 2669 2111 2744">
     <span class='ocr_line' id='line_1_43' title="bbox 477 2669 2111 2744; baseline -0.005 -13"><span class='ocrx_word' id='word_1_297' title='bbox 477 2681 599 2731; x_wconf 88' lang='lat' dir='ltr'>tes:</span> <span class='ocrx_word' id='word_1_298' title='bbox 629 2675 847 2731; x_wconf 91' lang='lat' dir='ltr'>Dissere</span> <span class='ocrx_word' id='word_1_299' title='bbox 877 2674 1043 2729; x_wconf 92' lang='lat' dir='ltr'>nobis</span> <span class='ocrx_word' id='word_1_300' title='bbox 1076 2673 1413 2744; x_wconf 90' lang='lat' dir='ltr'>parabolam</span> <span class='ocrx_word' id='word_1_301' title='bbox 1440 2669 1790 2725; x_wconf 87' lang='lat' dir='ltr'>zizaniorum</span> <span class='ocrx_word' id='word_1_302' title='bbox 1822 2669 1965 2740; x_wconf 90' lang='lat' dir='ltr'>agri.</span> <span class='ocrx_word' id='word_1_303' title='bbox 2002 2669 2111 2733; x_wconf 86' lang='lat' dir='ltr'>Qui</span> 
     </span>
    </p>
   </div>
   <div class='ocr_carea' id='block_1_44' title="bbox 476 2761 2109 2841">
    <p class='ocr_par' dir='ltr' id='par_1_44' title="bbox 476 2761 2109 2841">
     <span class='ocr_line' id='line_1_44' title="bbox 476 2761 2109 2841; baseline -0.006 -17"><span class='ocrx_word' id='word_1_304' title='bbox 476 2769 833 2841; x_wconf 88' lang='lat' dir='ltr'>respondens</span> <span class='ocrx_word' id='word_1_305' title='bbox 859 2767 938 2822; x_wconf 90' lang='lat' dir='ltr'>ait</span> <span class='ocrx_word' id='word_1_306' title='bbox 968 2784 979 2822; x_wconf 91' lang='lat'>:</span> <span class='ocrx_word' id='word_1_307' title='bbox 1011 2767 1118 2830; x_wconf 86' lang='lat' dir='ltr'>Qui</span> <span class='ocrx_word' id='word_1_308' title='bbox 1149 2764 1402 2819; x_wconf 89' lang='lat' dir='ltr'>seminat</span> <span class='ocrx_word' id='word_1_309' title='bbox 1424 2764 1644 2818; x_wconf 92' lang='lat' dir='ltr'>bonum</span> <span class='ocrx_word' id='word_1_310' title='bbox 1674 2779 1895 2829; x_wconf 91' lang='lat' dir='ltr'>semen,</span> <span class='ocrx_word' id='word_1_311' title='bbox 1919 2764 2006 2815; x_wconf 91' lang='lat' dir='ltr'>est</span> <span class='ocrx_word' id='word_1_312' title='bbox 2021 2761 2109 2815; x_wconf 86' lang='lat' dir='ltr'>Fi-</span> 
     </span>
    </p>
   </div>
   <div class='ocr_carea' id='block_1_45' title="bbox 477 2857 2109 2931">
    <p class='ocr_par' dir='ltr' id='par_1_45' title="bbox 477 2857 2109 2931">
     <span class='ocr_line' id='line_1_45' title="bbox 477 2857 2109 2931; baseline -0.005 -13"><span class='ocrx_word' id='word_1_313' title='bbox 477 2863 584 2918; x_wconf 89' lang='lat' dir='ltr'>lius</span> <span class='ocrx_word' id='word_1_314' title='bbox 604 2861 872 2918; x_wconf 90' lang='lat' dir='ltr'>hominis.</span> <span class='ocrx_word' id='word_1_315' title='bbox 896 2863 1049 2931; x_wconf 80' lang='lat' dir='ltr'>Ager</span> <span class='ocrx_word' id='word_1_316' title='bbox 1077 2862 1273 2913; x_wconf 91' lang='lat' dir='ltr'>autem</span> <span class='ocrx_word' id='word_1_317' title='bbox 1305 2862 1392 2911; x_wconf 89' lang='lat' dir='ltr'>est</span> <span class='ocrx_word' id='word_1_318' title='bbox 1418 2857 1689 2911; x_wconf 88' lang='lat' dir='ltr'>mundus.</span> <span class='ocrx_word' id='word_1_319' title='bbox 1726 2857 1946 2910; x_wconf 90' lang='lat' dir='ltr'>Bonum</span> <span class='ocrx_word' id='word_1_320' title='bbox 1974 2871 2109 2910; x_wconf 90' lang='lat' dir='ltr'>vero</span> 
     </span>
    </p>
   </div>
   <div class='ocr_carea' id='block_1_46' title="bbox 479 2933 2112 3018">
    <p class='ocr_par' dir='ltr' id='par_1_46' title="bbox 479 2933 2112 3018">
     <span class='ocr_line' id='line_1_46' title="bbox 479 2933 2112 3018; baseline -0.006 -11"><span class='ocrx_word' id='word_1_321' title='bbox 479 2933 675 3007; x_wconf 67' lang='lat' dir='ltr'>scmen</span> <span class='ocrx_word' id='word_1_322' title='bbox 700 2951 779 3006; x_wconf 91' lang='lat' dir='ltr'>hii</span> <span class='ocrx_word' id='word_1_323' title='bbox 797 2953 932 3005; x_wconf 88' lang='lat' dir='ltr'>sunt</span> <span class='ocrx_word' id='word_1_324' title='bbox 952 2949 1054 3003; x_wconf 80' lang='lat' dir='ltr'>filii</span> <span class='ocrx_word' id='word_1_325' title='bbox 1071 2948 1258 3018; x_wconf 88' lang='lat' dir='ltr'>regni,</span> <span class='ocrx_word' id='word_1_326' title='bbox 1279 2946 1506 3001; x_wconf 89' lang='lat' dir='ltr'>Zizania</span> <span class='ocrx_word' id='word_1_327' title='bbox 1528 2949 1722 3000; x_wconf 87' lang='lat' dir='ltr'>autem</span> <span class='ocrx_word' id='word_1_328' title='bbox 1746 2945 1996 2999; x_wconf 82' lang='lat' dir='ltr'>ﬁliisunt</span> <span class='ocrx_word' id='word_1_329' title='bbox 2018 2961 2112 2998; x_wconf 85' lang='lat' dir='ltr'>ne-</span> 
     </span>
    </p>
   </div>
   <div class='ocr_carea' id='block_1_47' title="bbox 478 3035 2113 3112">
    <p class='ocr_par' dir='ltr' id='par_1_47' title="bbox 478 3035 2113 3112">
     <span class='ocr_line' id='line_1_47' title="bbox 478 3035 2113 3112; baseline -0.005 -16"><span class='ocrx_word' id='word_1_330' title='bbox 478 3056 651 3112; x_wconf 89' lang='lat' dir='ltr'>quam</span> <span class='ocrx_word' id='word_1_331' title='bbox 661 3083 673 3096; x_wconf 95' lang='lat'>.</span> <span class='ocrx_word' id='word_1_332' title='bbox 693 3040 801 3105; x_wconf 88' lang='lat' dir='ltr'>Qui</span> <span class='ocrx_word' id='word_1_333' title='bbox 811 3037 1218 3106; x_wconf 90' lang='lat' dir='ltr'>seminavitea,</span> <span class='ocrx_word' id='word_1_334' title='bbox 1234 3039 1321 3090; x_wconf 91' lang='lat' dir='ltr'>est</span> <span class='ocrx_word' id='word_1_335' title='bbox 1331 3036 1614 3091; x_wconf 89' lang='lat' dir='ltr'>diabolus.</span> <span class='ocrx_word' id='word_1_336' title='bbox 1629 3035 1819 3089; x_wconf 85' lang='lat' dir='ltr'>Messis</span> <span class='ocrx_word' id='word_1_337' title='bbox 1834 3051 1969 3089; x_wconf 89' lang='lat' dir='ltr'>vero</span> <span class='ocrx_word' id='word_1_338' title='bbox 1982 3050 2113 3088; x_wconf 91' lang='lat' dir='ltr'>con-</span> 
     </span>
    </p>
   </div>
   <div class='ocr_carea' id='block_1_48' title="bbox 477 3129 2105 3200">
    <p class='ocr_par' dir='ltr' id='par_1_48' title="bbox 477 3129 2105 3200">
     <span class='ocr_line' id='line_1_48' title="bbox 477 3129 2105 3200; baseline -0.006 -10"><span class='ocrx_word' id='word_1_339' title='bbox 477 3133 789 3190; x_wconf 88' lang='lat' dir='ltr'>summatio</span> <span class='ocrx_word' id='word_1_340' title='bbox 813 3131 1003 3187; x_wconf 67' lang='lat' dir='ltr'>saeculi</span> <span class='ocrx_word' id='word_1_341' title='bbox 1030 3134 1118 3185; x_wconf 90' lang='lat' dir='ltr'>est</span> <span class='ocrx_word' id='word_1_342' title='bbox 1160 3147 1172 3185; x_wconf 94' lang='lat'>:</span> <span class='ocrx_word' id='word_1_343' title='bbox 1202 3146 1489 3185; x_wconf 89' lang='lat' dir='ltr'>messores</span> <span class='ocrx_word' id='word_1_344' title='bbox 1515 3132 1711 3183; x_wconf 91' lang='lat' dir='ltr'>autem</span> <span class='ocrx_word' id='word_1_345' title='bbox 1736 3129 1929 3200; x_wconf 90' lang='lat' dir='ltr'>angeli</span> <span class='ocrx_word' id='word_1_346' title='bbox 1957 3130 2105 3182; x_wconf 88' lang='lat' dir='ltr'>sunt.</span> 
     </span>
    </p>
   </div>
   <div class='ocr_carea' id='block_1_49' title="bbox 476 3222 2105 3297">
    <p class='ocr_par' dir='ltr' id='par_1_49' title="bbox 476 3222 2105 3297">
     <span class='ocr_line' id='line_1_49' title="bbox 476 3222 2105 3297; baseline -0.004 -14"><span class='ocrx_word' id='word_1_347' title='bbox 476 3228 635 3284; x_wconf 91' lang='lat' dir='ltr'>Sicut</span> <span class='ocrx_word' id='word_1_348' title='bbox 668 3242 807 3297; x_wconf 92' lang='lat' dir='ltr'>ergo</span> <span class='ocrx_word' id='word_1_349' title='bbox 844 3225 1195 3296; x_wconf 90' lang='lat' dir='ltr'>colliguntur</span> <span class='ocrx_word' id='word_1_350' title='bbox 1220 3223 1456 3288; x_wconf 88' lang='lat' dir='ltr'>zizania,</span> <span class='ocrx_word' id='word_1_351' title='bbox 1497 3226 1556 3276; x_wconf 91' lang='lat' dir='ltr'>et</span> <span class='ocrx_word' id='word_1_352' title='bbox 1588 3222 1725 3293; x_wconf 89' lang='lat' dir='ltr'>igne</span> <span class='ocrx_word' id='word_1_353' title='bbox 1756 3222 2105 3277; x_wconf 90' lang='lat' dir='ltr'>comburun-</span> 
     </span>
    </p>
   </div>
   <div class='ocr_carea' id='block_1_50' title="bbox 476 3314 2110 3388">
    <p class='ocr_par' dir='ltr' id='par_1_50' title="bbox 476 3314 2110 3388">
     <span class='ocr_line' id='line_1_50' title="bbox 476 3314 2110 3388; baseline -0.004 -13"><span class='ocrx_word' id='word_1_354' title='bbox 476 3324 589 3388; x_wconf 88' lang='lat' dir='ltr'>tur,</span> <span class='ocrx_word' id='word_1_355' title='bbox 630 3320 709 3374; x_wconf 92' lang='lat' dir='ltr'>sic</span> <span class='ocrx_word' id='word_1_356' title='bbox 742 3319 851 3374; x_wconf 91' lang='lat' dir='ltr'>erit</span> <span class='ocrx_word' id='word_1_357' title='bbox 874 3319 933 3373; x_wconf 85' lang='lat' dir='ltr'>in</span> <span class='ocrx_word' id='word_1_358' title='bbox 965 3317 1464 3373; x_wconf 90' lang='lat' dir='ltr'>consummatione</span> <span class='ocrx_word' id='word_1_359' title='bbox 1492 3317 1702 3370; x_wconf 69' lang='lat' dir='ltr'>seaculi.</span> <span class='ocrx_word' id='word_1_360' title='bbox 1734 3316 1916 3370; x_wconf 84' lang='lat' dir='ltr'>Mittet</span> <span class='ocrx_word' id='word_1_361' title='bbox 1940 3314 2110 3370; x_wconf 88' lang='lat' dir='ltr'>Filius</span> 
     </span>
    </p>
   </div>
   <div class='ocr_carea' id='block_1_51' title="bbox 477 3409 2110 3483">
    <p class='ocr_par' dir='ltr' id='par_1_51' title="bbox 477 3409 2110 3483">
     <span class='ocr_line' id='line_1_51' title="bbox 477 3409 2110 3483; baseline -0.005 -13"><span class='ocrx_word' id='word_1_362' title='bbox 477 3413 732 3470; x_wconf 87' lang='lat' dir='ltr'>hominis</span> <span class='ocrx_word' id='word_1_363' title='bbox 751 3413 990 3483; x_wconf 89' lang='lat' dir='ltr'>angelos</span> <span class='ocrx_word' id='word_1_364' title='bbox 1010 3428 1163 3479; x_wconf 90' lang='lat' dir='ltr'>suos,</span> <span class='ocrx_word' id='word_1_365' title='bbox 1182 3415 1241 3465; x_wconf 91' lang='lat' dir='ltr'>et</span> <span class='ocrx_word' id='word_1_366' title='bbox 1260 3411 1534 3482; x_wconf 89' lang='lat' dir='ltr'>colligent</span> <span class='ocrx_word' id='word_1_367' title='bbox 1554 3410 1626 3464; x_wconf 92' lang='lat' dir='ltr'>de</span> <span class='ocrx_word' id='word_1_368' title='bbox 1644 3425 1826 3481; x_wconf 86' lang='lat' dir='ltr'>regno</span> <span class='ocrx_word' id='word_1_369' title='bbox 1849 3409 1972 3479; x_wconf 88' lang='lat' dir='ltr'>ejus</span> <span class='ocrx_word' id='word_1_370' title='bbox 1991 3425 2110 3463; x_wconf 85' lang='lat' dir='ltr'>om-</span> 
     </span>
    </p>
   </div>
   <div class='ocr_carea' id='block_1_52' title="bbox 476 3502 2105 3576">
    <p class='ocr_par' dir='ltr' id='par_1_52' title="bbox 476 3502 2105 3576">
     <span class='ocr_line' id='line_1_52' title="bbox 476 3502 2105 3576; baseline -0.004 -14"><span class='ocrx_word' id='word_1_371' title='bbox 476 3507 573 3563; x_wconf 89' lang='lat' dir='ltr'>nia</span> <span class='ocrx_word' id='word_1_372' title='bbox 593 3506 883 3573; x_wconf 90' lang='lat' dir='ltr'>scandala,</span> <span class='ocrx_word' id='word_1_373' title='bbox 908 3510 964 3560; x_wconf 91' lang='lat' dir='ltr'>et</span> <span class='ocrx_word' id='word_1_374' title='bbox 987 3522 1086 3560; x_wconf 91' lang='lat' dir='ltr'>eos</span> <span class='ocrx_word' id='word_1_375' title='bbox 1115 3505 1211 3576; x_wconf 91' lang='lat' dir='ltr'>qui</span> <span class='ocrx_word' id='word_1_376' title='bbox 1234 3504 1455 3559; x_wconf 87' lang='lat' dir='ltr'>faciunt</span> <span class='ocrx_word' id='word_1_377' title='bbox 1481 3504 1867 3575; x_wconf 89' lang='lat' dir='ltr'>iniquitatem,</span> <span class='ocrx_word' id='word_1_378' title='bbox 1890 3505 1949 3557; x_wconf 91' lang='lat' dir='ltr'>et</span> <span class='ocrx_word' id='word_1_379' title='bbox 1972 3502 2105 3556; x_wconf 89' lang='lat' dir='ltr'>mit-</span> 
     </span>
    </p>
   </div>
   <div class='ocr_carea' id='block_1_53' title="bbox 476 3595 2111 3669">
    <p class='ocr_par' dir='ltr' id='par_1_53' title="bbox 476 3595 2111 3669">
     <span class='ocr_line' id='line_1_53' title="bbox 476 3595 2111 3669; baseline -0.004 -13"><span class='ocrx_word' id='word_1_380' title='bbox 476 3604 603 3657; x_wconf 90' lang='lat' dir='ltr'>tent</span> <span class='ocrx_word' id='word_1_381' title='bbox 627 3617 725 3655; x_wconf 90' lang='lat' dir='ltr'>eos</span> <span class='ocrx_word' id='word_1_382' title='bbox 747 3599 808 3655; x_wconf 90' lang='lat' dir='ltr'>in</span> <span class='ocrx_word' id='word_1_383' title='bbox 838 3599 1130 3655; x_wconf 88' lang='lat' dir='ltr'>caminum</span> <span class='ocrx_word' id='word_1_384' title='bbox 1158 3598 1327 3669; x_wconf 90' lang='lat' dir='ltr'>ignis.</span> <span class='ocrx_word' id='word_1_385' title='bbox 1356 3598 1437 3653; x_wconf 93' lang='lat' dir='ltr'>Ibi</span> <span class='ocrx_word' id='word_1_386' title='bbox 1466 3598 1576 3652; x_wconf 89' lang='lat' dir='ltr'>erit</span> <span class='ocrx_word' id='word_1_387' title='bbox 1613 3597 1782 3651; x_wconf 79' lang='lat' dir='ltr'>fletus</span> <span class='ocrx_word' id='word_1_388' title='bbox 1808 3598 1865 3650; x_wconf 91' lang='lat' dir='ltr'>et</span> <span class='ocrx_word' id='word_1_389' title='bbox 1899 3595 2111 3650; x_wconf 91' lang='lat' dir='ltr'>stridor</span> 
     </span>
    </p>
   </div>
   <div class='ocr_carea' id='block_1_54' title="bbox 476 3689 2108 3763">
    <p class='ocr_par' dir='ltr' id='par_1_54' title="bbox 476 3689 2108 3763">
     <span class='ocr_line' id='line_1_54' title="bbox 476 3689 2108 3763; baseline -0.004 -13"><span class='ocrx_word' id='word_1_390' title='bbox 476 3694 757 3750; x_wconf 90' lang='lat' dir='ltr'>dentium.</span> <span class='ocrx_word' id='word_1_391' title='bbox 804 3695 956 3749; x_wconf 89' lang='lat' dir='ltr'>Tunc</span> <span class='ocrx_word' id='word_1_392' title='bbox 992 3691 1135 3763; x_wconf 90' lang='lat' dir='ltr'>justi</span> <span class='ocrx_word' id='word_1_393' title='bbox 1169 3691 1474 3762; x_wconf 83' lang='lat' dir='ltr'>fulgebunt</span> <span class='ocrx_word' id='word_1_394' title='bbox 1512 3690 1656 3745; x_wconf 88' lang='lat' dir='ltr'>sicut</span> <span class='ocrx_word' id='word_1_395' title='bbox 1699 3690 1783 3745; x_wconf 91' lang='lat' dir='ltr'>sol</span> <span class='ocrx_word' id='word_1_396' title='bbox 1824 3689 1881 3743; x_wconf 92' lang='lat' dir='ltr'>in</span> <span class='ocrx_word' id='word_1_397' title='bbox 1926 3705 2108 3760; x_wconf 90' lang='lat' dir='ltr'>regno</span> 
     </span>
    </p>
   </div>
   <div class='ocr_carea' id='block_1_55' title="bbox 474 3782 1998 3853">
    <p class='ocr_par' dir='ltr' id='par_1_55' title="bbox 474 3782 1998 3853">
     <span class='ocr_line' id='line_1_55' title="bbox 474 3782 1998 3853; baseline -0.005 -9"><span class='ocrx_word' id='word_1_398' title='bbox 474 3787 659 3846; x_wconf 88' lang='lat' dir='ltr'>Patris</span> <span class='ocrx_word' id='word_1_399' title='bbox 684 3803 907 3843; x_wconf 88' lang='lat' dir='ltr'>eorum.</span> <span class='ocrx_word' id='word_1_400' title='bbox 941 3785 1050 3851; x_wconf 87' lang='lat' dir='ltr'>Qui</span> <span class='ocrx_word' id='word_1_401' title='bbox 1075 3785 1254 3839; x_wconf 89' lang='lat' dir='ltr'>habet</span> <span class='ocrx_word' id='word_1_402' title='bbox 1272 3799 1440 3839; x_wconf 88' lang='lat' dir='ltr'>aures</span> <span class='ocrx_word' id='word_1_403' title='bbox 1466 3782 1761 3853; x_wconf 89' lang='lat' dir='ltr'>audiendi,</span> <span class='ocrx_word' id='word_1_404' title='bbox 1785 3782 1998 3838; x_wconf 92' lang='lat' dir='ltr'>audiat.</span> 
     </span>
    </p>
   </div>
   <div class='ocr_carea' id='block_1_56' title="bbox 1073 3925 1274 3966">
    <p class='ocr_par' dir='ltr' id='par_1_56' title="bbox 1073 3925 1274 3966">
     <span class='ocr_line' id='line_1_56' title="bbox 1073 3925 1274 3966; baseline 0 -1"><span class='ocrx_word' id='word_1_405' title='bbox 1073 3925 1274 3966; x_wconf 75' lang='lat' dir='ltr'>INCIPIT</span> 
     </span>
    </p>
   </div>
   <div class='ocr_carea' id='block_1_57' title="bbox 907 4005 1668 4071">
    <p class='ocr_par' dir='ltr' id='par_1_57' title="bbox 907 4005 1668 4071">
     <span class='ocr_line' id='line_1_57' title="bbox 907 4005 1668 4071; baseline -0.004 -14"><span class='ocrx_word' id='word_1_406' title='bbox 907 4006 1159 4057; x_wconf 88' lang='lat' dir='ltr'>Collectio</span> <span class='ocrx_word' id='word_1_407' title='bbox 1184 4010 1301 4071; x_wconf 88' lang='lat' dir='ltr'>post</span> <span class='ocrx_word' id='word_1_408' title='bbox 1322 4005 1668 4071; x_wconf 85' lang='lat' dir='ltr'>prophetiam.</span> 
     </span>
    </p>
   </div>
   <div class='ocr_carea' id='block_1_58' title="bbox 548 4094 2105 4166">
    <p class='ocr_par' dir='ltr' id='par_1_58' title="bbox 548 4094 2105 4166">
     <span class='ocr_line' id='line_1_58' title="bbox 548 4094 2105 4166; baseline -0.006 -9"><span class='ocrx_word' id='word_1_409' title='bbox 548 4096 875 4166; x_wconf 77' lang='lat' dir='ltr'>Benedicta,</span> <span class='ocrx_word' id='word_1_410' title='bbox 899 4100 1094 4153; x_wconf 87' lang='lat' dir='ltr'>sancte</span> <span class='ocrx_word' id='word_1_411' title='bbox 1116 4098 1267 4151; x_wconf 91' lang='lat' dir='ltr'>Deus</span> <span class='ocrx_word' id='word_1_412' title='bbox 1286 4096 1478 4161; x_wconf 88' lang='lat' dir='ltr'>Israel,</span> <span class='ocrx_word' id='word_1_413' title='bbox 1494 4094 1660 4149; x_wconf 87' lang='lat' dir='ltr'>visita</span> <span class='ocrx_word' id='word_1_414' title='bbox 1671 4094 1901 4165; x_wconf 90' lang='lat' dir='ltr'>plebem</span> <span class='ocrx_word' id='word_1_415' title='bbox 1922 4097 2105 4160; x_wconf 89' lang='lat' dir='ltr'>tuam,</span> 
     </span>
    </p>
   </div>
   <div class='ocr_carea' id='block_1_59' title="bbox 475 4186 2110 4265">
    <p class='ocr_par' dir='ltr' id='par_1_59' title="bbox 475 4186 2110 4265">
     <span class='ocr_line' id='line_1_59' title="bbox 475 4186 2110 4265; baseline -0.007 -12"><span class='ocrx_word' id='word_1_416' title='bbox 475 4193 721 4253; x_wconf 90' lang='lat' dir='ltr'>benedic</span> <span class='ocrx_word' id='word_1_417' title='bbox 741 4192 1018 4265; x_wconf 88' lang='lat' dir='ltr'>populum</span> <span class='ocrx_word' id='word_1_418' title='bbox 1036 4194 1225 4256; x_wconf 90' lang='lat' dir='ltr'>tuum,</span> <span class='ocrx_word' id='word_1_419' title='bbox 1249 4193 1307 4243; x_wconf 90' lang='lat' dir='ltr'>et</span> <span class='ocrx_word' id='word_1_420' title='bbox 1323 4188 1507 4242; x_wconf 79' lang='lat' dir='ltr'>libera</span> <span class='ocrx_word' id='word_1_421' title='bbox 1524 4203 1658 4241; x_wconf 90' lang='lat' dir='ltr'>eum</span> <span class='ocrx_word' id='word_1_422' title='bbox 1688 4203 1721 4240; x_wconf 91' lang='lat' dir='ltr'>a</span> <span class='ocrx_word' id='word_1_423' title='bbox 1751 4186 1998 4257; x_wconf 87' lang='lat' dir='ltr'>peccatis</span> <span class='ocrx_word' id='word_1_424' title='bbox 2018 4202 2110 4242; x_wconf 82' lang='lat' dir='ltr'>eo-</span> 
     </span>
    </p>
   </div>
   <div class='ocr_carea' id='block_1_60' title="bbox 475 4278 2109 4357">
    <p class='ocr_par' dir='ltr' id='par_1_60' title="bbox 475 4278 2109 4357">
     <span class='ocr_line' id='line_1_60' title="bbox 475 4278 2109 4357; baseline -0.006 -13"><span class='ocrx_word' id='word_1_425' title='bbox 475 4303 627 4356; x_wconf 87' lang='lat' dir='ltr'>rum,</span> <span class='ocrx_word' id='word_1_426' title='bbox 654 4289 712 4342; x_wconf 91' lang='lat' dir='ltr'>et</span> <span class='ocrx_word' id='word_1_427' title='bbox 746 4287 975 4357; x_wconf 64' lang='lat' dir='ltr'>prmsta,</span> <span class='ocrx_word' id='word_1_428' title='bbox 1005 4282 1248 4338; x_wconf 90' lang='lat' dir='ltr'>Domine</span> <span class='ocrx_word' id='word_1_429' title='bbox 1298 4280 1596 4347; x_wconf 89' lang='lat' dir='ltr'>virtutum,</span> <span class='ocrx_word' id='word_1_430' title='bbox 1639 4282 1701 4333; x_wconf 90' lang='lat' dir='ltr'>ut</span> <span class='ocrx_word' id='word_1_431' title='bbox 1729 4278 1799 4333; x_wconf 90' lang='lat' dir='ltr'>de</span> <span class='ocrx_word' id='word_1_432' title='bbox 1843 4278 2109 4335; x_wconf 88' lang='lat' dir='ltr'>manibus</span> 
     </span>
    </p>
   </div>
   <div class='ocr_carea' id='block_1_61' title="bbox 473 4371 2107 4438">
    <p class='ocr_par' dir='ltr' id='par_1_61' title="bbox 473 4371 2107 4438">
     <span class='ocr_line' id='line_1_61' title="bbox 473 4371 2107 4438; baseline -0.007 0"><span class='ocrx_word' id='word_1_433' title='bbox 473 4380 842 4438; x_wconf 88' lang='lat' dir='ltr'>inimicorum</span> <span class='ocrx_word' id='word_1_434' title='bbox 866 4379 1194 4432; x_wconf 89' lang='lat' dir='ltr'>nostrorum</span> <span class='ocrx_word' id='word_1_435' title='bbox 1214 4372 1545 4438; x_wconf 89' lang='lat' dir='ltr'>liberemur,</span> <span class='ocrx_word' id='word_1_436' title='bbox 1569 4374 1625 4425; x_wconf 90' lang='lat' dir='ltr'>et</span> <span class='ocrx_word' id='word_1_437' title='bbox 1647 4371 1747 4426; x_wconf 89' lang='lat' dir='ltr'>tibi</span> <span class='ocrx_word' id='word_1_438' title='bbox 1774 4372 1882 4427; x_wconf 92' lang='lat' dir='ltr'>soli</span> <span class='ocrx_word' id='word_1_439' title='bbox 1897 4372 2107 4428; x_wconf 90' lang='lat' dir='ltr'>servire</span> 
     </span>
    </p>
   </div>
   <div class='ocr_carea' id='block_1_62' title="bbox 474 4463 2107 4539">
    <p class='ocr_par' dir='ltr' id='par_1_62' title="bbox 474 4463 2107 4539">
     <span class='ocr_line' id='line_1_62' title="bbox 474 4463 2107 4539; baseline -0.008 -7"><span class='ocrx_word' id='word_1_440' title='bbox 474 4488 809 4531; x_wconf 87' lang='lat' dir='ltr'>mereamur</span> <span class='ocrx_word' id='word_1_441' title='bbox 824 4466 1184 4539; x_wconf 88' lang='lat' dir='ltr'>cumjustitia</span> <span class='ocrx_word' id='word_1_442' title='bbox 1196 4469 1255 4519; x_wconf 90' lang='lat' dir='ltr'>et</span> <span class='ocrx_word' id='word_1_443' title='bbox 1266 4463 1565 4519; x_wconf 87' lang='lat' dir='ltr'>sanctitate</span> <span class='ocrx_word' id='word_1_444' title='bbox 1581 4464 1850 4519; x_wconf 90' lang='lat' dir='ltr'>omnibus</span> <span class='ocrx_word' id='word_1_445' title='bbox 1863 4464 2107 4537; x_wconf 87' lang='lat' dir='ltr'>[diebus]</span> 
     </span>
    </p>
   </div>
   <div class='ocr_carea' id='block_1_63' title="bbox 1326 3925 1500 3966">
    <p class='ocr_par' dir='ltr' id='par_1_63' title="bbox 1326 3925 1500 3966">
     <span class='ocr_line' id='line_1_63' title="bbox 1326 3925 1500 3966; baseline -0.006 -2"><span class='ocrx_word' id='word_1_446' title='bbox 1326 3925 1500 3966; x_wconf 67' lang='lat' dir='ltr'>IISSA.</span> 
     </span>
    </p>
   </div>
   <div class='ocr_carea' id='block_1_64' title="bbox 2214 1905 3850 1977">
    <p class='ocr_par' dir='ltr' id='par_1_64' title="bbox 2214 1905 3850 1977">
     <span class='ocr_line' id='line_1_64' title="bbox 2214 1905 3850 1977; baseline 0.001 -18"><span class='ocrx_word' id='word_1_447' title='bbox 2214 1905 2369 1960; x_wconf 87' lang='lat' dir='ltr'>dices</span> <span class='ocrx_word' id='word_1_448' title='bbox 2394 1908 2581 1976; x_wconf 90' lang='lat' dir='ltr'>regat,</span> <span class='ocrx_word' id='word_1_449' title='bbox 2618 1910 2892 1960; x_wconf 90' lang='lat' dir='ltr'>nocentes</span> <span class='ocrx_word' id='word_1_450' title='bbox 2923 1905 3222 1977; x_wconf 87' lang='lat' dir='ltr'>reprimat,</span> <span class='ocrx_word' id='word_1_451' title='bbox 3254 1906 3447 1961; x_wconf 89' lang='lat' dir='ltr'>hostes</span> <span class='ocrx_word' id='word_1_452' title='bbox 3474 1906 3738 1977; x_wconf 81' lang='lat' dir='ltr'>repellat,</span> <span class='ocrx_word' id='word_1_453' title='bbox 3768 1906 3850 1960; x_wconf 88' lang='lat' dir='ltr'>la-</span> 
     </span>
    </p>
   </div>
   <div class='ocr_carea' id='block_1_65' title="bbox 2210 1998 3853 2070">
    <p class='ocr_par' dir='ltr' id='par_1_65' title="bbox 2210 1998 3853 2070">
     <span class='ocr_line' id='line_1_65' title="bbox 2210 1998 3853 2070; baseline 0 -18"><span class='ocrx_word' id='word_1_454' title='bbox 2210 1998 2549 2053; x_wconf 91' lang='lat' dir='ltr'>borantibus</span> <span class='ocrx_word' id='word_1_455' title='bbox 2574 2016 2747 2070; x_wconf 90' lang='lat' dir='ltr'>opem</span> <span class='ocrx_word' id='word_1_456' title='bbox 2780 1999 3011 2066; x_wconf 88' lang='lat' dir='ltr'>tribuat,</span> <span class='ocrx_word' id='word_1_457' title='bbox 3046 2016 3350 2070; x_wconf 90' lang='lat' dir='ltr'>oppressos</span> <span class='ocrx_word' id='word_1_458' title='bbox 3382 1999 3608 2067; x_wconf 90' lang='lat' dir='ltr'>liberet,</span> <span class='ocrx_word' id='word_1_459' title='bbox 3629 1999 3853 2053; x_wconf 88' lang='lat' dir='ltr'>vinctos</span> 
     </span>
    </p>
   </div>
   <div class='ocr_carea' id='block_1_66' title="bbox 2212 2092 3851 2164">
    <p class='ocr_par' dir='ltr' id='par_1_66' title="bbox 2212 2092 3851 2164">
     <span class='ocr_line' id='line_1_66' title="bbox 2212 2092 3851 2164; baseline 0 -18"><span class='ocrx_word' id='word_1_460' title='bbox 2212 2092 2488 2158; x_wconf 90' lang='lat' dir='ltr'>dimittat,</span> <span class='ocrx_word' id='word_1_461' title='bbox 2521 2093 2774 2163; x_wconf 91' lang='lat' dir='ltr'>captivos</span> <span class='ocrx_word' id='word_1_462' title='bbox 2803 2096 3052 2159; x_wconf 89' lang='lat' dir='ltr'>revocet,</span> <span class='ocrx_word' id='word_1_463' title='bbox 3085 2093 3275 2164; x_wconf 84' lang='lat' dir='ltr'>lapsos</span> <span class='ocrx_word' id='word_1_464' title='bbox 3314 2093 3601 2159; x_wconf 83' lang='lat' dir='ltr'>restituat,</span> <span class='ocrx_word' id='word_1_465' title='bbox 3633 2092 3851 2146; x_wconf 87' lang='lat' dir='ltr'>contri-</span> 
     </span>
    </p>
   </div>
   <div class='ocr_carea' id='block_1_67' title="bbox 2213 2184 3857 2257">
    <p class='ocr_par' dir='ltr' id='par_1_67' title="bbox 2213 2184 3857 2257">
     <span class='ocr_line' id='line_1_67' title="bbox 2213 2184 3857 2257; baseline 0 -18"><span class='ocrx_word' id='word_1_466' title='bbox 2213 2189 2300 2239; x_wconf 91' lang='lat' dir='ltr'>tos</span> <span class='ocrx_word' id='word_1_467' title='bbox 2321 2186 2528 2251; x_wconf 84' lang='lat' dir='ltr'>foveat,</span> <span class='ocrx_word' id='word_1_468' title='bbox 2548 2186 2855 2257; x_wconf 91' lang='lat' dir='ltr'>languidos</span> <span class='ocrx_word' id='word_1_469' title='bbox 2866 2190 3045 2255; x_wconf 88' lang='lat' dir='ltr'>curet,</span> <span class='ocrx_word' id='word_1_470' title='bbox 3070 2187 3286 2241; x_wconf 90' lang='lat' dir='ltr'>cunctis</span> <span class='ocrx_word' id='word_1_471' title='bbox 3308 2184 3705 2241; x_wconf 89' lang='lat' dir='ltr'>misericordia</span> <span class='ocrx_word' id='word_1_472' title='bbox 3724 2185 3857 2239; x_wconf 88' lang='lat' dir='ltr'>sub-</span> 
     </span>
    </p>
   </div>
   <div class='ocr_carea' id='block_1_68' title="bbox 2212 2279 3851 2351">
    <p class='ocr_par' dir='ltr' id='par_1_68' title="bbox 2212 2279 3851 2351">
     <span class='ocr_line' id='line_1_68' title="bbox 2212 2279 3851 2351; baseline 0.002 -21"><span class='ocrx_word' id='word_1_473' title='bbox 2212 2279 2423 2345; x_wconf 89' lang='lat' dir='ltr'>veniat,</span> <span class='ocrx_word' id='word_1_474' title='bbox 2455 2279 2581 2349; x_wconf 90' lang='lat' dir='ltr'>pius</span> <span class='ocrx_word' id='word_1_475' title='bbox 2599 2283 2658 2332; x_wconf 91' lang='lat' dir='ltr'>et</span> <span class='ocrx_word' id='word_1_476' title='bbox 2688 2279 3012 2335; x_wconf 89' lang='lat' dir='ltr'>misericors</span> <span class='ocrx_word' id='word_1_477' title='bbox 3040 2280 3189 2335; x_wconf 91' lang='lat' dir='ltr'>Deus</span> <span class='ocrx_word' id='word_1_478' title='bbox 3216 2297 3415 2351; x_wconf 90' lang='lat' dir='ltr'>preces</span> <span class='ocrx_word' id='word_1_479' title='bbox 3449 2282 3678 2335; x_wconf 85' lang='lat' dir='ltr'>nostras</span> <span class='ocrx_word' id='word_1_480' title='bbox 3712 2294 3851 2350; x_wconf 87' lang='lat' dir='ltr'>pro-</span> 
     </span>
    </p>
   </div>
   <div class='ocr_carea' id='block_1_69' title="bbox 2212 2371 2766 2442">
    <p class='ocr_par' dir='ltr' id='par_1_69' title="bbox 2212 2371 2766 2442">
     <span class='ocr_line' id='line_1_69' title="bbox 2212 2371 2766 2442; baseline 0.002 -17"><span class='ocrx_word' id='word_1_481' title='bbox 2212 2371 2454 2442; x_wconf 90' lang='lat' dir='ltr'>piciatus</span> <span class='ocrx_word' id='word_1_482' title='bbox 2481 2371 2766 2427; x_wconf 80' lang='lat' dir='ltr'>exaudiat.</span> 
     </span>
    </p>
   </div>
   <div class='ocr_carea' id='block_1_70' title="bbox 2862 2442 3194 2507">
    <p class='ocr_par' dir='ltr' id='par_1_70' title="bbox 2862 2442 3194 2507">
     <span class='ocr_line' id='line_1_70' title="bbox 2862 2442 3194 2507; baseline 0.003 -15"><span class='ocrx_word' id='word_1_483' title='bbox 2862 2442 2940 2492; x_wconf 79' lang='lat' dir='ltr'>Ad</span> <span class='ocrx_word' id='word_1_484' title='bbox 2990 2457 3194 2507; x_wconf 89' lang='lat' dir='ltr'>pacem.</span> 
     </span>
    </p>
   </div>
   <div class='ocr_carea' id='block_1_71' title="bbox 2284 2526 3856 2598">
    <p class='ocr_par' dir='ltr' id='par_1_71' title="bbox 2284 2526 3856 2598">
     <span class='ocr_line' id='line_1_71' title="bbox 2284 2526 3856 2598; baseline 0 -18"><span class='ocrx_word' id='word_1_485' title='bbox 2284 2528 2433 2580; x_wconf 89' lang='lat' dir='ltr'>Deus</span> <span class='ocrx_word' id='word_1_486' title='bbox 2458 2530 2624 2597; x_wconf 86' lang='lat' dir='ltr'>pater</span> <span class='ocrx_word' id='word_1_487' title='bbox 2668 2527 3057 2598; x_wconf 89' lang='lat' dir='ltr'>omnipotens,</span> <span class='ocrx_word' id='word_1_488' title='bbox 3105 2528 3291 2583; x_wconf 91' lang='lat' dir='ltr'>bonus</span> <span class='ocrx_word' id='word_1_489' title='bbox 3326 2544 3393 2581; x_wconf 91' lang='lat' dir='ltr'>ac</span> <span class='ocrx_word' id='word_1_490' title='bbox 3436 2527 3591 2582; x_wconf 90' lang='lat' dir='ltr'>mitis</span> <span class='ocrx_word' id='word_1_491' title='bbox 3631 2544 3713 2595; x_wconf 91' lang='lat' dir='ltr'>es,</span> <span class='ocrx_word' id='word_1_492' title='bbox 3756 2526 3856 2598; x_wconf 91' lang='lat' dir='ltr'>qui</span> 
     </span>
    </p>
   </div>
   <div class='ocr_carea' id='block_1_72' title="bbox 2212 2619 3859 2675">
    <p class='ocr_par' dir='ltr' id='par_1_72' title="bbox 2212 2619 3859 2675">
     <span class='ocr_line' id='line_1_72' title="bbox 2212 2619 3859 2675; baseline -0.001 -1"><span class='ocrx_word' id='word_1_493' title='bbox 2212 2619 2521 2674; x_wconf 89' lang='lat' dir='ltr'>Dominum</span> <span class='ocrx_word' id='word_1_494' title='bbox 2563 2624 2825 2675; x_wconf 91' lang='lat' dir='ltr'>nostrum</span> <span class='ocrx_word' id='word_1_495' title='bbox 2853 2622 3047 2675; x_wconf 85' lang='lat' dir='ltr'>Jesum</span> <span class='ocrx_word' id='word_1_496' title='bbox 3079 2620 3367 2675; x_wconf 88' lang='lat' dir='ltr'>Christum</span> <span class='ocrx_word' id='word_1_497' title='bbox 3397 2620 3505 2674; x_wconf 92' lang='lat' dir='ltr'>hoc</span> <span class='ocrx_word' id='word_1_498' title='bbox 3536 2619 3738 2674; x_wconf 89' lang='lat' dir='ltr'>sedem</span> <span class='ocrx_word' id='word_1_499' title='bbox 3764 2620 3859 2674; x_wconf 60' lang='lat' dir='ltr'>la—</span> 
     </span>
    </p>
   </div>
   <div class='ocr_carea' id='block_1_73' title="bbox 2211 2712 3861 2786">
    <p class='ocr_par' dir='ltr' id='par_1_73' title="bbox 2211 2712 3861 2786">
     <span class='ocr_line' id='line_1_73' title="bbox 2211 2712 3861 2786; baseline 0.001 -20"><span class='ocrx_word' id='word_1_500' title='bbox 2211 2712 2350 2768; x_wconf 61' lang='lat' dir='ltr'>titia;</span> <span class='ocrx_word' id='word_1_501' title='bbox 2371 2730 2501 2768; x_wconf 91' lang='lat' dir='ltr'>cum</span> <span class='ocrx_word' id='word_1_502' title='bbox 2524 2731 2665 2786; x_wconf 88' lang='lat' dir='ltr'>ergo</span> <span class='ocrx_word' id='word_1_503' title='bbox 2697 2713 2823 2785; x_wconf 89' lang='lat' dir='ltr'>quis</span> <span class='ocrx_word' id='word_1_504' title='bbox 2840 2730 3180 2768; x_wconf 90' lang='lat' dir='ltr'>ascensurus</span> <span class='ocrx_word' id='word_1_505' title='bbox 3209 2731 3268 2767; x_wconf 89' lang='lat' dir='ltr'>es</span> <span class='ocrx_word' id='word_1_506' title='bbox 3300 2714 3355 2767; x_wconf 90' lang='lat' dir='ltr'>in</span> <span class='ocrx_word' id='word_1_507' title='bbox 3390 2714 3592 2767; x_wconf 66' lang='lat' dir='ltr'>caalum</span> <span class='ocrx_word' id='word_1_508' title='bbox 3614 2729 3817 2785; x_wconf 90' lang='lat' dir='ltr'>pacem</span> <span class='ocrx_word' id='word_1_509' title='bbox 3834 2725 3861 2753; x_wconf 83' lang='grc' dir='ltr'><strong>ο</strong></span> 
     </span>
    </p>
   </div>
   <div class='ocr_carea' id='block_1_74' title="bbox 2212 2806 3853 2878">
    <p class='ocr_par' dir='ltr' id='par_1_74' title="bbox 2212 2806 3853 2878">
     <span class='ocr_line' id='line_1_74' title="bbox 2212 2806 3853 2878; baseline 0 -18"><span class='ocrx_word' id='word_1_510' title='bbox 2212 2822 2375 2861; x_wconf 88' lang='lat' dir='ltr'>suam</span> <span class='ocrx_word' id='word_1_511' title='bbox 2395 2807 2532 2861; x_wconf 89' lang='lat' dir='ltr'>dare</span> <span class='ocrx_word' id='word_1_512' title='bbox 2554 2807 2740 2875; x_wconf 82' lang='lat' dir='ltr'>nobis,</span> <span class='ocrx_word' id='word_1_513' title='bbox 2760 2824 2961 2878; x_wconf 91' lang='lat' dir='ltr'>pacem</span> <span class='ocrx_word' id='word_1_514' title='bbox 2987 2824 3151 2861; x_wconf 91' lang='lat' dir='ltr'>suam</span> <span class='ocrx_word' id='word_1_515' title='bbox 3172 2806 3496 2877; x_wconf 92' lang='lat' dir='ltr'>relinquere</span> <span class='ocrx_word' id='word_1_516' title='bbox 3522 2807 3699 2861; x_wconf 89' lang='lat' dir='ltr'>servis</span> <span class='ocrx_word' id='word_1_517' title='bbox 3718 2806 3853 2861; x_wconf 88' lang='lat' dir='ltr'>tuis.</span> 
     </span>
    </p>
   </div>
   <div class='ocr_carea' id='block_1_75' title="bbox 2210 2898 3853 2971">
    <p class='ocr_par' dir='ltr' id='par_1_75' title="bbox 2210 2898 3853 2971">
     <span class='ocr_line' id='line_1_75' title="bbox 2210 2898 3853 2971; baseline 0 -18"><span class='ocrx_word' id='word_1_518' title='bbox 2210 2900 2471 2971; x_wconf 82' lang='lat' dir='ltr'>Respice,</span> <span class='ocrx_word' id='word_1_519' title='bbox 2502 2900 2767 2967; x_wconf 90' lang='lat' dir='ltr'>Domine,</span> <span class='ocrx_word' id='word_1_520' title='bbox 2793 2904 3005 2954; x_wconf 62' lang='lat' dir='ltr'>sanctas</span> <span class='ocrx_word' id='word_1_521' title='bbox 3035 2900 3296 2954; x_wconf 63' lang='lat' dir='ltr'>Ecclesiae</span> <span class='ocrx_word' id='word_1_522' title='bbox 3324 2902 3435 2953; x_wconf 62' lang='lat' dir='ltr'>tuae</span> <span class='ocrx_word' id='word_1_523' title='bbox 3457 2899 3755 2954; x_wconf 57' lang='lat' dir='ltr'>catholica</span> <span class='ocrx_word' id='word_1_524' title='bbox 3777 2898 3853 2953; x_wconf 89' lang='lat' dir='ltr'>si-</span> 
     </span>
    </p>
   </div>
   <div class='ocr_carea' id='block_1_76' title="bbox 2213 2992 3859 3065">
    <p class='ocr_par' dir='ltr' id='par_1_76' title="bbox 2213 2992 3859 3065">
     <span class='ocr_line' id='line_1_76' title="bbox 2213 2992 3859 3065; baseline -0.001 -18"><span class='ocrx_word' id='word_1_525' title='bbox 2213 3010 2391 3064; x_wconf 89' lang='lat' dir='ltr'>gnum</span> <span class='ocrx_word' id='word_1_526' title='bbox 2422 2994 2577 3064; x_wconf 89' lang='lat' dir='ltr'>pacis</span> <span class='ocrx_word' id='word_1_527' title='bbox 2603 2994 2839 3065; x_wconf 92' lang='lat' dir='ltr'>inpone.</span> <span class='ocrx_word' id='word_1_528' title='bbox 2874 2994 2995 3047; x_wconf 88' lang='lat' dir='ltr'>Fiat</span> <span class='ocrx_word' id='word_1_529' title='bbox 3022 2993 3079 3047; x_wconf 92' lang='lat' dir='ltr'>in</span> <span class='ocrx_word' id='word_1_530' title='bbox 3107 2993 3314 3047; x_wconf 82' lang='lat' dir='ltr'>virtute</span> <span class='ocrx_word' id='word_1_531' title='bbox 3338 2992 3493 3063; x_wconf 88' lang='lat' dir='ltr'>quod</span> <span class='ocrx_word' id='word_1_532' title='bbox 3520 2992 3591 3046; x_wconf 92' lang='lat' dir='ltr'>de</span> <span class='ocrx_word' id='word_1_533' title='bbox 3623 3009 3693 3046; x_wconf 90' lang='lat' dir='ltr'>ea</span> <span class='ocrx_word' id='word_1_534' title='bbox 3716 2992 3859 3047; x_wconf 84' lang='lat' dir='ltr'>dici-</span> 
     </span>
    </p>
   </div>
   <div class='ocr_carea' id='block_1_77' title="bbox 2215 3087 3859 3159">
    <p class='ocr_par' dir='ltr' id='par_1_77' title="bbox 2215 3087 3859 3159">
     <span class='ocr_line' id='line_1_77' title="bbox 2215 3087 3859 3159; baseline 0 -19"><span class='ocrx_word' id='word_1_535' title='bbox 2215 3090 2322 3155; x_wconf 90' lang='lat' dir='ltr'>tur,</span> <span class='ocrx_word' id='word_1_536' title='bbox 2356 3090 2415 3142; x_wconf 90' lang='lat' dir='ltr'>et</span> <span class='ocrx_word' id='word_1_537' title='bbox 2441 3104 2554 3159; x_wconf 87' lang='lat' dir='ltr'>quo</span> <span class='ocrx_word' id='word_1_538' title='bbox 2586 3087 2783 3141; x_wconf 85' lang='lat' dir='ltr'>titulus</span> <span class='ocrx_word' id='word_1_539' title='bbox 2814 3087 3143 3159; x_wconf 88' lang='lat' dir='ltr'>impleatur.</span> <span class='ocrx_word' id='word_1_540' title='bbox 3170 3089 3375 3142; x_wconf 90' lang='lat' dir='ltr'>Pacem</span> <span class='ocrx_word' id='word_1_541' title='bbox 3402 3089 3642 3140; x_wconf 90' lang='lat' dir='ltr'>teneant</span> <span class='ocrx_word' id='word_1_542' title='bbox 3670 3102 3859 3140; x_wconf 86' lang='lat' dir='ltr'>sacer-</span> 
     </span>
    </p>
   </div>
   <div class='ocr_carea' id='block_1_78' title="bbox 2130 3173 3859 3252">
    <p class='ocr_par' dir='ltr' id='par_1_78' title="bbox 2130 3173 3859 3252">
     <span class='ocr_line' id='line_1_78' title="bbox 2130 3173 3859 3252; baseline -0.001 -18"><span class='ocrx_word' id='word_1_543' title='bbox 2130 3173 2184 3248; x_wconf 85' lang='lat' dir='ltr'>C</span> <span class='ocrx_word' id='word_1_544' title='bbox 2211 3180 2393 3249; x_wconf 90' lang='lat' dir='ltr'>dotes,</span> <span class='ocrx_word' id='word_1_545' title='bbox 2414 3197 2617 3252; x_wconf 89' lang='lat' dir='ltr'>pacem</span> <span class='ocrx_word' id='word_1_546' title='bbox 2640 3181 2891 3237; x_wconf 88' lang='lat' dir='ltr'>habeant</span> <span class='ocrx_word' id='word_1_547' title='bbox 2909 3181 3131 3249; x_wconf 85' lang='lat' dir='ltr'>divites,</span> <span class='ocrx_word' id='word_1_548' title='bbox 3147 3197 3349 3252; x_wconf 91' lang='lat' dir='ltr'>pacem</span> <span class='ocrx_word' id='word_1_549' title='bbox 3364 3180 3619 3235; x_wconf 89' lang='lat' dir='ltr'>habeant</span> <span class='ocrx_word' id='word_1_550' title='bbox 3640 3196 3859 3251; x_wconf 87' lang='lat' dir='ltr'>paupe-</span> 
     </span>
    </p>
   </div>
   <div class='ocr_carea' id='block_1_79' title="bbox 2210 3273 3859 3346">
    <p class='ocr_par' dir='ltr' id='par_1_79' title="bbox 2210 3273 3859 3346">
     <span class='ocr_line' id='line_1_79' title="bbox 2210 3273 3859 3346; baseline -0.002 -17"><span class='ocrx_word' id='word_1_551' title='bbox 2210 3293 2322 3344; x_wconf 90' lang='lat' dir='ltr'>res,</span> <span class='ocrx_word' id='word_1_552' title='bbox 2338 3291 2537 3346; x_wconf 91' lang='lat' dir='ltr'>pacem</span> <span class='ocrx_word' id='word_1_553' title='bbox 2556 3274 2852 3345; x_wconf 87' lang='lat' dir='ltr'>gaudeant</span> <span class='ocrx_word' id='word_1_554' title='bbox 2872 3275 3214 3346; x_wconf 89' lang='lat' dir='ltr'>locupletes;</span> <span class='ocrx_word' id='word_1_555' title='bbox 3234 3290 3374 3345; x_wconf 90' lang='lat' dir='ltr'>pace</span> <span class='ocrx_word' id='word_1_556' title='bbox 3397 3273 3705 3328; x_wconf 90' lang='lat' dir='ltr'>mitescant</span> <span class='ocrx_word' id='word_1_557' title='bbox 3724 3273 3859 3328; x_wconf 87' lang='lat' dir='ltr'>har-</span> 
     </span>
    </p>
   </div>
   <div class='ocr_carea' id='block_1_80' title="bbox 2208 3367 3860 3440">
    <p class='ocr_par' dir='ltr' id='par_1_80' title="bbox 2208 3367 3860 3440">
     <span class='ocr_line' id='line_1_80' title="bbox 2208 3367 3860 3440; baseline -0.001 -17"><span class='ocrx_word' id='word_1_558' title='bbox 2208 3370 2365 3423; x_wconf 81' lang='lat' dir='ltr'>barae</span> <span class='ocrx_word' id='word_1_559' title='bbox 2386 3367 2679 3435; x_wconf 89' lang='lat' dir='ltr'>nationes;</span> <span class='ocrx_word' id='word_1_560' title='bbox 2696 3385 2900 3439; x_wconf 90' lang='lat' dir='ltr'>pacem</span> <span class='ocrx_word' id='word_1_561' title='bbox 2917 3368 3152 3423; x_wconf 89' lang='lat' dir='ltr'>videant</span> <span class='ocrx_word' id='word_1_562' title='bbox 3165 3368 3351 3436; x_wconf 90' lang='lat' dir='ltr'>liberi,</span> <span class='ocrx_word' id='word_1_563' title='bbox 3370 3384 3574 3440; x_wconf 91' lang='lat' dir='ltr'>pacem</span> <span class='ocrx_word' id='word_1_564' title='bbox 3595 3367 3860 3422; x_wconf 82' lang='lat' dir='ltr'>sentiant</span> 
     </span>
    </p>
   </div>
   <div class='ocr_carea' id='block_1_81' title="bbox 2210 3459 3855 3533">
    <p class='ocr_par' dir='ltr' id='par_1_81' title="bbox 2210 3459 3855 3533">
     <span class='ocr_line' id='line_1_81' title="bbox 2210 3459 3855 3533; baseline -0.001 -17"><span class='ocrx_word' id='word_1_565' title='bbox 2210 3461 2354 3516; x_wconf 86' lang='lat' dir='ltr'>servi</span> <span class='ocrx_word' id='word_1_566' title='bbox 2373 3479 2386 3528; x_wconf 90' lang='lat'>;</span> <span class='ocrx_word' id='word_1_567' title='bbox 2406 3478 2609 3533; x_wconf 90' lang='lat' dir='ltr'>pacem</span> <span class='ocrx_word' id='word_1_568' title='bbox 2631 3462 3069 3533; x_wconf 90' lang='lat' dir='ltr'>cogitentreges</span> <span class='ocrx_word' id='word_1_569' title='bbox 3086 3477 3287 3533; x_wconf 90' lang='lat' dir='ltr'>pacem</span> <span class='ocrx_word' id='word_1_570' title='bbox 3302 3461 3518 3516; x_wconf 85' lang='lat' dir='ltr'>faciant</span> <span class='ocrx_word' id='word_1_571' title='bbox 3538 3459 3855 3533; x_wconf 84' lang='lat' dir='ltr'>principes,</span> 
     </span>
    </p>
   </div>
   <div class='ocr_carea' id='block_1_82' title="bbox 2210 3553 3856 3626">
    <p class='ocr_par' dir='ltr' id='par_1_82' title="bbox 2210 3553 3856 3626">
     <span class='ocr_line' id='line_1_82' title="bbox 2210 3553 3856 3626; baseline 0 -17"><span class='ocrx_word' id='word_1_572' title='bbox 2210 3571 2413 3626; x_wconf 92' lang='lat' dir='ltr'>pacem</span> <span class='ocrx_word' id='word_1_573' title='bbox 2442 3558 2625 3622; x_wconf 89' lang='lat' dir='ltr'>tuam,</span> <span class='ocrx_word' id='word_1_574' title='bbox 2651 3554 3042 3626; x_wconf 90' lang='lat' dir='ltr'>omnipotens,</span> <span class='ocrx_word' id='word_1_575' title='bbox 3068 3554 3141 3609; x_wconf 90' lang='lat' dir='ltr'>da</span> <span class='ocrx_word' id='word_1_576' title='bbox 3159 3554 3344 3621; x_wconf 90' lang='lat' dir='ltr'>nobis,</span> <span class='ocrx_word' id='word_1_577' title='bbox 3364 3571 3467 3625; x_wconf 91' lang='lat' dir='ltr'>per</span> <span class='ocrx_word' id='word_1_578' title='bbox 3482 3553 3856 3609; x_wconf 84' lang='lat' dir='ltr'>intercessio-</span> 
     </span>
    </p>
   </div>
   <div class='ocr_carea' id='block_1_83' title="bbox 2211 3647 3859 3719">
    <p class='ocr_par' dir='ltr' id='par_1_83' title="bbox 2211 3647 3859 3719">
     <span class='ocr_line' id='line_1_83' title="bbox 2211 3647 3859 3719; baseline 0.001 -17"><span class='ocrx_word' id='word_1_579' title='bbox 2211 3664 2345 3702; x_wconf 92' lang='lat' dir='ltr'>nem</span> <span class='ocrx_word' id='word_1_580' title='bbox 2355 3647 2957 3703; x_wconf 81' lang='lat' dir='ltr'>beatissimiJohannis</span> <span class='ocrx_word' id='word_1_581' title='bbox 2968 3647 3233 3719; x_wconf 73' lang='lat' dir='ltr'>Baptistae</span> <span class='ocrx_word' id='word_1_582' title='bbox 3246 3664 3575 3702; x_wconf 90' lang='lat' dir='ltr'>mereamur</span> <span class='ocrx_word' id='word_1_583' title='bbox 3590 3647 3859 3719; x_wconf 84' lang='lat' dir='ltr'>accipere</span> 
     </span>
    </p>
   </div>
   <div class='ocr_carea' id='block_1_84' title="bbox 2867 3741 3198 3791">
    <p class='ocr_par' dir='ltr' id='par_1_84' title="bbox 2867 3741 3198 3791">
     <span class='ocr_line' id='line_1_84' title="bbox 2867 3741 3198 3791; baseline -0.003 0"><span class='ocrx_word' id='word_1_584' title='bbox 2867 3741 3198 3791; x_wconf 87' lang='lat' dir='ltr'>Contestatio.</span> 
     </span>
    </p>
   </div>
   <div class='ocr_carea' id='block_1_85' title="bbox 2281 3820 3857 3894">
    <p class='ocr_par' dir='ltr' id='par_1_85' title="bbox 2281 3820 3857 3894">
     <span class='ocr_line' id='line_1_85' title="bbox 2281 3820 3857 3894; baseline 0.003 -19"><span class='ocrx_word' id='word_1_585' title='bbox 2281 3823 2422 3875; x_wconf 90' lang='lat' dir='ltr'>Vere</span> <span class='ocrx_word' id='word_1_586' title='bbox 2446 3820 2688 3893; x_wconf 88' lang='lat' dir='ltr'>dignum</span> <span class='ocrx_word' id='word_1_587' title='bbox 2712 3824 2771 3876; x_wconf 90' lang='lat' dir='ltr'>et</span> <span class='ocrx_word' id='word_1_588' title='bbox 2783 3821 3005 3892; x_wconf 91' lang='lat' dir='ltr'>justum</span> <span class='ocrx_word' id='word_1_589' title='bbox 3029 3824 3133 3888; x_wconf 88' lang='lat' dir='ltr'>est,</span> <span class='ocrx_word' id='word_1_590' title='bbox 3156 3822 3527 3893; x_wconf 89' lang='lat' dir='ltr'>omnipotens</span> <span class='ocrx_word' id='word_1_591' title='bbox 3548 3823 3717 3889; x_wconf 89' lang='lat' dir='ltr'>Deus,</span> <span class='ocrx_word' id='word_1_592' title='bbox 3748 3824 3857 3894; x_wconf 87' lang='lat' dir='ltr'>qui</span> 
     </span>
    </p>
   </div>
   <div class='ocr_carea' id='block_1_86' title="bbox 2210 3913 3953 3987">
    <p class='ocr_par' dir='ltr' id='par_1_86' title="bbox 2210 3913 3953 3987">
     <span class='ocr_line' id='line_1_86' title="bbox 2210 3913 3953 3987; baseline 0.002 -19"><span class='ocrx_word' id='word_1_593' title='bbox 2210 3931 2341 3969; x_wconf 91' lang='lat' dir='ltr'>cum</span> <span class='ocrx_word' id='word_1_594' title='bbox 2363 3913 2620 3985; x_wconf 88' lang='lat' dir='ltr'>patribus</span> <span class='ocrx_word' id='word_1_595' title='bbox 2647 3914 2855 3970; x_wconf 90' lang='lat' dir='ltr'>nostris</span> <span class='ocrx_word' id='word_1_596' title='bbox 2884 3914 3113 3969; x_wconf 90' lang='lat' dir='ltr'>veniam</span> <span class='ocrx_word' id='word_1_597' title='bbox 3142 3915 3596 3987; x_wconf 86' lang='lat' dir='ltr'>supplicantibus</span> <span class='ocrx_word' id='word_1_598' title='bbox 3938 3926 3953 3941; x_wconf 84' lang='lat'><strong><em>°</em></strong></span> 
     </span>
    </p>
   </div>
   <div class='ocr_carea' id='block_1_87' title="bbox 2209 4007 3858 4080">
    <p class='ocr_par' dir='ltr' id='par_1_87' title="bbox 2209 4007 3858 4080">
     <span class='ocr_line' id='line_1_87' title="bbox 2209 4007 3858 4080; baseline 0.001 -18"><span class='ocrx_word' id='word_1_599' title='bbox 2209 4011 2286 4075; x_wconf 89' lang='lat' dir='ltr'>te,</span> <span class='ocrx_word' id='word_1_600' title='bbox 2326 4008 2592 4076; x_wconf 92' lang='lat' dir='ltr'>Domine,</span> <span class='ocrx_word' id='word_1_601' title='bbox 2621 4007 2759 4079; x_wconf 89' lang='lat' dir='ltr'>quia</span> <span class='ocrx_word' id='word_1_602' title='bbox 2793 4011 3020 4079; x_wconf 75' lang='lat' dir='ltr'>témpus</span> <span class='ocrx_word' id='word_1_603' title='bbox 3051 4011 3138 4062; x_wconf 86' lang='lat' dir='ltr'>est</span> <span class='ocrx_word' id='word_1_604' title='bbox 3163 4025 3395 4063; x_wconf 87' lang='lat' dir='ltr'>necesse</span> <span class='ocrx_word' id='word_1_605' title='bbox 3423 4008 3762 4080; x_wconf 70' lang='lat' dir='ltr'>paenitendi,</span> <span class='ocrx_word' id='word_1_606' title='bbox 3791 4014 3858 4065; x_wconf 85' lang='lat' dir='ltr'>et</span> 
     </span>
    </p>
   </div>
   <div class='ocr_carea' id='block_1_88' title="bbox 2211 4100 3855 4174">
    <p class='ocr_par' dir='ltr' id='par_1_88' title="bbox 2211 4100 3855 4174">
     <span class='ocr_line' id='line_1_88' title="bbox 2211 4100 3855 4174; baseline 0.001 -19"><span class='ocrx_word' id='word_1_607' title='bbox 2211 4116 2327 4156; x_wconf 90' lang='lat' dir='ltr'>non</span> <span class='ocrx_word' id='word_1_608' title='bbox 2357 4100 2731 4173; x_wconf 86' lang='lat' dir='ltr'>egrediamur</span> <span class='ocrx_word' id='word_1_609' title='bbox 2750 4100 2944 4156; x_wconf 91' lang='lat' dir='ltr'>alieni.</span> <span class='ocrx_word' id='word_1_610' title='bbox 2967 4101 3011 4156; x_wconf 99' lang='lat'>0</span> <span class='ocrx_word' id='word_1_611' title='bbox 3033 4117 3309 4172; x_wconf 89' lang='lat' dir='ltr'>magnam</span> <span class='ocrx_word' id='word_1_612' title='bbox 3322 4102 3529 4157; x_wconf 91' lang='lat' dir='ltr'>vallem</span> <span class='ocrx_word' id='word_1_613' title='bbox 3544 4102 3855 4174; x_wconf 85' lang='lat' dir='ltr'>Josaphat,</span> 
     </span>
    </p>
   </div>
   <div class='ocr_carea' id='block_1_89' title="bbox 2211 4192 3856 4265">
    <p class='ocr_par' dir='ltr' id='par_1_89' title="bbox 2211 4192 3856 4265">
     <span class='ocr_line' id='line_1_89' title="bbox 2211 4192 3856 4265; baseline 0.001 -17"><span class='ocrx_word' id='word_1_614' title='bbox 2211 4192 2305 4248; x_wconf 90' lang='lat' dir='ltr'>ubi</span> <span class='ocrx_word' id='word_1_615' title='bbox 2336 4210 2542 4249; x_wconf 89' lang='lat' dir='ltr'>omnes</span> <span class='ocrx_word' id='word_1_616' title='bbox 2580 4194 2654 4249; x_wconf 93' lang='lat' dir='ltr'>ad</span> <span class='ocrx_word' id='word_1_617' title='bbox 2685 4193 2967 4265; x_wconf 89' lang='lat' dir='ltr'>judicium</span> <span class='ocrx_word' id='word_1_618' title='bbox 3014 4195 3267 4263; x_wconf 90' lang='lat' dir='ltr'>venient,</span> <span class='ocrx_word' id='word_1_619' title='bbox 3298 4195 3395 4250; x_wconf 89' lang='lat' dir='ltr'>ubi</span> <span class='ocrx_word' id='word_1_620' title='bbox 3423 4195 3534 4251; x_wconf 90' lang='lat' dir='ltr'>erit</span> <span class='ocrx_word' id='word_1_621' title='bbox 3570 4194 3856 4251; x_wconf 89' lang='lat' dir='ltr'>discussio</span> 
     </span>
    </p>
   </div>
   <div class='ocr_carea' id='block_1_90' title="bbox 2209 4287 3857 4359">
    <p class='ocr_par' dir='ltr' id='par_1_90' title="bbox 2209 4287 3857 4359">
     <span class='ocr_line' id='line_1_90' title="bbox 2209 4287 3857 4359; baseline 0.001 -18"><span class='ocrx_word' id='word_1_622' title='bbox 2209 4287 2562 4358; x_wconf 89' lang='lat' dir='ltr'>interjustos</span> <span class='ocrx_word' id='word_1_623' title='bbox 2587 4291 2646 4342; x_wconf 89' lang='lat' dir='ltr'>et</span> <span class='ocrx_word' id='word_1_624' title='bbox 2673 4287 2917 4358; x_wconf 89' lang='lat' dir='ltr'>injustos</span> <span class='ocrx_word' id='word_1_625' title='bbox 2947 4304 2959 4341; x_wconf 91' lang='lat'>:</span> <span class='ocrx_word' id='word_1_626' title='bbox 2992 4291 3054 4341; x_wconf 92' lang='lat' dir='ltr'>ut</span> <span class='ocrx_word' id='word_1_627' title='bbox 3073 4293 3499 4359; x_wconf 87' lang='lat' dir='ltr'>cognoscantur</span> <span class='ocrx_word' id='word_1_628' title='bbox 3533 4289 3857 4345; x_wconf 87' lang='lat' dir='ltr'>mendaces</span> 
     </span>
    </p>
   </div>
   <div class='ocr_carea' id='block_1_91' title="bbox 2210 4380 3853 4451">
    <p class='ocr_par' dir='ltr' id='par_1_91' title="bbox 2210 4380 3853 4451">
     <span class='ocr_line' id='line_1_91' title="bbox 2210 4380 3853 4451; baseline 0.002 -16"><span class='ocrx_word' id='word_1_629' title='bbox 2210 4383 2267 4435; x_wconf 89' lang='lat' dir='ltr'>et</span> <span class='ocrx_word' id='word_1_630' title='bbox 2290 4397 2520 4435; x_wconf 90' lang='lat' dir='ltr'>veraces</span> <span class='ocrx_word' id='word_1_631' title='bbox 2544 4380 2603 4435; x_wconf 92' lang='lat' dir='ltr'>in</span> <span class='ocrx_word' id='word_1_632' title='bbox 2627 4381 2724 4436; x_wconf 89' lang='lat' dir='ltr'>illo</span> <span class='ocrx_word' id='word_1_633' title='bbox 2752 4380 2845 4436; x_wconf 92' lang='lat' dir='ltr'>die</span> <span class='ocrx_word' id='word_1_634' title='bbox 2864 4381 3091 4451; x_wconf 91' lang='lat' dir='ltr'>judicii,</span> <span class='ocrx_word' id='word_1_635' title='bbox 3125 4381 3221 4436; x_wconf 90' lang='lat' dir='ltr'>ubi</span> <span class='ocrx_word' id='word_1_636' title='bbox 3251 4383 3408 4437; x_wconf 91' lang='lat' dir='ltr'>nulla</span> <span class='ocrx_word' id='word_1_637' title='bbox 3445 4385 3533 4438; x_wconf 89' lang='lat' dir='ltr'>est</span> <span class='ocrx_word' id='word_1_638' title='bbox 3558 4383 3853 4438; x_wconf 86' lang='lat' dir='ltr'>accusatio</span> 
     </span>
    </p>
   </div>
   <div class='ocr_carea' id='block_1_92' title="bbox 2210 4474 3855 4548">
    <p class='ocr_par' dir='ltr' id='par_1_92' title="bbox 2210 4474 3855 4548">
     <span class='ocr_line' id='line_1_92' title="bbox 2210 4474 3855 4548; baseline 0.001 -21"><span class='ocrx_word' id='word_1_639' title='bbox 2210 4490 2315 4528; x_wconf 91' lang='lat' dir='ltr'>nec</span> <span class='ocrx_word' id='word_1_640' title='bbox 2350 4474 2656 4542; x_wconf 82' lang='lat' dir='ltr'>excusatio,</span> <span class='ocrx_word' id='word_1_641' title='bbox 2686 4475 2781 4529; x_wconf 91' lang='lat' dir='ltr'>ubi</span> <span class='ocrx_word' id='word_1_642' title='bbox 2809 4492 2913 4530; x_wconf 92' lang='lat' dir='ltr'>nec</span> <span class='ocrx_word' id='word_1_643' title='bbox 2952 4476 3096 4531; x_wconf 82' lang='lat' dir='ltr'>fides</span> <span class='ocrx_word' id='word_1_644' title='bbox 3126 4475 3314 4543; x_wconf 89' lang='lat' dir='ltr'>datur,</span> <span class='ocrx_word' id='word_1_645' title='bbox 3344 4491 3450 4530; x_wconf 90' lang='lat' dir='ltr'>nec</span> <span class='ocrx_word' id='word_1_646' title='bbox 3476 4474 3619 4531; x_wconf 81' lang='lat' dir='ltr'>ﬁdes</span> <span class='ocrx_word' id='word_1_647' title='bbox 3654 4477 3855 4548; x_wconf 87' lang='lat' dir='ltr'>repel-</span> 
     </span>
    </p>
   </div>
   <div class='ocr_carea' id='block_1_93' title="bbox 477 4542 3858 4642">
    <p class='ocr_par' dir='ltr' id='par_1_93' title="bbox 477 4542 3858 4642">
     <span class='ocr_line' id='line_1_93' title="bbox 477 4542 3858 4642; baseline -0.001 -18"><span class='ocrx_word' id='word_1_648' title='bbox 477 4566 688 4625; x_wconf 89' lang='lat' dir='ltr'>nostris</span> <span class='ocrx_word' id='word_1_649' title='bbox 720 4568 816 4620; x_wconf 84' lang='lat' dir='ltr'>:et</span> <span class='ocrx_word' id='word_1_650' title='bbox 868 4560 1053 4631; x_wconf 89' lang='lat' dir='ltr'>dirige</span> <span class='ocrx_word' id='word_1_651' title='bbox 1101 4558 1281 4631; x_wconf 90' lang='lat' dir='ltr'>pedes</span> <span class='ocrx_word' id='word_1_652' title='bbox 1323 4561 1548 4613; x_wconf 90' lang='lat' dir='ltr'>nostros</span> <span class='ocrx_word' id='word_1_653' title='bbox 1599 4558 1657 4612; x_wconf 92' lang='lat' dir='ltr'>in</span> <span class='ocrx_word' id='word_1_654' title='bbox 1711 4558 1801 4614; x_wconf 91' lang='lat' dir='ltr'>via</span> <span class='ocrx_word' id='word_1_655' title='bbox 1845 4558 2018 4630; x_wconf 83' lang='lat' dir='ltr'>pacis,</span> <span class='ocrx_word' id='word_1_656' title='bbox 2047 4542 2371 4632; x_wconf 78' lang='lat' dir='ltr'>utDlitur;</span> <span class='ocrx_word' id='word_1_657' title='bbox 2405 4567 2503 4621; x_wconf 92' lang='lat' dir='ltr'>ubi</span> <span class='ocrx_word' id='word_1_658' title='bbox 2541 4567 2682 4639; x_wconf 89' lang='lat' dir='ltr'>justi</span> <span class='ocrx_word' id='word_1_659' title='bbox 2728 4569 3042 4638; x_wconf 89' lang='lat' dir='ltr'>solvuntur,</span> <span class='ocrx_word' id='word_1_660' title='bbox 3096 4572 3155 4625; x_wconf 86' lang='lat' dir='ltr'>et</span> <span class='ocrx_word' id='word_1_661' title='bbox 3196 4573 3527 4642; x_wconf 90' lang='lat' dir='ltr'>peccatores</span> <span class='ocrx_word' id='word_1_662' title='bbox 3557 4542 3858 4624; x_wconf 41' lang='lat' dir='ltr'>ferro&#39;ﬁxi</span> 
     </span>
    </p>
   </div>
   <div class='ocr_carea' id='block_1_94' title="bbox 474 4649 2104 4724">
    <p class='ocr_par' dir='ltr' id='par_1_94' title="bbox 474 4649 2104 4724">
     <span class='ocr_line' id='line_1_94' title="bbox 474 4649 2104 4724; baseline -0.007 -7"><span class='ocrx_word' id='word_1_663' title='bbox 474 4660 829 4717; x_wconf 90' lang='lat' dir='ltr'>voluntatem</span> <span class='ocrx_word' id='word_1_664' title='bbox 848 4658 1009 4709; x_wconf 90' lang='lat' dir='ltr'>tuam</span> <span class='ocrx_word' id='word_1_665' title='bbox 1026 4651 1085 4706; x_wconf 91' lang='lat' dir='ltr'>in</span> <span class='ocrx_word' id='word_1_666' title='bbox 1109 4651 1376 4707; x_wconf 88' lang='lat' dir='ltr'>omnibus</span> <span class='ocrx_word' id='word_1_667' title='bbox 1390 4651 1631 4723; x_wconf 88' lang='lat' dir='ltr'>implere</span> <span class='ocrx_word' id='word_1_668' title='bbox 1653 4649 1957 4724; x_wconf 89' lang='lat' dir='ltr'>possimus.</span> <span class='ocrx_word' id='word_1_669' title='bbox 1978 4653 2104 4719; x_wconf 92' lang='lat' dir='ltr'>Per,</span> 
     </span>
    </p>
   </div>
   <div class='ocr_carea' id='block_1_95' title="bbox 1157 4757 1407 4809">
    <p class='ocr_par' dir='ltr' id='par_1_95' title="bbox 1157 4757 1407 4809">
     <span class='ocr_line' id='line_1_95' title="bbox 1157 4757 1407 4809; baseline -0.008 0"><span class='ocrx_word' id='word_1_670' title='bbox 1157 4757 1407 4809; x_wconf 78' lang='lat' dir='ltr'>Prtefatio.</span> 
     </span>
    </p>
   </div>
   <div class='ocr_carea' id='block_1_96' title="bbox 547 4843 2107 4916">
    <p class='ocr_par' dir='ltr' id='par_1_96' title="bbox 547 4843 2107 4916">
     <span class='ocr_line' id='line_1_96' title="bbox 547 4843 2107 4916; baseline -0.004 -9"><span class='ocrx_word' id='word_1_671' title='bbox 547 4851 792 4907; x_wconf 87' lang='lat' dir='ltr'>Oremus</span> <span class='ocrx_word' id='word_1_672' title='bbox 820 4843 1152 4913; x_wconf 89' lang='lat' dir='ltr'>Dominum,</span> <span class='ocrx_word' id='word_1_673' title='bbox 1183 4845 1537 4901; x_wconf 88' lang='lat' dir='ltr'>dilectissimi</span> <span class='ocrx_word' id='word_1_674' title='bbox 1566 4844 1750 4912; x_wconf 89' lang='lat' dir='ltr'>nobis,</span> <span class='ocrx_word' id='word_1_675' title='bbox 1780 4844 1878 4916; x_wconf 87' lang='lat' dir='ltr'>qui</span> <span class='ocrx_word' id='word_1_676' title='bbox 1906 4861 2107 4900; x_wconf 89' lang='lat' dir='ltr'>amara</span> 
     </span>
    </p>
   </div>
   <div class='ocr_carea' id='block_1_97' title="bbox 474 4937 2109 5012">
    <p class='ocr_par' dir='ltr' id='par_1_97' title="bbox 474 4937 2109 5012">
     <span class='ocr_line' id='line_1_97' title="bbox 474 4937 2109 5012; baseline -0.005 -11"><span class='ocrx_word' id='word_1_677' title='bbox 474 4941 642 5001; x_wconf 87' lang='lat' dir='ltr'>nobis</span> <span class='ocrx_word' id='word_1_678' title='bbox 669 4941 983 4998; x_wconf 88' lang='lat' dir='ltr'>adveniunt</span> <span class='ocrx_word' id='word_1_679' title='bbox 1008 4943 1275 5012; x_wconf 89' lang='lat' dir='ltr'>tempora</span> <span class='ocrx_word' id='word_1_680' title='bbox 1295 4943 1352 4995; x_wconf 89' lang='lat' dir='ltr'>et</span> <span class='ocrx_word' id='word_1_681' title='bbox 1372 4938 1680 5011; x_wconf 90' lang='lat' dir='ltr'>periculosi</span> <span class='ocrx_word' id='word_1_682' title='bbox 1702 4937 2109 5009; x_wconf 89' lang='lat' dir='ltr'>adproximant</span> 
     </span>
    </p>
   </div>
   <div class='ocr_carea' id='block_1_98' title="bbox 474 5032 2108 5105">
    <p class='ocr_par' dir='ltr' id='par_1_98' title="bbox 474 5032 2108 5105">
     <span class='ocr_line' id='line_1_98' title="bbox 474 5032 2108 5105; baseline -0.004 -11"><span class='ocrx_word' id='word_1_683' title='bbox 474 5035 632 5095; x_wconf 89' lang='lat' dir='ltr'>anni.</span> <span class='ocrx_word' id='word_1_684' title='bbox 678 5034 1018 5092; x_wconf 77' lang='lat' dir='ltr'>Mutanturb</span> <span class='ocrx_word' id='word_1_685' title='bbox 1056 5048 1259 5105; x_wconf 88' lang='lat' dir='ltr'>regna,</span> <span class='ocrx_word' id='word_1_686' title='bbox 1296 5036 1574 5087; x_wconf 89' lang='lat' dir='ltr'>vocantur</span> <span class='ocrx_word' id='word_1_687' title='bbox 1600 5035 1802 5103; x_wconf 86' lang='lat' dir='ltr'>gentes</span> <span class='ocrx_word' id='word_1_688' title='bbox 1843 5049 1856 5088; x_wconf 89' lang='lat'>:</span> <span class='ocrx_word' id='word_1_689' title='bbox 1901 5032 2108 5088; x_wconf 85' lang='lat' dir='ltr'>excidit</span> 
     </span>
    </p>
   </div>
   <div class='ocr_carea' id='block_1_99' title="bbox 473 5124 2109 5200">
    <p class='ocr_par' dir='ltr' id='par_1_99' title="bbox 473 5124 2109 5200">
     <span class='ocr_line' id='line_1_99' title="bbox 473 5124 2109 5200; baseline -0.004 -12"><span class='ocrx_word' id='word_1_690' title='bbox 473 5132 700 5199; x_wconf 86' lang='lat' dir='ltr'>caritas,</span> <span class='ocrx_word' id='word_1_691' title='bbox 717 5128 970 5200; x_wconf 87' lang='lat' dir='ltr'>exsurgit</span> <span class='ocrx_word' id='word_1_692' title='bbox 983 5127 1257 5199; x_wconf 88' lang='lat' dir='ltr'>iniquitas</span> <span class='ocrx_word' id='word_1_693' title='bbox 1275 5143 1289 5180; x_wconf 91' lang='lat'>:</span> <span class='ocrx_word' id='word_1_694' title='bbox 1309 5124 1550 5180; x_wconf 91' lang='lat' dir='ltr'>increvit</span> <span class='ocrx_word' id='word_1_695' title='bbox 1570 5125 1868 5197; x_wconf 88' lang='lat' dir='ltr'>cupiditas,</span> <span class='ocrx_word' id='word_1_696' title='bbox 1895 5142 2109 5197; x_wconf 76' lang='lat' dir='ltr'>praeva-</span> 
     </span>
    </p>
   </div>
   <div class='ocr_carea' id='block_1_100' title="bbox 470 5218 2106 5296">
    <p class='ocr_par' dir='ltr' id='par_1_100' title="bbox 470 5218 2106 5296">
     <span class='ocr_line' id='line_1_100' title="bbox 470 5218 2106 5296; baseline -0.006 -14"><span class='ocrx_word' id='word_1_697' title='bbox 470 5226 578 5283; x_wconf 90' lang='lat' dir='ltr'>luit</span> <span class='ocrx_word' id='word_1_698' title='bbox 607 5224 901 5296; x_wconf 89' lang='lat' dir='ltr'>impietas;</span> <span class='ocrx_word' id='word_1_699' title='bbox 934 5224 994 5277; x_wconf 90' lang='lat' dir='ltr'>et</span> <span class='ocrx_word' id='word_1_700' title='bbox 1019 5219 1076 5275; x_wconf 91' lang='lat' dir='ltr'>in</span> <span class='ocrx_word' id='word_1_701' title='bbox 1102 5220 1447 5275; x_wconf 90' lang='lat' dir='ltr'>miserorum</span> <span class='ocrx_word' id='word_1_702' title='bbox 1469 5222 1746 5273; x_wconf 62' lang='lat' dir='ltr'>creaturae</span> <span class='ocrx_word' id='word_1_703' title='bbox 1767 5218 1934 5291; x_wconf 85' lang='lat' dir='ltr'>fugit.</span> <span class='ocrx_word' id='word_1_704' title='bbox 1958 5219 2106 5274; x_wconf 89' lang='lat' dir='ltr'>Dum</span> 
     </span>
    </p>
   </div>
   <div class='ocr_carea' id='block_1_101' title="bbox 471 5310 2108 5391">
    <p class='ocr_par' dir='ltr' id='par_1_101' title="bbox 471 5310 2108 5391">
     <span class='ocr_line' id='line_1_101' title="bbox 471 5310 2108 5391; baseline -0.006 -16"><span class='ocrx_word' id='word_1_705' title='bbox 471 5334 611 5391; x_wconf 86' lang='lat' dir='ltr'>ergo</span> <span class='ocrx_word' id='word_1_706' title='bbox 651 5321 881 5388; x_wconf 90' lang='lat' dir='ltr'>tempus</span> <span class='ocrx_word' id='word_1_707' title='bbox 907 5317 1011 5381; x_wconf 90' lang='lat' dir='ltr'>est,</span> <span class='ocrx_word' id='word_1_708' title='bbox 1044 5315 1447 5367; x_wconf 88' lang='lat' dir='ltr'>convertamur</span> <span class='ocrx_word' id='word_1_709' title='bbox 1473 5310 1546 5366; x_wconf 91' lang='lat' dir='ltr'>ad</span> <span class='ocrx_word' id='word_1_710' title='bbox 1569 5311 1899 5379; x_wconf 90' lang='lat' dir='ltr'>Dominum,</span> <span class='ocrx_word' id='word_1_711' title='bbox 1918 5310 2108 5366; x_wconf 86' lang='lat' dir='ltr'>ﬂecta-</span> 
     </span>
    </p>
   </div>
   <div class='ocr_carea' id='block_1_102' title="bbox 471 5404 2106 5482">
    <p class='ocr_par' dir='ltr' id='par_1_102' title="bbox 471 5404 2106 5482">
     <span class='ocr_line' id='line_1_102' title="bbox 471 5404 2106 5482; baseline -0.006 -14"><span class='ocrx_word' id='word_1_712' title='bbox 471 5429 601 5468; x_wconf 91' lang='lat' dir='ltr'>mus</span> <span class='ocrx_word' id='word_1_713' title='bbox 654 5425 865 5482; x_wconf 90' lang='lat' dir='ltr'>genua,</span> <span class='ocrx_word' id='word_1_714' title='bbox 928 5422 1229 5463; x_wconf 89' lang='lat' dir='ltr'>curvemus</span> <span class='ocrx_word' id='word_1_715' title='bbox 1278 5404 1544 5472; x_wconf 89' lang='lat' dir='ltr'>cervices,</span> <span class='ocrx_word' id='word_1_716' title='bbox 1601 5421 1873 5476; x_wconf 89' lang='lat' dir='ltr'>rogemus</span> <span class='ocrx_word' id='word_1_717' title='bbox 1925 5406 2106 5460; x_wconf 89' lang='lat' dir='ltr'>Deum</span> 
     </span>
    </p>
   </div>
   <div class='ocr_carea' id='block_1_103' title="bbox 541 5555 2103 5627">
    <p class='ocr_par' dir='ltr' id='par_1_103' title="bbox 541 5555 2103 5627">
     <span class='ocr_line' id='line_1_103' title="bbox 541 5555 2103 5627; baseline -0.004 -10"><span class='ocrx_word' id='word_1_718' title='bbox 541 5575 566 5603; x_wconf 76' lang='grc' dir='ltr'>ι</span> <span class='ocrx_word' id='word_1_719' title='bbox 594 5563 723 5617; x_wconf 64' lang='lat' dir='ltr'>Hac</span> <span class='ocrx_word' id='word_1_720' title='bbox 744 5560 936 5617; x_wconf 88' lang='lat' dir='ltr'>Lectio</span> <span class='ocrx_word' id='word_1_721' title='bbox 964 5563 1049 5615; x_wconf 91' lang='lat' dir='ltr'>est</span> <span class='ocrx_word' id='word_1_722' title='bbox 1072 5559 1195 5613; x_wconf 90' lang='lat' dir='ltr'>sine</span> <span class='ocrx_word' id='word_1_723' title='bbox 1218 5558 1385 5614; x_wconf 89' lang='lat' dir='ltr'>titulo</span> <span class='ocrx_word' id='word_1_724' title='bbox 1416 5557 1475 5612; x_wconf 92' lang='lat' dir='ltr'>in</span> <span class='ocrx_word' id='word_1_725' title='bbox 1498 5556 1834 5627; x_wconf 80' lang='lat' dir='ltr'>exemplari,</span> <span class='ocrx_word' id='word_1_726' title='bbox 1864 5555 1960 5610; x_wconf 91' lang='lat' dir='ltr'>ubi</span> <span class='ocrx_word' id='word_1_727' title='bbox 1988 5556 2103 5627; x_wconf 92' lang='lat' dir='ltr'>pri-</span> 
     </span>
    </p>
   </div>
   <div class='ocr_carea' id='block_1_104' title="bbox 469 5626 2107 5703">
    <p class='ocr_par' dir='ltr' id='par_1_104' title="bbox 469 5626 2107 5703">
     <span class='ocr_line' id='line_1_104' title="bbox 469 5626 2107 5703; baseline -0.007 -12"><span class='ocrx_word' id='word_1_728' title='bbox 469 5650 599 5691; x_wconf 88' lang='lat' dir='ltr'>mus</span> <span class='ocrx_word' id='word_1_729' title='bbox 624 5632 794 5703; x_wconf 88' lang='lat' dir='ltr'>hujus</span> <span class='ocrx_word' id='word_1_730' title='bbox 818 5628 1113 5703; x_wconf 80' lang='lat' dir='ltr'>Lectionis</span> <span class='ocrx_word' id='word_1_731' title='bbox 1129 5646 1326 5684; x_wconf 89' lang='lat' dir='ltr'>versus</span> <span class='ocrx_word' id='word_1_732' title='bbox 1353 5628 1534 5683; x_wconf 89' lang='lat' dir='ltr'>minio</span> <span class='ocrx_word' id='word_1_733' title='bbox 1564 5626 1880 5703; x_wconf 79' lang='lat' dir='ltr'>descriptus</span> <span class='ocrx_word' id='word_1_734' title='bbox 1905 5626 2009 5703; x_wconf 70' lang='lat' dir='ltr'>est,</span> <span class='ocrx_word' id='word_1_735' title='bbox 2043 5630 2107 5703; x_wconf 74' lang='lat' dir='ltr'>ut</span> 
     </span>
    </p>
   </div>
   <div class='ocr_carea' id='block_1_105' title="bbox 471 5695 2106 5770">
    <p class='ocr_par' dir='ltr' id='par_1_105' title="bbox 471 5695 2106 5770">
     <span class='ocr_line' id='line_1_105' title="bbox 471 5695 2106 5770; baseline -0.004 -10"><span class='ocrx_word' id='word_1_736' title='bbox 471 5719 685 5770; x_wconf 90' lang='lat' dir='ltr'>nempe</span> <span class='ocrx_word' id='word_1_737' title='bbox 700 5695 1080 5757; x_wconf 72' lang='lat' dir='ltr'>essetindicio</span> <span class='ocrx_word' id='word_1_738' title='bbox 1102 5702 1225 5756; x_wconf 67' lang='lat' dir='ltr'>haec</span> <span class='ocrx_word' id='word_1_739' title='bbox 1242 5716 1357 5755; x_wconf 91' lang='lat' dir='ltr'>non</span> <span class='ocrx_word' id='word_1_740' title='bbox 1377 5695 1799 5769; x_wconf 80' lang='lat' dir='ltr'>consequenter</span> <span class='ocrx_word' id='word_1_741' title='bbox 1814 5696 1928 5769; x_wconf 91' lang='lat' dir='ltr'>legi</span> <span class='ocrx_word' id='word_1_742' title='bbox 1949 5695 2106 5770; x_wconf 90' lang='lat' dir='ltr'>apud</span> 
     </span>
    </p>
   </div>
   <div class='ocr_carea' id='block_1_106' title="bbox 470 5772 1192 5843">
    <p class='ocr_par' dir='ltr' id='par_1_106' title="bbox 470 5772 1192 5843">
     <span class='ocr_line' id='line_1_106' title="bbox 470 5772 1192 5843; baseline -0.007 -12"><span class='ocrx_word' id='word_1_743' title='bbox 470 5772 807 5843; x_wconf 68' lang='lat' dir='ltr'>Matthmum</span> <span class='ocrx_word' id='word_1_744' title='bbox 832 5772 891 5826; x_wconf 91' lang='lat' dir='ltr'>in</span> <span class='ocrx_word' id='word_1_745' title='bbox 918 5789 1049 5843; x_wconf 63' lang='lat' dir='ltr'>cap.</span> <span class='ocrx_word' id='word_1_746' title='bbox 1064 5786 1192 5843; x_wconf 76' lang='lat' dir='ltr'>_xm.</span> 
     </span>
    </p>
   </div>
   <div class='ocr_carea' id='block_1_107' title="bbox 540 5837 2101 5899">
    <p class='ocr_par' dir='ltr' id='par_1_107' title="bbox 540 5837 2101 5899">
     <span class='ocr_line' id='line_1_107' title="bbox 540 5837 2101 5899; baseline 0.003 -10"><span class='ocrx_word' id='word_1_747' title='bbox 540 5842 571 5889; x_wconf 66' lang='grc' dir='ltr'>ιι</span> <span class='ocrx_word' id='word_1_748' title='bbox 598 5843 727 5895; x_wconf 60' lang='lat' dir='ltr'>Hec</span> <span class='ocrx_word' id='word_1_749' title='bbox 751 5837 1171 5895; x_wconf 67' lang='lat' dir='ltr'>fortasse&#39;dicta</span> <span class='ocrx_word' id='word_1_750' title='bbox 1198 5842 1349 5899; x_wconf 87' lang='lat' dir='ltr'>sunt.</span> <span class='ocrx_word' id='word_1_751' title='bbox 1375 5854 1503 5892; x_wconf 90' lang='lat' dir='ltr'>cum</span> <span class='ocrx_word' id='word_1_752' title='bbox 1534 5839 1621 5892; x_wconf 84' lang='lat' dir='ltr'>vel</span> <span class='ocrx_word' id='word_1_753' title='bbox 1650 5838 1849 5894; x_wconf 84' lang='lat' dir='ltr'>Franci</span> <span class='ocrx_word' id='word_1_754' title='bbox 1879 5837 1935 5892; x_wconf 92' lang='lat' dir='ltr'>in</span> <span class='ocrx_word' id='word_1_755' title='bbox 1970 5840 2101 5893; x_wconf 65' lang='grc' dir='ltr'>(ἱεὶς</span> 
     </span>
    </p>
   </div>
   <div class='ocr_carea' id='block_1_108' title="bbox 2206 4660 3858 4739">
    <p class='ocr_par' dir='ltr' id='par_1_108' title="bbox 2206 4660 3858 4739">
     <span class='ocr_line' id='line_1_108' title="bbox 2206 4660 3858 4739; baseline 0.002 -26"><span class='ocrx_word' id='word_1_756' title='bbox 2206 4662 2495 4714; x_wconf 89' lang='lat' dir='ltr'>tenentur.</span> <span class='ocrx_word' id='word_1_757' title='bbox 2523 4660 2567 4715; x_wconf 95' lang='lat'>0</span> <span class='ocrx_word' id='word_1_758' title='bbox 2590 4677 2870 4733; x_wconf 89' lang='lat' dir='ltr'>magnum</span> <span class='ocrx_word' id='word_1_759' title='bbox 2885 4679 3109 4733; x_wconf 90' lang='lat' dir='ltr'>regem,</span> <span class='ocrx_word' id='word_1_760' title='bbox 3140 4663 3239 4739; x_wconf 87' lang='lat' dir='ltr'>qui</span> <span class='ocrx_word' id='word_1_761' title='bbox 3256 4662 3328 4717; x_wconf 91' lang='lat' dir='ltr'>de</span> <span class='ocrx_word' id='word_1_762' title='bbox 3350 4662 3640 4734; x_wconf 89' lang='lat' dir='ltr'>profundo</span> <span class='ocrx_word' id='word_1_763' title='bbox 3656 4661 3858 4717; x_wconf 86' lang='lat' dir='ltr'>bonos</span> 
     </span>
    </p>
   </div>
   <div class='ocr_carea' id='block_1_109' title="bbox 2208 4752 3859 4828">
    <p class='ocr_par' dir='ltr' id='par_1_109' title="bbox 2208 4752 3859 4828">
     <span class='ocr_line' id='line_1_109' title="bbox 2208 4752 3859 4828; baseline 0.001 -21"><span class='ocrx_word' id='word_1_764' title='bbox 2208 4752 2459 4820; x_wconf 88' lang='lat' dir='ltr'>adducit,</span> <span class='ocrx_word' id='word_1_765' title='bbox 2490 4756 2548 4807; x_wconf 91' lang='lat' dir='ltr'>et</span> <span class='ocrx_word' id='word_1_766' title='bbox 2575 4755 2761 4809; x_wconf 89' lang='lat' dir='ltr'>malos</span> <span class='ocrx_word' id='word_1_767' title='bbox 2790 4755 3035 4825; x_wconf 90' lang='lat' dir='ltr'>repellit.</span> <span class='ocrx_word' id='word_1_768' title='bbox 3056 4755 3199 4811; x_wconf 73' lang='lat' dir='ltr'>Iusti</span> <span class='ocrx_word' id='word_1_769' title='bbox 3227 4755 3481 4828; x_wconf 90' lang='lat' dir='ltr'>eligendi</span> <span class='ocrx_word' id='word_1_770' title='bbox 3528 4758 3679 4822; x_wconf 91' lang='lat' dir='ltr'>sunt,</span> <span class='ocrx_word' id='word_1_771' title='bbox 3713 4770 3859 4827; x_wconf 83' lang='lat' dir='ltr'>pec-</span> 
     </span>
    </p>
   </div>
   <div class='ocr_carea' id='block_1_110' title="bbox 2207 4847 3854 4921">
    <p class='ocr_par' dir='ltr' id='par_1_110' title="bbox 2207 4847 3854 4921">
     <span class='ocr_line' id='line_1_110' title="bbox 2207 4847 3854 4921; baseline 0.002 -21"><span class='ocrx_word' id='word_1_772' title='bbox 2207 4849 2430 4901; x_wconf 90' lang='lat' dir='ltr'>catores</span> <span class='ocrx_word' id='word_1_773' title='bbox 2457 4847 2781 4919; x_wconf 90' lang='lat' dir='ltr'>torquendi,</span> <span class='ocrx_word' id='word_1_774' title='bbox 2808 4847 2946 4918; x_wconf 89' lang='lat' dir='ltr'>justi</span> <span class='ocrx_word' id='word_1_775' title='bbox 2967 4847 3041 4902; x_wconf 89' lang='lat' dir='ltr'>ad</span> <span class='ocrx_word' id='word_1_776' title='bbox 3066 4848 3263 4917; x_wconf 85' lang='lat' dir='ltr'>vitam,</span> <span class='ocrx_word' id='word_1_777' title='bbox 3286 4853 3616 4921; x_wconf 88' lang='lat' dir='ltr'>peccatores</span> <span class='ocrx_word' id='word_1_778' title='bbox 3641 4847 3717 4904; x_wconf 90' lang='lat' dir='ltr'>ad</span> <span class='ocrx_word' id='word_1_779' title='bbox 3741 4863 3854 4920; x_wconf 82' lang='lat' dir='ltr'>ge-</span> 
     </span>
    </p>
   </div>
   <div class='ocr_carea' id='block_1_111' title="bbox 2206 4938 3855 5013">
    <p class='ocr_par' dir='ltr' id='par_1_111' title="bbox 2206 4938 3855 5013">
     <span class='ocr_line' id='line_1_111' title="bbox 2206 4938 3855 5013; baseline 0.001 -20"><span class='ocrx_word' id='word_1_780' title='bbox 2206 4938 2481 4994; x_wconf 90' lang='lat' dir='ltr'>hennam.</span> <span class='ocrx_word' id='word_1_781' title='bbox 2511 4941 2624 4994; x_wconf 89' lang='lat' dir='ltr'>Nec</span> <span class='ocrx_word' id='word_1_782' title='bbox 2649 4944 2814 5011; x_wconf 89' lang='lat' dir='ltr'>pater</span> <span class='ocrx_word' id='word_1_783' title='bbox 2852 4940 3053 5009; x_wconf 84' lang='lat' dir='ltr'>filium,</span> <span class='ocrx_word' id='word_1_784' title='bbox 3085 4957 3191 4997; x_wconf 91' lang='lat' dir='ltr'>nec</span> <span class='ocrx_word' id='word_1_785' title='bbox 3220 4942 3371 4997; x_wconf 80' lang='lat' dir='ltr'>filius</span> <span class='ocrx_word' id='word_1_786' title='bbox 3403 4946 3631 5013; x_wconf 89' lang='lat' dir='ltr'>patrem</span> <span class='ocrx_word' id='word_1_787' title='bbox 3676 4941 3855 5012; x_wconf 81' lang='lat' dir='ltr'>luge-</span> 
     </span>
    </p>
   </div>
   <div class='ocr_carea' id='block_1_112' title="bbox 2206 5032 3857 5107">
    <p class='ocr_par' dir='ltr' id='par_1_112' title="bbox 2206 5032 3857 5107">
     <span class='ocr_line' id='line_1_112' title="bbox 2206 5032 3857 5107; baseline 0.002 -21"><span class='ocrx_word' id='word_1_788' title='bbox 2206 5032 2292 5087; x_wconf 87' lang='lat' dir='ltr'>bit</span> <span class='ocrx_word' id='word_1_789' title='bbox 2309 5050 2321 5088; x_wconf 93' lang='lat'>:</span> <span class='ocrx_word' id='word_1_790' title='bbox 2339 5050 2397 5088; x_wconf 92' lang='lat' dir='ltr'>se</span> <span class='ocrx_word' id='word_1_791' title='bbox 2423 5033 2817 5105; x_wconf 89' lang='lat' dir='ltr'>unusquisque</span> <span class='ocrx_word' id='word_1_792' title='bbox 2833 5034 3174 5106; x_wconf 88' lang='lat' dir='ltr'>lugebitnec</span> <span class='ocrx_word' id='word_1_793' title='bbox 3193 5036 3341 5091; x_wconf 89' lang='lat' dir='ltr'>ullus</span> <span class='ocrx_word' id='word_1_794' title='bbox 3368 5036 3548 5090; x_wconf 91' lang='lat' dir='ltr'>ullum</span> <span class='ocrx_word' id='word_1_795' title='bbox 3563 5034 3857 5107; x_wconf 85' lang='lat' dir='ltr'>requiret,</span> 
     </span>
    </p>
   </div>
   <div class='ocr_carea' id='block_1_113' title="bbox 2208 5126 3859 5200">
    <p class='ocr_par' dir='ltr' id='par_1_113' title="bbox 2208 5126 3859 5200">
     <span class='ocr_line' id='line_1_113' title="bbox 2208 5126 3859 5200; baseline 0.002 -20"><span class='ocrx_word' id='word_1_796' title='bbox 2208 5126 2344 5197; x_wconf 88' lang='lat' dir='ltr'>quia</span> <span class='ocrx_word' id='word_1_797' title='bbox 2373 5126 2562 5181; x_wconf 89' lang='lat' dir='ltr'>omnis</span> <span class='ocrx_word' id='word_1_798' title='bbox 2592 5126 2873 5198; x_wconf 88' lang='lat' dir='ltr'>cupiditas</span> <span class='ocrx_word' id='word_1_799' title='bbox 2902 5128 3260 5199; x_wconf 80' lang='lat' dir='ltr'>requiescet!</span> <span class='ocrx_word' id='word_1_800' title='bbox 3304 5129 3348 5185; x_wconf 94' lang='lat'>0</span> <span class='ocrx_word' id='word_1_801' title='bbox 3376 5144 3654 5200; x_wconf 90' lang='lat' dir='ltr'>magnum</span> <span class='ocrx_word' id='word_1_802' title='bbox 3683 5126 3859 5183; x_wconf 88' lang='lat' dir='ltr'>diem</span> 
     </span>
    </p>
   </div>
   <div class='ocr_carea' id='block_1_114' title="bbox 2198 5218 3857 5291">
    <p class='ocr_par' dir='ltr' id='par_1_114' title="bbox 2198 5218 3857 5291">
     <span class='ocr_line' id='line_1_114' title="bbox 2198 5218 3857 5291; baseline 0.002 -18"><span class='ocrx_word' id='word_1_803' title='bbox 2198 5218 2421 5289; x_wconf 89' lang='lat' dir='ltr'>judicii,</span> <span class='ocrx_word' id='word_1_804' title='bbox 2450 5218 2546 5274; x_wconf 90' lang='lat' dir='ltr'>ubi</span> <span class='ocrx_word' id='word_1_805' title='bbox 2572 5235 2678 5274; x_wconf 91' lang='lat' dir='ltr'>nec</span> <span class='ocrx_word' id='word_1_806' title='bbox 2696 5222 2946 5276; x_wconf 89' lang='lat' dir='ltr'>tortores</span> <span class='ocrx_word' id='word_1_807' title='bbox 2976 5221 3269 5291; x_wconf 84' lang='lat' dir='ltr'>deficiunt,</span> <span class='ocrx_word' id='word_1_808' title='bbox 3309 5238 3415 5277; x_wconf 91' lang='lat' dir='ltr'>nec</span> <span class='ocrx_word' id='word_1_809' title='bbox 3450 5220 3663 5277; x_wconf 87' lang='lat' dir='ltr'>mortui</span> <span class='ocrx_word' id='word_1_810' title='bbox 3714 5237 3857 5276; x_wconf 82' lang='lat' dir='ltr'>mo-</span> 
     </span>
    </p>
   </div>
   <div class='ocr_carea' id='block_1_115' title="bbox 2205 5311 3858 5386">
    <p class='ocr_par' dir='ltr' id='par_1_115' title="bbox 2205 5311 3858 5386">
     <span class='ocr_line' id='line_1_115' title="bbox 2205 5311 3858 5386; baseline 0.002 -20"><span class='ocrx_word' id='word_1_811' title='bbox 2205 5311 2468 5366; x_wconf 89' lang='lat' dir='ltr'>riuntur!</span> <span class='ocrx_word' id='word_1_812' title='bbox 2519 5313 2842 5369; x_wconf 88' lang='lat' dir='ltr'>Timeamus</span> <span class='ocrx_word' id='word_1_813' title='bbox 2883 5314 3021 5369; x_wconf 91' lang='lat' dir='ltr'>dum</span> <span class='ocrx_word' id='word_1_814' title='bbox 3058 5321 3234 5386; x_wconf 86' lang='lat' dir='ltr'>vacat,</span> <span class='ocrx_word' id='word_1_815' title='bbox 3277 5332 3349 5371; x_wconf 91' lang='lat' dir='ltr'>ne</span> <span class='ocrx_word' id='word_1_816' title='bbox 3385 5315 3697 5371; x_wconf 89' lang='lat' dir='ltr'>timeamus</span> <span class='ocrx_word' id='word_1_817' title='bbox 3748 5313 3858 5370; x_wconf 83' lang='lat' dir='ltr'>ubi</span> 
     </span>
    </p>
   </div>
   <div class='ocr_carea' id='block_1_116' title="bbox 2207 5405 3857 5482">
    <p class='ocr_par' dir='ltr' id='par_1_116' title="bbox 2207 5405 3857 5482">
     <span class='ocr_line' id='line_1_116' title="bbox 2207 5405 3857 5482; baseline 0.002 -24"><span class='ocrx_word' id='word_1_818' title='bbox 2207 5419 2325 5460; x_wconf 93' lang='lat' dir='ltr'>non</span> <span class='ocrx_word' id='word_1_819' title='bbox 2353 5409 2537 5461; x_wconf 88' lang='lat' dir='ltr'>vacat.</span> <span class='ocrx_word' id='word_1_820' title='bbox 2561 5405 2890 5462; x_wconf 89' lang='lat' dir='ltr'>Timeamus</span> <span class='ocrx_word' id='word_1_821' title='bbox 2916 5408 3268 5481; x_wconf 87' lang='lat' dir='ltr'>gehennam,</span> <span class='ocrx_word' id='word_1_822' title='bbox 3306 5426 3434 5482; x_wconf 66' lang='lat' dir='ltr'>quae</span> <span class='ocrx_word' id='word_1_823' title='bbox 3465 5412 3554 5464; x_wconf 89' lang='lat' dir='ltr'>est</span> <span class='ocrx_word' id='word_1_824' title='bbox 3577 5408 3639 5462; x_wconf 92' lang='lat' dir='ltr'>in</span> <span class='ocrx_word' id='word_1_825' title='bbox 3671 5410 3857 5463; x_wconf 69' lang='lat' dir='ltr'>aster-</span> 
     </span>
    </p>
   </div>
   <div class='ocr_carea' id='block_1_117' title="bbox 2205 5552 3602 5634">
    <p class='ocr_par' dir='ltr' id='par_1_117' title="bbox 2205 5552 3602 5634">
     <span class='ocr_line' id='line_1_117' title="bbox 2205 5552 3602 5634; baseline 0.003 -23"><span class='ocrx_word' id='word_1_826' title='bbox 2205 5557 2364 5634; x_wconf 90' lang='lat' dir='ltr'>liam_,</span> <span class='ocrx_word' id='word_1_827' title='bbox 2398 5558 2485 5613; x_wconf 89' lang='lat' dir='ltr'>vel</span> <span class='ocrx_word' id='word_1_828' title='bbox 2512 5558 2878 5634; x_wconf 88' lang='lat' dir='ltr'>Langobardi</span> <span class='ocrx_word' id='word_1_829' title='bbox 2885 5560 2965 5634; x_wconf 62' lang='lat' dir='ltr'>in</span> <span class='ocrx_word' id='word_1_830' title='bbox 2991 5562 3217 5618; x_wconf 88' lang='lat' dir='ltr'>Italiam</span> <span class='ocrx_word' id='word_1_831' title='bbox 3248 5552 3602 5634; x_wconf 73' lang='lat' dir='ltr'>irruperunt.</span> 
     </span>
    </p>
   </div>
   <div class='ocr_carea' id='block_1_118' title="bbox 2274 5630 3857 5704">
    <p class='ocr_par' dir='ltr' id='par_1_118' title="bbox 2274 5630 3857 5704">
     <span class='ocr_line' id='line_1_118' title="bbox 2274 5630 3857 5704; baseline 0.003 -21"><span class='ocrx_word' id='word_1_832' title='bbox 2274 5640 2298 5669; x_wconf 81' lang='grc' dir='ltr'><strong>ο</strong></span> <span class='ocrx_word' id='word_1_833' title='bbox 2335 5630 2513 5704; x_wconf 83' lang='lat' dir='ltr'>Locus</span> <span class='ocrx_word' id='word_1_834' title='bbox 2529 5630 2848 5704; x_wconf 78' lang='lat' dir='ltr'>corruptus.</span> <span class='ocrx_word' id='word_1_835' title='bbox 2882 5632 3050 5688; x_wconf 87' lang='lat' dir='ltr'>Forte</span> <span class='ocrx_word' id='word_1_836' title='bbox 3086 5630 3423 5704; x_wconf 81' lang='lat' dir='ltr'>legendum,</span> <span class='ocrx_word' id='word_1_837' title='bbox 3450 5631 3691 5704; x_wconf 74' lang='lat' dir='ltr'>obsidem</span> <span class='ocrx_word' id='word_1_838' title='bbox 3720 5632 3857 5688; x_wconf 77' lang='lat' dir='ltr'>leti-</span> 
     </span>
    </p>
   </div>
   <div class='ocr_carea' id='block_1_119' title="bbox 2204 5700 3859 5839">
    <p class='ocr_par' dir='ltr' id='par_1_119' title="bbox 2204 5700 3859 5839">
     <span class='ocr_line' id='line_1_119' title="bbox 2204 5700 3859 5839; baseline 0.005 -87"><span class='ocrx_word' id='word_1_839' title='bbox 2204 5700 2781 5839; x_wconf 43' lang='lat' dir='ltr'>gigbitrceuqma,</span> <span class='ocrx_word' id='word_1_840' title='bbox 2811 5718 2930 5759; x_wconf 87' lang='lat' dir='ltr'>cum</span> <span class='ocrx_word' id='word_1_841' title='bbox 2954 5705 3001 5761; x_wconf 73' lang='lat' dir='ltr'>is</span> <span class='ocrx_word' id='word_1_842' title='bbox 3030 5700 3344 5760; x_wconf 64' lang='lat' dir='ltr'>ascensurus</span> <span class='ocrx_word' id='word_1_843' title='bbox 3368 5705 3427 5759; x_wconf 79' lang='lat' dir='ltr'>in</span> <span class='ocrx_word' id='word_1_844' title='bbox 3453 5703 3644 5760; x_wconf 50' lang='lat' dir='ltr'>castum</span> <span class='ocrx_word' id='word_1_845' title='bbox 3672 5704 3859 5761; x_wconf 75' lang='lat' dir='ltr'>voluit</span> 
     </span>
    </p>
   </div>
  </div>
