4006 6228
105 300 197 351 553
734 294 1349 352 SACRAMENTARIUM
1384 288 1833 352 GALLICANUM.
1878 325 1945 334 —
1985 294 2352 351 LECTIONES
2390 295 2853 352 DOMINICALES.

3376 292 3478 351 554

105 417 238 457 1111111
258 400 513 455 malum:
539 416 666 456 cum
683 402 800 457 Deo
819 403 1094 470 vivamus,
1111 403 1366 475 quodest
1383 404 1442 458 in
1457 409 1738 459 aeternum
1761 417 1820 488 Α
1842 420 1966 471 me;
2004 403 2210 471 nudus,
2240 408 2297 459 et
2325 403 2628 475 operuistis
2656 420 2781 471 me;
2812 402 3098 471 infirmus,
3129 404 3187 457 et
3212 402 3482 458 visitastis

106 497 313 553 bonum
328 510 436 566 per
451 495 743 551 Christum
765 496 1077 551 Dominum
1096 501 1381 565 nostrum,
1400 498 1489 552 cui
1507 498 1737 553 merito.

511 586 640 633 Item
675 585 985 635 contestatio
1020 584 1365 635 dominicalis.

172 657 309 709 Vere
335 654 585 724 dignum
612 658 670 708 et
690 654 912 725 justum
942 659 1030 709 est
1060 656 1427 727 omnipotens

1842 513 1971 564 me;
2002 496 2061 552 in
2089 513 2317 552 carcere
2346 513 2526 565 eram,
2558 501 2616 552 et
2645 497 2878 552 venistis
2908 497 2983 553 ad
3009 513 3126 552 me.
3157 497 3313 551 Tunc
3356 511 3475 551 res-

1840 590 2181 662 pondebunt
2212 590 2266 645 ei
2280 590 2418 661 justi
2452 590 2706 646 dicentes
2737 608 2750 645 :
2774 590 3042 658 Domine,
3067 588 3300 662 quando
3325 593 3383 644 te
3405 588 3479 643 vi-

1466 660 1636 725 Deusi
1685 661 1740 712 te
1842 683 2033 738 dimus
2054 683 2423 752 esurientem,
2446 687 2503 738 et
2518 684 2806 755 pavimus;
2832 685 3123 740 sitientem
3141 687 3199 737 et
3216 682 3480 738 dedimus

110 748 445 849 Eloﬁiﬁcare’
474 751 535 801 et
561 747 662 849 “9i
682 765 813 802 cum
827 748 1037 849 “more
1067 751 1743 849 “fremofﬁimménsas
1840 777 1944 831 tibi
1970 777 2211 848 potum?
2238 747 2470 849 quando
2502 747 2698 832 autem
2732 747 3061 832 tevvidimus
3087 776 3398 848 hospitem,
3424 779 3482 830 et

111 840 295 896 laudes
321 856 559 909 canere,
605 843 752 897 Deus
794 846 1009 910 noster,
1047 842 1144 913 qui
1186 859 1290 913 per
1328 843 1529 898 Filium
1575 847 1741 898 tuum

1844 870 2181 941 collegimus
2201 875 2286 937 te;
2308 875 2406 925 aut
2419 871 2638 925 nudum
2654 875 2709 926 et
2726 870 3129 942 cooperuimus
3146 871 3174 925 ‘I
3190 874 3290 924 aut
3306 884 3486 941 quan-

110 936 406 1032 D°_m}mfm
434 939 701 990 nostrum
730 952 913 1005 genus
938 935 1258 1032 humanm"
1278 936 1541 1032 Judtcm‘e
1560 936 1744 1008 d'spo‘
1846 964 1919 1018 do
1941 967 1996 1018 te
2014 964 2261 1018 vidimus
2284 963 2605 1032 inﬁrmum,
2637 969 2736 1019 aut
2755 964 2813 1018 in
2850 981 3100 1032 carcere,
3125 968 3183 1019 et
3218 962 3482 1018 venimus

112 1026 278 1083 suisti.
308 1028 352 1082 Ο
384 1045 567 1099 quam
588 1045 804 1100 magna
825 1032 883 1082 et
906 1030 1021 1082 alta
1068 1028 1350 1099 sapientia
1386 1030 1604 1084 factum
1659 1033 1745 1084 est

113 1122 229 1186 hoc,
259 1124 319 1173 ut
346 1120 445 1175 ille
474 1123 759 1177 Dominus
792 1124 989 1176 noster
1026 1122 1186 1176 Iesus
1217 1122 1472 1176 Christus
1513 1139 1746 1178 venera-

114 1213 229 1268 bilis
252 1217 425 1282 statu,
455 1219 517 1269 et
543 1216 827 1286 pretiosus
856 1215 1047 1269 forma
1070 1214 1378 1285 judicaret,
1413 1232 1591 1287 quam
1617 1233 1744 1271 cru-

116 1307 402 1361 delissima
426 1308 592 1379 plebs
615 1308 949 1363 Iudaeorum
981 1308 1307 1378 praesumsit
1334 1309 1610 1363 sauciare.
1648 1310 1745 1363 Ille

116 1405 376 1455 venturus
404 1408 496 1456 est
514 1402 775 1472 judicare
798 1401 894 1473 qui
918 1418 1147 1472 poenam
1162 1401 1449 1472 sustinuit,
1482 1402 1577 1456 ille
1609 1419 1742 1456 ven-

117 1498 262 1548 turus
282 1498 368 1548 est
387 1495 655 1565 judicare
684 1495 783 1566 qui
810 1512 1039 1549 crucem
1072 1495 1335 1565 portavit,
1359 1496 1452 1550 ille
1474 1499 1747 1550 venturus

116 1587 489 1658 estjudicare,
519 1588 682 1659 cujus
706 1590 855 1642 latus
876 1588 1113 1643 Judaica
1143 1589 1387 1659 perﬁdia
1407 1590 1743 1644 vulneravit.

116 1682 204 1736 Ille
229 1685 505 1736 venturus
534 1698 742 1736 manus
762 1681 948 1736 tendit
972 1681 1045 1735 ad
1056 1682 1462 1752 judicandum,
1485 1683 1583 1737 ubi
1606 1683 1747 1737 clavi

1846 1056 1919 1111 ad
1949 1056 2045 1111 te?
2062 1058 2130 1110 Et
2152 1057 2512 1128 respondens
2528 1058 2643 1111 Rex
2662 1057 2814 1112 dicet
2838 1057 2977 1112 illis:
3010 1060 3198 1111 Amen
3225 1056 3351 1111 dico
3381 1072 3479 1112 vo-

1844 1150 1952 1217 bis,
1982 1149 2486 1221 quamdiufecistis
2510 1150 2611 1204 uni
2637 1150 2707 1205 de
2736 1151 2825 1204 his
2848 1150 3120 1205 fratribus
3140 1149 3286 1204 meis
3308 1148 3482 1205 mini-

1846 1244 1974 1309 mis,
2009 1243 2150 1297 mihi
2184 1243 2413 1299 fecistis.
2446 1245 2601 1298 Tunc
2633 1242 2785 1297 dicet
2819 1248 2876 1297 et
2930 1242 3018 1298 his
3050 1242 3147 1315 qui
3184 1260 3217 1297 a
3244 1242 3485 1297 sinistris

1849 1339 2045 1405 erunt;
2068 1336 2347 1391 Discedite
2368 1355 2401 1391 a
2422 1355 2537 1403 me,
2555 1336 2869 1403 maledicti,
2886 1336 2943 1390 in
2963 1336 3159 1406 ignem
3180 1342 3483 1403 internum,

1849 1430 1942 1501 qui
1974 1435 2207 1500 paratus
2237 1433 2323 1483 est
2354 1429 2583 1484 diabolo
2598 1434 2655 1484 et
2675 1429 2897 1499 angelis
2914 1428 3282 1499 ejus.Esurivi
3303 1428 3483 1495 enim,

1849 1527 1907 1576 et
1933 1540 2049 1578 non
2079 1523 2315 1577 dedistis
2341 1523 2483 1577 mihi
2502 1522 2888 1589 manducare;
2917 1522 3084 1589 sitivi,
3106 1525 3164 1577 et
3193 1538 3311 1576 non
3333 1520 3489 1575 dedi-

1849 1616 1948 1670 stis
1976 1616 2116 1670 mihi
2140 1621 2368 1687 potum;
2400 1616 2608 1687 hospes
2636 1632 2816 1683 eram,
2833 1619 2890 1669 et
2909 1631 3021 1670 non
3041 1614 3347 1685 collegistis
3362 1630 3483 1680 me;

1852 1710 2059 1776 nudus,
2089 1713 2147 1763 et
2174 1726 2291 1765 non
2311 1709 2617 1781 operuistis
2632 1726 2758 1776 me;
2791 1709 3056 1763 infirmus
3077 1712 3134 1763 et
3153 1708 3212 1763 in
3237 1723 3487 1775 carcere,

118 1774 309 1873 cfmﬂﬁ
344 1779 502 1873 ῗυθιν
534 1779 592 1829 et
617 1776 742 1847 ipsa
760 1776 927 1873 εέίεηθ
952 1780 1301 1846 permanent
1342 1776 1400 1829 in
1443 1781 1746 1843 mwmum’
1769 1786 1826 1858 B
1852 1807 1907 1857 et
1933 1774 2052 1857 non
2082 1774 2495 1858 visitastis-me.
2528 1803 2684 1857 Tunc
2713 1774 3151 1873 respondebunt
3180 1805 3238 1856 et
3270 1801 3377 1873 ipsi
3402 1774 3487 1855 di-

117 1868 251 1923 sicut
265 1869 545 1939 scriptum
575 1872 696 1924 est:
724 1869 1013 1923 Videbunt
1038 1885 1214 1940 quem
1238 1869 1663 1937 transfixerunt,
1694 1872 1752 1923 et

116 1964 385 2034 plangent
411 1979 472 2016 se
500 1965 721 2017 cuncta:
747 1963 929 2017 tribus
955 1965 1141 2017 terrae.
1174 1962 1255 2017 lbi
1295 1963 1403 2017 erit
1432 1963 1747 2029 tribulatio,

119 2060 171 2110 et
194 2056 379 2127 impiis
405 2056 850 2123 condemnatio;
896 2056 976 2110 ibi
1015 2055 1127 2110 erit
1150 2056 1322 2127 justis
1372 2056 1664 2123 exultatio,
1695 2060 1753 2111 et

119 2149 300 2221 impiis
327 2149 777 2215 condemnatio;
800 2149 877 2204 ibi
909 2149 1545 2220 eritjustisjocunditas,
1567 2150 1750 2204 etim-

120 2243 219 2314 piis
244 2243 624 2311 verecundia;
651 2243 729 2297 ibi
759 2243 867 2296 erit
874 2243 1043 2314 justis
1065 2243 1253 2313 gratia
1271 2243 1491 2309 defusa,
1516 2247 1573 2296 et
1593 2244 1754 2314 plebs

1850 1899 2074 1951 centes:
2110 1896 2372 1963 Domine,
2389 1896 2624 1966 quando
2648 1899 2703 1949 te
2731 1894 2979 1949 vidimus
3001 1895 3375 1962 esurientem,
3394 1900 3493 1949 aut

1852 1990 2168 2057 sitientem,
2201 1992 2301 2043 aut
2325 1989 2634 2060 hospitem,
2668 1992 2768 2043 aut
2793 1988 3033 2055 nudum,
3068 1990 3167 2042 aut
3195 1988 3491 2043 inﬁrmum

1854 2084 1939 2137 vel
1972 2083 2029 2136 in
2072 2099 2321 2149 carcere,
2372 2085 2431 2136 et
2462 2098 2579 2135 non
2632 2080 3082 2135 ministravimus
3132 2081 3236 2135 tibi
3263 2080 3290 2134 ‘?
3336 2081 3491 2135 Tunc

1853 2176 2227 2247 respondebit
2255 2175 2365 2230 illis
2391 2175 2618 2229 dicens:
2650 2176 2835 2229 Amen
2866 2173 2993 2229 dico
3017 2173 3197 2241 vobis,
3214 2172 3488 2245 quamdiu

1856 2287 1973 2325 non
2004 2269 2216 2324 fecistis
2237 2268 2336 2324 uni
2358 2268 2428 2323 de
2458 2267 2779 2323 minoribus
2810 2267 2917 2334 his,
2950 2284 3055 2322 nec
3080 2267 3227 2321 1111111
3256 2266 3487 2322 fecistis.

120 2336 441 2435 Induit".
468 2338 583 2435 θ-Γίί
610 2337 869 2392 confusa'
900 2336 1138 2435 O_‘_Il"_‘_‘m
1165 2336 1754 2435 SFaVisffslabori?”
1856 2365 1923 2417 Et
1954 2364 2118 2417 ibunt
2144 2362 2200 2416 111
2232 2362 2289 2417 111
2319 2361 2662 2435 supplicium
2683 2365 2987 2428 aeternum,
3019 2360 3160 2432 justi
3199 2363 3393 2416 autem
3432 2359 3491 2413 in

126 2434 203 2486 est
233 2431 352 2485 dies
376 2431 511 2487 illa!
547 2448 579 2485 o
621 2447 797 2502 quam
827 2430 1097 2484 terribilis
1124 2434 1183 2484 et
1205 2430 1495 2485 horribilis
1519 2434 1606 2485 est
1634 2431 1755 2485 dies

123 2526 229 2591 illa,
245 2525 503 2593 diesiraa,
519 2524 642 2579 dies
665 2524 1048 2579 tribulationis
1070 2527 1129 2578 et
1145 2524 1446 2595 angustias,
1466 2524 1590 2578 dies
1610 2525 1756 2578 cala-

127 2619 329 2674 mitatis
345 2618 690 2685 etmiseriae,
715 2618 835 2672 dies
855 2618 1227 2672 tenebrarum
1247 2622 1305 2672 et
1321 2617 1603 2688 caliginis,
1634 2618 1756 2672 dies

127 2713 337 2767 nebulas
354 2717 413 2767 et
427 2713 697 2780 turbinis,
718 2712 840 2766 dies
860 2712 1008 2767 tubae
1023 2714 1082 2766 et
1100 2711 1387 2782 clangoris
1407 2728 1420 2778 ;
1443 2712 1538 2766 ubi
1558 2713 1756 2767 caelum

131 2823 249 2861 cum
279 2811 432 2861 terra
459 2806 875 2874 contremiscit,
904 2810 962 2859 et
1000 2822 1204 2860 omnes
1234 2806 1376 2876 justi
1428 2806 1760 2860 terribiliter

130 2901 570 2967 conturbantur;
596 2900 693 2955 ubi
718 2900 906 2954 omnis
936 2916 1107 2954 causa
1127 2900 1452 2967 ventilatur,
1473 2903 1531 2953 et
1546 2900 1760 2954 unicui-

133 3010 233 3066 que
260 2995 583 3049 secundum
610 3011 787 3065 opera
810 3011 911 3048 sua
937 2993 1323 3065 dispensatur,
1352 3010 1456 3071 per
1475 2994 1759 3049 Christum

132 3088 427 3143 Dominum
450 3091 742 3155 nostrum,
777 3088 867 3142 cui
888 3087 1118 3154 merito,
1147 3089 1258 3155 etc,

576 3194 703 3233 ITEM
742 3193 902 3233 HISSA
941 3192 1302 3233 DOMINICALIS.

210 3255 435 3320 Epistola
461 3257 613 3307 Pauli
643 3256 865 3367 apostolli
888 3255 1335 3367 adngplossenses,
1360 3254 1687 3307 dominicalis

845 3333 939 3367 ene
1052 3352 1065 3365 .

845 3333 1065 3381 egenaa.

199 3388 436 3459 Fratres,
450 3390 798 3445 mortificata
816 3390 1082 3444 membra
1094 3392 1284 3444 vestra
1300 3406 1428 3461 qua:
1442 3392 1576 3445 sunt
1594 3407 1766 3461 super

138 3486 364 3552 terram,
378 3483 1285 3555 fornicationem,inmunditiam,
1301 3484 1761 3554 libidinem,con-

141 3579 542 3649 cupiscentiam
563 3580 802 3646 malam,
839 3581 897 3632 et
920 3577 1242 3646 avaritiam,
1267 3595 1394 3649 quas
1426 3582 1511 3632 est
1537 3579 1766 3634 simula-

142 3686 359 3727 crorum
389 3673 632 3727 servitus
660 3690 673 3727 :
716 3676 956 3743 propter
982 3688 1111 3743 quae
1136 3672 1294 3726 venit
1325 3672 1411 3726 ira
1451 3673 1553 3727 Dei
1596 3690 1768 3745 super

143 3764 283 3820 filios
304 3766 736 3822 incredulitatis.
772 3768 833 3820 In
862 3765 1069 3837 quibus
1090 3769 1149 3819 et
1173 3782 1272 3821 vos
1301 3766 1640 3821 ambulastis
1661 3766 1765 3820 ali-

147 3860 386 3932 quando,
411 3877 546 3916 cum
575 3860 911 3915 viveretisin
934 3860 1060 3914 illis.
1092 3861 1250 3915 Nunc
1272 3863 1467 3915 autem
1497 3860 1767 3933 deponite

147 3968 237 4007 vos
255 3956 469 4021 omnia,
492 3956 660 4023 iram,
676 3954 1160 4025 indignationem,
1186 3955 1487 4022 malitiam,
1503 3955 1766 4025 blasphe-

151 4046 336 4115 miam,
358 4052 589 4121 turpem
616 4064 946 4103 sermonem
970 4048 1040 4102 de
1055 4064 1154 4103 ore
1181 4051 1389 4103 vestro.
1413 4047 1597 4103 Nolite
1611 4064 1771 4103 men-

151 4140 235 4194 tiri
265 4141 322 4195 in
350 4142 617 4211 invicem,
646 4142 1001 4214 expoliantes
1037 4158 1137 4197 vos
1179 4145 1434 4197 veterem
1468 4142 1770 4197 hominem

152 4248 273 4289 cum
299 4237 519 4292 actibus
546 4236 680 4303 suis,
712 4239 770 4291 et
798 4236 1106 4291 induentes
1137 4252 1369 4305 novum,
1393 4252 1527 4291 eum
1555 4236 1650 4307 qui
1678 4254 1769 4291 re-

156 4332 384 4384 novatur
415 4331 475 4385 in
508 4330 804 4402 agnitione
832 4330 1150 4385 secundum
1176 4330 1497 4402 imaginem
1527 4331 1651 4402 ejus
1677 4330 1774 4403 qui

156 4424 355 4477 creavit
383 4441 540 4493 eum,
565 4425 661 4479 ubi
680 4442 798 4480 non
826 4427 913 4481 est
942 4425 1171 4496 gentilis
1192 4427 1249 4479 et
1266 4425 1515 4493 Iudaeus,
1540 4424 1776 4480 circum-

1644 3170 1673 3191 Ι

1856 2456 2032 2511 vitam
2062 2458 2363 2512 asternam.

2473 2542 2663 2584 INCIPIT
2701 2540 2881 2582 MISSA.

2279 2606 2529 2656 Collectio
2562 2611 2680 2670 post
2702 2604 3055 2669 pr0phetiam.

1932 2681 2145 2752 Dirige,
2174 2679 2544 2751 omnipotens
2577 2679 2726 2732 Deus
2750 2677 3108 2745 Dominator,
3134 2691 3362 2747 gressus
3390 2691 3496 2732 no-

1861 2779 2007 2831 stros
2038 2776 2096 2829 in
2126 2774 2217 2829 via
2244 2773 2420 2845 pacis,
2460 2778 2517 2827 et
2559 2788 2759 2826 sensus
2805 2774 3033 2825 nostros
3073 2770 3395 2825 conrobora
3438 2770 3497 2824 in

1862 2868 2153 2924 mandatis
2178 2867 2291 2921 tuis
2316 2886 2333 2921 :
2355 2865 2543 2921 visitet
2567 2882 2673 2919 nos
2699 2863 2901 2919 Oriens
2924 2880 2991 2917 ex
3013 2864 3150 2929 alto,
3179 2867 3237 2917 et
3256 2861 3494 2917 inlumi-

1864 2966 1963 3017 net
1980 2978 2079 3017 eos
2104 2960 2201 3033 qui
2226 2960 2283 3015 in
2298 2958 2552 3014 tenebris
2573 2961 2631 3012 et
2643 2957 2849 3011 umbra
2869 2957 3074 3011 mortis
3089 2956 3294 3011 sedent
3315 2974 3328 3023 ;
3360 2959 3423 3010 ut
3441 2958 3498 3010 te

1864 3057 2110 3112 adorent
2138 3056 2373 3126 propter
2397 3051 2855 3108 misericordiam
2887 3053 3068 3119 tuam,
3098 3053 3153 3105 te
3187 3051 3501 3121 sequantur

1781 3155 1835 3229 C
1862 3153 2098 3223 propter
2132 3148 2433 3203 veritatem
2480 3150 2663 3211 tuam,
2707 3149 2881 3215 teque
2907 3143 3236 3198 desiderent
3262 3144 3500 3215 propter

1866 3243 2233 3300 dulcedinem
2255 3244 2436 3308 tuam,
2470 3239 2568 3311 qui
2593 3255 2654 3293 es
2682 3238 3020 3293 benedictus
3041 3236 3318 3293 Dominus
3349 3237 3498 3291 Deus

1866 3339 2037 3393 Israel
2052 3338 2109 3391 in
2127 3335 2346 3391 unitate
2371 3333 2613 3406 Spiritus
2634 3333 2812 3389 sancti
2834 3332 2894 3387 in
2916 3332 3122 3387 saecula
3139 3331 3500 3386 saeculorum.

2392 3428 2545 3478 Missa
2578 3427 2904 3478 dominicalis
2928 3437 2973 3475 ι.

1938 3502 2140 3558 Pronis
2159 3500 2452 3556 mentibus
2479 3502 2537 3553 et
2571 3499 2745 3554 totius
2774 3496 3029 3568 corporis
3041 3494 3345 3550 devotione
3376 3510 3509 3566 por-

1866 3595 2489 3666 recti,omnipotentem
2502 3592 2809 3647 Dominum
2822 3590 3292 3660 deprecemur,ut
3302 3603 3506 3643 omnes

1866 3691 2085 3745 incolas
2114 3705 2245 3743 suos
2276 3702 2571 3757 unumque
2593 3701 2798 3755 corpus
2814 3682 3075 3738 Ecclesia:
3096 3681 3249 3735 trina
3267 3684 3325 3735 et
3345 3681 3508 3735 unita

1869 3783 2099 3855 plebem
2126 3797 2289 3836 suam
2315 3778 2618 3834 custodiat.
2648 3774 3052 3833 Sacerdotibus
3065 3790 3271 3845 pacem
3298 3776 3357 3828 et
3376 3789 3508 3828 con-

1871 3877 2153 3943 cordiam,
2185 3880 2243 3930 et
2266 3872 2531 3929 universo
2556 3873 2709 3927 clero
2750 3868 3003 3942 perpetis
3033 3867 3338 3923 ministerii
3373 3882 3504 3939 gra-

1869 3972 2012 4028 tiam
2026 3966 2733 4041 Iargiatur,defensionem
2756 3962 3279 4037 pupillis,solatium
3301 3959 3506 4029 viduis,

1873 4063 2290 4121 continentiam
2308 4058 2961 4129 monachis,mercedem
2975 4055 3366 4129 operantibus;
3381 4071 3510 4110 esu-

1873 4158 2152 4214 rientibus
2170 4156 2405 4222 victum,
2426 4154 2695 4209 vestitum
2717 4151 2905 4219 nudis,
2921 4149 3335 4222 aegrotantibus
3356 4148 3509 4204 sani-

1873 4257 2078 4319 tatem,
2124 4250 2325 4305 vinctis
2368 4248 2812 4314 absolutionem,
2858 4244 3364 4317 peregrinantibus
3408 4258 3510 4314 pa-

1875 4346 2068 4415 triam,
2098 4343 2504 4414 navigantibus
2528 4345 2762 4413 portum
2790 4339 3062 4411 dignatus
3080 4336 3382 4410 inpertiat:
3411 4336 3516 4391 hu-

1876 4439 2180 4496 militatem
2200 4436 2479 4509 superbis,
2496 4432 3018 4505 maleloquentibus
3039 4429 3516 4486 emendationem

156 4515 279 4572 cisio
304 4522 361 4572 et
384 4519 755 4591 praeputium,
790 4518 1072 4574 barbarus
1113 4522 1172 4573 et
1206 4519 1435 4591 Schyta,
1477 4536 1672 4574 servus
1720 4527 1760 4574 et

1878 4530 2284 4608 paenitentibus
2328 4530 2671 4584 delictorum
2726 4528 2926 4595 finem,
2974 4523 3371 4595 peccatoribus
3422 4537 3515 4576 ve-

157 4610 309 4681 liber,
340 4613 439 4667 sed
467 4614 666 4668 omnia
690 4617 748 4667 et
776 4613 835 4667 in
863 4613 1136 4669 omnibus
1160 4614 1435 4669 Christus.

304 4703 477 4752 Lectio
501 4703 668 4752 sancti
694 4703 962 4767 Evangelii
987 4702 1275 4753 secundum
1305 4702 1618 4753 Mattheum.

222 4771 424 4829 Diebus
462 4775 592 4844 illis,
634 4774 774 4829 dixit
811 4775 1089 4830 Dominus
1116 4778 1278 4831 Iesus
1304 4774 1592 4847 discipulis
1622 4775 1736 4830 suis
1763 4790 1777 4829 :

158 4863 288 4922 Cum
310 4868 531 4923 venerit
552 4868 724 4923 Filius
752 4868 1003 4923 hominis
1032 4869 1090 4923 in
1110 4869 1412 4941 majestate
1438 4886 1560 4937 sua,
1581 4873 1639 4924 et
1654 4886 1781 4924 om-

162 4975 255 5015 nes
282 4962 473 5034 angeli
502 4980 631 5018 cum
663 4980 731 5019 eo
756 4981 770 5032 ;
805 4967 938 5018 tunc
964 4963 1190 5028 sedebit
1222 4980 1397 5035 super
1424 4963 1624 5018 sedem
1657 4980 1782 5019 ma-

1880 4630 2062 4695 niam,
2092 4628 2149 4680 in
2176 4623 2448 4680 haeretica
2474 4638 2669 4677 errore
2689 4620 2844 4673 viam
2867 4617 3123 4671 veritatis
3155 4616 3439 4673 ostendat.

1953 4799 2133 4853 Deum
2192 4789 2497 4847 ineti‘abilis
2530 4713 2842 4860 £2233;
2890 4783 3162 4840 bonitatis
3200 4786 3514 4857 inmensae,

1881 4893 2088 4948 fratres
2103 4884 2401 4952 carissimi,
2426 4883 2825 4955 deprecemur,
2849 4882 2913 4934 ut
2929 4880 3275 4948 sacerdotes,
3299 4882 3517 4938 clerum

1884 5003 1951 5042 ac
1974 4984 2253 5057 populum
2280 4995 2447 5034 suum
2474 4976 2680 5042 visitet,
2711 4978 2769 5028 et
2794 4976 3021 5027 tueatur
3052 4989 3065 5026 :
3090 4972 3400 5029 inluminet
3427 4979 3516 5032 to-

158 5053 367 5123 jestatis
415 5074 551 5126 suae,
595 5062 654 5112 et
686 5058 1197 5129 congregabuntur
1231 5062 1364 5113 ante
1403 5074 1537 5113 eum
1583 5074 1755 5113 omne

1887 5053 2008 5135 tam
2040 5053 2268 5150 plebem
2302 5088 2486 5141 suam,
2509 5074 2567 5125 et
2596 5069 2692 5123 illa
2722 5083 2835 5140 qua
2866 5065 3113 5121 redemit
3137 5065 3372 5137 pietate,
3413 5085 3517 5125 sua

164 5152 373 5219 gentes,
407 5156 467 5207 et
494 5152 781 5223 separabit
804 5169 904 5207 eos
934 5152 1005 5207 ab
1026 5152 1455 5216 invicem,sicut
1472 5154 1674 5207 Pastor
1696 5168 1784 5205 se-

168 5249 359 5316 gregat
378 5263 509 5301 oves
530 5246 602 5300 ab
632 5245 834 5301 haedis.
861 5247 1015 5301 Tunc
1047 5246 1199 5301 dicet
1228 5248 1341 5301 Rex
1369 5246 1457 5301 his
1483 5246 1579 5318 qui
1606 5246 1785 5301 adex-

168 5336 260 5391 tris
285 5340 404 5410 ejus
431 5344 626 5394 erunt:
656 5340 876 5407 Venite,
905 5340 1194 5395 benedicti
1223 5340 1406 5397 Patris
1443 5340 1581 5408 mei,
1610 5338 1787 5411 possi-

170 5428 289 5486 dete
314 5437 575 5503 paratum
607 5434 767 5490 vobis
793 5451 1042 5506 regnum
1067 5452 1101 5489 a
1127 5434 1535 5491 constitutione
1565 5432 1788 5488 mundi.

1887 5172 2260 5229 miseratione
2290 5168 2605 5223 conservet.

2512 5261 2631 5309 Post
2661 5257 2892 5308 nomina.

1962 5340 2220 5415 Respice,
2266 5340 2413 5394 Deus
2458 5335 2848 5406 omnipotens,
2886 5330 2959 5387 ad
3002 5346 3234 5403 precem
3285 5329 3519 5388 familia:

1891 5443 2024 5503 tuaa,
2058 5451 2184 5506 quae
2205 5429 2663 5488 misericordiam
2688 5431 2849 5482 tuam
2880 5425 3222 5480 sinceritatis
3250 5425 3437 5483 ofﬁcio
3466 5432 3524 5482 et

169 5522 371 5581 EsuPiVi
398 5528 576 5592 enim,
600 5532 660 5583 et
686 5528 921 5583 dedistis
949 5528 1094 5583 mihi
1123 5528 1475 5583 manducare
1502 5545 1515 5596 ;
1546 5527 1714 5596 δίῐίνὶ,
1738 5530 1795 5580 el
1892 5530 2080 5586 studio
2113 5526 2365 5583 caritatis
2392 5524 2652 5580 obtinere
2686 5520 3034 5586 desiderant,
3064 5523 3237 5591 atque
3266 5521 3523 5576 muneris

175 5614 394 5675 dedistis
435 5622 579 5676 mihi
617 5621 854 5690 bibere;
897 5622 1106 5695 hospes
1158 5639 1341 5691 eram,
1384 5628 1443 5679 et
1480 5619 1792 5692 collegistis
1893 5625 1978 5681 tui
2008 5624 2225 5679 donum
2258 5624 2312 5675 te
2341 5618 2649 5690 adjuvante
2682 5612 3021 5687 percipiant.

237 5743 616 5821 {'Legendum
656 5752 914 5819 Prwfalio
951 5753 1314 5810 dominicalis.
1358 5755 1440 5811 Ita
1488 5754 1644 5810 enim
1688 5753 1997 5810 vocabatur
2033 5752 2127 5806 illa
2176 5744 2495 5804 adhortatio
2542 5748 2665 5817 post
2713 5740 3107 5815 prophetiam,
3150 5746 3214 5799 ut
3255 5757 3428 5814 supra
3465 5736 3524 5798 in

178 5814 350 5886 prima
365 5814 552 5877 'missa
590 5814 942 5880 dominicali.

488 5914 759 5979 PA'ruOL.
810 5913 1045 5981 LXXII.

3147 5906 3211 5965 l8
