4006 6228
468 246 570 313 555

1127 361 1203 412 Ad
1236 373 1440 425 pacem.

538 438 750 491 Pacem
775 437 936 490 tuam
966 432 1176 490 nostris
1204 430 1579 501 temporibus,
1606 428 1925 494 boneJesu,
1959 426 2100 480 inla-

466 529 626 597 bere,
655 528 713 583 in
737 545 851 600 qua
882 530 966 582 est
985 523 1282 598 plenitudo
1304 521 1625 577 dilectionis
1648 524 1781 589 tuas,
1810 524 1868 574 et
1891 521 2100 592 praesta

469 624 533 676 ut
560 637 763 693 pacem
795 637 969 692 quam
1000 634 1151 673 nunc
1173 632 1272 671 ore
1297 614 1643 688 proferimus
1674 629 1904 685 semper
1933 611 2098 684 spiri—

470 714 571 769 tali
611 731 780 769 sensu
809 728 1143 768 conservare
1169 725 1519 765 mereamur.

1118 811 1450 861 Contestatio.

540 888 683 940 Vere
706 884 945 955 dignum
962 886 1019 937 et
1036 882 1259 953 justum
1290 885 1394 951 est,
1425 880 1795 952 omnipotens
1823 876 2102 949 Deus,qui

469 983 705 1052 peccato
734 976 902 1048 primi
939 977 1194 1047 parentis
1233 974 1533 1030 hominem
1585 991 1619 1028 a
1664 973 1860 1028 salutis
1896 971 2106 1026 finibus

471 1073 821 1137 exulantem,
845 1069 1073 1140 pietatis
1090 1069 1453 1140 indulgentia
1474 1067 1547 1123 ad
1565 1067 1795 1121 veniam
1812 1066 2105 1136 vitamque

469 1163 767 1231 revocasti,
792 1163 1076 1218 mittendo
1091 1162 1256 1218 nobis
1278 1160 1651 1232 Unigenitum
1674 1164 1838 1215 tuum
1856 1159 2109 1215 Salvato-

468 1274 595 1312 rem
627 1260 911 1323 nostrum,
941 1273 1045 1327 per
1072 1272 1245 1327 quem
1273 1256 1583 1326 languores
1608 1258 1834 1309 nostros
1853 1268 2103 1320 curares,

470 1354 707 1423 peccata
737 1349 1078 1416 dimitteres,
1108 1348 1433 1420 potentiam
1463 1348 1642 1403 hostis
1661 1346 1882 1417 antiqui
1909 1349 2106 1401 conte-

468 1460 647 1510 reres,
675 1443 1038 1497 infernorum
1066 1459 1243 1496 nexus
1268 1442 1604 1507 resolveres,
1631 1439 1883 1512 paradisi
1912 1442 2107 1510 portas

474 1537 748 1608 aperires,
781 1536 957 1590 ﬁdem
978 1536 1304 1602 innovares,
1336 1535 1522 1599 vitam,
1540 1533 1782 1589 mortuis
1811 1532 2106 1600 redderes,

473 1630 575 1685 Dei
600 1630 749 1685 filios
780 1629 1021 1693 faceres,
1054 1632 1113 1684 et
1137 1628 1211 1683 ad
1257 1628 1504 1683 caelestia
1542 1643 1725 1699 regna
1764 1626 2109 1698 perduceres

470 1722 747 1779 Dominus
774 1725 971 1777 noster
987 1724 1149 1778 Jesus
1175 1722 1451 1811 Christus.
1482 1720 1586 1777 Cui
1615 1720 1846 1775 merito.
2128 1751 2187 1824 Β

1062 1796 1532 1860 ΑΙὶαὈοιιιεειδιὶο.

544 1885 689 1938 Vere
717 1882 961 1954 dignum
994 1884 1051 1935 et
1068 1882 1291 1952 justum
1321 1885 1426 1950 est,
1455 1879 1824 1952 omnipotens
1837 1882 1984 1935 Deus
2008 1894 2114 1951 per

475 1976 760 2033 Christum
788 1974 1104 2029 Dominum
1142 1978 1425 2028 nostrum.
1474 1973 1582 2038 Qui
1625 1973 1827 2028 videns
1873 1972 2113 2027 humani

476 2069 705 2142 generis
740 2068 1037 2136 fabricam,
1069 2067 1251 2122 hostis
1275 2067 1496 2139 antiqui
1529 2065 1913 2138 extinguentis
1947 2067 2109 2121 falla-

474 2164 646 2231 ciam,
679 2162 739 2217 in
762 2165 917 2216 terra
938 2161 1237 2216 descendit
1259 2161 1535 2217 Dominus
1564 2164 1761 2216 noster
1778 2163 1805 2216 ,Ι
1812 2178 1939 2216 esus
1959 2160 2115 2217 Chri-

474 2260 614 2325 stus,
643 2258 807 2311 utero
832 2258 1143 2326 conceptus
1185 2258 1273 2310 est
1309 2255 1597 2326 virginali,
1638 2256 1789 2311 Deus
1835 2258 1893 2308 et
1935 2256 2113 2309 homo

474 2349 771 2423 processit.
796 2350 980 2404 Homo
999 2348 1226 2403 videtur
1245 2348 1304 2403 in
1331 2364 1594 2419 corpore,
1617 2349 1768 2403 Deus
1788 2352 1983 2403 autem
1996 2365 2117 2403 ma-

477 2445 779 2499 nifestatus
806 2445 893 2497 est
915 2442 972 2496 in
1002 2442 1231 2496 virtute.
1256 2443 1439 2497 Homo
1464 2441 1573 2496 fuit
1594 2442 1826 2514 quando
1853 2458 1984 2497 cum
2016 2444 2112 2497 Ju-

477 2536 616 2591 deis
638 2535 986 2602 ambulavit;
1015 2535 1162 2589 Deus
1183 2538 1379 2589 autem
1405 2534 1808 2590 manifestatus
1834 2539 1919 2589 est
1931 2551 2114 2607 quan-

481 2629 554 2685 do
576 2628 954 2701 paralyticum
976 2626 1214 2699 triginta
1231 2632 1359 2683 octo
1375 2645 1662 2684 annorum
1688 2630 1809 2684 solo
1835 2630 2010 2685 verbo
2026 2647 2119 2685 cu-

478 2723 643 2778 ravit.
681 2723 863 2777 Homo
907 2722 1016 2776 fuit
1048 2721 1123 2776 ad
1164 2722 1549 2793 frequentiam
1580 2723 1944 2794 nuptiarum;
1969 2724 2119 2779 Deus

482 2819 678 2871 autem
708 2815 1111 2870 manifestatus
1140 2819 1225 2870 est
1260 2814 1492 2887 quando
1529 2832 1709 2887 aquas
1748 2818 2030 2872 convertit
2058 2818 2118 2872 in

479 2909 701 2964 vinum.
732 2910 911 2963 Homo
950 2909 1058 2963 fuit
1090 2908 1323 2979 quando
1362 2909 1436 2964 ad
1482 2909 1762 2981 piscinam
1796 2910 1949 2966 Siloe
1988 2928 2119 2966 cum

481 3002 769 3075 discipulis
789 3002 964 3069 venit;
989 3003 1138 3058 Deus
1152 3005 1348 3057 autem
1366 3003 1767 3058 manifestatus
1783 3008 1870 3059 est
1886 3005 2119 3077 quando

479 3112 696 3152 caecum
723 3113 757 3151 a
788 3096 1085 3151 nativitate
1112 3095 1495 3151 inluminavit.
1528 3097 1713 3153 Homo
1747 3098 1857 3153 fuit
1884 3099 2118 3171 quando
2140 3116 2195 3192 Ο

480 3190 690 3244 mulier
725 3188 1011 3260 peccatrix
1035 3188 1305 3260 lacrymis
1328 3189 1508 3260 pedes
1539 3190 1706 3259 lavit;
1746 3193 1897 3246 Deus
1925 3196 2119 3248 autem

480 3281 885 3338 manifestatus
920 3266 1021 3336 est
1035 3281 1266 3353 quando
1297 3298 1427 3337 eam
1455 3300 1488 3338 a
1516 3283 1792 3355 profluvio
1818 3286 2119 3356 sanguinis

481 3374 763 3430 liberavit.
791 3376 973 3429 Homo
999 3375 1108 3429 fuit
1138 3374 1372 3446 quando
1403 3376 1462 3431 in
1485 3393 1630 3432 nave
1651 3377 1956 3444 dormivit;
1976 3380 2119 3434 Deus

483 3470 679 3523 autem
704 3467 1109 3523 manifestatus
1132 3472 1218 3522 est
1242 3469 1476 3539 quando
1505 3470 1765 3525 ventibus
1790 3471 1850 3526 in
1881 3488 2041 3527 mare
2058 3476 2122 3527 ut

482 3560 813 3633 quiscerent
860 3560 1181 3633 imperavit.
1235 3564 1419 3619 Homo
1454 3563 1564 3619 fuit
1599 3564 1832 3636 quando
1857 3566 2033 3621 Maria
2064 3569 2122 3620 et

480 3655 701 3711 Martha
717 3671 821 3727 pro
848 3655 1025 3711 fratre
1052 3671 1187 3710 eum
1208 3657 1528 3729 rogabant:
1557 3658 1709 3713 Deus
1729 3662 1924 3714 autem
1939 3660 2122 3714 mani-

480 3750 721 3806 festatus
746 3754 832 3805 est
860 3748 1092 3821 quando
1112 3750 1392 3806 Lazarum
1423 3751 1871 3823 quatriduanum
1899 3753 1970 3809 de
1992 3770 2117 3809 mo-

484 3845 767 3899 numento
796 3843 1169 3898 resuscitavit.
1203 3844 1387 3900 Homo
1415 3845 1523 3899 fuit
1576 3846 1809 3917 quando
1854 3847 1915 3902 in
1954 3864 2120 3903 cruce

483 3936 799 4011 pependit;
827 3938 974 3991 Deus
992 3939 1188 3992 autem
1213 3938 1619 3994 manifestatus
1635 3944 1722 3995 est
1747 3941 1981 4012 quando
2012 3945 2123 3997 ter-

483 4030 568 4085 tia
592 4031 682 4086 die
709 4030 1020 4085 resurrexit
1048 4047 1082 4085 a
1111 4031 1375 4100 mortuis,
1404 4032 1552 4086 sedit
1583 4032 1658 4087 ad
1689 4018 1988 4089 dexteram
2014 4037 2121 4091 Pa-

485 4124 610 4192 tris,
647 4124 978 4196 interpellat
1004 4140 1107 4196 pro
1151 4124 1403 4196 peccatis
1437 4126 1666 4180 nostris.
1710 4126 1847 4190 Quis
1895 4145 2013 4183 non
2051 4130 2121 4184 ti-

489 4220 648 4272 meat
696 4218 873 4273 talem
910 4217 1217 4272 Dominum
1261 4218 1481 4288 Regem
1521 4222 1826 4288 aeternum,
1865 4225 1964 4277 aut
1997 4223 2124 4295 quis

490 4326 607 4367 non
632 4314 952 4383 prostratus
978 4310 1220 4366 adoret?
1244 4310 1338 4365 cui
1366 4311 1594 4367 merito.

1017 4418 1177 4460 MISSA
1215 4420 1583 4462 DOMINICALIS.

1346 246 1678 308 APPENDIX
1718 250 1805 306 AD
1841 248 2062 305 OPEHA
2100 248 2156 302 S.
2200 244 2501 303 GERMANI
2541 246 2970 302 PARISIENSIS.

2118 381 2177 453 Α
2198 357 2257 409 et
2286 354 2540 453 spatiosa
2571 353 2662 408 via
2686 370 2816 425 quas
2834 353 2991 407 ducit
3010 351 3090 453 ad
3126 351 3538 422 perditionem,
3574 326 3651 453 et.
3682 342 3867 453 multi

2200 451 2333 502 sunt
2348 447 2450 518 qui
2462 448 2686 503 intrant
2703 463 2810 519 per
2824 463 2976 502 eam.
3003 445 3186 510 Quam
3204 449 3450 517 angusta
3461 446 3631 516 porta
3653 448 3715 498 et
3729 445 3869 497 arta

2199 540 2290 595 via
2318 557 2446 611 quae
2480 540 2638 595 ducit
2669 541 2743 595 ad
2768 540 2968 607 vitam,
3001 542 3057 592 et
3086 538 3253 611 pauci
3279 542 3412 593 sunt
3432 538 3528 609 qui
3550 537 3870 591 inveniunt

3749 245 3864 297 5236

2208 650 2361 689 eam.
2389 633 2699 688 Adtendite
2722 651 2755 688 a
2775 634 2932 689 falsis
2957 632 3378 704 prophetis,qui
3398 631 3641 686 veniunt
3663 630 3737 684 ad
3759 646 3867 683 vos

2202 727 2263 782 in
2286 727 2644 782 vestimentis
2677 727 2889 795 ovium,
2920 726 3266 781 intrinsecus
3296 728 3492 781 autem
3527 724 3702 797 [sunt]
3735 722 3863 794 lupi

2203 823 2529 892 rapaces.A
2559 821 2836 875 fructibus
2864 836 3064 875 eorum
3108 819 3469 890 cognoscetis
3507 835 3625 874 eos.
3677 818 3867 872 Num-

2206 914 2344 985 quid
2374 914 2655 985 colligunt
2681 913 2753 968 de
2779 914 2958 985 spinis
2985 930 3136 980 uvas,
3182 916 3281 967 aut
3311 912 3383 967 de
3414 912 3640 967 tribulis
3674 909 3867 965 ficus?

2206 1007 2297 1062 Sic
2330 1008 2519 1063 omnis
2546 1007 2721 1063 arbor
2744 1008 2902 1062 bona
2925 1007 3144 1061 fructus
3170 1007 3356 1061 bonos
3376 1005 3543 1073 facit;
3574 1005 3737 1059 mala
3765 1020 3869 1058 au-

2206 1104 2325 1155 tem
2352 1102 2524 1156 arbor
2543 1102 2760 1156 fructus
2774 1101 2958 1155 malos
2977 1099 3132 1155 facit.
3151 1101 3273 1155 Non
3297 1103 3487 1171 potest
3505 1099 3678 1154 arbor
3700 1099 3869 1153 bona

2208 1195 2424 1249 fructus
2450 1196 2634 1249 malos
2660 1195 2873 1261 facere,
2907 1209 3097 1265 neque
3128 1193 3299 1248 arbor
3326 1194 3482 1247 mala
3512 1194 3735 1247 fructus
3763 1192 3869 1246 bo-

2210 1304 2315 1343 nos
2352 1289 2564 1342 facere.
2591 1287 2791 1343 Omnis
2822 1286 2995 1341 arbor
3022 1302 3149 1358 quas
3178 1303 3295 1342 non
3315 1287 3453 1341 facit
3472 1287 3729 1341 fructum
3760 1286 3864 1340 bo-

2211 1398 2370 1449 num,
2405 1381 2715 1448 excidetur,
2745 1381 2880 1436 etin
2911 1380 3111 1452 ignem
3155 1381 3435 1436 mittetur.
3474 1381 3600 1435 Non
3651 1395 3867 1435 omnes

2209 1474 2306 1545 qui
2335 1474 2529 1530 dicent
2548 1474 2710 1541 mihi,
2738 1474 3006 1542 Domine,
3044 1474 3310 1542 Domine,
3341 1474 3640 1528 intrabunt
3672 1472 3734 1527 in
3768 1488 3861 1527 re-

2210 1584 2387 1639 gnum
2419 1569 2691 1623 caelorum
2719 1584 2733 1635 ;
2768 1567 2870 1622 sed
2904 1568 3004 1639 qui
3027 1568 3245 1623 faciunt
3271 1568 3629 1623 voluntatem
3674 1566 3867 1620 Patris

2208 1661 2321 1717 mei
2335 1661 2433 1733 qui
2445 1661 2503 1716 in
2517 1661 2666 1716 caelis
2683 1660 2899 1732 est,ipsi
2913 1660 3212 1716 intrabunt
3227 1661 3284 1715 in
3298 1676 3546 1732 regnum
3559 1660 3860 1714 caelorum.

2793 1762 2985 1827 Incipit
3008 1763 3278 1827 Apologia.

2282 1850 2430 1903 Ante
2459 1848 2654 1903 oculos
2675 1847 3103 1917 tuos,Domine,
3122 1849 3319 1920 culpas
3339 1864 3481 1920 quas
3502 1847 3767 1913 fecimus,
3802 1850 3865 1900 et

2211 1943 2412 2013 plagas
2439 1958 2583 2014 quas
2614 1942 2941 2014 excepimus
2969 1942 3341 1997 conferimus.
3365 1942 3546 1996 Minus
3586 1944 3676 1995 est
3701 1939 3862 2011 quod

2213 2035 2483 2107 patimur,
2518 2036 2705 2107 majus
2725 2039 2813 2090 est
2832 2036 2989 2108 quod
3018 2052 3333 2090 meremur.
3366 2034 3591 2090 Peccati
3622 2050 3863 2107 poenam

2214 2130 2513 2197 sentimus,
2558 2132 2614 2183 et
2650 2130 2873 2201 peccati
2912 2129 3292 2201 pertinaciam
3337 2146 3454 2184 non
3490 2128 3762 2184 vitamus.
3794 2128 3866 2182 In

2213 2222 2456 2294 ﬂagellis
2484 2223 2612 2289 tuis,
2639 2223 2905 2293 Domine,
2943 2222 3227 2295 fragilitas
3258 2226 3455 2278 nostra
3491 2222 3757 2289 vincitur,
3804 2224 3869 2275 et

2214 2314 2488 2387 iniquitas
2538 2332 2656 2372 non
2695 2318 2971 2372 mutatur.
3013 2316 3169 2371 Mens
3205 2319 3425 2387 aegrota
3449 2318 3773 2387 torquetur,
3804 2317 3867 2368 et

2216 2409 2402 2463 cervix
2430 2410 2575 2465 dura
2599 2426 2717 2465 non
2742 2409 3009 2465 ﬂectitur.
3037 2409 3163 2464 Vita
3191 2402 3259 2464 in'
3278 2410 3476 2465 dolore
3500 2408 3769 2481 suspirat,
3803 2411 3867 2462 et

2216 2501 2275 2557 in
2306 2519 2478 2574 opere
2508 2520 2625 2559 non
2669 2503 2991 2559 inmendat.
3026 2503 3085 2559 Si
3118 2507 3403 2575 expectas,
3440 2502 3708 2569 Domine,
3738 2517 3865 2557 non

2218 2597 2591 2667 corrigimus;
2616 2598 2660 2653 si
2672 2597 2948 2666 vindicas,
2969 2615 3085 2653 non
3106 2598 3399 2653 duramus.
3416 2596 3777 2652 Confitemur
3797 2595 3863 2649 in

2217 2690 2608 2746 confractione
2650 2691 2806 2763 quod
2829 2691 3092 2746 laesimus.
3123 2691 3180 2746 Si
3213 2689 3564 2763 Oppresseris
3591 2705 3863 2755 manum,

2219 2783 2486 2839 facienda
2510 2784 2932 2856 promittimus;
2959 2785 3002 2839 si
3035 2784 3402 2856 suspenderis
3426 2783 3707 2855 gladium,
3733 2799 3868 2854 pro-

2220 2876 2397 2931 missa
2420 2894 2537 2932 non
2572 2877 2832 2933 facimus.
2871 2877 2926 2934 Si
2955 2878 3147 2945 ferias,
3179 2879 3495 2932 clamamus
3521 2880 3585 2931 ut
3615 2893 3861 2949 parcas;

2221 2971 2266 3025 si
2287 2972 2496 3026 iterum
2518 2971 2863 3043 peperceris,
2885 2975 2941 3027 te
2964 2988 3343 3044 provocamus
3364 2975 3426 3027 ut
3448 2971 3639 3027 ferias.
3669 2972 3730 3027 Si
3755 2987 3869 3025 an-

2220 3064 2408 3136 gustia
2438 3065 2679 3133 venerit,
2698 3069 2930 3137 tempus
2945 3065 3195 3137 petimus
3207 3065 3552 3138 pmnitendi;
3574 3066 3617 3121 si
3631 3066 3827 3121 miseri
3838 3095 3865 3105 ο

2220 3159 2415 3214 cordia
2425 3159 2666 3228 venerit,
2682 3159 2979 3214 abutimur
2994 3159 3414 3231 pmnitentiaab
3442 3160 3863 3216 misericordia.

2219 3255 2293 3308 Te
2332 3254 2592 3308 volumus
2631 3253 2933 3308 observare
2984 3253 3140 3325 quod
3164 3253 3430 3324 jusseris;
3488 3257 3543 3308 te
3589 3254 3868 3308 nolumus

2220 3346 2497 3401 obaudire
2536 3346 2693 3418 quod
2732 3347 2955 3402 feceris.
2986 3347 3189 3416 Habes,
3221 3346 3485 3415 Domine,
3519 3348 3871 3402 confitentes

2219 3456 2368 3495 reos.
2400 3441 2576 3495 Parce
2620 3440 2755 3512 quia
2784 3441 2912 3512 pius
2944 3458 3023 3508 es,
3057 3441 3193 3513 quia
3218 3441 3316 3496 tibi
3349 3442 3532 3496 multa
3564 3440 3869 3495 miseratio

2219 3532 2600 3605 perabundat.
2633 3535 2863 3603 Praesta,
2901 3534 3162 3603 Domine,
3191 3534 3314 3589 sine
3342 3534 3552 3590 merito
3579 3532 3734 3606 quod
3764 3550 3865 3589 ro-

2221 3642 2447 3697 gamus,
2501 3627 2601 3698 qui
2648 3628 2831 3683 fecisti
2886 3645 2951 3682 ex
3003 3627 3184 3683 nihilo
3240 3629 3338 3700 qui
3381 3630 3687 3699 rogarent:
3723 3628 3869 3700 quia

2226 3717 2425 3793 [justis]
2452 3719 2692 3791 praamia
2720 3721 2956 3789 tribues,
2987 3724 3045 3776 et
3068 3722 3465 3794 peccatoribus
3484 3720 3711 3777 veniam
3739 3737 3868 3776 non

2222 3812 2465 3885 negasti.
2496 3813 2680 3885 Rogo,
2704 3813 2896 3870 inclite
2925 3816 3111 3870 Pater.
3157 3857 3170 3869 .
3218 3858 3230 3869 .
3276 3858 3288 3870 .
3335 3858 3347 3871 .
3394 3857 3405 3870 .

2835 3935 3031 3977 INCIPIT
3070 3934 3252 3976 MISSA.

2895 4011 3178 4077 Prefatio.

2295 4095 2479 4151 Deum
2520 4112 2585 4152 ac
2627 4095 2942 4152 Dominum
2989 4102 3272 4165 nostrum,
3312 4097 3520 4152 fratres
3557 4092 3867 4164 carissimi,

2225 4187 2623 4260 deprecemur,
2657 4194 2721 4244 ut
2746 4188 3031 4246 custodiat
3055 4190 3117 4245 in
3144 4190 3311 4246 nobis
3336 4207 3479 4262 opus
3513 4189 3871 4262 redemptio-

2225 4281 2312 4336 nis
2332 4299 2475 4351 suaa;
2532 4286 2591 4338 et
2624 4283 2721 4355 qui
2778 4284 2957 4339 vitam
2992 4289 3249 4339 nostram
3291 4300 3484 4339 emere
3523 4300 3625 4338 sua
3674 4289 3867 4340 morte

2226 4376 2494 4447 dignatus
2512 4380 2598 4431 est
2613 4377 2687 4432 ad
2708 4381 2987 4433 aatemam
3018 4378 3183 4433 nobis
3211 4378 3632 4433 beatitudinem
3658 4393 3864 4433 conse-

486 4485 718 4550 Epistola
737 4484 885 4536 Pauli
908 4484 1131 4549 apostoli
1148 4484 1210 4534 ad
1235 4485 1512 4547 Romanos,
1532 4487 1859 4541 dominicalis
1882 4491 2125 4557 legenda.
2146 4488 2205 4561 D
2229 4470 2539 4541 quendam,
2571 4470 2750 4526 donet
2775 4488 2977 4543 Pacem
3004 4472 3366 4544 temporibus
3384 4471 3611 4539 Ποδίΐίεν
3630 4471 3865 4527 casui-3"

562 4568 807 4631 Fratres,
840 4565 949 4620 hoc
976 4567 1064 4619 est
1087 4564 1327 4620 verbum
1358 4566 1494 4622 fidei
1523 4568 1679 4640 quod
1703 4571 2120 4642 praedicamus;

490 4660 628 4733 quia
655 4660 700 4715 si
726 4657 1053 4714 conﬁtearis
1077 4656 1136 4712 in
1168 4674 1267 4714 ore
1294 4661 1393 4715 tuo
1417 4660 1728 4718 Dominum
1750 4664 1967 4735 Jesum,
1989 4671 2046 4722 et
2065 4667 2125 4722 in

490 4753 665 4810 corde
703 4755 804 4807 tuo
848 4750 1182 4820 credideris,
1221 4754 1376 4825 quod
1400 4755 1549 4810 Deus
1576 4755 1741 4812 illum
1773 4760 2063 4815 suscitavit
2093 4778 2128 4817 a

489 4845 756 4913 mortuis,
779 4845 967 4899 salvus
991 4844 1121 4901 eris.
1152 4846 1335 4902 Corde
1364 4848 1523 4904 enim
1550 4850 1805 4906 creditur
1846 4853 1922 4908 ad
1956 4854 2125 4925 justi-

489 4940 659 5009 tiam,
716 4956 853 4995 aure
898 4941 1094 4994 autem
1145 4941 1428 4997 confessio
1464 4943 1530 4998 ﬁt
1566 4944 1641 4999 ad
1667 4946 1933 5002 salutem.
1984 4948 2130 5004 Dicit

492 5034 653 5091 enim
684 5033 975 5105 Scriptura
1002 5050 1015 5089 :
1048 5033 1246 5089 Omnis
1275 5036 1370 5107 qui
1395 5036 1707 5094 crediderit
1730 5039 1789 5095 in
1814 5040 2128 5111 illum,non

492 5128 896 5186 confundetur.
919 5129 1043 5183 Non
1074 5127 1233 5183 enim
1253 5132 1339 5184 est
1351 5129 1641 5187 distinctio
1658 5134 1844 5190 Judaei
1859 5138 2126 5194 etGraaci.

490 5226 637 5282 Nam
666 5223 823 5279 idem
850 5221 1129 5277 Dominus
1158 5222 1443 5293 omnium,
1481 5225 1638 5281 dives
1662 5227 1721 5282 in
1750 5231 2020 5287 omnibus
2033 5233 2130 5305 qui

490 5318 763 5376 invocant
790 5331 945 5372 eum.
980 5316 1183 5372 Omnis
1218 5316 1373 5373 enim
1409 5319 1506 5391 qui
1535 5320 1887 5381 invocaverit
1914 5344 2129 5383 nomen

493 5411 744 5479 Domini,
776 5412 964 5467 salvus
990 5410 1117 5465 erit.

651 5500 825 5551 Lectio
850 5499 1017 5550 sancti
1044 5500 1314 5565 Evangelii
1342 5503 1633 5556 secundum
1660 5508 1974 5560 Matthmum.

567 5572 775 5628 Omnia
813 5588 952 5643 ergo
997 5588 1372 5644 quacumque
1417 5576 1583 5630 vultis
1627 5581 1685 5631 ut
1721 5581 1937 5637 faciant
1975 5580 2134 5641 vobis

494 5665 783 5731 homines,
814 5668 872 5719 et
898 5682 998 5720 vos
1023 5665 1193 5720 facite
1226 5666 1325 5721 eis.
1356 5669 1482 5723 Haec
1515 5674 1601 5724 est
1629 5672 1785 5727 enim
1811 5675 1897 5729 lex
1930 5680 1988 5732 et
2007 5696 2135 5751 pro-

498 5760 706 5835 phetze.
730 5759 943 5812 Intrate
960 5775 1062 5829 per
1088 5761 1390 5830 angustam
1414 5765 1661 5832 portam,
1683 5767 1816 5838 quia
1836 5770 1949 5826 lata
1970 5781 2135 5845 porta

2228 4566 2346 4618 tem
2376 4563 2564 4619 cordis
2593 4569 2651 4620 et
2674 4564 2949 4636 corporis,
2978 4565 3278 4621 decessum
3316 4564 3607 4632 vitiorum,
3640 4580 3863 4621 succes-

2227 4657 2452 4713 sionem
2482 4657 2777 4727 virtutum,
2801 4658 3150 4715 desiderium
3182 4660 3527 4715 futurorum.
3560 4660 3690 4715 Per.

2902 4761 3173 4813 Collectio.

2300 4845 2540 4901 Domine
2569 4848 2717 4902 Deus
2761 4850 2975 4914 noster,
3009 4848 3230 4920 suscipe
3276 4862 3477 4920 preces
3519 4845 3864 4919 supplicum,

2230 4941 2289 4993 et
2323 4939 2671 4996 famolorum
2719 4944 2951 4996 tuorum
2994 4943 3285 4997 orationes
3316 4942 3603 5013 benignus
3643 4941 3872 4997 exaudi.

2231 5032 2519 5087 Debemus
2544 5021 2771 5089 deferre
2803 5034 2876 5089 ad
2904 5035 3197 5107 publicum
3227 5034 3493 5103 crimina,
3527 5031 3575 5089 si
3609 5034 3687 5089 ad
3719 5033 3874 5106 judi-

2232 5125 2385 5180 cium
2412 5128 2682 5182 nolumus
2695 5132 2988 5184 sustenere
3022 5133 3332 5185 tormenta.
3363 5128 3655 5183 Debemus
3682 5127 3869 5183 humi-

2232 5218 2359 5274 liari
2403 5236 2597 5275 coram
2628 5222 2980 5291 hominibus,
3019 5223 3063 5279 si
3104 5224 3368 5279 volumus
3408 5238 3606 5278 coram
3655 5222 3875 5293 angelis

2234 5311 2488 5384 gloriari.
2519 5315 2810 5371 Debemus
2833 5318 3030 5389 lugere
3059 5317 3117 5371 in
3147 5318 3373 5385 saeculo,
3409 5315 3454 5371 si
3493 5316 3759 5371 volumus
3783 5331 3873 5371 re-

2235 5423 2415 5479 gnare
2451 5424 2579 5464 cum
2624 5410 2868 5473 Christo.
2918 5412 3206 5466 Debemus
3237 5411 3523 5466 honorem
3560 5424 3875 5481 expernere

2234 5504 2636 5574 temporalem,
2660 5504 2705 5558 si
2727 5505 3003 5560 obtenere
3017 5506 3282 5560 volumus
3306 5502 3553 5576 gloriam
3569 5502 3871 5575 sempiter-

2236 5611 2393 5651 nam.
2422 5596 2746 5653 Timeamus
2777 5599 2959 5653 Deum
2990 5601 3277 5654 occultum
3312 5598 3370 5652 in
3407 5596 3761 5653 conscientia
3798 5599 3878 5652 ιρι

2238 5692 2406 5758 stem,
2439 5694 2499 5747 et
2522 5692 2815 5764 publicum
2846 5693 2905 5747 in
2938 5692 3366 5749 examinatione
3397 5707 3726 5747 censorem.
3753 5691 3874 5747 Non

2238 5783 2333 5838 ille
2365 5785 2569 5855 quaerit
2597 5802 2699 5857 pro
2755 5785 3084 5860 ignorantia
3128 5786 3575 5853 confessionem,
3625 5783 3727 5840 sed
3773 5801 3877 5861 pro
