4006 6228
162 366 247 419 557
756 356 1368 415 SACRAMENTARIUM
1405 358 1850 415 GALLICANUM.
1897 390 1960 398 —
2001 360 2366 417 LECTIONES
2404 364 2864 422 DOMINICALES.

3395 378 3495 430 558

159 466 513 524 misericordia
541 465 940 523 confessorem.
978 467 1199 522 Fratres
1241 466 1536 536 carissimi,
1576 468 1759 523 Domi-
1779 479 1839 553 Α
1864 467 1965 522 tibi
2003 468 2185 523 ﬁlium
2230 470 2513 542 genuisse,
2565 490 2737 545 quem
2786 476 2864 531 sic
2913 475 3213 535 festinabat
3262 481 3487 553 offerre,

158 578 279 617 num
305 560 685 632 deprecemur,
723 565 788 615 ut
815 560 893 615 sic
922 560 1172 616 absolvat
1194 560 1373 632 pietas
1399 561 1664 629 humiles,
1692 566 1757 617 ut

156 671 254 711 non
277 654 462 725 puniat
482 653 748 709 severitas
775 658 1153 710 contumaces.
1183 654 1309 709 Per.

746 735 867 782 Post
898 732 1131 782 nomina.

216 804 502 861 Offerentes
516 804 648 874 Deo,
670 804 871 859 fratres
885 804 1175 875 carissimi,
1191 804 1463 876 spiritalia
1496 822 1753 874 munera,

156 898 373 954 divinam
397 897 752 953 clementiam
783 899 1174 969 deprecemur,
1213 903 1278 953 ut
1298 900 1397 952 has
1426 898 1754 965 oblationes,

155 1008 275 1063 quas
290 991 346 1044 in
359 991 887 1046 commemoratione
900 997 1223 1046 sanctorum
1249 997 1305 1045 et
1324 1008 1426 1063 pro
1442 992 1617 1045 salute
1631 1008 1753 1045 om-

153 1085 290 1139 nium
306 1084 649 1139 credentium
666 1084 980 1153 offerimus,
998 1084 1166 1155 plena
1181 1085 1406 1156 pietatis
1423 1102 1538 1138 sua:
1563 1085 1759 1157 digna-

154 1178 283 1233 tione
298 1178 576 1249 suscipiat,
607 1182 868 1233 nostrum
886 1178 1146 1233 omnium
1172 1194 1367 1249 preces
1395 1178 1681 1233 exaudiat.

790 1258 867 1307 Ad
895 1271 1098 1322 pacem.

210 1328 342 1382 Deus
368 1328 479 1382 vita
505 1328 881 1395 credentium,
914 1328 1075 1399 regio
1122 1328 1401 1398 vivorum,
1443 1328 1757 1399 expectatio

150 1421 394 1488 fidelium,
442 1423 779 1477 resurrectio
829 1426 1209 1491 mortuorum,
1273 1423 1622 1493 captivorum
1664 1438 1754 1476 re-

148 1515 351 1584 demtio,
400 1515 683 1570 aeternitas
726 1516 1133 1583 redemtorum,
1179 1516 1462 1585 benignus
1507 1515 1760 1570 indultor

146 1609 564 1681 supplicantium
610 1625 804 1680 preces
844 1609 1054 1681 accipe,
1102 1608 1537 1680 suffragantium
1586 1610 1757 1664 inter-

146 1703 462 1757 cessionibus
494 1702 777 1774 mitigare,
815 1704 1208 1759 conﬁtentium
1237 1708 1462 1774 peccata
1490 1703 1708 1758 dimitte
1738 1720 1751 1757 :

144 1801 190 1849 et
220 1813 350 1868 quos
393 1796 685 1852 redemere
722 1797 992 1868 dignatus
1031 1813 1089 1851 es
1114 1796 1437 1852 humilitate
1463 1812 1752 1867 corporea,

142 1894 413 1962 protegere
445 1890 697 1962 digneris
719 1890 926 1945 virtute
953 1889 1159 1944 divina.

762 1970 1095 2019 Contestatio.

206 2041 329 2095 Vere
370 2041 615 2112 dignum
661 2047 715 2097 et
773 2042 997 2112 justum
1036 2044 1139 2107 est,
1186 2040 1544 2113 omnipotens
1586 2043 1752 2109 Deus,

139 2134 269 2189 Deus
291 2134 594 2204 Abraham,
617 2137 763 2190 Deus
792 2136 960 2205 isaac,
987 2136 1131 2191 Deus
1152 2136 1322 2191 Jacob
1348 2152 1361 2190 :
1398 2135 1559 2206 cujus
1587 2136 1754 2190 verbo

140 2228 374 2283 universa
386 2233 572 2284 creata
593 2233 744 2297 sunt,
764 2229 925 2299 cujus
941 2228 1143 2300 spiritu
1158 2228 1346 2283 omnia
1357 2229 1752 2300 nunciantur‘,

137 2337 236 2376 una
262 2320 539 2391 divinitas,
570 2327 625 2377 et
653 2322 802 2377 trina
828 2321 1122 2392 maiestas;
1166 2326 1367 2377 natura
1403 2322 1751 2393 inseparabi-

134 2416 209 2483 lis,
233 2432 464 2486 persona
494 2416 819 2485 individua;
871 2417 1017 2471 Deus
1055 2432 1205 2471 unus
1253 2421 1308 2471 et
1355 2416 1530 2484 solus,
1572 2417 1755 2471 unitas

135 2508 339 2581 triplex,
359 2509 836 2581 incomprehensa
848 2510 975 2581 conj
983 2510 1196 2580 unctio,
1218 2510 1457 2565 indivisa
1469 2510 1752 2565 distinctio

133 2619 284 2674 quem
311 2620 492 2659 unum
532 2603 1062 2673 insubstantialiter,
1117 2604 1335 2659 trinum
1380 2604 1755 2676 personaliter

132 2697 499 2764 nominamus,
521 2697 823 2763 credimus,
845 2697 1202 2753 conﬁtemur.
1225 2699 1306 2752 Tu
1329 2713 1387 2752 es
1408 2698 1561 2752 enim
1582 2698 1750 2766 Deus,

132 2790 178 2840 et
199 2803 305 2840 non
331 2791 414 2841 est
442 2786 762 2841 secundum
791 2802 963 2857 opera
989 2790 1106 2841 tua.
1134 2787 1214 2841 Tu
1254 2786 1502 2841 fundasti
1540 2791 1752 2840 terram

130 2894 284 2949 super
309 2895 523 2951 aquam
540 2898 557 2949 ;
588 2882 650 2934 tu
675 2879 864 2949 legem
892 2879 1164 2933 creaturis
1194 2879 1460 2934 omnibus
1486 2880 1748 2950 posuisti;

127 2973 214 3044 qui
236 2972 294 3028 in
315 2990 431 3029 uno
452 2974 643 3028 trinus
656 2990 913 3045 appares,
935 2973 998 3027 in
1025 2973 1209 3028 tribus
1235 2990 1381 3028 unus
1396 2973 1748 3045 agnosceris:

126 3065 273 3121 Pater
298 3066 613 3138 ingenitus,
648 3067 815 3122 Filius
839 3083 989 3122 unus
1030 3070 1115 3122 est
1154 3071 1475 3138 generatus,
1516 3066 1753 3139 Spiritus

124 3164 331 3215 mactus
349 3177 507 3215 unus
531 3164 615 3215 est
642 3177 711 3216 ex
730 3159 757 3199 δ
784 3162 948 3216 Patre
985 3160 1316 3232 procedens,
1346 3160 1495 3215 Patri
1521 3166 1576 3216 et
1616 3161 1750 3215 Filio

123 3258 435 3309 coaeternus.
487 3256 604 3311 Una
628 3259 819 3310 tamen
848 3255 909 3309 in
951 3227 1133 3310 tribus
1169 3227 1349 3309 virtus
1387 3260 1443 3309 et
1484 3254 1747 3327 dignitas,
1772 3227 1826 3301 Ο

118 3351 368 3418 potestas,
397 3354 575 3420 atque
599 3348 676 3404 ita
701 3349 1002 3419 conjuncta
1030 3347 1226 3403 divisio
1250 3366 1263 3402 :
1311 3365 1438 3420 quae
1465 3347 1567 3403 tibi
1608 3353 1753 3404 esset

121 3440 284 3513 gloria
302 3442 359 3497 in
386 3442 567 3511 caelis,
599 3442 854 3514 potentia
878 3442 937 3497 in
964 3442 1145 3514 aquis,
1174 3442 1450 3514 sapientia
1472 3442 1533 3497 in
1554 3444 1746 3512 terris,

116 3534 281 3590 virtus
313 3536 372 3591 in
400 3535 643 3606 abyssis,
672 3536 896 3591 claritas
921 3534 983 3590 in
1007 3534 1246 3607 angelis,
1269 3536 1516 3607 dignitas
1544 3536 1603 3590 in
1625 3553 1750 3607 pro-

116 3628 310 3701 phetis,
339 3629 660 3685 sublimitas
687 3629 746 3683 in
774 3629 1153 3701 evangelistis,
1183 3630 1487 3684 auctoritas
1513 3630 1572 3683 in
1609 3647 1746 3701 apo-

116 3723 294 3792 stolis;
325 3725 506 3795 pietas
528 3724 587 3778 in
612 3723 932 3795 praeceptis,
958 3722 1302 3794 placabilitas
1325 3724 1387 3777 in
1408 3724 1651 3795 templis,
1672 3724 1750 3779 fe-

117 3816 317 3871 stivitas
335 3816 393 3871 in
414 3817 780 3886 holocaustis,
803 3816 1037 3888 largitas
1055 3816 1115 3871 in
1134 3816 1427 3884 ministris,
1443 3832 1548 3889 per
1568 3817 1750 3872 Domi-

115 3925 247 3965 num
259 3909 656 3967 nostrum.Cui
668 3909 963 3982 angelicas
978 3909 1350 3965 flammiferus
1363 3911 1569 3965 chorus
1588 3911 1751 3965 terri-

116 4002 220 4059 bile
230 4005 462 4063 exhibet
474 3998 833 4076 obsequium:
850 4020 1023 4077 quem
1036 4004 1313 4060 cherubin
1326 4008 1381 4059 et
1392 4005 1595 4059 serafin
1605 4005 1751 4059 auri-

116 4115 236 4170 gam
260 4100 558 4156 sedentem
579 4098 783 4171 pavida
809 4098 1156 4170 subjectione
1181 4098 1483 4168 mirantur;
1501 4103 1630 4153 ante
1658 4115 1750 4153 cu-

107 4192 195 4263 jus
219 4199 588 4265 conspectum
616 4209 716 4249 sex
732 4193 996 4264 quaterni
1020 4192 1309 4247 seniorum
1325 4191 1594 4247 miriﬁcus
1610 4193 1747 4248 ordo

113 4287 506 4357 splendiﬁuam
530 4286 837 4342 nitentium
868 4302 1227 4358 gemmarum
1258 4303 1528 4342 coronam
1556 4286 1750 4358 capitis

110 4381 309 4437 vertice
341 4381 711 4454 gestantium;
727 4380 1062 4435 animalium
1074 4396 1299 4453 quoque
1316 4380 1549 4435 diversis
1567 4381 1750 4435 numi-

109 4489 243 4530 num
266 4475 524 4532 vultibus
548 4475 870 4547 variataque
890 4479 1052 4545 terga
1081 4475 1382 4546 Evangelia
1404 4490 1519 4529 una
1538 4491 1596 4529 se
1608 4476 1746 4547 jun-

111 4574 319 4640 gentes,
358 4586 615 4643 perenne
649 4569 989 4641 jubilatione
1048 4569 1389 4624 conlaudant
1453 4569 1741 4627 dicentes:

104 4661 363 4720 Sanctus.

556 4734 882 4790 Contestatio
901 4734 967 4789 de
988 4734 1293 4791 Abraham.

356 4812 547 4878 Incipit
569 4814 884 4865 Contestatio
910 4813 1236 4864 dominicalis
1254 4812 1493 4863 dicenda.

172 4882 312 4941 Vere
341 4885 590 4958 dignum
615 4890 671 4941 et
682 4885 904 4957 justum
931 4891 1034 4955 est,
1068 4885 1425 4956 omnipotens
1452 4886 1621 4953 Deus,
1649 4883 1747 4955 qui

104 4979 339 5035 Abrahae
369 4980 582 5035 famolo
611 4984 711 5035 tuo
741 4978 974 5034 unicum
994 4979 1197 5046 ﬁlium,
1226 4994 1397 5051 quem
1424 4978 1543 5050 ipse
1574 4977 1745 5033 dede-

104 5089 209 5144 ras,
237 5073 302 5130 in
332 5073 675 5129 sacrificium
701 5074 805 5128 tibi
842 5073 1134 5128 victimam
1157 5090 1275 5128 esse
1293 5072 1531 5144 jussisti.
1565 5072 1608 5127 Ο
1633 5073 1744 5127 Do-

105 5167 254 5223 mine
280 5169 344 5223 in
375 5164 763 5240 promittendo
790 5167 992 5234 fidelis,
1022 5168 1081 5222 in
1108 5167 1451 5239 perﬁciendo
1476 5165 1743 5227 liberalis.

102 5277 251 5318 nunc
278 5277 393 5336 per
419 5262 671 5318 sterilem
701 5278 895 5317 senem
923 5261 1241 5316 fecundasti
1258 5279 1273 5330 ;
1301 5261 1398 5316 sed
1428 5264 1492 5315 ut
1528 5260 1746 5316 devotio

101 5357 574 5428 comprobaretur
601 5357 659 5411 in
682 5360 861 5428 patre,
885 5355 1104 5410 affectio
1131 5359 1570 5426 postponerctur
1591 5354 1649 5409 in
1664 5372 1746 5409 so-

99 5446 242 5518 bole,
276 5455 337 5505 et
363 5467 480 5521 qua
503 5451 763 5505 futurum
793 5449 1078 5504 nesciebat
1094 5448 1377 5504 affectum.
1412 5449 1541 5503 Plus
1568 5449 1743 5520 siqui-

102 5542 230 5598 dem
252 5544 485 5616 gavisus
505 5549 589 5599 est
614 5544 854 5599 offerens
871 5543 973 5599 tibi
992 5543 1192 5613 ﬁlium,
1211 5559 1382 5615 quam
1402 5544 1744 5615 promissum

100 5637 413 5694 crediderit
441 5638 810 5694 nasciturum.
848 5639 954 5692 Pro
982 5637 1091 5693 hoc
1119 5637 1274 5692 enim
1316 5654 1429 5691 non
1479 5637 1606 5704 sibi,
1650 5637 1747 5691 sed

169 5764 196 5839 ξ
222 5766 403 5839 [orte
421 5764 750 5839 legendum,
775 5767 1123 5839 muniuntur.

168 5832 197 5875 ι’
231 5837 383 5893 Hinc
407 5832 560 5910 patet
583 5832 992 5910 hanc'missam
1003 5837 1266 5893 usitatam
1293 5835 1466 5910 fuisse
1484 5840 1614 5910 ante
1644 5835 1745 5910 ad-

99 5905 483 5964 ditamentum
514 5910 773 5979 Filioque,
800 5908 951 5982 quod
972 5908 1094 5982 jam
1122 5908 1382 5982 superius
1410 5906 1657 5963 vidimus
1687 5907 1742 5963 in

1858 577 1888 617 e
1914 578 2048 633 rege
2079 563 2310 619 devotus
2336 569 2516 636 pater,
2545 583 2676 622 cum
2703 568 2972 626 sacriﬁcio
2990 570 3111 642 jam
3142 580 3336 644 parato
3373 576 3492 632 ibat

1857 659 1915 709 et
1939 656 2170 710 devotus
2216 657 2368 712 ﬁlius
2402 676 2532 714 cum
2574 662 2860 718 sacerdote
2899 666 3168 735 perfecto.
3216 669 3293 723 [ta
3336 670 3492 725 enim

1855 753 2165 821 utrumque
2191 750 2299 805 sibi
2324 756 2450 806 vota
2475 759 2864 826 contexerant,
2895 763 2960 812 ut
2986 776 3089 813 nec
3119 766 3281 831 pater
3294 763 3363 818 de
3393 764 3494 818 filii

1855 842 2144 898 voluntate
2190 849 2333 899 esset
2368 853 2677 918 suspectus,
2720 867 2823 904 nec
2862 850 3007 906 ﬁlius
3050 854 3118 909 de
3161 857 3337 927 patris
3389 874 3489 913 vo—

1856 936 2071 992 luntate
2094 943 2240 992 esset
2258 939 2549 995 sollicitus.
2576 944 2828 999 Consulit
2864 946 3090 1001 victima
3122 951 3489 1019 sacerdotem,

1858 1035 1914 1084 et
1952 1046 2339 1101 percussorem
2386 1051 2553 1089 suum
2603 1038 2916 1093 moriturus
2964 1041 3317 1114 interrogat:
3355 1046 3491 1100 Ecce

1857 1124 2014 1178 adest
2043 1124 2191 1195 ignis
2217 1129 2273 1179 et
2309 1127 2486 1197 ligna,
2518 1129 2616 1183 ubi
2649 1137 2733 1185 est
2775 1133 2891 1187 ovis
2931 1152 3058 1205 quae
3105 1141 3190 1191 est
3230 1138 3301 1192 ad
3343 1139 3497 1194 victi-

1857 1232 2012 1271 mam
2030 1218 2058 1272 ?
2083 1218 2126 1272 Ο
2152 1221 2571 1290 expectacolum
2598 1223 2835 1295 dignum
2865 1227 3013 1281 Deo!
3044 1244 3076 1283 ο
3100 1228 3371 1287 invictum
3392 1233 3488 1288 de-

1859 1311 2094 1366 votionis
2137 1313 2515 1384 triumphum,
2559 1321 2614 1370 et
2658 1335 2927 1389 magnum
2966 1326 3021 1375 et
3050 1323 3379 1380 inviolabile
3412 1344 3496 1380 sa-

1857 1410 2235 1461 cramentum.
2266 1408 2492 1462 Devotio
2521 1410 2737 1465 dicebat
2768 1429 2781 1465 :
2816 1414 3269 1486 Percute;pietas
3286 1419 3489 1474 clama-

1857 1497 1995 1552 bat:
2044 1501 2231 1553 Parce.
2272 1500 2366 1554 llla
2399 1504 2759 1573 provocabat,
2808 1506 2913 1559 ista
2956 1510 3268 1565 revocabat.
3326 1512 3492 1567 Filius

1856 1596 2049 1645 tamen
2074 1593 2384 1648 moriturus
2403 1595 2645 1665 jacebat,
2676 1614 2789 1652 non
2822 1599 3052 1654 vincolis
3080 1602 3271 1656 arduis
3294 1603 3490 1660 inreti-

1856 1689 1968 1753 tus,
2001 1686 2098 1740 sed
2125 1688 2375 1743 ofﬁcium
2417 1689 2638 1761 pictatis
2683 1691 2934 1749 indutus.
2965 1695 3113 1748 Totis
3160 1712 3297 1768 ergo
3334 1705 3495 1770 pater

1856 1779 2159 1834 visceribus
2212 1782 2269 1835 in
2299 1800 2399 1836 sua
2426 1783 2641 1838 viscera
2671 1786 2940 1841 feriturus
2964 1786 3241 1860 insurgit,
3274 1796 3329 1846 et
3359 1794 3489 1847 nul-

1778 1855 1833 1926 Β
1857 1872 1969 1926 lam
1998 1873 2307 1929 devotionis
2325 1893 2442 1931 sure
2469 1878 2670 1933 afferre
2695 1880 2911 1950 patitur
2932 1855 3274 1953 tarditatem,
3304 1902 3407 1940 nec
3423 1903 3491 1941 ex

1856 1967 2115 2022 tarditate
2145 1969 2389 2040 perdidit
2412 1972 2752 2027 mercedem.
2774 1974 2880 2028 Sed
2911 1991 3036 2029 ecce
3063 1976 3342 2048 divinitas,
3362 1997 3490 2051 quae

1849 2060 2095 2130 jusserat
2138 2067 2202 2116 ut
2234 2062 2447 2131 feriret,
2494 2066 2701 2119 iterum
2749 2066 3012 2122 dicebat:
3062 2070 3250 2139 Parce,
3302 2089 3487 2142 parce,

1857 2153 2061 2225 inquit,
2118 2155 2313 2211 devote
2363 2161 2541 2227 pater,
2596 2176 2783 2229 parce,
2840 2161 3100 2232 religiose
3166 2180 3487 2234 percussor,

1854 2263 2044 2317 parce,
2080 2249 2200 2303 sine
2229 2250 2469 2306 crimine
2500 2252 2794 2322 parricida.
2826 2256 2943 2325 Ego
2988 2255 3167 2310 libens
3204 2257 3489 2313 victimam

1856 2343 2014 2395 tuam
2071 2343 2389 2414 acceptavi;
2444 2349 2638 2399 votum
2686 2362 2803 2400 non
2842 2349 3101 2419 reprobo,
3149 2350 3487 2407 sacriﬁcium

1854 2432 2043 2503 laudo,
2089 2435 2257 2489 fidem
2293 2454 2407 2491 non
2450 2440 2684 2509 repello.
2731 2441 2812 2494 Tu
2844 2439 3075 2512 quidem
3103 2460 3217 2497 non
3243 2446 3489 2515 perimes

1853 2526 2057 2597 filium,
2088 2530 2184 2583 sed
2210 2530 2344 2584 facti
2386 2531 2468 2585 tui
2510 2548 2616 2603 per
2655 2534 2854 2588 saecula
2898 2540 3091 2590 manet
3140 2538 3486 2610 exemplum.

1853 2619 1897 2674 Ο
1922 2621 2147 2691 qualem
2177 2638 2297 2677 rem
2324 2623 2338 2677 l
2368 2640 2471 2679 nec
2502 2625 2652 2680 ﬁlius
2682 2626 2873 2682 timuit
2892 2628 3137 2697 victima,
3176 2646 3281 2685 nec
3329 2635 3491 2702 pater

1852 2712 2113 2769 inventus
2138 2716 2452 2787 parricida:
2481 2720 2755 2789 quoniam
2785 2722 3095 2777 adventum
3136 2723 3355 2779 Domini
3392 2743 3489 2780 no-

1853 2808 1954 2861 stri
1979 2810 2109 2863 Jesu
2135 2810 2340 2865 Christi
2376 2814 2727 2883 expectabat,
2764 2820 2895 2870 ante
2922 2817 3083 2887 cujus
3121 2823 3485 2889 conspectum

1854 2917 2050 2958 omnes
2076 2903 2260 2975 angeli
2288 2907 2458 2977 atque
2488 2907 2832 2979 archangeli.

2252 3010 2377 3060 Item
2403 3012 2717 3063 Contestatio
2733 3013 3080 3065 dominicalis.

1925 3103 2061 3158 Vere
2088 3102 2329 3176 dignum
2368 3110 2424 3161 et
2446 3107 2667 3177 justum
2707 3113 2789 3163 est
2824 3110 3176 3165 credentium
3208 3111 3485 3184 populum

1852 3213 2077 3268 semper
2103 3199 2211 3252 Deo
2240 3199 2426 3255 dicere
2462 3201 2675 3272 laudes,
2718 3207 2774 3257 et
2818 3203 2879 3257 in
2924 3204 3144 3260 Christo
3187 3206 3486 3262 dominicae

1851 3290 2213 3346 sublimitatis
2239 3294 2507 3364 praeferre
2534 3295 2823 3367 virtutem,
2853 3303 2909 3353 et
2937 3298 2996 3353 in
3019 3298 3138 3354 ﬁlio
3163 3299 3485 3356 misericor-

1850 3384 1979 3439 dem
2010 3386 2319 3457 praedicare
2348 3388 2635 3459 pietatem,
2664 3407 2764 3461 per
2783 3408 2956 3463 quem
2993 3397 3197 3449 cuncta
3229 3396 3482 3467 protulit,

1851 3479 2109 3533 universa
2140 3481 2404 3535 restituit.
2436 3482 2664 3537 Sublata
2692 3488 2825 3538 sunt
2851 3486 3043 3540 omnia
3080 3504 3208 3558 quas
3236 3489 3484 3560 prophe-

1850 3572 1974 3626 ticis
1999 3573 2228 3628 vocibus
2254 3579 2361 3628 ate
2388 3576 2784 3631 mandaveras:
2816 3580 3067 3648 perfecta
3094 3585 3227 3635 sunt
3261 3587 3483 3649 cuncta,

1849 3682 1977 3737 qua:
2006 3667 2074 3721 de
2116 3667 2359 3722 adventu
2402 3673 2516 3724 tua:
2555 3670 2910 3725 sublimitatis
2950 3678 3080 3728 ante
3118 3675 3485 3745 praedixeras.

1849 3760 1928 3813 Tu
1960 3777 2017 3814 es
2046 3760 2154 3815 Leo
2180 3761 2248 3815 de
2272 3761 2424 3816 tribu
2449 3763 2593 3817 Juda
2628 3761 2788 3817 fortis
2813 3764 2873 3819 in
2902 3766 3099 3837 prcelio
3116 3784 3133 3836 ;
3168 3771 3230 3821 tu
3270 3769 3487 3824 catulus
3594 3756 3597 3761 ’

1848 3851 2027 3907 leonis
2055 3870 2357 3926 resurgens
2382 3855 2556 3911 victor
2581 3875 2613 3911 a
2652 3858 2928 3928 mortuis;
2976 3863 3038 3914 tu
3083 3876 3250 3915 verus
3305 3878 3488 3934 agnus

1852 3947 1967 4016 Dei,
1990 3947 2084 4001 diu
2115 3949 2387 4019 quaesitus
2413 3950 2482 4004 ad
2501 3950 2808 4021 victimam,
2838 3969 2940 4024 per
2964 3954 3124 4025 cujus
3150 3955 3490 4027 sanguinem

1849 4041 2071 4111 placata
2099 4046 2234 4097 sunt
2259 4044 2479 4113 omnia;
2506 4050 2565 4099 tu
2597 4045 2740 4116 lapis
2762 4047 3052 4117 angularis
3079 4047 3490 4105 mdificantibus

1850 4139 2093 4207 spretus,
2123 4135 2181 4190 id
2212 4137 2471 4192 Ecclesiae
2507 4139 2688 4211 capite
2732 4140 3093 4210 constitutus,
3140 4142 3489 4199 admirabilis

1848 4229 2210 4299 postmodum
2238 4230 2487 4287 effectus.
2520 4233 2602 4287 Tu
2631 4235 2888 4289 sacerdos
2925 4236 3176 4291 excelsus
3224 4242 3280 4291 et
3321 4254 3488 4293 verus

1851 4322 2128 4377 minister.
2152 4324 2233 4378 Tu
2265 4324 2422 4396 virga
2447 4325 2514 4380 de
2542 4326 2729 4381 radice
2757 4329 2907 4383 Jesse
2938 4330 3173 4401 prolata.
3204 4330 3285 4384 Tu
3337 4336 3485 4387 tem-

1849 4416 2011 4487 plum
2037 4433 2253 4485 verum,
2293 4420 2447 4490 quod
2488 4436 2590 4490 pro
2626 4426 2816 4475 nostra
2850 4421 3200 4477 redemtione
3243 4430 3486 4493 prostra-

1849 4514 1973 4563 tum
2002 4514 2105 4565 est.
2132 4512 2214 4565 Tu
2233 4518 2360 4582 post
2378 4512 2633 4567 triduum
2659 4529 2960 4585 resurgens
2987 4514 3145 4568 vivus
3162 4530 3195 4568 a
3220 4518 3481 4575 mortuis.

1730 4605 1826 4677 'D
1848 4605 1929 4658 Tu
1959 4604 2138 4675 igitur
2164 4605 2223 4658 in
2251 4606 2363 4659 Noe
2398 4607 2584 4659 rector
2612 4622 2777 4674 arcae,
2820 4623 2935 4660 non
2980 4607 3161 4661 solum
3210 4609 3342 4681 Noe,
3386 4613 3483 4668 sed

1850 4697 2104 4751 Ecclesiae
2145 4697 2511 4768 gubernator.
2567 4700 2624 4752 In
2669 4698 2954 4753 Abraham
3000 4699 3359 4759 ﬁdelissimus
3389 4723 3484 4777 pa-

1850 4790 2109 4860 triarcha,
2134 4790 2193 4844 in
2215 4791 2360 4845 Isaac
2379 4790 2778 4862 gloriosissima
2793 4791 2974 4846 hostia
3001 4794 3196 4865 patris,
3234 4795 3293 4852 in
3311 4799 3479 4855 Jacob

1848 4900 2090 4939 summae
2124 4884 2412 4955 patientiae
2438 4883 2726 4956 magister,
2759 4884 2817 4938 in
2851 4885 3056 4957 Ioseph
3082 4889 3483 4950 misericordia:

1846 4978 2201 5050 praedicator,
2245 4978 2304 5032 in
2348 4978 2531 5049 Moyse
2566 4977 2861 5033 laudabilis
2899 4979 3035 5047 dux,
3076 4981 3137 5035 in
3186 4984 3353 5040 David
3390 5005 3484 5058 pa-

1846 5072 2093 5127 triarcha
2144 5072 2465 5144 praeclarus,
2510 5072 2569 5127 in
2611 5072 2915 5128 Salomone
2963 5074 3480 5136 abundantissimus

1845 5166 1971 5221 fons
1996 5167 2285 5237 sapientiae
2316 5167 2376 5223 in
2407 5166 2540 5221 Isaia
2559 5172 2753 5223 auctor
2772 5168 3029 5223 omnium
3052 5170 3478 5245 prOphetarum,

1846 5259 1907 5316 in
1944 5261 2197 5317 Johanne
2249 5261 2469 5333 primus
2513 5261 2775 5333 baptista,
2820 5262 2880 5317 in
2934 5264 3215 5336 Stephano
3265 5265 3482 5338 primus

1848 5359 2081 5427 martyr,
2129 5356 2187 5409 in
2217 5356 2379 5410 Petro
2405 5356 2739 5425 negantium
2766 5356 2923 5426 ﬁdes,
2956 5357 3015 5411 in
3040 5359 3213 5413 Paulo
3241 5360 3484 5431 Spiritus

1847 5454 2072 5504 sanctus
2088 5448 2410 5504 Paraclitus.
2429 5450 2588 5513 Quod
2609 5450 2811 5504 merito
2830 5451 2950 5519 tibi,
2978 5452 3232 5525 Domine,
3253 5455 3481 5512 conlau-

1846 5544 1981 5598 dant
2007 5560 2177 5615 opera
2202 5543 2316 5611 illa,
2346 5543 2549 5614 viginti
2576 5549 2818 5615 quatuor
2844 5544 3110 5614 seniores,
3144 5552 3201 5603 et
3241 5554 3485 5622 quatuor

1845 5636 2110 5692 animalia
2132 5654 2295 5692 senas
2318 5637 2433 5691 alas
2459 5637 2753 5708 liabentes,
2784 5637 3033 5693 dicentes
3058 5656 3071 5694 :
3102 5640 3355 5698 Sanctus.

1846 5762 2503 5907 prxgozittigitejymboli,
2543 5781 2675 5837 pag.
2731 5767 2833 5821 313
2880 5764 3012 5838 (hui.
3062 5767 3192 5825 edit.
3234 5770 3333 5826 col.
3374 5770 3477 5827 490
