4006 6228
484 406 585 465 559

875 517 1001 567 ltem
1033 514 1346 567 Contestatio
1371 513 1714 563 dominicalis.

553 592 692 646 Vere
713 589 955 661 dignum
984 593 1040 642 et
1067 588 1287 658 justum
1329 590 1432 649 est,
1477 586 1838 657 omnipotens
1876 585 2115 641 verbum

481 683 733 738 veritatis
754 686 810 737 et
834 682 1030 736 lumen
1067 678 1352 733 claritatis.
1394 678 1577 733 Gloria
1613 678 1675 733 in
1708 678 1938 733 excelsis
1973 680 2110 745 Deo,

480 781 537 831 et
566 777 626 831 in
656 782 805 831 terra
837 791 951 846 pax
978 772 1304 827 hominibus
1327 771 1490 826 bona:
1530 770 1850 839 voluntatis,
1900 772 2011 841 die,
2052 772 2114 826 in

480 887 596 943 qua
622 874 789 924 natus
814 874 897 922 est
917 865 1203 921 Dominus.
1236 865 1332 920 Die
1359 871 1548 920 sancto
1575 865 1869 921 Dominico
1900 865 2110 937 baptis-

480 980 642 1018 mum
670 960 940 1016 introivit.
973 959 1069 1014 Die
1093 963 1287 1013 sancto
1324 958 1613 1013 Dominico
1642 958 1950 1014 resurrexit
2000 960 2111 1012 Do-

481 1056 693 1110 minus.
722 1054 822 1109 Die
852 1057 1040 1107 sancto
1070 1052 1361 1107 Dominico
1390 1052 1522 1107 fecit
1545 1052 1827 1107 mirabilia
1867 1052 1927 1106 in
1965 1052 2115 1106 Cana

480 1148 726 1217 Galileae,
754 1163 928 1219 aquas
952 1146 1013 1200 in
1040 1146 1168 1200 vina
1202 1146 1496 1201 convertit.
1541 1146 1639 1200 Die
1680 1150 1872 1200 sancto
1919 1145 2111 1200 Domi-

480 1242 607 1296 nico
633 1242 702 1296 de
727 1240 980 1312 quinque
999 1238 1243 1311 panibus
1269 1244 1326 1294 et
1350 1239 1569 1293 duobus
1594 1239 1843 1310 piscibus
1862 1239 2114 1310 quinque

479 1334 660 1390 millia
678 1334 977 1389 hominum
999 1332 1168 1404 pavit.
1195 1333 1291 1387 Die
1319 1338 1509 1387 sancto
1535 1333 1825 1387 Dominico
1844 1333 2113 1387 siccatum

480 1434 565 1484 est
588 1445 743 1483 mare
768 1432 899 1482 ante
919 1426 1196 1497 populum
1221 1426 1444 1497 Moysis.
1474 1426 1573 1481 Die
1602 1429 1794 1481 sancto
1823 1426 2114 1480 Dominico

480 1523 772 1577 ordinatus
810 1517 1142 1576 estPetrus"
1168 1520 1478 1574 secundum
1522 1520 1817 1590 Apostolus
1859 1520 1917 1574 in
1960 1520 2115 1574 Novo

481 1617 859 1672 Testamento.
916 1614 1014 1667 Die
1073 1616 1264 1667 sancto
1322 1612 1610 1667 Dominico
1667 1629 1824 1668 mare
1880 1613 2116 1684 pedibus

480 1708 806 1763 ambulavit.
857 1706 954 1760 Die
1001 1709 1194 1761 sancto
1238 1706 1527 1760 Dominico
1572 1706 1818 1777 respexit
1856 1706 1914 1760 in
1967 1709 2117 1761 terra

482 1801 805 1873 Babylonis,
832 1805 889 1855 et
922 1800 1060 1854 vidit
1092 1805 1208 1854 tres
1244 1786 1495 1855 civitates
1532 1800 1813 1870 ardentes,
1855 1816 1973 1855 una
2008 1801 2112 1853 Ba-

1361 402 1695 464 APPENDIX
1733 405 1822 462 AD
1858 406 2081 463 orem
2118 406 2173 462 s.
2212 404 2513 463 GERMANI
2550 392 2978 465 PARISIENSIS.

3742 405 3847 459 56l

2135 525 2195 599 Α
2217 514 2467 587 gaudens
2504 515 2732 587 propria
2768 514 3064 570 reduceret
3101 513 3173 567 ad
3220 513 3361 580 loca,
3403 511 3486 567 ita
3526 510 3859 583 principem

2212 612 2468 663 nostrum
2506 624 2731 680 semper
2774 608 3045 663 victorem
3078 610 3272 662 contra
3310 610 3544 661 cunctos
3584 605 3856 659 adversa-

2212 701 2327 755 rios
2352 701 2612 769 vivitlcet,
2660 702 2878 755 salvum
2915 706 3159 769 tueatur,
3200 702 3491 755 conservet
3536 698 3852 753 inlaesum:

2213 794 2312 867 qui
2340 794 2745 850 Melchisedech
2772 800 2829 849 et
2853 794 3142 849 Abraham
3169 797 3381 848 esterno
3420 797 3682 863 tempore
3723 790 3855 846 feli-

2213 887 2352 943 citer
2376 904 2614 960 regnare
2642 886 2807 960 [fecit]
2843 886 2901 941 in
2926 888 3227 942 mundum.
3257 888 3365 942 Per
3391 886 3727 941 Dominum.

2287 1052 2519 1108 Domine
2558 1054 2705 1107 Deus
2755 980 3165 1124 0111;153:312?
3199 1052 3298 1123 qui
3346 1068 3449 1124 per
3514 1050 3856 1123 sapientiam

2212 1146 2681 1216 inasstimabilem,
2724 1163 2838 1218 qua
2895 1146 2971 1201 ita
3035 1145 3358 1218 disposuisti
3419 1145 3724 1211 mundum,
3790 1147 3859 1198 ut

2211 1240 2424 1312 absque
2454 1240 2685 1311 regibus
2713 1244 2770 1295 et
2804 1239 3157 1311 principibus
3176 1239 3334 1294 nulla
3353 1255 3483 1293 cum
3504 1254 3645 1310 pace
3664 1237 3854 1293 subsi-

2214 1336 2426 1389 sterent
2450 1333 2769 1388 climactera
2786 1332 2999 1402 saeculi,
3022 1332 3291 1404 quatinus
3309 1332 3591 1388 bonorum
3611 1331 3857 1386 ﬂorente

2206 1426 2447 1498 justitia,
2489 1431 2689 1481 cuncta
2711 1426 2942 1481 subacta
2977 1426 3330 1481 tabescerent
3375 1426 3725 1497 perﬁdorum
3758 1440 3857 1480 ne—

2215 1520 2413 1592 quitia.
2446 1520 2623 1589 Unde,
2659 1519 2911 1589 Domine,
2940 1525 2995 1574 te
3033 1519 3313 1591 supplices
3351 1519 3743 1591 deprecamur,
3782 1518 3853 1572 ti-

2214 1614 2383 1685 bique
2412 1613 2627 1668 devotis
2652 1613 2939 1668 mentibus
2974 1612 3035 1667 in
3069 1613 3173 1667 hac
3208 1612 3297 1667 die
3331 1612 3622 1668 fundimus
3660 1627 3860 1684 preces

2212 1723 2321 1779 pro
2347 1706 2496 1761 ﬁdeli
2523 1706 2742 1761 famulo
2762 1710 2860 1761 tuo
2885 1706 3145 1778 principe
3172 1710 3368 1761 nostro
3393 1706 3476 1761 ill.
3536 1711 3705 1778 atque
3748 1722 3859 1776 pro

2216 1800 2477 1855 universo
2503 1801 2757 1855 exercitu
2778 1799 2952 1855 illius.
2972 1801 3051 1855 Ita
3074 1816 3228 1868 eum,
3259 1800 3514 1869 Domine,
3537 1816 3642 1871 per
3665 1799 3863 1853 dexte-

480 1895 639 1964 billa,
661 1894 905 1949 secunda
939 1893 1258 1964 Babylonis,
1288 1894 1454 1947 tertia
1495 1893 1874 1964 Landoglado.
1907 1892 2119 1947 Babilla
2137 1896 2195 1968 B
2218 1910 2341 1949 ram
2368 1893 2591 1948 virtutis
2611 1897 2722 1948 tua:
2751 1899 2946 1948 contra
2987 1909 3185 1950 omnes
3227 1892 3575 1948 adversarios
3628 1907 3862 1962 semper

482 1987 692 2043 cedunt
730 1987 899 2058 pedes
926 1991 1315 2058 peccatorum;
1368 1986 1663 2057 Babylonis
1701 1987 1909 2041 cedunt
1945 1987 2117 2058 pedes

481 2082 919 2149 fornicatorum;
948 2079 1305 2150 Landoglado
1344 2080 1554 2135 cedunt
1581 2080 1681 2151 qui
1724 2081 2119 2153 contradicunt

481 2175 652 2231 verbo
697 2174 935 2229 Domini.
1006 2172 1083 2227 lbi
1135 2178 1295 2227 sonat
1341 2189 1467 2227 ossa
1511 2174 1809 2246 morigena
1859 2179 2113 2246 peccato-

482 2286 615 2325 rum
643 2269 692 2335 ι),
721 2271 779 2322 et
803 2267 1026 2339 linguas
1065 2266 1269 2321 aridas.
1306 2267 1511 2322 Omnia
1539 2284 1915 2340 quaecumque
1944 2268 2118 2323 voluit

482 2364 758 2419 Dominus
793 2360 923 2415 fecit
970 2360 1028 2414 in
1073 2361 1209 2414 cmlo
1247 2364 1305 2416 et
1339 2361 1401 2415 in
1439 2366 1609 2431 terra,
1666 2362 1723 2415 in
1767 2361 1911 2416 mari
1956 2368 2012 2417 et
2057 2362 2115 2416 in

482 2456 715 2528 abyssis.
732 2453 1027 2510 Descendit
1050 2453 1122 2508 ad
1148 2454 1439 2509 infernum
1464 2460 1521 2510 et
1540 2455 1742 2510 exinde
1771 2455 1903 2509 tulit
1917 2455 2112 2535 Adam,

485 2556 543 2606 et
569 2548 774 2604 direxit
798 2563 931 2602 eum
974 2547 1035 2601 in
1066 2546 1410 2618 paradisum,
1441 2552 1498 2603 et
1542 2548 1791 2603 restituit
1834 2565 1967 2602 eum
2004 2565 2119 2603 una

485 2660 618 2699 cum
653 2640 1009 2715 patriarchis.
1052 2640 1246 2695 Merito
1277 2641 1400 2709 tibi,
1443 2642 1701 2713 Domine,
1738 2641 1924 2697 omnis
1965 2646 2119 2698 terra

485 2737 682 2793 adorat
711 2740 766 2790 te
790 2740 847 2791 et
873 2734 1192 2789 confitetur.

860 2824 988 2874 Item
1013 2821 1326 2874 Contestatio
1355 2822 1681 2874 dominicalis
1702 2836 1742 2873 ο.

557 2908 696 2962 Vere
723 2906 963 2978 dignum
994 2909 1050 2958 et
1066 2904 1290 2975 justum
1318 2908 1421 2973 est,
1454 2904 1813 2976 omnipotens
1863 2906 2029 2976 Deus,
2064 2909 2120 2961 te

485 3002 823 3073 angelorum
848 3004 1041 3071 aptare
1070 2997 1201 3053 licet
1228 2997 1322 3051 illa
1349 2998 1409 3052 in
1436 2998 1772 3069 caelestibus,
1804 3002 1859 3055 te
1889 3000 1949 3054 in
1986 3016 2118 3071 per-

485 3095 635 3152 sonis
661 3095 897 3161 trinum,
928 3108 1111 3147 unum
1141 3091 1318 3146 Deum
1368 3090 1425 3145 in
1467 3091 1737 3148 Trinitate
1781 3093 1901 3148 sine
1952 3110 2122 3148 cessa-

482 3190 635 3247 tione
660 3186 1063 3243 conlaudantes
1093 3185 1502 3240 demonstrant.
1539 3185 1647 3241 Sed
1681 3192 1870 3241 nostra
1899 3186 2120 3259 exigui-

2216 2004 2334 2043 esse
2352 1988 2554 2059 jubeas
2578 2004 2709 2043 cum
2730 1986 3036 2058 triumphis
3061 1987 3354 2057 victorem,
3382 1986 3529 2041 sicut
3566 1986 3861 2058 quondam

2215 2081 2517 2137 auxiliatus
2543 2098 2602 2137 es
2637 2081 2828 2153 Moysi,
2853 2081 2992 2136 dum
3017 2081 3284 2137 adversus
3308 2080 3568 2136 inimicos
3593 2096 3720 2136 suos
3776 2080 3864 2134 di-

2217 2175 2449 2246 micans,
2481 2177 2599 2230 Hur
2623 2174 2855 2231 brachia
2880 2175 3030 2230 illius
3065 2178 3406 2230 sustentaret
3432 2190 3611 2246 usque
3635 2174 3704 2229 ad
3724 2189 3859 2228 ves-

2216 2286 2412 2341 peram
2432 2287 2449 2339 ;
2468 2270 2675 2341 illeque
2699 2269 2918 2324 lumina
2941 2269 3130 2324 levans
3153 2269 3224 2323 ad
3242 2269 3429 2336 caelos,
3463 2284 3593 2323 mox
3621 2272 3677 2322 te
3696 2266 3864 2322 auxi—

2214 2363 2407 2433 liante,
2438 2363 2696 2431 Domine,
2741 2379 2921 2435 usque
2959 2363 3031 2419 ad
3057 2362 3506 2417 internecionem
3548 2377 3677 2416 suos
3715 2377 3853 2432 per—

2218 2455 2391 2511 cussit
2408 2460 2578 2528 atque
2604 2457 2908 2527 prostravit
2936 2457 3305 2511 adversarios.
3349 2454 3589 2510 Proinde
3626 2458 3701 2522 te,
3741 2454 3860 2508 Do-

2219 2549 2392 2619 mine,
2421 2550 2660 2605 subnixe
2688 2549 3063 2622 deposcimus,
3084 2554 3150 2605 ut
3171 2549 3359 2604 taliter
3381 2548 3645 2621 princeps
3664 2552 3868 2603 noster

2218 2644 2279 2698 in
2308 2644 2524 2698 cunctis
2551 2649 2651 2699 tuo
2671 2644 2891 2715 jugiter
2915 2643 3093 2699 fultus
3115 2642 3350 2711 auxilio,
3386 2642 3715 2697 innumeros
3754 2656 3868 2714 per

2217 2754 2395 2793 annos
2422 2737 2661 2793 feliciter
2684 2737 2871 2809 vigeat
2898 2738 2958 2792 in
2981 2754 3179 2809 regno.
3204 2738 3309 2791 Per
3332 2736 3658 2791 Dominum.

2842 2831 2962 2880 Post
2984 2829 3214 2880 nomina.

2292 2913 2627 2968 Dominator
2665 2911 2920 2979 Domine,
2948 2913 3047 2983 qui
3084 2910 3412 2983 superstites
3450 2912 3619 2980 atque
3662 2906 3869 2962 defun-

2221 3013 2359 3077 ctos,
2404 3005 2547 3061 sicut
2584 3005 2849 3072 volueris,
2891 3004 3207 3060 misericors
3246 3009 3345 3058 tuo
3389 3007 3546 3057 tenes
3590 3001 3649 3055 in
3690 3004 3863 3068 nutu,

2219 3101 2412 3155 adesto
2452 3098 2717 3171 precibus
2760 3099 2969 3154 nostris
2981 3116 2998 3167 ;
3046 3103 3110 3152 ut
3150 3098 3485 3153 Sanctorum
3536 3093 3871 3149 nominibus

2223 3194 2532 3263 recensitis,
2555 3193 2782 3248 illorum
2805 3193 3025 3247 meritis
3049 3192 3137 3263 adj
3147 3207 3404 3259 uvemur,
3433 3194 3601 3261 atque
3630 3188 3753 3242 haec
3777 3203 3874 3240 sa-

484 3288 590 3352 tas,
617 3279 903 3352 terrigeno
929 3280 1159 3351 PUlVel‘e
1184 3278 1576 3351 Circumsepta,
1608 3281 1891 3352 quomodo
1919 3281 2126 3353 poterit
2144 3271 2200 3346 Ο
2224 3288 2450 3358 criﬁcia,
2477 3303 2606 3359 qua:
2635 3287 2737 3341 tibi
2761 3286 3072 3356 offerimus,
3101 3289 3159 3340 et
3201 3284 3517 3339 viventibus
3556 3280 3875 3355 proficiant

486 3377 557 3432 de
575 3374 688 3430 tuis
717 3371 1092 3429 ineffabilibus
1119 3372 1405 3443 operibus,
1435 3372 1619 3428 saltim
1647 3374 2009 3445 paucissima,
2063 3374 2122 3429 in

485 3468 681 3526 laudes
711 3483 975 3541 promere
1000 3467 1212 3522 verba?
1247 3467 1562 3538 praesertim
1605 3484 1736 3522 cum
1773 3469 1977 3523 caelum
2019 3467 2123 3523 tibi

486 3562 648 3619 sedes
673 3562 763 3625 sit,
793 3566 942 3616 terra
966 3564 1157 3615 autem
1193 3560 1499 3615 scabellum
1528 3561 1739 3633 pedum
1772 3564 2037 3631 tuorum;
2068 3564 2126 3616 et

486 3657 689 3713 cuncta
716 3654 957 3709 visibilia
984 3659 1039 3709 et
1063 3653 1363 3709 invisibilia
1381 3653 1599 3727 pugillo
1627 3654 1988 3725 concludens,
2016 3671 2121 3726 po-

485 3749 609 3806 lum
633 3749 817 3822 reples
842 3753 1167 3804 sanctorum
1195 3748 1533 3819 angelorum
1569 3748 1823 3819 catervis,
1864 3748 2123 3803 tellurem

485 3861 591 3919 per
616 3844 824 3916 gradus
850 3843 1150 3898 hominum
1178 3841 1404 3897 locatim
1434 3842 1685 3914 disponis
1730 3842 1987 3897 mirifice.
2034 3843 2125 3898 Sic

485 3955 735 4010 namque
778 3942 833 3993 te
875 3936 1172 3992 ordinante
1211 3936 1416 4008 regalis
1454 3936 1705 4008 potentia
1737 3935 2122 4008 principatum

489 4033 638 4106 gerit
660 4032 719 4086 in
748 4031 982 4102 mundo,
1004 4030 1274 4103 quatinus
1300 4030 1360 4085 in
1387 4030 1603 4085 cunctis
1624 4036 1678 4085 te
1715 4031 1894 4085 Deum
1930 4031 2123 4085 Domi-

485 4142 631 4183 num
656 4130 711 4180 et
741 4125 1137 4181 auxiliatorem
1167 4141 1336 4179 suum
1374 4140 1598 4196 semper
1639 4140 1758 4179 esse
1805 4129 2121 4195 cognoscat.

485 4218 749 4288 Proinde,
788 4218 1045 4285 Domine,
1092 4216 1332 4273 subnixa
1379 4217 1757 4288 deposcimus,
1804 4223 1867 4273 ut
1908 4218 2127 4289 prolixa

488 4330 594 4387 per
607 4315 863 4386 tempora
878 4313 982 4369 isto
997 4309 1055 4367 in
1077 4312 1280 4367 szeculo
1304 4310 1538 4384 paciﬁce
1558 4317 1613 4366 et
1627 4310 1867 4365 feliciter
1885 4311 2126 4384 principi

488 4410 683 4466 nostro
726 4407 995 4463 concedas
1035 4421 1298 4477 regnare,
1338 4409 1396 4459 et
1433 4404 1771 4477 quandoque
1804 4411 1931 4478 post
1956 4423 2130 4462 anno-

487 4518 623 4560 rum
648 4503 829 4558 multa
858 4499 1137 4556 curricula
1161 4504 1407 4569 peracta,
1436 4502 1624 4554 tecum
1644 4503 1855 4555 aeterno
1884 4506 2041 4572 aptes
2068 4500 2129 4557 in

2221 3383 2293 3441 ad
2345 3367 2610 3450 salutem,
2652 3383 2710 3436 et
2760 3379 3041 3435 defunctis
3085 3378 3435 3450 opitulentur
3480 3377 3551 3431 ad
3600 3374 3879 3447 requiem

2223 3479 2516 3530 aeternam.
2553 3474 2646 3529 His
2681 3474 2869 3528 inlatis
2906 3472 3239 3529 muneribus
3280 3471 3544 3543 princeps
3584 3473 3775 3524 noster
3803 3472 3881 3524 et

2221 3569 2517 3624 universus
2545 3568 2823 3623 exercitus
2852 3567 3005 3621 illius
3039 3566 3098 3621 in
3133 3566 3397 3621 omnibus
3423 3564 3599 3620 victor
3623 3578 3727 3634 ope
3754 3578 3880 3634 po-

2221 3663 2397 3718 tiatur
2418 3662 2609 3717 divina
2633 3661 3068 3733 deprecantibus
3091 3660 3276 3715 nobis.
3300 3660 3367 3713 Et
3378 3658 3521 3713 sicut
3546 3657 3679 3712 olim
3692 3656 3884 3714 Iosue

2223 3757 2361 3811 dum
2390 3756 2595 3827 septies
2620 3772 2753 3810 cum
2781 3754 2930 3810 tubis
2959 3754 3169 3809 moenia
3197 3753 3397 3808 circuit
3427 3751 3662 3821 Hierico,
3682 3766 3882 3806 ruen-

2222 3851 2374 3906 tibus
2403 3849 2583 3904 muris
2608 3849 2735 3904 ilico
2762 3848 3052 3904 victoriam
3081 3848 3231 3919 cepit
3270 3847 3340 3902 de
3392 3846 3561 3914 urbe;
3604 3845 3698 3913 ita,
3750 3843 3883 3899 Do-

2224 3944 2378 3999 mine
2404 3943 2767 4015 omnipotens
2806 3943 2974 4012 Deus,
3019 3945 3246 3997 orantes
3290 3939 3665 4012 deposcimus,
3705 3943 3774 3994 ut
3823 3940 3887 3995 si

2225 4039 2325 4111 qui
2351 4038 2599 4093 fortassis
2625 4037 2808 4092 conati
2834 4037 3050 4092 fuerint
3079 4035 3352 4108 principis
3377 4032 3556 4089 nostri
3585 4030 3887 4091 contraire

2225 4131 2499 4203 imperiis,
2546 4131 2650 4186 sub
2677 4130 2919 4203 pedibus
2947 4130 3099 4185 illius
3123 4129 3416 4185 tabescant
3451 4126 3691 4183 feliciter
3725 4141 3885 4199 pro-

2227 4225 2404 4281 strati.
2434 4226 2660 4293 Prassta,
2692 4225 2837 4280 Deus
2864 4224 3241 4295 omnipotens.

2882 4312 2960 4363 Ad
3004 4326 3208 4377 pacem.

2298 4395 2566 4451 Mediator
2613 4394 2736 4450 caeli
2784 4400 2841 4450 et
2880 4397 3068 4460 terras,
3114 4393 3472 4464 omnipotens
3520 4390 3665 4446 Deus
3706 4390 3886 4446 Iesus

2228 4489 2500 4556 Christus,
2536 4489 2633 4561 qui
2664 4492 2862 4560 pacata
2888 4493 3058 4559 atque
3086 4486 3319 4559 paciﬁca
3348 4484 3651 4540 hominum

488 4614 669 4669 regno
688 4613 791 4669 per
809 4593 1112 4649 Dominum
1131 4597 1388 4648 nostrum
1405 4594 1596 4648 Jesum
1615 4593 1903 4649 Christum
1926 4595 2127 4652 Filium
2148 4649 2203 4669 ,η
2229 4583 2417 4652 corda;
2448 4587 2503 4638 te
2530 4583 2809 4654 supplices
2837 4583 3211 4653 deprecamur
3224 4598 3240 4651 ἱ
3279 4585 3346 4635 υἱ
3378 4596 3488 4652 P3X
3524 4578 3639 4649 illa:
3689 4594 3882 4649 quam

488 4696 675 4761 tuum,
704 4690 797 4745 cui
820 4687 1023 4743 merito
1047 4702 1242 4742 omnes
1270 4687 1490 4760 Angeli,
1521 4692 1627 4744 etc.

954 4792 1115 4834 MISSA
1155 4793 1260 4834 PRO
1301 4794 1557 4834 rumores
1594 4778 1642 4834 ἀ.

565 4858 780 4932 Regem
807 4874 1030 4931 regum,
1059 4862 1230 4932 atque
1258 4862 1593 4914 cunctorum
1621 4860 1988 4930 regnantium
2029 4861 2128 4916 Do-

489 4954 715 5013 minum
745 4955 923 5010 Deum
946 4953 1419 5026 omnipotentem,
1446 4953 1550 5007 sub
1575 4954 1738 5024 cujus
1766 4959 1909 5009 nutu
1938 4959 1993 5010 et
2022 4955 2130 5010 vir-

490 5053 611 5106 tute
643 5048 899 5104 universa
924 5062 1101 5121 regna
1117 5053 1400 5103 terrarum
1424 5046 1517 5119 pia
1536 5047 1928 5103 moderatione
1944 5048 2126 5104 subsi.

491 5148 669 5215 stunt,
696 5145 899 5199 fratres
923 5140 1289 5212 dilectissimi,
1326 5141 1695 5198 unianimiter
1718 5142 2123 5215 deprecemur;

491 5248 558 5299 ut
588 5241 908 5316 principem
932 5244 1192 5297 nostrum
1229 5240 1328 5296 tali
1354 5240 1576 5313 jugiter
1615 5243 1842 5297 tueatur
1893 5242 2124 5313 auxilio,

492 5338 647 5411 quali
666 5338 947 5394 Abraham
969 5336 1255 5409 quondam
1276 5353 1407 5392 cum
1427 5336 1693 5393 trecentis
1713 5337 1907 5393 decem
1924 5343 1980 5393 et
2003 5340 2128 5394 octo

492 5431 809 5488 vernaculis
844 5429 960 5485 suis
992 5431 1061 5485 de
1102 5431 1355 5503 quinque
1401 5430 1631 5503 regibus
1666 5448 1794 5486 cum
1831 5432 2129 5505 phalangis

493 5526 787 5597 prostratis
832 5524 1121 5578 victoriam
1149 5525 1490 5580 referentem
1525 5524 1865 5580 mirabiliter
1901 5526 2131 5583 salvavit

495 5631 625 5673 cum
652 5617 971 5689 triumpho.
1000 5618 1070 5673 Ut
1095 5624 1359 5690 nepotem
1386 5636 1551 5674 suum
1584 5618 1745 5687 Loth,
1782 5620 1838 5672 et
1877 5619 2126 5690 praedam

568 5734 592 5805 _‘
620 5736 707 5790 Sic
734 5734 905 5805 habet
924 5739 1082 5805 vetus
1109 5736 1415 5805 exemplar.

568 5803 597 5843 δ
620 5809 706 5877 An
731 5804 1061 5877 legendum,
1085 5821 1141 5877 os
1176 5803 1500 5874 Aniorrhaai,
1535 5816 1700 5877 genus
1735 5813 2077 5877 peccatorum
2100 5813 2128 5865 ?

532 5944 540 5952 .
568 5886 591 5914 ο
629 5875 872 5928 Hocloco
883 5875 1493 5954 anteponitursecunda
1507 5875 1846 5948 quidem-sed
1860 5880 2129 5952 antiquis»

502 5946 643 6004 sima
661 5958 856 6017 manu,
880 5946 1042 5995 missa
1064 5960 1165 6014 pro
1185 5946 1442 6015 regibus:
1462 5946 1631 6019 quam
1652 5954 1778 6021 post
1797 5946 2126 6025 sequentem

2148 4649 2207 4721 D
2230 4649 2534 4732 tenendam
2707 4649 2986 4747 reliquisti
3014 4649 3307 4747 Apostolis,
3354 4649 3572 4745 jugiter
3615 4688 3889 4744 perseve-

2229 4787 2360 4826 rans
2378 4770 2583 4825 nostris
2607 4770 2794 4842 vigeat
2818 4770 2879 4824 in
2904 4768 3168 4824 cordibus
3191 4786 3204 4824 :
3235 4774 3292 4825 et
3320 4769 3464 4823 sicut
3489 4766 3661 4821 David
3688 4781 3887 4837 quon-

2228 4865 2362 4920 dam
2388 4864 2519 4920 forti
2545 4880 2719 4919 manu
2745 4864 2937 4935 spurio
2966 4879 3232 4935 percusso
3260 4862 3418 4918 Golia
3445 4877 3642 4933 pacem
3686 4858 3885 4916 Saulis

2226 4957 2363 5014 fecit
2385 4956 2447 5013 in
2473 4958 2703 5030 pepulo,
2734 4958 2807 5012 ita
2834 4958 3100 5029 princeps
3124 4962 3383 5013 nosterte
3408 4955 3723 5027 opitulante
3750 4954 3886 5009 uni-

2226 5053 2402 5109 versis
2431 5048 2658 5107 devictis
2685 5051 2937 5123 undique
2965 5051 3228 5123 gentibus
3262 5049 3493 5123 pacifice
3537 5048 3883 5105 innumeros

2228 5163 2332 5220 per
2356 5162 2533 5201 annos
2561 5162 2660 5200 suo
2685 5144 2923 5200 feliciter
2946 5145 3237 5217 splendeat
3260 5145 3323 5199 in
3352 5160 3552 5216 regno.

2852 5246 3184 5298 Contestatio.

2300 5329 2548 5401 Dignum
2576 5335 2631 5385 et
2647 5328 2870 5402 justum
2896 5333 2999 5398 est,
3031 5328 3262 5384 Domine
3302 5321 3449 5383 Deus
3484 5325 3874 5399 omnipotens,

2228 5425 2420 5480 laudes
2463 5442 2665 5481 vocum
2692 5429 3037 5493 nostrarum,
3063 5424 3109 5477 si
3132 5423 3215 5478 fas
3235 5427 3338 5490 est,
3367 5420 3739 5477 concentibus
3770 5436 3872 5475 an-

2230 5520 2485 5591 gelorum
2515 5523 2729 5592 aptare,
2747 5518 2878 5573 licet
2901 5518 2985 5572 illi
3006 5517 3066 5572 in
3093 5516 3409 5573 caelestibus
3435 5521 3489 5572 te
3510 5515 3570 5570 in
3610 5514 3871 5587 personis

2228 5614 2465 5683 trinum,
2510 5631 2687 5670 unum
2728 5612 2905 5667 Deum
2946 5609 3005 5667 in
3056 5610 3345 5667 divinitate
3391 5610 3512 5665 sine
3558 5608 3872 5664 cessatione

2225 5740 2722 5808 Contestationem,
2754 5740 2812 5795 in
2839 5757 2952 5811 qua
2982 5738 3051 5794 de
3071 5755 3205 5811 rege
3230 5736 3442 5811 agitur,
3476 5735 3799 5811 referimus.

2297 5814 2323 5853 ἀ
2360 5814 2517 5867 Hunc
2554 5812 2811 5883 titulum,
2856 5808 2967 5883 qui
2990 5811 3081 5883 in_
3108 5808 3438 5883 exemplari
3471 5809 3667 5883 deest,
3698 5811 3873 5883 agna

2226 5881 2367 5963 alios
2411 5882 2662 5954 ejusdem
2712 5877 2906 5938 miSsae'
2949 5877 3594 5963 ntitnlos'supplevimus.
3650 5879 3713 5933 In
3763 5877 3871 5932 hac

2227 5955 2399 6008 missa
2423 5950 2648 6027 semper
2672 5970 2858 6009 sermo
2884 5958 2967 6009 est
2994 5953 3062 6009 de
3088 5950 3363 6027 principe,
3389 5966 3505 6007 non
3533 5950 3603 6007 de
3632 5964 3797 6027 rege.
