4006 6228
142 395 226 453 filii
778 385 1386 453 SACRAMI‘INTARIL‘M
1426 397 1869 455 GALLICANUM.
1915 429 1979 438 -υ
2022 398 2384 457 LECTIONES
2425 394 2886 460 DUMINlCALES.
3409 391 3508 466 Et}!

138 505 538 566 conlaudantes
570 507 977 566 demonstrent.
1009 509 1118 566 Sed
1165 516 1355 566 nostra
1397 511 1616 570 exilitas
1654 516 1770 566 ter-
1795 523 1853 598 Α
1876 520 1936 572 ut
1956 515 2054 589 qui
2083 521 2214 572 ante
2242 517 2301 572 in
2326 517 2543 572 deserta
2561 520 2618 574 et
2637 519 2792 574 arida
2820 515 3124 576 solitudine
3151 513 3506 590 tenebamur,

137 605 327 676 rigeno
357 605 592 675 pulvere
611 605 1006 677 circumsepta,
1029 605 1313 676 quomodo
1337 606 1544 676 poterit
1563 607 1632 661 de
1660 605 1772 660 tuis

140 697 508 753 ineffabilibus
539 699 802 770 operibus
821 700 1007 753 saltim
1035 699 1395 770 paucissima,
1426 704 1557 765 etc.,
1589 705 1648 754 ut
1677 715 1768 754 su-

135 809 248 865 pra,
277 809 408 864 pag.
439 795 546 848 378
579 792 708 862 (huj.
739 793 870 847 edit.
895 794 995 846 col.
1023 797 1124 847 559
1147 808 1334 847 versus
1375 794 1648 863 medium).

615 902 873 942 LEGENDIS
921 902 1280 942 COTTIDIANIS.

422 965 657 1029 Epistola
690 967 830 1015 Pauli
861 967 1081 1029 apostoli
1115 966 1180 1015 ad
1216 969 1490 1016 Romanos.

207 1038 442 1105 Fratres,
475 1054 616 1108 rogo
651 1055 745 1091 vos
779 1043 841 1094 ut
871 1038 1174 1093 observetis
1210 1055 1305 1093 eos
1333 1039 1434 1110 qui
1473 1039 1774 1094 dissensio-

143 1147 232 1186 nes
257 1135 312 1186 et
335 1131 698 1196 offendicula,
731 1137 939 1202 praeter
967 1132 1283 1186 doctrinam
1313 1149 1484 1204 quam
1511 1149 1605 1186 vos
1625 1133 1774 1188 didi-

141 1225 298 1292 cistis,
331 1225 571 1294 faciunt,
604 1230 658 1281 et
685 1225 958 1280 declinate
986 1227 1054 1279 ab
1092 1226 1220 1281 illis.
1255 1227 1588 1296 Hujusmodi
1621 1227 1775 1282 enim

140 1319 350 1375 Christo
378 1319 619 1374 Domino
647 1323 840 1374 nostro
870 1335 988 1374 non
1014 1319 1286 1388 serviunt,
1319 1321 1414 1375 sed
1443 1337 1544 1374 suo
1573 1320 1774 1390 ventri,

141 1416 192 1468 et
236 1429 335 1484 per
376 1412 574 1466 dulces
625 1429 913 1466 sermones
945 1419 1000 1467 et
1032 1413 1452 1468 benedictiones
1502 1415 1778 1470 seducunt

142 1507 299 1560 corda
324 1506 740 1562 innocentium.
770 1507 965 1561 Vestra
991 1507 1146 1562 enim
1185 1507 1506 1562 obedientia
1536 1507 1594 1562 in
1621 1507 1777 1562 omni

143 1601 254 1656 loco
279 1599 571 1670 divulgata
599 1604 700 1654 est.
733 1600 958 1654 Gaudeo
999 1600 1175 1670 igitur
1211 1600 1269 1654 in
1311 1601 1485 1670 vobis,
1529 1601 1624 1655 sed
1655 1601 1777 1655 volo

141 1710 230 1746 vos
255 1693 536 1764 sapientes
557 1709 676 1747 esse
700 1693 756 1746 in
784 1693 950 1760 bono,
973 1698 1027 1747 et
1054 1693 1332 1764 simplices
1359 1694 1417 1748 in
1450 1694 1617 1748 malo.
1634 1694 1778 1748 Deus

144 1791 325 1840 autem
348 1786 504 1856 pacis
534 1790 788 1840 conteret
813 1787 1053 1841 Satanan
1080 1786 1182 1839 sub
1211 1786 1448 1856 pedibus
1468 1786 1663 1840 vestris
1691 1802 1779 1840 ve-

1873 611 2003 665 vitae
2027 611 2303 682 patefacto
2324 612 2555 666 salutari
2578 612 2800 684 spiritu,
2825 612 2870 667 ri
2879 630 3145 685 garemur
3161 614 3327 669 misso
3347 615 3510 672 nobis

1872 706 2002 760 Jesu
2027 705 2249 760 Christo
2272 706 2407 759 Filio
2438 711 2536 761 tuo
2565 707 2804 760 Domino
2827 709 2959 775 Deo,
2985 710 3137 779 Rege
3159 713 3213 764 et
3233 710 3513 767 Salvatore

1872 802 2083 865 nostro,
2113 798 2209 869 qui
2225 799 2283 854 in
2298 815 2354 854 se
2374 799 2579 854 delicta
2604 805 2793 856 nostra
2817 801 3144 873 suscipiens,
3161 808 3215 857 et
3241 803 3512 876 quicquid

1875 893 2046 947 homo
2074 897 2242 947 antea
2267 899 2616 964 peccaverat,
2643 895 2919 967 sanguine
2948 912 3050 950 suo
3073 897 3330 964 abluens,
3359 897 3512 953 nati-

1873 985 2104 1040 vitatem
2144 1002 2348 1041 novam
2393 989 2748 1043 credentibus
2774 993 2830 1044 et
2867 989 2935 1044 ad
2973 1006 3029 1044 se
3057 991 3512 1063 confugientibus

1876 1079 2140 1151 patefecit
2166 1097 2178 1134 :
2211 1080 2269 1135 in
2295 1081 2455 1150 cujus
2481 1080 2750 1136 ineffabili
2779 1082 2954 1154 gratia
2985 1083 3309 1154 gloriantes,
3347 1101 3507 1156 quae.-

1877 1190 2092 1243 sumus,
2127 1173 2378 1240 Domine,
2400 1176 2467 1227 ut
2487 1178 2696 1229 statuas
2722 1175 2782 1230 in
2806 1176 2895 1230 via
2920 1180 3090 1244 recta,
3119 1195 3259 1250 quos
3286 1178 3509 1236 firmas-

1876 1266 1919 1322 ti
1944 1284 2047 1339 per
2077 1267 2319 1340 gratiam
2342 1283 2446 1339 per
2481 1267 2769 1323 Christum
2794 1270 3097 1326 Dominum
3124 1276 3402 1328 nostrum.

2523 1378 2682 1417 MISSA
2725 1379 2868 1420 ΑΗΔ.

2282 1440 2510 1503 Epistola
2535 1441 2772 1503 Apostoli
2797 1442 2860 1490 ad
2886 1443 3103 1491 Galatas.

1950 1513 2188 1578 Fratres,
2215 1529 2412 1566 omnes
2438 1529 2539 1566 nos
2563 1512 2908 1567 manifestari
2936 1517 3159 1585 Oportet
3187 1520 3315 1570 ante
3341 1517 3519 1572 tribu-

1877 1604 1971 1658 nal
1992 1605 2218 1672 Christi,
2251 1610 2313 1659 ut
2339 1605 2546 1659 referat
2573 1605 2964 1678 unusquisque
2991 1607 3222 1678 propria
3267 1609 3516 1680 corporis

1878 1698 1964 1751 sui
1984 1702 2153 1768 prout
2179 1699 2370 1768 gessit,
2401 1699 2515 1752 sive
2540 1699 2774 1765 bonum,
2800 1700 2914 1753 sive
2946 1700 3182 1755 malum'.
3212 1702 3512 1766 Quaecum-

1877 1807 1988 1861 que
2009 1791 2161 1845 enim
2187 1791 2550 1846 seminaverit
2577 1793 2770 1862 homo,
2795 1793 2915 1847 hinc
2943 1799 2997 1848 et
3015 1799 3221 1848 metet:
3247 1795 3518 1866 quoniam

144 1880 347 1936 lociter.
376 1879 566 1933 Gratia
597 1879 819 1933 Domini
859 1880 1036 1933 nostri
1076 1881 1203 1934 Jesu
1239 1880 1443 1934 Christi
1471 1879 1777 1934 vobiscum.
1802 1893 1858 1965 Β
1882 1885 1980 1954 qui
2006 1885 2246 1938 seminat
2275 1885 2333 1938 in
2359 1901 2546 1945 carne,
2581 1885 2650 1939 de
2688 1903 2856 1940 carne
2901 1891 2956 1940 et
2995 1891 3171 1942 metet
3199 1889 3517 1958 corruptio-

362 1972 542 2022 Lectio
573 1971 738 2022 sancti
767 1972 1035 2034 Evangelii
1063 1972 1352 2022 secundum
1381 1975 1587 2023 Lucam.

213 2057 270 2108 ln
299 2054 390 2108 illo
424 2058 706 2124 tempore,
737 2053 954 2107 factum
1005 2057 1088 2107 est
1127 2070 1240 2107 una
1284 2054 1507 2108 dierum
1555 2053 1784 2108 sedebat

143 2150 289 2203 Jesus
335 2148 564 2214 docens,
619 2150 675 2200 et
723 2151 888 2200 erant
929 2145 1196 2200 Pharisaei
1235 2147 1511 2213 sedentes,
1559 2152 1615 2202 et
1640 2147 1781 2218 legis

145 2242 388 2296 doctores
416 2241 515 2312 qui
545 2244 817 2294 venerant
843 2256 910 2293 ex
933 2240 1088 2295 omni
1110 2241 1336 2294 castello
1356 2240 1578 2294 Galileae
1603 2246 1657 2295 et
1682 2243 1778 2295 Ju-

147 2335 224 2390 da:
247 2338 300 2389 et
323 2335 664 2400 Jerusalem,
694 2338 750 2389 et
778 2333 954 2388 virtus
981 2338 1102 2388 erat
1128 2333 1352 2388 Domini
1378 2334 1446 2388 ad
1469 2333 1781 2388 sanandum

149 2445 250 2484 eos.
279 2431 345 2483 Et
391 2445 520 2484 ecce
566 2429 670 2482 viri
717 2431 1005 2499 portantes
1049 2426 1340 2482 hominem
1379 2427 1438 2482 in
1472 2428 1633 2491 lecto,
1683 2428 1780 2498 qui

151 2525 259 2576 erat
282 2521 644 2592 paralyticus,
673 2526 728 2575 et
757 2521 1084 2592 quaerebant
1113 2536 1244 2573 eum
1275 2519 1502 2587 inferre,
1532 2525 1587 2574 et
1613 2536 1782 2590 pone-

152 2632 206 2670 re
233 2620 359 2670 ante
381 2631 538 2669 eum.
572 2617 635 2669 Et
662 2631 776 2668 non
803 2613 1153 2668 invenientes
1179 2630 1291 2684 qua
1320 2618 1478 2684 parte
1507 2613 1669 2668 illum
1691 2613 1778 2667 in-

148 2709 350 2764 ferrent
380 2725 497 2779 praa
523 2707 710 2778 turba,
740 2707 1116 2761 ascenderunt
1141 2723 1310 2776 supra
1337 2711 1550 2761 tectum
1571 2723 1674 2777 per
1703 2710 1782 2761 te-

151 2802 296 2873 gulas
316 2806 371 2856 et
389 2801 778 2856 submiserunt
797 2799 957 2854 illum
975 2799 1034 2853 in
1057 2799 1244 2853 medio
1260 2804 1388 2853 ante
1406 2801 1431 2853 J
1437 2816 1616 2854 esum.
1639 2800 1783 2863 Quo-

149 2911 268 2948 rum
304 2895 474 2949 fidem
522 2898 588 2948 ut
632 2893 787 2961 vidit,
817 2892 962 2946 dixit
995 2911 1008 2946 :
1043 2894 1238 2958 Homo,
1269 2891 1641 2947 remittuntur
1682 2892 1780 2946 tibi

151 2993 362 3058 peccata
387 2991 506 3042 tua.
537 2988 605 3041 Et
631 2992 924 3057 cceperunt
963 2986 1214 3057 cogitare
1251 2985 1458 3040 Scribm
1493 2990 1549 3040 et
1593 2985 1784 3040 Phari-

148 3082 254 3149 saei,
284 3082 536 3136 dicentes
569 3097 582 3134 :
612 3081 746 3145 Quis
774 3083 858 3134 est
877 3080 968 3133 hic
988 3079 1015 3133 ?
1045 3079 1179 3150 quid
1209 3078 1462 3149 loquitur
1480 3079 1506 3133 Τ
1526 3078 1784 3150 blasphe-

149 3179 257 3230 mat
274 3184 316 3230 ι.
350 3175 488 3239 Quis
515 3179 696 3245 potest
721 3173 1006 3227 dimittere
1030 3177 1275 3243 peccata,
1298 3171 1405 3225 nisi
1427 3172 1577 3226 solus
1600 3173 1785 3227 Deus?

1883 1993 2015 2032 nem
2041 1995 2056 2045 ;
2089 1977 2188 2049 qui
2211 1982 2401 2032 autem
2433 1977 2754 2033 seminatin
2784 1979 3006 2050 spiritu,
3036 1980 3104 2033 de
3126 1980 3324 2051 spiritu
3349 1985 3522 2038 metet

1881 2071 2052 2125 vitam
2081 2075 2374 2125 mternam.
2401 2072 2620 2125 Bonum
2646 2075 2837 2126 autem
2862 2072 3146 2141 facientes,
3163 2091 3277 2128 non
3299 2074 3523 2129 deficia-

1882 2182 2030 2219 mus.
2055 2165 2204 2235 Ergo
2228 2164 2366 2218 dum
2391 2168 2616 2234 tempus
2637 2164 2936 2234 habemus,
2960 2183 3264 2237 operemur
3281 2168 3430 2222 bona
3448 2169 3521 2223 ad

1882 2273 2078 2312 omnes
2104 2257 2383 2327 homines,
2415 2256 2659 2313 maxime
2683 2263 2874 2314 autem
2897 2260 2968 2314 ad
2994 2260 3328 2316 domesticos
3361 2259 3518 2331 fidei,

1882 2351 1941 2406 in
1961 2350 2202 2405 Christo.

2051 2443 2225 2492 Lectio
2250 2443 2416 2493 sancti
2440 2443 2708 2507 Evangelii
2731 2444 3020 2494 secundum
3043 2445 3356 2496 Mattheum.

1954 2524 2160 2579 Diebus
2173 2524 2281 2579 illis
2300 2525 2671 2596 interrogavit
2685 2525 2986 2580 Dominum
2999 2526 3187 2580 Iesum
3204 2543 3353 2581 unus
3373 2528 3520 2583 Pha-

1882 2618 2080 2672 risseus
2099 2619 2240 2690 legis
2266 2619 2462 2673 doctor
2491 2623 2715 2673 tentans
2741 2635 2871 2674 eum
2896 2635 2910 2671 :
2941 2619 3224 2690 Magister,
3261 2622 3415 2692 quod
3436 2625 3522 2677 est

1883 2707 2214 2761 mandatum
2243 2722 2519 2777 magnum
2549 2707 2608 2760 in
2634 2707 2760 2778 lege
2780 2708 2807 2762 ‘I
2833 2707 2926 2761 Ait
2963 2708 3047 2762 illi
3080 2709 3239 2763 Jesus
3271 2726 3284 2764 :
3316 2709 3522 2782 Diliges

1885 2800 2189 2854 Dominum
2220 2801 2397 2855 Deum
2427 2805 2591 2854 tuum
2620 2800 2680 2854 in
2711 2805 2829 2855 toto
2854 2801 3025 2855 corde
3052 2804 3170 2870 tuo,
3211 2804 3269 2855 et
3305 2802 3366 2856 in
3403 2807 3522 2858 tota

1882 2894 2072 2948 anima
2097 2897 2214 2962 tua,
2245 2898 2302 2948 et
2329 2893 2389 2948 in
2415 2897 2529 2948 tota
2554 2898 2744 2948 mente
2770 2899 2889 2948 tua.
2929 2895 3042 2948 Hoc
3081 2899 3166 2948 est
3202 2895 3522 2951 maximum

1883 2991 1940 3040 et
1966 2986 2216 3057 primum
2258 2987 2613 3040 mandatum.
2651 2987 2974 3041 Secundum
3013 2991 3204 3042 autem
3230 2987 3412 3043 simile
3437 2994 3522 3044 est

1883 3079 2016 3134 huic
2048 3099 2062 3134 :
2094 3079 2300 3150 Diliges
2325 3079 2653 3150 proximum
2674 3082 2837 3133 tuum
2864 3079 3006 3134 sicut
3032 3084 3086 3134 te
3112 3080 3317 3152 ipsum.
3345 3083 3405 3136 In
3432 3082 3522 3137 his

1885 3173 2103 3227 duobus
2137 3172 2420 3226 mandatis
2460 3173 2724 3226 universa
2765 3173 2856 3226 lex
2881 3173 3090 3242 pendet
3123 3178 3178 3227 et
3205 3175 3518 3245 propheta.

149 3269 407 3338 Cognovit
432 3271 629 3322 autem
656 3269 813 3320 Jesus
839 3265 1207 3337 cogitationes
1227 3281 1446 3331 eorum,
1477 3268 1534 3319 et
1555 3281 1785 3336 respon-
1805 3264 1859 3338 Ο
1885 3266 2252 3337 Congregatis
2277 3269 2468 3320 autem
2497 3265 2812 3332 Pharisaeis,
2841 3265 3213 3336 interrogavit
3241 3283 3334 3321 eos
3358 3269 3516 3323 Jesus

150 3356 276 3411 dens
310 3357 456 3411 dixit
504 3357 573 3410 ad
605 3355 731 3409 illos
760 3371 772 3406 :
806 3354 952 3418 Quid
994 3354 1252 3424 cogitatis
1281 3354 1339 3407 in
1369 3353 1629 3408 cordibus
1659 3370 1781 3408 ves-

150 3450 268 3504 tris?
283 3451 414 3521 quid
434 3454 523 3504 est
540 3449 758 3503 facilius
780 3448 964 3503 dicere
986 3463 999 3499 :
1017 3447 1392 3502 Dimittuntur
1413 3447 1514 3502 tibi
1535 3452 1780 3518 peccata,

152 3560 215 3596 an
243 3543 450 3612 dicere,
475 3543 653 3613 Surge
676 3541 966 3596 etambula
989 3542 1015 3594 ?
1039 3545 1099 3594 ut
1127 3545 1318 3594 autem
1346 3540 1530 3594 sciatis
1556 3541 1686 3612 quia
1714 3541 1780 3593 fi-

152 3635 254 3689 lius
274 3635 522 3690 hominis
544 3638 879 3706 potestatem
907 3633 1077 3688 habet
1092 3633 1148 3686 in
1180 3637 1332 3687 terra
1357 3633 1641 3688 dimittere
1662 3650 1786 3705 pec-

157 3730 286 3792 cata,
307 3725 382 3780 ait
410 3724 724 3796 paralytico
753 3740 766 3778 :
795 3723 915 3778 Tibi
949 3723 1072 3777 dico
1101 3739 1292 3794 surge,
1321 3727 1378 3778 et
1407 3723 1537 3778 tolle
1574 3724 1786 3778 lectum

158 3821 327 3887 tuum,
349 3823 403 3873 et
426 3818 569 3873 vade
597 3818 657 3872 in
685 3817 918 3872 domum
945 3823 1128 3871 tuam-
1149 3817 1213 3870 Et
1233 3816 1523 3871 confestim
1547 3833 1786 3888 surgens

157 3927 332 3966 coram
359 3912 493 3980 illis,
536 3911 666 3966 tulit
702 3911 913 3965 lectum
951 3911 1010 3964 in
1049 3926 1164 3980 quo
1196 3909 1440 3980 jacebat,
1471 3915 1526 3965 et
1552 3910 1692 3965 abiit
1726 3910 1786 3964 in

159 4003 376 4060 domum
419 4021 582 4060 suam
623 4004 992 4076 magnificans
1036 4004 1237 4071 Deum,
1269 4008 1325 4058 et
1349 4009 1546 4075 stupor
1580 4003 1783 4074 adpre-

161 4096 344 4153 hendit
367 4115 586 4168 omnes,
624 4103 678 4153 et
705 4097 1147 4168 magnificabant
1173 4098 1374 4152 Deum.

503 4212 659 4253 MISSA
701 4212 1023 4252 COTTIDIANA
1062 4210 1422 4252 DOMINICALIS.

223 4289 493 4359 Placatus,
521 4289 780 4359 Domine,
813 4305 1162 4360 quaesumus,
1194 4288 1464 4360 quicquid
1500 4303 1788 4344 meremur

163 4389 354 4452 averte,
388 4399 495 4438 nec
524 4383 674 4455 apud
707 4387 760 4438 te
788 4383 988 4438 delicta
1017 4387 1206 4436 nostra
1242 4382 1372 4454 plus
1408 4382 1650 4450 valeant,
1689 4381 1785 4438 sed

161 4477 531 4532 misericordia
555 4482 651 4532 tua
687 4493 912 4548 semper
945 4493 1050 4530 nos
1083 4481 1403 4546 peccatores
1437 4474 1783 4547 praeveniat;

163 4573 214 4623 et
236 4585 334 4640 per
360 4586 588 4640 precem
613 4570 925 4641 supplicem
962 4569 1043 4623 ita
1076 4585 1179 4622 nos
1209 4569 1443 4640 dignare
1483 4568 1782 4639 respicere,

161 4666 213 4716 et
234 4679 264 4717 a
283 4663 496 4718 cunctis
513 4663 915 4734 iniquitatibus
940 4661 1149 4717 nostris
1175 4661 1439 4716 emunda.

821 4751 1033 4800 Secreta
1060 4751 1106 4798 b.

223 4823 422 4877 Praesta
459 4823 670 4895 populo
709 4827 830 4890 tuo,
865 4822 1122 4891 Domine,
1153 4837 1498 4893 quaesumus,
1531 4820 1782 4876 Consola-

161 4914 313 4970 tionis
338 4917 653 4988 ,auxilium,
701 4917 771 4971 da
797 4916 1024 4971 veniam
1067 4915 1308 4986 peccatis
1350 4913 1574 4982 nostris,
1616 4919 1673 4969 et
1714 4913 1784 4968 ab

164 5009 307 5062 omni
333 5027 433 5064 nos
452 5010 752 5081 iniquitate
783 5009 1020 5076 custodi,
1050 5014 1106 5064 et
1134 5008 1267 5080 quia
1291 5009 1544 5062 humana
1567 5006 1782 5078 fragili-

166 5102 239 5154 tas
265 5101 666 5158 incessabiliter
685 5107 938 5158 meretur
967 5101 1198 5169 offensa,
1227 5101 1463 5157 celerius
1485 5101 1544 5156 in
1564 5106 1661 5156 tua
1686 5099 1788 5156 mi-

168 5193 454 5251 sericordia
481 5197 849 5269 gaudeamus.

781 5283 1118 5334 Contestatio.

225 5355 353 5410 Vere
378 5357 618 5429 dignum
656 5361 712 5412 et
739 5357 959 5428 justum
1003 5357 1089 5410 est
1123 5354 1481 5428 omnipotens
1523 5353 1688 5422 Deus,
1731 5356 1787 5407 te

164 5459 371 5521 semper
395 5451 549 5504 cultu
577 5449 861 5505 servitutis
887 5449 1156 5504 humanae
1180 5449 1434 5515 laudare,
1463 5447 1561 5520 qui
1583 5445 1788 5502 divinis

167 5543 476 5600 muneribus
499 5543 631 5613 tuis,
661 5547 717 5598 et
745 5543 1067 5598 caelestibus
1086 5542 1372 5598 beneficiis
1392 5541 1452 5596 in
1471 5544 1668 5596 nostra
1686 5540 1790 5595 hu-

166 5633 382 5692 militate
405 5637 598 5709 largus
626 5637 693 5693 ad
721 5637 908 5692 lucem
947 5653 1050 5691 nos
1089 5637 1158 5691 de
1187 5635 1438 5692 tenebris
1469 5633 1742 5690 revocasti
1773 5649 1787 5687 :

231 5785 379 5862 fh'on
398 5791 594 5846 dubito
606 5791 746 5862 quin
762 5790 876 5860 leg.
893 5790 1044 5862 situt
1061 5788 1121 5843 in
1148 5788 1386 5859 Vulgata
1411 5803 1424 5842 :
1459 5788 1592 5862 Quis
1611 5792 1690 5842 est
1707 5789 1794 5842 hic

171 5857 253 5931 qui.
265 5859 494 5931 loquitur
511 5857 1050 5931 blasbhemidsﬁihil
1065 5857 1492 5915 tameninutare
1505 5858 1690 5931 visum
1709 5863 1794 5912 est

237 5927 262 5966 δ
296 5927 527 5988 secretas
577 5927 852 6004 ejusmodi
911 5931 1191 5988 orationes
1229 5935 1362 5986 sunt
1409 5946 1477 5985 ex
1515 5928 1624 5987 ritu
1675 5931 1790 5986 Ro-

1883 3359 2075 3413 dicens
2120 3375 2133 3413 :
2180 3359 2322 3423 Quid
2352 3359 2509 3413 vobis
2538 3358 2759 3413 videtur
2785 3359 2853 3412 de
2883 3359 3158 3427 :Ghristo?
3186 3360 3347 3429 cujus
3374 3360 3524 3416 ﬁlius

1884 3453 2010 3507 est?
2034 3452 2236 3506 Dicunt
2262 3451 2333 3521 ei,
2363 3453 2557 3506 David.
2594 3451 2684 3506 Ait
2717 3451 2825 3505 illis
2853 3469 2866 3506 :
2896 3452 3186 3516 Quomodo
3230 3469 3366 3524 ergo
3409 3455 3522 3509 Da-

1883 3545 1977 3600 vid
1998 3545 2054 3600 in
2076 3545 2278 3616 spiritu
2304 3549 2466 3599 vocat
2486 3561 2615 3599 eum
2647 3545 2970 3612 Dominum,
2999 3545 3192 3599 dicens
3222 3563 3234 3599 :
3259 3546 3408 3601 Dixit
3421 3547 3524 3601 Do-

1884 3638 2077 3692 minus
2103 3637 2341 3692 Domino
2370 3654 2518 3704 meo,
2546 3637 2675 3692 sede
2699 3654 2732 3690 a
2763 3637 2974 3691 dextris
3011 3637 3172 3702 meis,
3200 3637 3378 3693 donec
3415 3655 3522 3709 po-

1884 3748 2019 3786 nam
2033 3731 2289 3786 inimicos
2306 3735 2430 3785 tuos
2453 3731 2757 3785 scabellum
2778 3730 2991 3801 pedum
3008 3734 3242 3784 tuorum
3257 3731 3284 3784 ?
3305 3731 3359 3786 Si
3382 3747 3520 3803 ergo

1884 3824 2056 3878 David
2081 3827 2239 3878 vocat
2260 3839 2394 3878 eum
2420 3823 2746 3892 Dominum,
2769 3822 3051 3894 quomodo
3078 3821 3226 3876 filius
3255 3823 3378 3894 ejus
3408 3825 3520 3879 est?

1886 3919 1952 3972 Et
1979 3933 2148 3972 nemo
2176 3919 2399 3988 poterat
2419 3915 2758 3987 respondere
2783 3915 2835 3970 ei
2862 3914 3118 3982 verbum,
3139 3931 3324 3986 neque
3352 3931 3522 3971 ausus

1885 4010 1994 4064 fuit
2029 4009 2332 4081 quisquam
2369 4025 2438 4064 ex
2465 4009 2558 4063 illa
2582 4008 2672 4063 die
2700 4025 2836 4063 eum
2861 4007 3106 4079 amplius
3147 4007 3519 4080 interrogare.

2352 4119 2477 4158 ITEM
2517 4118 2674 4157 MISSA
2712 4117 3070 4158 DOMINICALIS.

1953 4193 2323 4264 Omnipotens
2349 4194 2693 4265 sempiterne
2721 4193 2886 4262 Deus,
2916 4191 3007 4246 cui
3035 4195 3280 4263 potestas
3301 4195 3383 4246 est
3402 4191 3523 4248 sine

1886 4286 1996 4342 fine
2026 4287 2352 4356 miserandi,
2386 4287 2600 4358 reSpice
2626 4286 2904 4358 propitius
2923 4285 2993 4340 ad
3022 4284 3361 4340 humilitatis
3387 4301 3519 4339 nos-

1886 4384 1986 4434 trae
2014 4381 2325 4452 supplicem
2347 4381 2695 4449 servitutem,
2729 4397 2902 4452 quam
2932 4383 3061 4433 ante
3089 4383 3146 4433 te
3170 4395 3274 4449 per
3293 4395 3519 4449 precem

1838 4489 1851 4499 '
1886 4474 2196 4545 subjectam
2243 4474 2654 4544 praetendimus
2699 4478 2755 4528 et
2795 4475 3002 4544 praesta
3033 4475 3096 4524 ut
3137 4471 3240 4524 tibi
3275 4471 3523 4526 subditas

1803 4641 1864 4712 D

1886 4572 2106 4622 mentes
2133 4572 2476 4638 perpetuum
2500 4565 2843 4621 defensionis
2867 4567 3050 4618 servet
3073 4563 3368 4619 auxilium.

1955 4731 2101 4784 Deus
2117 4741 2139 4770 ο
2172 4729 2233 4784 in
2253 4733 2308 4784 te
2334 4659 2999 4800 sperantiﬁfrirfoﬁitudo,
3029 4728 3220 4782 adesto
3239 4728 3523 4799 propicius

1885 4822 2336 4878 invocationibus
2371 4821 2597 4889 nostris;
2630 4825 2686 4876 et
2724 4821 2859 4892 quia
2899 4820 3020 4874 sine
3060 4825 3116 4874 te
3161 4821 3304 4876 nihil
3340 4825 3526 4893 potest

1885 4915 2142 4974 mortalis
2171 4915 2493 4981 infirmitas,
2520 4918 2726 4985 praesta
2756 4912 3034 4967 auxilium
3064 4914 3258 4982 gratiae
3301 4918 3432 4982 tuas,
3459 4917 3526 4969 ut

1887 5011 1947 5066 in
1974 5009 2276 5081 sequendis
2296 5007 2575 5064 mandatis
2601 5006 2735 5076 tuis,
2764 5009 2822 5060 et
2846 5005 3136 5061 voluntate
3155 5005 3259 5060 tibi
3279 5011 3334 5062 et
3359 5007 3525 5062 actio-

1887 5120 1960 5160 ne
1985 5104 2329 5175 placeamus.

2536 5169 2870 5222 Contestatio.

1959 5256 2099 5310 Vere
2126 5253 2367 5326 dignum
2402 5256 2457 5307 et
2486 5252 2710 5324 justum
2745 5256 2828 5306 est
2847 5248 3202 5323 omnipotens
3229 5251 3393 5319 Deus,
3423 5265 3528 5323 per

1889 5365 2062 5421 quem
2087 5350 2299 5420 Moyses
2322 5346 2568 5401 famulus
2593 5350 2725 5400 tuus
2741 5345 3017 5417 populum
3043 5361 3210 5399 suum
3242 5343 3438 5398 eduxit
3463 5344 3523 5398 in

1889 5441 2095 5498 Christi
2119 5440 2474 5512 triumphum
2501 5455 2602 5511 per
2625 5439 2890 5494 baculum
2913 5439 3111 5492 crucis.
3135 5437 3294 5492 Unde
3317 5441 3374 5492 et
3393 5436 3529 5509 bap-

1893 5537 2126 5590 tismum
2168 5535 2289 5607 ejus
2333 5533 2670 5606 significavit
2710 5533 2770 5588 in
2802 5532 3036 5587 mundo.
3068 5533 3197 5587 INDE
3236 5529 3404 5586 Maria
3431 5547 3524 5585 ca-

1893 5631 2064 5686 nebat
2104 5630 2163 5685 in
2203 5635 2496 5702 tympano,
2535 5627 2688 5684 unde
2731 5625 2915 5698 passio
2957 5624 3163 5681 Christi
3209 5623 3528 5681 veneranda

1893 5802 2082 5853 mano,
2110 5789 2176 5839 ut
2201 5784 2461 5858 superius
2485 5783 2863 5858 observatum.
2934 5851 2944 5858 _
3131 5851 3144 5858 _
3179 5852 3212 5858 _
3322 5848 3332 5858 .
3384 5848 3393 5858 .

1967 5871 1990 5898 ο
2021 5851 2146 5910 Haec
2161 5872 2228 5910 ex
2250 5851 2697 5910 Sacramentario
2715 5851 3059 5924 Gregoriano
3079 5851 3147 5907 ad
3176 5851 3526 5906 Dominicam

1894 5928 2138 6003 primam
2164 5931 2292 6000 post
2315 5928 2695 5982 Pentecosten.
