4006 6228
446 380 549 435 563

449 477 837 556 depignitur'.
877 474 1003 534 laus
1042 471 1207 529 Jonas
1239 463 1562 524 vaticinavit
1602 458 1874 527 inclusus,
1925 452 2079 511 unde

449 549 695 636 Ecclesia
723 570 1033 644 margarita
1081 570 1131 622 te
1164 560 1486 619 fecundant.
1519 558 1647 611 lNDe
1675 551 1845 644 David
1858 549 2080 644 psalle-

450 668 548 724 bat
576 666 637 722 in
662 638 911 736 cythera,
944 657 1093 712 unde
1121 652 1327 709 Paulus
1367 646 1663 720 Apostolus
1694 638 2080 715 praedicabat:

449 732 908 818 Fundamentum
933 750 1085 806 aliud
1104 763 1273 803 nemo
1292 745 1478 817 potest
1490 753 1701 812 ponere
1713 735 1820 791 nisi
1831 732 2083 789 Christus

449 858 625 912 Jesus.
668 854 795 906 Iane
836 849 999 902 Petro
1044 838 1327 912 mergenti
1375 851 1575 891 manus
1614 828 1946 905 porrigitur,
1987 823 2083 880 ubi

449 945 743 1005 titubantis
778 942 915 996 ﬁdes
944 936 1220 1003 munitur,
1259 931 1340 987 ibi
1379 931 1547 1002 caput
1587 923 1846 982 Ecclesiae
1873 919 2083 975 conﬁr-

452 1044 661 1098 matur.
698 1040 823 1092 livna
848 1035 1086 1088 Lazarus
1114 1030 1182 1084 de
1210 1025 1467 1098 sepulcro
1493 1020 1774 1094 proditur,
1815 1015 1966 1070 unde
1991 1029 2082 1068 re-

455 1131 725 1189 surrectio
736 1126 942 1183 Christi
957 1124 1197 1197 gloriosa
1208 1119 1490 1175 laudatur.
1500 1114 1817 1171 Gaudentes
1827 1106 2019 1180 angeli
2033 1109 2089 1161 et

453 1226 768 1284 exultantes
778 1218 1119 1291 archangeli,
1149 1213 1446 1270 cherubim
1462 1223 1689 1282 quoque
1703 1222 1766 1259 ac
1778 1200 2084 1273 seraphim.

750 1336 873 1375 lTEM
913 1332 1068 1375 ALIAS
1100 1326 1391 1371 LECTIONES
1432 1318 1800 1365 COTTlDlANAS.

1140 1402 1216 1454 Ad
1245 1400 1434 1451 Titum.

528 1497 768 1562 Fratres,
798 1492 923 1547 haec
959 1490 1192 1559 loquere
1229 1486 1285 1539 et
1319 1478 1643 1545 exhortare,
1670 1476 1728 1529 et
1756 1486 1932 1543 argue
1960 1485 2091 1524 cum

458 1590 616 1647 omni
629 1586 889 1659 imperio.
911 1585 1086 1639 Nemo
1102 1583 1157 1635 te
1172 1575 1517 1632 contemnat.
1539 1569 1788 1624 Admone
1800 1565 1922 1620 illos
1941 1562 2094 1634 prin-

456 1685 678 1756 cipibus
708 1656 764 1736 et
790 1675 1162 1751 potestatibus
1181 1669 1432 1725 subditos
1452 1681 1589 1729 esse,
1618 1660 1910 1717 neminem
1941 1656 2088 1711 blas-

458 1779 754 1851 phemare,
777 1789 893 1828 non
921 1769 1195 1841 litigiosos
1229 1778 1369 1832 esse,
1401 1760 1499 1816 sed
1524 1756 1837 1822 modestos;
1866 1765 2098 1805 omnem

462 1871 824 1927 ostendentes
842 1860 1344 1920 mansuetudinem
1361 1854 1432 1909 ad
1452 1867 1653 1908 omnes
1665 1845 1949 1903 homines.
1966 1845 2101 1898 Era-
2124 1850 2182 1922 B

464 1981 593 2022 mus
620 1962 775 2018 enim
801 1964 856 2014 et
893 1974 995 2012 nos
1032 1950 1336 2023 aliquando
1365 1945 1694 2017 insipientes
1720 1944 1777 1995 et
1801 1935 2102 2005 increduli,

464 2061 735 2124 errantes,
764 2051 1066 2109 servientes
1104 2041 1392 2101 desideriis
1417 2043 1475 2095 et
1502 2034 1886 2107 voluptatibus
1913 2030 2102 2099 variis,

466 2153 526 2207 in
551 2148 762 2206 malitia
788 2151 844 2202 et
869 2141 1081 2199 invidia
1108 2140 1360 2211 agentes.
1394 2134 1538 2189 Cum
1564 2134 1757 2185 autem
1786 2124 2108 2197 benignitas

472 2249 530 2301 et
555 2241 880 2301 humanitas
903 2233 1169 2308 apparuit
1192 2227 1451 2286 salutaris
1476 2223 1657 2280 nostri
1675 2224 1807 2278 Jesu
1826 2218 2108 2277 Christi...

685 2333 860 2384 Lectio
893 2328 1060 2380 sancti
1079 2322 1350 2388 Evangelii
1373 2318 1663 2370 secundum
1692 2318 1905 2365 Lucam.

538 2425 814 2492 Tempore
840 2417 935 2472 illo
969 2414 1086 2468 ibat
1106 2409 1379 2466 Dominus
1405 2408 1563 2460 Jesus
1588 2403 1649 2457 in
1676 2400 1954 2455 civitatem
1982 2412 2109 2468 quas

466 2491 700 2571 vocatur
742 2512 925 2576 Naim,
963 2511 1021 2562 et
1060 2505 1216 2559 ibant
1258 2516 1392 2556 cum
1431 2498 1527 2553 illo
1577 2492 1839 2565 discipuli
1884 2491 2007 2562 ejus
2053 2495 2111 2546 et

472 2609 636 2665 turba
662 2605 905 2677 copiosa.
936 2602 1076 2655 Cum
1106 2600 1296 2653 autem
1317 2589 1800 2663 adpropinquaret
1818 2589 1998 2656 portae
2036 2584 2111 2639 ei-

470 2702 677 2769 vitatis,
702 2702 759 2754 et
770 2712 897 2752 ecce
918 2693 1217 2748 defunctus
1238 2685 1579 2742 efferebatur
1604 2680 1754 2735 ﬁlius
1773 2678 1974 2733 unicus
1995 2693 2111 2731 ma-

470 2796 573 2851 tris
602 2809 740 2849 suae.
771 2792 839 2845 Et
860 2789 979 2843 haec
1006 2784 1174 2839 vidua
1200 2783 1340 2849 erat,
1369 2782 1427 2833 et
1454 2776 1620 2832 turba
1662 2772 1904 2829 civitatis
1932 2772 2112 2825 multa

475 2904 606 2943 cum
640 2885 743 2940 illi.
769 2886 950 2948 Quam
977 2896 1110 2935 cum
1136 2875 1365 2930 vidisset
1397 2868 1690 2935 Dominus,
1722 2863 2112 2921 misericordia

474 2983 662 3037 motus
687 2992 859 3049 super
883 2990 1029 3041 eam,
1059 2970 1202 3025 dixit
1225 2967 1336 3022 illi:
1356 2963 1480 3020 Noli
1506 2963 1660 3017 flere.
1694 2962 1758 3015 Et
1784 2957 2033 3027 accessit,
2057 2958 2114 3011 et

474 3072 667 3145 tetigit
691 3070 964 3125 loculum.
997 3065 1086 3119 Hii
1122 3067 1313 3117 autem
1353 3057 1453 3130 qui
1487 3055 1789 3128 portabant
1817 3053 2113 3107 steterunt.

478 3168 546 3222 Et
572 3142 652 3220 ait
695 3184 708 3219 :
754 3161 1094 3218 Adulescens
1139 3154 1241 3211 tibi
1268 3153 1412 3219 dico,
1451 3163 1643 3219 surge.
1677 3148 1743 3201 Et
1780 3144 1986 3199 resedit
2015 3142 2113 3213 qui

1329 351 1664 427 APPENDIX
1699 351 1786 407 AD
1822 348 2046 405 OPEttA
2082 345 2136 401 S.
2174 338 2475 399 GERMANI
2512 332 2944 395 PARlSlENSlS.

3727 319 3841 377 ὅδὲ

2179 443 2632 519 archisynagogi,
2657 446 2714 500 et
2737 442 2878 500 vidit
2899 438 3234 506 tumultum,
3277 438 3338 495 et
3367 434 3570 494 ﬂentes
3606 434 3667 489 et
3701 428 3839 501 eju-

2181 544 2363 599 lantes
2389 541 2655 595 multum.
2684 540 2753 594 Et
2789 537 3080 609 ingressus
3106 533 3185 589 ait
3204 532 3284 589 eis
3311 548 3324 588 :
3348 528 3494 597 Quid
3506 521 3844 584 turbamini

2183 643 2240 693 et
2265 634 2497 708 ploratis
2516 634 2543 689 ?
2597 631 2784 704 puella
2810 647 2924 686 non
2969 634 3052 685 est
3083 631 3329 696 mortua,
3370 624 3467 680 sed
3496 620 3740 678 dormit.
3775 618 3846 674 Et

2184 728 2509 786 inridebant
2535 742 2687 783 eum.
2706 728 2826 796 Ipse
2856 740 2990 779 vero
3019 721 3212 794 ejectis
3237 718 3520 782 omnibus,
3549 710 3846 771 adsumsit

2184 828 2407 896 patrem
2447 826 2502 877 et
2526 824 2767 876 matrem
2809 817 3032 891 puellae,
3076 821 3131 871 et
3172 814 3272 888 qui
3310 828 3502 868 secum
3540 812 3735 865 erant.
3777 806 3848 861 Et

2186 917 2506 990 ingreditur
2548 914 2645 968 ubi
2684 914 2806 967 erat
2838 911 3025 984 puella
3043 909 3257 981 jacens,
3287 911 3343 962 et
3363 911 3563 961 tenens
3590 915 3848 959 manum

2184 1011 2392 1084 puellm
2419 1013 2475 1064 et
2498 1007 2634 1063 tibi:
2657 1005 2849 1061 Tabita
2874 1003 3046 1072 cumi,
3075 1002 3227 1075 quod
3253 1005 3337 1056 est
3366 1000 3842 1070 interpretatum,

2185 1105 2394 1177 puella,
2422 1101 2524 1157 tibi
2550 1102 2695 1166 dico,
2726 1115 2915 1170 surge.
2931 1099 2997 1152 Et
3022 1095 3315 1151 confestim
3345 1092 3592 1149 surrexit
3616 1087 3845 1162 puella,

2189 1204 2246 1255 et
2286 1195 2636 1253 ambulabat.
2680 1194 2810 1250 Erat
2845 1196 3037 1246 autem
3074 1205 3355 1245 annorum
3394 1185 3726 1243 duodecim.
3780 1182 3851 1237 Et

2190 1290 2586 1363 obstipuerunt
2612 1290 2842 1359 stupore
2860 1284 3131 1355 maxime,
3156 1288 3212 1338 et
3230 1281 3504 1355 praecepit
3533 1278 3647 1335 illis
3673 1275 3852 1331 vehe-

2191 1389 2415 1441 menter
2440 1387 2504 1439 ut
2527 1398 2696 1438 nemo
2724 1381 2782 1436 id
2813 1379 2999 1435 sciret.

2751 1503 2911 1543 HISSA
2960 1501 3296 1542 COTTIDIANA.

2264 1592 2625 1657 Quaesumus,
2658 1586 3018 1658 omnipotens
3047 1585 3212 1652 Deus,
3239 1598 3313 1638 ne
3355 1597 3458 1636 nos
3490 1583 3586 1635 tua
3615 1575 3848 1633 miseri-

2197 1685 2393 1740 cordia
2417 1682 2754 1755 dereliquat,
2784 1696 2914 1753 quae
2955 1684 3012 1734 et
3038 1683 3283 1734 terrores
3309 1676 3531 1731 nostros
3559 1675 3849 1738 amoveat,

2205 1784 2261 1835 et
2277 1778 2444 1833 noxia
2469 1781 2669 1832 cuncta
2698 1774 2956 1847 depellat.

2905 1876 3132 1925 Secreta.

2276 1966 2482 2022 Munda
2517 1981 2645 2031 nos,
2676 1962 2931 2031 Domine,
2974 1958 3231 2014 sacrificii
3280 1955 3574 2030 praesentis
3614 1944 3846 2019 effectu,

2207 2064 2264 2115 et
2289 2059 2494 2132 perﬁce
2522 2057 2819 2113 miserator
2842 2055 2903 2110 in
2931 2053 3113 2122 nobis,
3133 2057 3196 2108 ut
3221 2051 3343 2123 ejus
3367 2064 3698 2106 mereamur
3728 2062 3852 2103 esse

2208 2152 2530 2227 participes.

2856 2217 3194 2269 Contestatio.

2278 2310 2417 2364 Vere
2449 2308 2690 2379 dignum
2737 2310 2793 2361 et
2823 2305 3044 2377 justum
3087 2307 3193 2372 est,
3245 2301 3610 2373 omnipotens
3654 2300 3849 2353 Deus:

2208 2419 2375 2458 verus
2427 2402 2600 2457 homo
2639 2416 2867 2456 carnem
2899 2398 3104 2454 sumsit
3136 2398 3205 2452 de
3232 2395 3479 2467 Virgine,
3509 2409 3677 2448 verus
3705 2393 3855 2447 Deus

2209 2513 2329 2552 non
2362 2495 2594 2551 abstulit
2627 2493 3042 2565 virginitatem;
3091 2507 3257 2546 verus
3303 2490 3475 2544 homo
3527 2487 3747 2560 positus
3796 2485 3856 2539 in

2208 2589 2505 2663 praesepio,
2532 2604 2696 2644 verus
2734 2589 2879 2642 Deus
2903 2585 3074 2656 Magis
3117 2583 3333 2639 stellam
3378 2581 3643 2637 ostendit.
3675 2582 3856 2635 Verus

2210 2685 2381 2739 homo
2404 2682 2716 2753 baptizatus
2734 2698 2767 2735 a
2791 2680 3065 2747 Iohanne,
3092 2694 3257 2732 verus
3277 2678 3425 2732 Deus
3444 2691 3619 2746 aquas
3646 2674 3857 2729 Johan-

2210 2778 2300 2833 nis
2328 2774 2710 2832 sanctiﬁcavit.
2740 2775 2915 2829 Verus
2947 2773 3119 2827 homo
3161 2771 3231 2826 ad
3266 2769 3497 2841 nuptias
3526 2767 3658 2836 fuit,
3686 2783 3858 2821 verus

2212 2873 2358 2926 Deus
2385 2885 2557 2941 aquas
2574 2868 2633 2921 in
2662 2867 2857 2921 vinum
2887 2864 3180 2920 convertit.
3214 2865 3387 2918 Verus
3406 2862 3578 2917 homo
3603 2859 3854 2915 dormie-

2211 2964 2306 3019 bat
2341 2963 2401 3016 in
2427 2977 2589 3028 nave,
2621 2977 2787 3015 verus
2828 2960 2973 3013 Deus
3000 2957 3213 3012 sedavit
3237 2959 3653 3027 tempestatem.
3683 2954 3860 3007 Verus

2212 3058 2388 3113 homo
2412 3055 2586 3111 ﬁdem
2614 3054 2856 3109 miratur
2883 3050 3251 3120 centurionis,
3274 3066 3440 3105 verus
3464 3049 3613 3103 Deus
3642 3046 3863 3101 sanavit

2215 3166 2461 3223 puerum
2508 3148 2702 3220 ipsius.
2753 3148 2928 3201 Verus
2972 3146 3155 3215 homo
3186 3159 3358 3214 super
3396 3157 3567 3213 aquas
3622 3138 3862 3212 pedibus

478 3262 602 3316 erat
642 3259 920 3323 mortuus,
949 3256 1004 3307 et
1029 3248 1198 3320 cmpit
1226 3244 1400 3317 loqui,
1445 3247 1502 3297 et
1544 3216 1698 3296 dedit
1737 3238 1903 3292 illum
1945 3235 2118 3291 matri
2137 3216 2192 3290 C
2217 3216 2550 3312 ambulavit;
2574 3258 2741 3297 verus
2767 3242 2909 3296 Deus
2952 3242 3116 3294 petra
3141 3236 3424 3308 mergenti
3455 3250 3700 3290 manum
3727 3249 3859 3305 ροιο-

481 3368 622 3409 SUPR-
664 3347 891 3419 Accepit
926 3348 1117 3399 autem
1142 3341 1317 3396 timor
1360 3352 1575 3403 omnes:
1603 3337 1658 3388 et
1682 3330 2122 3403 magniﬁcabant
2221 3338 2386 3395 rexit.
2419 3339 2594 3391 Verus
2623 3336 2799 3390 homo
2831 3350 3003 3406 super
3026 3334 3301 3387 Lazarum
3328 3330 3500 3397 ﬂevit,
3522 3344 3691 3384 verus
3719 3328 3865 3382 Deus

482 3447 666 3501 Deum
708 3442 979 3504 dicentes,
1012 3435 1147 3509 (Illia
1183 3432 1464 3505 Propheta
1496 3442 1739 3498 ωθετιιιε
1782 3423 2030 3481 ευιῪθΧίῐ
2061 3422 2122 3478 in
2222 3450 2336 3489 una
2360 3446 2493 3487 voce
2522 3432 2787 3486 Lazarum
2809 3428 2878 3482 ab
2908 3426 3101 3481 inferis
3127 3423 3432 3480 suscitavit.
3460 3423 3596 3488 Quis
3632 3438 3758 3477 non
3794 3421 3862 3475 ti-

484 3537 669 3609 nobis,
700 3540 755 3592 et
781 3533 913 3607 quia
940 3533 1088 3587 Deus
1108 3525 1350 3583 visitavit
1368 3523 1595 3597 plebem
1623 3536 1807 3576 suam.

874 3647 999 3687 ITEM
1037 3640 1330 3685 LECTIONES
1371 3636 1725 3679 ΟΟΤΤΙΒΙΔΝΕ.

724 3720 956 3786 Epistola
984 3715 1125 3768 Pauli
1152 3711 1375 3779 apostoli
1404 3711 1472 3761 ad
1499 3710 1849 3760 Colossenses.

558 3783 799 3872 Fratres,
827 3799 1048 3856 induite
1072 3812 1189 3862 vos,
1217 3793 1362 3849 sicut
1395 3790 1558 3847 electi
1585 3790 1705 3859 Dei,
1750 3788 1965 3843 viscera
2014 3783 2124 3838 mi-

494 3897 811 3956 sericordiae
850 3890 1284 3964 benignitatem,
1328 3884 1731 3949 humilitatem,
1768 3878 2126 3945 modestiam,

490 3992 845 4066 patientiam,
876 3986 1272 4057 supportantes
1298 3979 1563 4047 invicem,
1593 3979 1650 4032 et
1674 3975 1950 4031 donantes
1975 3969 2131 4025 vobis

491 4065 647 4159 ipsis,
696 4084 742 4137 si
785 4080 909 4153 quis
954 4079 1222 4134 adversus
1276 4075 1527 4145 aliquem
1577 4069 1749 4125 habet
1796 4065 2128 4139 querelam.

490 4178 645 4235 Sicut
680 4179 737 4231 et
779 4174 1051 4228 Dominus
1095 4168 1341 4236 donavit,
1391 4166 1472 4220 ita
1505 4166 1562 4218 et
1585 4178 1703 4216 vos.
1733 4161 1913 4231 Super
1939 4156 2133 4211 omnia

494 4275 684 4327 autem
709 4270 831 4324 haec
858 4267 1175 4333 caritatem,
1206 4260 1357 4332 quod
1385 4262 1469 4314 est
1501 4255 1795 4310 vinculum
1830 4249 2132 4323 perfectio-

494 4365 604 4437 nis,
636 4369 691 4421 et
717 4379 827 4436 pax
850 4360 1057 4417 Christi
1089 4356 1306 4413 exultet
1333 4353 1393 4407 in
1413 4349 1675 4406 cordibus
1696 4346 1918 4402 vestris.

700 4459 873 4511 Lectio
906 4455 1071 4507 sancti
1092 4447 1366 4514 Evangelii
1388 4445 1679 4497 secundum
1712 4447 1921 4494 Lucam.

2224 3536 2375 3587 meat
2400 3530 2571 3585 talem
2591 3526 2914 3595 Dominum,
2940 3526 3153 3596 Regem
3180 3527 3461 3577 aeternum
3474 3523 3503 3576 ?
3522 3520 3614 3577 cui
3636 3519 3859 3576 merito.

2227 3626 2480 3681 Sanctus.

2608 3708 2733 3747 ΙΤΕΠ
2771 3704 3061 3747 LECTIONES
3101 3703 3349 3744 COTTIDIA
3358 3704 3473 3743 NAS.

2484 3785 2714 3850 Epistola
2745 3783 2889 3833 Pauli
2919 3780 3140 3846 apostoli
3172 3780 3238 3829 ad
3271 3779 3646 3843 Pbilippenses.

2302 3874 2540 3941 Fratres,
2590 3871 2706 3926 scio
2744 3885 2841 3924 vos
2878 3867 3073 3939 gaudii
3115 3865 3228 3921 mei
3271 3880 3469 3919 omnes
3519 3862 3742 3936 [socios]
3774 3879 3865 3917 vos

2232 3982 2371 4022 esse.
2390 3964 2566 4021 Testis
2593 3965 2747 4020 enim
2767 3962 2913 4018 mihi
2935 3965 3020 4016 est
3038 3959 3310 4015 Dominus
3336 3957 3620 4030 quomodo
3645 3957 3868 4029 cupiam

2233 4076 2327 4114 vos
2352 4075 2550 4115 omnes
2582 4058 2642 4113 in
2668 4056 2973 4112 visceribus
3010 4052 3217 4108 Christi
3240 4053 3369 4107 Jesu
3411 4050 3642 4106 Domini
3666 4049 3865 4106 nostri.

2384 4147 2560 4221 Lectio
2594 4168 2760 4219 sancti
2790 4165 3058 4229 Evangelii
3091 4161 3381 4215 secundum
3412 4162 3725 4213 Iohannem.

2306 4262 2392 4317 Sic
2422 4260 2575 4315 enim
2604 4258 2804 4314 dilexit
2832 4258 2978 4312 Deus
3016 4255 3318 4324 mundum,
3360 4258 3423 4309 ut
3459 4253 3664 4308 Filium
3707 4270 3864 4309 suum

2236 4353 2596 4427 unigenitum
2633 4352 2793 4407 daret
2818 4351 2879 4406 in
2915 4350 3032 4419 illo,
3070 4353 3133 4405 ut
3171 4365 3369 4403 omnes
3406 4348 3507 4421 qui
3534 4348 3779 4403 credunt
3814 4346 3867 4401 in

2236 4465 2368 4504 eum
2393 4464 2508 4502 non
2534 4450 2792 4518 pereant,
2821 4445 2920 4500 sed
2951 4443 3198 4499 habeant
3223 4443 3396 4498 vitam
3422 4447 3715 4497 aeternam.
3749 4442 3865 4496 Non

570 4551 630 4603 In
656 4546 852 4603 diebus
880 4543 1009 4610 illis,
1036 4540 1252 4594 factum
1296 4538 1381 4589 est
1418 4548 1551 4587 cum
1591 4530 1830 4586 redisset
1864 4528 2138 4583 Dominus
2156 4586 2212 4610 ῃ
2240 4541 2392 4598 enim
2419 4540 2574 4595 misit
2598 4539 2743 4593 Deus
2762 4538 2969 4592 Filium
2988 4553 3157 4592 suum
3180 4535 3240 4590 in
3266 4536 3571 4605 mundum,
3591 4534 3872 4605 utjudjcet

570 4586 630 4603 ιη
656 4586 852 4603 ww..-
880 4586 1009 4610 μην,
1036 4586 1252 4594 -αν-ᾑψ
1430 4586 1465 4587 ρ
1631 4624 1641 4634 ¹
2240 4586 2392 4598 μμ...
2421 4586 2574 4595 ....---
2598 4586 2741 4593 --_-
2763 4586 2784 4592 -
2805 4586 2969 4592 παρ
2988 4586 3157 4592 ___-"
3180 4586 3240 4590 ___
3266 4586 3571 4605 ________,
3599 4586 3652 4590 _-
3700 4586 3839 4589 ___-,

492 4646 671 4710 Jesus,
702 4637 921 4708 excepit
954 4634 1117 4688 illum
1144 4628 1329 4685 turba.
1360 4629 1532 4682 Erant
1554 4640 1707 4679 enim
1752 4638 1949 4677 omnes
1975 4586 2216 4692 expe-D
2239 4635 2542 4702 mundum,
2581 4632 2680 4687 sed
2719 4636 2787 4686 ut
2821 4631 3065 4686 salvetur
3101 4629 3351 4684 mundus
3387 4645 3493 4700 per
3526 4586 3736 4700 ipsum.
3775 4625 3871 4691 Qui

494 4737 707 4789 ctantes
733 4746 884 4785 eum.
915 4728 981 4782 Et
1010 4739 1136 4779 ecce
1164 4721 1319 4777 venit
1343 4720 1429 4774 vir
1456 4717 1689 4774 nomine
1715 4714 1912 4783 Iairus,
1935 4720 1991 4769 et
2019 4715 2138 4785 ipse

494 4826 759 4899 princeps
789 4826 909 4877 erat
948 4821 1296 4891 Synagogae;
1330 4817 1387 4869 et
1431 4812 1627 4868 videns
1654 4826 1787 4865 eum
1817 4807 2139 4881 prociditad

494 4920 667 4993 pedes
714 4918 857 4989 ejus,
882 4918 938 4969 et
984 4910 1394 4984 deprecabatur
1444 4922 1578 4962 eum
1627 4904 1875 4959 multum
1926 4901 2135 4971 dicens,

492 5012 764 5087 quoniam
789 5009 902 5065 tilia
930 5023 1059 5062 mea
1085 5005 1146 5060 in
1172 5002 1441 5059 extremis
1469 5004 1581 5069 est;
1611 4997 1760 5067 veni,
1785 4997 1994 5067 inpone
2024 5010 2141 5049 ma-

493 5124 636 5164 num
680 5120 850 5177 super
890 5118 1038 5171 eam,
1064 5103 1130 5153 ut
1158 5098 1311 5153 salva
1340 5096 1431 5165 sit,
1462 5098 1518 5149 et
1542 5093 1711 5147 vivat.
1739 5091 1808 5144 Et
1840 5088 1978 5143 abiit
2009 5103 2139 5142 cum

492 5202 612 5273 illo,
641 5206 697 5256 et
739 5196 1078 5270 sequebatur
1112 5207 1248 5247 eum
1272 5188 1438 5244 turba
1480 5186 1685 5241 multa.
1731 5182 1929 5238 Adhuc
1960 5196 2027 5236 eo
2051 5180 2137 5234 lo-

493 5298 721 5370 quente,
761 5290 997 5346 veniunt
1043 5286 1113 5340 ab
1161 5282 1614 5354 archisynagogo
1661 5275 1911 5333 dicentes
1952 5290 1965 5328 :
2000 5272 2141 5338 Quia

492 5365 607 5444 filia
648 5393 746 5442 tua
790 5387 1016 5439 mortua
1060 5383 1163 5447 est,
1195 5376 1334 5449 quid
1372 5376 1517 5430 ultra
1557 5388 1725 5427 vexas
1760 5365 2140 5441 Magistrum?

492 5485 646 5538 Jesus
674 5483 864 5535 autem
882 5475 1055 5532 verbo
1081 5471 1232 5545 quod
1267 5469 1559 5525 dicebatur
1599 5464 1812 5531 audito,
1845 5462 1922 5516 ait
1959 5458 2142 5513 archi-

414 5638 419 5647 ,
495 5588 783 5647 synagoga
812 5588 826 5625 :
859 5569 982 5625 Noli
1005 5567 1228 5634 timere,
1258 5560 1652 5619 tantummodo
1688 5556 1874 5612 crede.
1920 5555 1987 5608 Et
2026 5568 2143 5606 non

494 5665 722 5723 admisit
749 5676 1096 5734 quemquam
1123 5657 1283 5729 sequi
1311 5672 1369 5711 se
1396 5654 1508 5709 nisi
1533 5655 1763 5708 Petrum
1789 5653 1845 5705 et
1870 5646 2139 5702 Iacobum

497 5765 553 5814 et
586 5758 904 5814 Johannem
951 5754 1184 5807 fratrem
1214 5747 1420 5805 Jacobi.
1449 5748 1519 5801 Et
1543 5744 1777 5800 veniunt
1813 5742 1873 5796 in
1908 5740 2143 5794 domum

571 5891 593 5920 ⁸
614 5894 697 5946 An
711 5888 1021 5962 depingitur
1038 5889 1066 5940 ?
1081 5887 1145 5940 Et
1162 5882 1329 5957 paulo
1345 5882 1489 5939 infra
1498 5882 1645 5937 forte
1663 5894 1676 5934 :
1697 5878 1989 5935 Ecclesium
2003 5890 2145 5931 mar-

2237 4723 2417 4780 credit
2443 4722 2503 4777 in
2533 4737 2686 4791 eum,
2719 4736 2835 4776 non
2861 4720 3170 4792 judicatur,
3200 4718 3301 4790 qui
3339 4723 3533 4773 autem
3561 4733 3682 4772 non
3706 4714 3873 4771 credit

2239 4819 2300 4873 in
2329 4834 2483 4887 eum,
2516 4814 2802 4888 judicatus
2846 4818 2949 4882 est,
3002 4811 3134 4883 quia
3177 4828 3294 4867 non
3337 4811 3517 4867 credit
3553 4811 3613 4865 in
3650 4809 3873 4865 nomine

2240 4910 2521 4984 unigeniti
2543 4908 2665 4964 Filii
2690 4908 2804 4963 Dei.
2833 4908 2945 4961 Hoc
2970 4908 3053 4960 est
3077 4910 3267 4961 autem
3283 4904 3590 4977 judicium,
3620 4903 3757 4976 quia
3782 4902 3871 4957 lux

2238 5004 2393 5060 venit
2417 5004 2476 5058 in
2512 5000 2810 5067 mundum,
2844 5004 2899 5054 et
2925 4999 3247 5054 dilexerunt
3276 4997 3539 5053 homines
3573 4996 3758 5068 magis
3793 4999 3869 5050 te-

2238 5099 2447 5155 nebras
2466 5112 2638 5169 quam
2660 5095 2866 5149 lucem.
2896 5095 3069 5148 Erant
3097 5093 3251 5148 enim
3276 5108 3479 5147 eorum
3504 5090 3659 5146 mala
3688 5105 3868 5162 opera.

2240 5191 2435 5248 Omnis
2460 5189 2612 5245 enim
2641 5188 2741 5260 qui
2764 5188 2913 5243 male
2936 5187 3075 5258 agit,
3106 5186 3223 5241 odit
3248 5186 3455 5255 lucem,
3485 5190 3543 5241 et
3565 5201 3682 5239 non
3732 5182 3872 5238 venit

2240 5286 2310 5340 ad
2355 5284 2563 5352 lucem,
2614 5286 2676 5338 ut
2717 5297 2833 5337 non
2875 5285 3194 5352 arguantur
3233 5295 3405 5352 opera
3440 5278 3585 5351 ejus.
3621 5277 3729 5344 Qui
3753 5276 3873 5332 facit

2242 5378 2554 5446 veritatem,
2591 5375 2747 5432 venit
2779 5375 2852 5430 ad
2884 5374 3093 5443 lucem,
3132 5378 3199 5429 ut
3240 5373 3677 5429 manifestentur
3716 5385 3872 5444 opera

2248 5471 2429 5546 [ejus,]
2462 5471 2597 5544 quia
2622 5470 2683 5525 in
2708 5471 2821 5525 Deo
2848 5473 2981 5524 sunt
3005 5468 3169 5523 facta.

2610 5572 2740 5621 Item
2773 5569 2875 5620 alia
2896 5567 3186 5619 secundum
3209 5566 3523 5619 Iohannem.

2312 5663 2514 5728 Amen,
2543 5672 2712 5713 amen
2745 5655 2869 5711 dico
2907 5654 3083 5722 vobis,
3124 5654 3221 5726 qui
3248 5653 3427 5709 credit
3466 5653 3527 5707 in
3573 5668 3688 5722 me,
3717 5666 3869 5724 opera

2244 5770 2373 5825 quas
2398 5768 2504 5825 ego
2528 5750 2693 5820 facio,
2712 5753 2769 5804 et
2793 5750 2909 5822 ipse
2927 5749 3116 5820 faciet,
3140 5751 3197 5804 et
3221 5746 3437 5820 majora
3461 5747 3673 5802 horum
3692 5744 3861 5811 faciet;

2245 5873 2436 5944 gerite
2453 5868 2779 5940 fecundam,-
2798 5865 2886 5922 vel
2909 5882 2922 5921 :
2944 5866 3183 5924 Ecclesia
3200 5864 3517 5935 margaritis
3530 5860 3859 5934 fecundatur.
