4006 6228
140 417 230 471 5(ῡό

757 413 1367 470 SACRAMENTABILM
1407 415 1852 471 GALLICANL'M.
1900 443 1964 454 --
2007 417 2374 472 LECTIUNES
2417 413 2888 473 DUMlNlCALES.

3411 422 3510 474 iibti

141 513 605 592 etquodcumque
624 517 976 590 petieritisin
998 519 1235 577 nomine
1251 539 1401 589 meo,
1417 523 1524 578 hoc
1540 522 1766 590 faciam,
1792 539 1850 615 Α
1872 521 1950 578 ill.
1972 540 2145 596 quem
2170 524 2228 580 in
2256 525 2364 580 hoc
2385 522 2590 579 saeculo
2617 527 3078 580 commorantem
3102 521 3276 581 sacris
3301 539 3504 581 mune-

139 617 192 671 ut
211 611 558 686 gloriﬁcatur
572 613 740 668 Pater
760 612 817 668 in
836 613 996 669 Filio.
1021 615 1081 670 Si
1096 615 1330 686 diligitis
1348 633 1460 683 me,
1483 616 1765 673 mandata

138 724 254 763 mea
277 710 521 762 servate.
551 705 660 770 Qui
691 707 852 762 audit
882 708 1160 763 mandata
1183 726 1334 775 mea,
1369 713 1427 764 et
1455 714 1643 764 servat
1672 727 1766 777 ea,

138 803 220 858 ille
235 803 317 856 est
332 799 430 872 qui
459 799 649 871 diligit
667 815 788 855 me:
814 801 911 872 qui
929 805 1123 856 autem
1145 802 1332 874 diligit
1355 819 1469 869 me,
1491 803 1766 873 diligetur

138 913 167 949 a
188 897 344 950 Patre
367 909 524 960 meo,
549 897 608 949 et
639 911 748 966 ego
777 894 1016 966 diligam
1049 913 1204 963 eum,
1233 900 1290 950 et
1316 895 1702 951 manifestabo
1721 895 1772 950 ei

146 1004 228 1044 me
259 987 464 1058 ipsum.

423 1090 553 1129 ΙΤΕΙ
586 1090 736 1129 IISSA
769 1091 1080 1130 COTTIDIANA
1116 1091 1467 1130 DOKINICALIS.

203 1153 347 1207 Deus
381 1151 481 1224 qui
523 1152 896 1223 diligentibus
927 1156 982 1205 te
1019 1152 1174 1207 bona
1213 1151 1521 1207 invisibilia
1549 1169 1770 1225 praepa-

142 1246 285 1312 rasti,
311 1245 557 1300 infunde
598 1246 658 1300 in
703 1245 970 1301 cordibus
1004 1245 1212 1300 nostris
1245 1246 1328 1300 tui
1357 1247 1573 1302 amoris
1604 1247 1772 1304 effec-

141 1345 271 1407 tum,
301 1343 364 1394 ut
393 1343 452 1394 te
482 1339 545 1394 in
584 1339 853 1395 omnibus
893 1343 951 1394 et
991 1356 1162 1410 super
1206 1340 1403 1395 omnia
1446 1340 1774 1412 diligentes,

146 1433 548 1507 promissiones
579 1436 705 1489 tuas
737 1450 864 1506 quae
893 1449 1066 1488 omne
1107 1432 1460 1489 desiderium
1503 1437 1776 1505 superant

146 1543 581 1598 consequamur.

838 1597 1054 1645 Secreta

209 1668 461 1740 Respice,
495 1668 758 1735 Domine,
784 1684 1136 1740 quaesumus,
1160 1667 1550 1724 adﬂictionem
1581 1669 1776 1740 populi

146 1763 245 1828 tui;
274 1767 330 1817 et
357 1779 502 1834 quos
521 1761 746 1833 justitia
777 1762 1035 1834 corripis,
1067 1762 1461 1817 misericordia
1493 1761 1777 1818 consolari

147 1857 395 1928 dignare,
419 1859 482 1910 ut
509 1859 566 1910 te
590 1855 827 1911 custode
854 1855 1082 1923 servati,
1115 1855 1186 1911 ab
1217 1856 1486 1911 omnibus
1513 1855 1779 1928 periculis

148 1950 303 2022 hujus
333 1949 459 2003 vita:
492 1949 827 2004 liberemur.
1109 1955 1118 1966 ‘

786 2041 1124 2091 Contestatio.

207 2115 343 2168 Vere
370 2113 616 2185 dignum
637 2116 694 2167 et
715 2113 936 2184 justum
962 2117 1046 2167 cst
1074 2112 1444 2184 omnipotens
1477 2115 1644 2182 Deus,
1669 2115 1778 2168 cle-

150 2225 302 2263 mens
333 2211 389 2262 et
423 2207 772 2273 misericors,
810 2207 906 2278 qui
939 2207 1182 2277 januam
1223 2206 1488 2261 ﬁdelibus
1526 2207 1636 2262 tuis
1682 2224 1786 2279 per

150 2301 387 2356 studium
409 2301 588 2372 pacis,
610 2304 666 2354 et
684 2299 936 2354 caritatis
955 2300 1279 2354 munimine
1301 2303 1501 2372 patere
1520 2301 1746 2355 voluisti
1767 2318 1781 2367 ;

151 2395 355 2467 respice
400 2395 460 2448 in
509 2394 694 2460 nobis,
737 2397 793 2447 et
838 2393 1115 2447 miserere
1167 2394 1347 2447 nostri
1385 2395 1552 2463 Deus,
1588 2394 1685 2466 qui
1712 2393 1784 2448 ad

153 2492 419 2543 (sternam
442 2488 622 2541 vitam
644 2486 700 2540 in
723 2487 928 2542 Christi
958 2486 1378 2541 resurrectione
1404 2504 1508 2542 nos
1529 2504 1782 2559 reparas.

153 2581 368 2636 Custodi
389 2598 570 2652 opera
586 2579 994 2634 misericordia
1013 2584 1152 2646 tua);
1177 2583 1238 2633 ut
1259 2597 1388 2634 cum
1407 2581 1466 2635 in
1484 2581 1785 2652 majestate

153 2692 244 2729 sua
262 2675 603 2746 Unigenitus
619 2677 750 2728 tuus
769 2673 1088 2740 advenerit,
1109 2673 1182 2727 ad
1200 2673 1649 2729 immortalitatis
1671 2676 1788 2746 glo-

155 2769 290 2824 riam
314 2785 688 2839 resurgamus
715 2784 818 2839 per
844 2766 1134 2822 Christum
1155 2767 1494 2822 Dominum.
1523 2769 1783 2825 SANCTCS.

403 2882 656 2922 LEGENDA
695 2882 747 2920 IN
789 2881 1134 2921 DEPOSITIONE
1174 2881 1524 2922 SACERDOTIS.

473 2945 708 3006 Epistola
742 2945 885 2994 Pauli
919 2945 1140 3008 apostoli
1175 2945 1237 2994 ad
1268 2945 1456 2994 Titum.

220 3019 458 3084 Fratres,
483 3016 558 3070 de
579 3017 999 3071 dormientibus
1025 3018 1051 3058 b
1081 3017 1350 3071 nolumus
1369 3033 1467 3070 vos
1488 3015 1784 3087 ignorare,

157 3116 208 3165 ut
239 3128 350 3166 non
377 3109 804 3166 contristemini
840 3110 983 3165 sicut
1012 3110 1187 3165 ceteri
1217 3110 1314 3180 qui
1343 3127 1504 3181 spem
1536 3126 1653 3164 non
1685 3110 1786 3164 ha-

155 3205 302 3259 bent.
336 3204 392 3260 Si
425 3203 586 3258 enim
616 3203 902 3258 credimus
931 3203 1085 3274 quod
1113 3205 1273 3259 Jesus
1309 3206 1575 3257 mortuus
1600 3205 1704 3270 est,
1734 3206 1792 3257 et

156 3299 472 3365 resurrexit,
499 3297 580 3351 ita
609 3300 666 3352 et
689 3298 840 3352 Deus
862 3313 961 3351 eos
978 3296 1075 3367 qui
1095 3296 1457 3351 dormierunt
1477 3313 1582 3368 per
1595 3286 1790 3351 Jésum
1811 3277 1865 3352 Ο

157 3392 389 3447 adducet
412 3408 549 3447 cum
583 3407 671 3446 eo.
707 3392 822 3445 Hoc
851 3390 1008 3444 enim
1045 3389 1205 3444 vobis
1244 3389 1486 3443 dicimus
1528 3390 1586 3444 in
1615 3391 1791 3445 verbo

158 3485 396 3552 Domini,
425 3484 569 3556 quia
593 3500 699 3539 nos
729 3483 825 3554 qui
855 3483 1116 3550 vivimus,
1149 3483 1246 3553 qui
1268 3481 1479 3536 residui
1511 3499 1706 3537 sumus
1731 3482 1792 3537 in

157 3578 458 3633 adventum
512 3577 764 3643 Domini,
797 3593 914 3632 non
956 3576 1376 3647 prmveniemus
1403 3592 1500 3630 eos
1532 3576 1631 3647 qui
1659 3576 1788 3631 dor-

156 3672 414 3727 mierunt.
446 3671 739 3736 Quoniam
759 3671 879 3741 ipse
899 3669 1251 3724 Dominusin
1268 3671 1432 3740 jussu
1460 3671 1518 3724 et
1543 3685 1679 3725 voce
1709 3685 1795 3723 ar-

161 3764 430 3835 changeli,
459 3767 521 3818 et
549 3764 607 3818 in
641 3763 779 3817 tuba
815 3762 917 3816 Dei
939 3761 1252 3816 descendet
1269 3761 1341 3816 de
1363 3763 1522 3827 caelo,
1552 3765 1610 3816 et
1638 3778 1791 3816 mor-

161 3856 233 3910 tui
261 3857 354 3928 qui
380 3857 439 3912 in
469 3856 697 3912 Christo
729 3858 864 3910 sunt
887 3857 1194 3926 resurgent
1219 3854 1411 3926 primi.
1442 3853 1659 3908 Deinde
1689 3871 1795 3909 nos

161 3950 250 4021 qui
279 3951 542 4017 vivimus,
577 3949 674 4020 qui
701 3949 1119 4020 relinquemur,
1154 3948 1322 4002 simul
1349 3947 1646 4018 rapiemur
1666 3964 1796 4002 cum

160 4040 260 4096 illis
280 4042 336 4096 in
369 4043 620 4097 nubibus
652 4041 883 4096 obviam
916 4041 1163 4096 Domino
1185 4040 1244 4094 in
1274 4056 1429 4107 aera,
1461 4043 1519 4094 et
1546 4039 1624 4093 sic
1645 4055 1793 4094 sem-

161 4152 258 4206 per
281 4153 410 4191 cum
436 4135 687 4191 Domino
721 4134 959 4189 erimus.

309 4229 486 4278 Lectio
521 4227 687 4278 sancti
713 4226 981 4291 Evangelii
1013 4224 1300 4275 secundum
1329 4225 1641 4276 Jobannem.

228 4300 371 4354 Dixit
399 4300 679 4356 Dominus
703 4301 864 4354 Jesus
890 4299 964 4354 ad
995 4298 1191 4352 turbas
1219 4314 1232 4352 :
1263 4300 1449 4352 Amen
1478 4314 1649 4352 amen
1673 4297 1800 4351 dico

164 4393 332 4461 vobis,
365 4393 502 4466 quia
525 4393 623 4464 qui
647 4393 886 4446 verbum
917 4408 1114 4446 meum
1137 4390 1318 4459 audit,
1343 4393 1401 4444 et
1420 4391 1604 4445 credit
1625 4390 1675 4444 ei
1704 4389 1801 4461 qui

166 4486 316 4541 misit
338 4504 456 4555 me,
490 4486 666 4541 habet
692 4485 869 4540 vitam
895 4487 1196 4551 aeternam,
1221 4487 1279 4538 et
1298 4483 1356 4537 in
1373 4483 1655 4554 judicium
1684 4500 1800 4538 non

165 4580 332 4647 venit,
355 4581 457 4635 sed
481 4579 690 4635 transit
710 4597 743 4634 a
763 4582 950 4634 morte
972 4578 1030 4633 in
1051 4577 1250 4632 vitam.
1272 4579 1460 4631 Amen
1482 4593 1652 4630 amen
1676 4575 1802 4630 dico

167 4673 319 4727 vobis
348 4675 485 4745 quia
510 4673 668 4727 venit
693 4673 858 4739 hora,
899 4676 960 4726 et
994 4688 1146 4725 nunc
1187 4674 1291 4736 est,
1327 4669 1561 4741 quando
1591 4642 1882 4724 mortuiD

169 4766 397 4821 audient
439 4783 639 4820 vocem
683 4765 806 4820 Filii
849 4764 972 4831 Dei,
1013 4769 1071 4818 et
1111 4763 1207 4835 qui
1255 4763 1547 4818 audierint
1592 4763 1802 4818 vivent.

167 4858 316 4913 Sicut
341 4860 498 4914 enim
520 4862 687 4914 Pater
707 4859 885 4913 habet
905 4857 1080 4912 vitam
1103 4857 1162 4911 in
1184 4856 1518 4928 semetipso,
1542 4857 1620 4912 sic
1645 4856 1809 4911 dedit

173 4955 225 5005 et
259 4953 394 5008 Filio
435 4953 650 5008 habere
693 4953 869 5006 vitam
907 4951 966 5004 in
1008 4950 1340 5022 semetipso,
1371 4953 1430 5004 et
1457 4953 1806 5022 potestatem

175 5044 326 5100 dedit
369 5047 422 5100 ei
453 5046 737 5117 judicium
781 5045 992 5112 facere,
1040 5044 1174 5115 quia
1209 5043 1380 5098 Filius
1413 5043 1665 5098 hominis
1702 5047 1806 5099 est.

175 5138 349 5193 Nolite
369 5139 569 5194 mirari
596 5140 726 5206 hoc,
752 5138 887 5210 quia
906 5137 1063 5192 venit
1083 5138 1247 5204 hora,
1270 5137 1330 5191 in
1353 5154 1466 5208 qua
1488 5153 1690 5192 omnes
1714 5137 1812 5208 qui

175 5228 228 5284 in
263 5233 657 5289 monumentis
689 5235 841 5300 sunt,
884 5231 1125 5286 audient
1151 5248 1353 5287 vocem
1389 5231 1546 5302 ejus;
1590 5234 1647 5284 et
1678 5247 1807 5302 pro-

178 5325 377 5379 cedent
413 5328 509 5399 qui
547 5328 702 5382 bona
741 5327 1003 5382 fecerunt
1037 5326 1094 5379 in
1138 5324 1623 5379 resurrectionem
1659 5323 1810 5392 vitae,

180 5417 269 5488 qui
295 5436 430 5476 vero
458 5423 611 5476 mala
645 5423 966 5494 gesserunt,
994 5419 1054 5473 in
1081 5419 1564 5474 resurrectionem
1588 5416 1809 5488 judicii.

585 5527 738 5565 κιεεΑ
771 5523 1080 5564 SACBRDOTIS
1113 5523 1388 5561 DEPUNCTI.

246 5593 1096 5668 Praesta,Domine,quaasumus,
1112 5596 1174 5648 ut
1184 5593 1383 5648 anima
1395 5591 1712 5646 sacerdotis
1728 5591 1812 5645 tui

252 5716 276 5745 ⁸
295 5719 420 5775 Haec
439 5721 710 5776 Collectio
726 5719 975 5774 habetur
996 5717 1055 5774 in
1074 5719 1336 5774 Romano
1361 5715 1662 5772 Dominica
1688 5718 1819 5788 post

190 5787 553 5863 Pentecosten
589 5791 811 5863 quinta.

254 5860 283 5933 ξ)
307 5857 651 5933 Augustinus
673 5861 731 5933 in
758 5876 1027 5933 sermone
1061 5864 1159 5915 173
1187 5860 1270 5933 ad
1293 5859 1572 5933 populum
1597 5857 1694 5922 ait,
1716 5874 1820 5933 nos

190 5927 571 5991 deberevhanc
607 5932 916 5989 lectionem
945 5930 1005 5989 in
1032 5934 1227 5988 mente
1257 5927 1490 5998 habere,
1518 5951 1545 5979 «
1585 5928 1819 6004 quando

1872 617 2030 674 ribus
2050 618 2358 687 coronasti,
2374 617 2583 672 caelesti
2602 619 2737 674 sede
2757 619 3006 690 gloriosa
3021 634 3253 690 semper
3275 619 3506 675 exultet.

2561 716 2830 768 Collectio.

1945 798 2093 853 Deus
2119 797 2217 869 qui
2243 797 2642 854 confitentium
2681 800 2737 852 te
2780 796 2968 870 portio
2997 814 3057 853 es
3081 797 3512 867 defunctorum,

1874 907 2074 963 preces
2099 895 2322 946 nostras
2345 909 2486 963 quas
2508 892 2566 947 in
2595 891 2907 947 sacerdotis
2934 891 3019 946 tui
3043 891 3120 946 ill.
3153 891 3513 964 depositione

1876 984 2497 1056 deferimus,propitius
2525 985 2728 1040 exaudi
2755 1002 2767 1051 ;
2797 989 2859 1039 ut
2889 985 2988 1056 qui
3015 985 3240 1042 nomini
3269 989 3368 1041 tuo
3400 986 3510 1042 mi-

1877 1079 2178 1134 nisterium
2193 1078 2361 1134 ﬁdele
2377 1078 2671 1152 dependit,
2687 1081 2967 1152 perpetua
2978 1078 3324 1137 Sanctorum
3341 1080 3516 1140 socie-

1877 1175 1992 1227 tate
2027 1172 2274 1228 laetetur.

2499 1242 2620 1292 Post
2644 1241 2878 1292 nomina.

1947 1323 2098 1379 Deus
2110 1324 2205 1396 qui
2220 1324 2617 1378 universorum
2634 1327 2858 1378 creator
2871 1323 3282 1391 etconditores,
3299 1342 3429 1380 cum
3444 1328 3520 1382 sis

1879 1419 2113 1471 tuorum
2127 1417 2424 1472 beatitudo
2440 1421 2635 1472 sancto
2644 1422 3003 1488 rum,prmsta
3017 1418 3180 1472 nobis
3193 1419 3521 1489 petentibus

1876 1513 1940 1564 ut
1967 1510 2390 1582 depositionem
2439 1511 2748 1565 sacerdotis
2789 1511 2872 1564 tui
2907 1514 2964 1564 et
2999 1511 3253 1582 corporis
3284 1513 3521 1567 nexibus

1878 1607 2204 1662 absolutum
2222 1607 2280 1661 in
2311 1608 2497 1680 prima
2524 1608 2943 1663 resurrectione
2965 1607 3141 1662 facias
3162 1610 3517 1678 praesentari.

2531 1706 2868 1755 Contestatio.

1949 1788 2090 1840 Vere
2140 1787 2381 1858 dignum
2419 1790 2476 1841 et
2508 1787 2728 1857 justum
2771 1791 2874 1853 est,
2915 1786 3323 1857 mysteriorum
3363 1788 3521 1842 caele-

1881 1881 2054 1934 stium
2088 1883 2454 1934 consecrator
2474 1883 2690 1934 mterne
2720 1881 2884 1945 Deus,
2905 1882 3093 1933 custos
3119 1878 3401 1945 Ecclesiae,
3430 1896 3518 1934 sa-

1883 1973 2182 2028 cerdotum
2223 1973 2414 2041 decus,
2445 1976 2502 2026 et
2544 1974 2663 2026 laus
2691 1972 2952 2026 omnium
2981 1975 3135 2026 certa
3162 1973 3520 2042 pontificum,

1884 2065 2268 2121 eminentiam
2288 2065 2600 2136 Majestatis
2629 2068 2762 2131 tua},
2787 2066 3068 2120 excelsum
3098 2081 3312 2119 nomen
3335 2081 3523 2132 orare,

1885 2163 1946 2213 ut
1993 2161 2115 2214 hazc
2159 2176 2320 2214 sacra
2360 2157 2654 2230 mysteria,
2685 2174 2812 2228 quae
2851 2159 2966 2212 tuas
3000 2157 3200 2228 pietati
3231 2157 3526 2213 offerimus

1887 2269 1988 2323 pro
2015 2252 2212 2307 anima
2244 2255 2303 2306 et
2335 2251 2537 2324 spiritu
2568 2250 2882 2305 sacerdotis
2911 2250 2993 2304 tui
3027 2251 3128 2317 ill.,
3163 2250 3321 2321 cujus
3352 2249 3526 2306 hodie

1887 2345 2307 2417 depositionem
2335 2345 2713 2411 celebramus,
2742 2343 2896 2398 inter
2920 2347 3250 2399 sanctorum
3289 2359 3524 2399 consor-

1887 2439 2032 2494 tium
2077 2439 2138 2493 in
2179 2439 2314 2494 libri
2352 2437 2482 2492 vita:
2523 2437 2730 2508 jubeas
2771 2437 3048 2508 paginam
3097 2436 3389 2505 intimare,
3423 2452 3529 2510 per

1886 2533 2176 2589 Christum
2200 2531 2510 2588 Dominum
2542 2534 2825 2586 nostrum.
2855 2530 2980 2586 Cui.

2314 2656 2604 2697 LECTIONES
2643 2655 2748 2695 PRO
2788 2654 3103 2696 DEFUNCTIS.

2178 2729 2409 2794 Epistola
2434 2729 2577 2778 Pauli
2601 2728 2822 2792 apostoli
2849 2728 2915 2777 ad
2949 2729 3226 2778 Romanos.

1960 2812 2203 2879 Fratres,
2225 2827 2398 2866 nemo
2425 2816 2679 2866 vestrum
2701 2809 2808 2864 sibi
2833 2809 2988 2877 vivit,
3004 2811 3062 2864 et
3082 2825 3254 2864 nemo
3282 2807 3390 2864 sibi
3410 2825 3531 2866 mo-

1889 2905 2051 2960 ritur.
2067 2905 2194 2960 Sive
2219 2905 2376 2959 enim
2395 2903 2654 2970 vivimus,
2669 2902 2918 2958 Domino
2943 2901 3205 2970 vivimus;
3221 2901 3336 2957 sive
3358 2901 3530 2958 mori-

1889 3015 2040 3064 mur,
2054 2997 2299 3053 Domino
2318 2997 2621 3052 morimur.
2637 2997 2764 3053 Sive
2782 2995 2940 3050 enim
2953 2995 3212 3062 vivimus,
3229 2994 3341 3050 sive
3358 2995 3531 3050 mori-

1889 3091 2279 3158 mur,Domini
2293 3107 2509 3146 sumus.
2526 3092 2586 3145 ln
2606 3091 2715 3145 hoc
2729 3089 2884 3144 enim
2899 3088 3153 3144 Christus
3174 3090 3436 3143 mortuus
3449 3091 3537 3144 est

1892 3189 1949 3240 et
1964 3184 2290 3258 resurrexit,
2307 3188 2366 3239 ut
2382 3188 2439 3239 et
2450 3187 2814 3239 mortuorum
2833 3186 2890 3237 et
2903 3183 3162 3237 vivorum
3177 3181 3527 3238 dominetur.

2049 3282 2220 3332 Lectio
2249 3281 2414 3332 sancti
2444 3280 2713 3346 Evangelii
2749 3279 3039 3330 secundum
3063 3279 3375 3329 Johannem.

1961 3366 2024 3418 In
2063 3363 2160 3418 illo
2200 3366 2488 3435 tempore,
2525 3363 2802 3418 Dominus
2843 3364 3040 3416 noster
3075 3363 3236 3416 Jesus
3275 3359 3530 3416 Christus

1891 3457 2240 3527 loquebatur
2274 3456 2564 3528 discipolis
2599 3456 2715 3510 suis
2740 3456 2936 3510 dicens
2965 3471 2977 3509 :
3002 3455 3131 3508 Hinc
3161 3457 3246 3508 est
3273 3454 3537 3508 voluntas

1893 3555 2016 3626 ejus
2034 3555 2134 3626 qui
2148 3555 2304 3609 misit
2318 3571 2409 3608 me
2423 3553 2697 3620 Patris,ut
2708 3569 2883 3608 omne
2897 3551 3049 3623 quod
3063 3550 3221 3606 dedit
3233 3551 3399 3617 mihi,
3419 3567 3537 3606 non

1897 3648 2141 3719 perdam
2165 3665 2232 3703 ex
2255 3665 2344 3716 eo,
2370 3647 2470 3702 sed
2494 3646 2828 3701 resuscitem
2851 3645 2994 3699 illud
3024 3645 3084 3698 in
3111 3643 3423 3698 novissimo
3447 3643 3541 3698 die

1895 3743 2025 3796 Hinc
2065 3745 2151 3797 est
2177 3741 2334 3796 enim
2363 3741 2628 3795 voluntas
2657 3738 2838 3793 Patris
2873 3737 2988 3791 mei
3018 3737 3117 3807 qui
3145 3735 3303 3790 misit
3328 3753 3444 3804 me,
3478 3738 3542 3792 ut

1896 3835 2083 3891 omnis
2108 3835 2204 3906 qui
2231 3834 2385 3889 videt
2407 3833 2630 3900 Filium,
2651 3835 2708 3886 et
2727 3831 2911 3886 credit
2936 3830 2998 3884 in
3024 3845 3180 3897 eum,
3209 3829 3426 3885 habeat
3449 3829 3530 3884 vi-

1895 3934 2018 3985 tam
2043 3932 2340 3984 mternam.
2364 3929 2432 3982 Et
2460 3925 2810 3981 resuscitabo
2833 3941 2966 3979 eum
2997 3923 3057 3978 in
3085 3922 3391 3978 novissimo
3422 3923 3537 3980 die.

2412 4036 2564 4074 MISSA
2597 4035 2696 4075 PRO
2730 4033 3030 4072 DEFUNCTIS.

1969 4106 2442 4178 Omnipotentem
2461 4104 2788 4171 Dominum,
2803 4105 3012 4158 fratres
3025 4101 3539 4174 carissimi,depre-

1899 4218 2118 4269 cemur,
2149 4203 2211 4254 ut
2237 4199 2496 4254 animam
2526 4197 2722 4253 famoli
2751 4197 2836 4251 tui
2865 4197 2944 4250 ill.
2981 4212 3156 4268 quam
3185 4196 3256 4250 de
3287 4194 3542 4266 corporis

1900 4311 2128 4350 carcere
2158 4294 2482 4348 absolutam
2512 4292 2569 4347 in
2600 4291 2739 4347 illud
2761 4291 3200 4364 sempiternum,
3221 4292 3279 4344 et
3303 4288 3540 4343 inviola-

1900 4395 2014 4449 bile
2045 4393 2318 4447 saeculum
2340 4392 2592 4462 migrare
2619 4372 2960 4461 praicepisti,
2991 4389 3049 4443 in
3081 4387 3327 4442 Abrahae
3357 4386 3546 4440 sinum

1903 4504 2036 4542 eum
2071 4484 2328 4557 digneris
2359 4485 2642 4555 excipere,
2668 4485 2725 4537 et
2746 4482 2806 4537 in
2827 4481 3116 4537 consortio
3132 4481 3335 4554 primm
3355 4494 3544 4534 resur-

1905 4579 2177 4635 rectionis
2207 4577 2480 4632 suscitare
2506 4576 2731 4647 jubeas.

2589 4667 2860 4717 Collectio.

1979 4757 2221 4812 Domine
2270 4754 2520 4809 salvator
2564 4754 2779 4821 noster,
2820 4751 2918 4823 qui
2961 4751 3032 4806 de
3074 4751 3338 4808 ﬂuctibus
3380 4750 3550 4823 hujus

1910 4851 2103 4908 saeculi
2124 4850 2413 4904 bonorum
2451 4845 2674 4900 animas
2701 4844 2988 4916 suscipere
3015 4843 3285 4915 dignatus
3313 4861 3393 4912 es,
3423 4843 3548 4900 ani-

1910 4961 2067 5000 mam
2105 4957 2333 5015 quoque
2375 4938 2573 4994 famoli
2614 4937 2697 4992 tui
2729 4938 2808 4992 ill.
2847 4937 3150 4991 adsumere
3189 4937 3463 5008 digneris,
3488 4940 3551 4992 ut

1912 5055 2044 5094 eum
2061 5037 2132 5092 ad
2148 5037 2380 5108 portum
2396 5036 2627 5088 aeternae
2642 5029 2849 5103 quietis
2868 5029 3228 5097 admittas,ut
3239 5030 3555 5085 caelestibus

1913 5135 2137 5188 fruatur
2155 5127 2323 5184 bonis
2345 5131 2403 5183 et
2425 5126 2677 5200 gaudeat
2696 5142 2756 5180 se
2778 5123 2948 5179 malis
2965 5121 3208 5178 evasisse
3225 5123 3550 5178 tormentis.

2547 5225 2671 5274 Post
2701 5221 2934 5273 nomina.

1985 5311 2278 5382 Rogamus
2320 5305 2517 5372 etiam,
2558 5303 2823 5370 Domine,
2855 5319 2960 5374 pro
3001 5299 3198 5356 anima
3236 5297 3435 5354 famoli
3473 5299 3558 5354 tui

1915 5405 1996 5459 ill.
2017 5419 2190 5476 quam
2211 5401 2270 5456 in
2289 5417 2428 5472 pace
2455 5398 2746 5454 dominica
2771 5397 3075 5451 adsumere
3094 5395 3364 5467 dignatus
3384 5409 3474 5458 es;
3495 5395 3561 5446 ut

1917 5499 2107 5553 locum
2151 5493 2440 5566 refrigerii
2488 5494 2699 5558 teneat,
2745 5489 2874 5544 vitae
2917 5488 3124 5543 merita
3171 5487 3562 5556 consequatur

1919 5594 2156 5656 aeterna,
2185 5588 2377 5660 ibique
2417 5602 2551 5641 eum
2585 5586 2836 5639 statuere
2875 5580 3150 5652 digneris,
3179 5578 3275 5635 ubi
3307 5581 3394 5632 est
3433 5592 3557 5632 om-

1918 5713 2278 5769 celebramus
2309 5712 2432 5767 dies
2460 5713 2705 5783 fratrum
2723 5708 3171 5783 defunctorum.
3205 5727 3231 5783 ξ)
3266 5703 3557 5783 Quantum

1919 5802 2054 5840 vero
2073 5783 2356 5840 defunctis
2371 5782 2550 5854 prosit
2564 5776 3092 5846 sacriﬁcium,idem
3114 5777 3356 5832 testatur
3372 5776 3431 5826 in
3447 5785 3560 5824 sep

1920 5873 2094 5912 mone
2133 5854 2516 5928 praecedente.
