4006 6228
479 378 579 439 367

1357 376 1691 433 APPENDIX
1726 376 1815 432 AD
1850 375 2073 431 OPERA
2108 373 2164 428 S.
2201 373 2501 430 GERMANI
2539 372 2967 432 PARlSlENSlS.

3756 370 3869 431 568

467 488 632 547 nium
682 485 979 543 beatitudo
1011 484 1333 557 justorum;
1372 487 1430 539 et
1462 500 1594 539 cum
1629 482 1752 538 dies
1779 482 1874 538 ille
1903 482 2107 554 judicii
2128 492 2187 565 Α
2208 482 2663 539 misericordiam
2676 483 2775 539 Dei
2788 482 3069 552 nostri,ut
3086 482 3206 554 ipse
3223 480 3477 538 tribuere
3495 477 3551 538 ei
3571 480 3873 553 dignetur

468 580 785 651 advenerit,
817 580 971 637 inter
1001 582 1228 636 sanctos
1266 581 1325 633 et
1363 578 1574 632 electos
1602 579 1732 632 tuos
1760 592 1893 632 eum
1929 576 2104 634 facias

463 674 743 731 suscitari.

1129 741 1205 793 Ad
1231 754 1434 806 pacem.

536 828 717 885 Judex
748 824 1116 899 superstitum
1136 823 1355 896 pariter
1384 825 1558 894 atque
1589 822 1979 894 pausantium,
1999 839 2104 895 pro

467 922 727 979 ﬁdelium
745 919 1004 977 omnium
1024 917 1430 973 defunctorum
1449 916 1742 991 spiritibus
1759 919 1816 971 te
1839 916 2107 988 depreca-

470 1006 621 1081 mur,
649 1014 748 1068 sed
779 1012 1029 1066 maxime
1057 1028 1159 1082 pro
1181 1011 1351 1082 hujus
1373 1010 1571 1066 anima
1593 1009 1792 1067 famoli
1817 1010 1896 1064 tui
1920 1010 2021 1077 ill.,
2044 1013 2109 1064 ut

466 1124 570 1180 pro
584 1105 803 1162 meritis
817 1109 874 1160 et
886 1106 1222 1177 operatione
1235 1104 1523 1176 justorum
1552 1107 1744 1160 motus
1758 1104 1817 1159 in
1836 1121 1903 1159 eo
1917 1103 2103 1159 anim-

467 1200 820 1257 adversionis
860 1216 1134 1270 exageres
1158 1205 1205 1266 ⁸,
1247 1203 1305 1255 et
1360 1198 1558 1255 omnia
1603 1198 1653 1253 ei
1694 1214 1797 1270 pro
1851 1198 2104 1254 clemen-

465 1294 547 1352 tia
569 1299 681 1352 tuze
708 1292 939 1366 pietatis
958 1292 1280 1365 indulgeas.

1122 1390 1458 1441 Contestatio.

538 1477 679 1530 Vere
707 1475 951 1546 dignum
980 1477 1038 1528 et
1054 1474 1276 1545 justum
1297 1476 1402 1541 est,
1422 1472 1792 1543 omnipotens
1813 1471 1980 1526 Deus.
2000 1472 2103 1538 Tu,

467 1570 732 1636 Domine,
772 1568 861 1625 cui
907 1568 1106 1623 omnia
1142 1567 1370 1635 adsunt,
1403 1566 1493 1621 cui
1530 1565 1726 1620 vivunt
1765 1564 1981 1632 omnia,
2011 1564 2109 1636 qui

467 1680 636 1719 vocas
657 1680 725 1718 ea
746 1679 873 1735 quae
889 1679 1005 1717 non
1027 1664 1159 1716 sunt
1175 1663 1293 1716 tam
1303 1677 1475 1732 quam
1491 1677 1559 1715 ea
1580 1676 1707 1732 qua:
1726 1661 1877 1725 sunt,
1892 1661 2107 1712 aeterne

465 1756 792 1824 miserator,
808 1756 904 1828 qui
933 1772 1050 1811 non
1075 1754 1393 1809 secundum
1419 1754 1754 1825 iniquitates
1780 1756 2004 1808 nostras
2023 1768 2108 1806 re-

2204 577 2478 650 placitam
2501 581 2559 632 et
2569 576 2827 648 quietam
2841 576 3231 632 mansionem.
3247 576 3529 631 Remittat
3545 591 3764 632 omnes
3780 576 3872 632 lu-

2204 672 2377 727 bricae
2395 670 2743 726 temeritatis
2763 670 3043 726 offensas:
3070 673 3132 725 ut
3158 686 3431 725 concessa
3449 671 3642 742 plenae
3664 668 3872 725 indul-

2205 765 2418 836 gentia:
2442 764 2630 832 venia,
2660 763 2934 836 quicquid
2952 764 3011 818 in
3032 765 3142 819 hoc
3162 764 3368 819 saeculo
3397 763 3668 835 proprius
3691 779 3872 819 error

2207 858 2416 928 attulit,
2430 857 2721 914 ineffabile
2734 857 2946 929 pietate
2958 874 3025 912 ac
3035 857 3392 928 benignitate
3406 874 3509 913 sua
3524 856 3864 930 indulgeat.

2876 965 3010 1019 Item
3047 966 3180 1019 alia.

2276 1066 2355 1119 Tu
2382 1064 2567 1132 nobis,
2592 1063 2857 1129 Domine,
2889 1062 3164 1116 auxilium
3189 1066 3459 1133 prastare
3489 1060 3781 1134 digneris,
3804 1063 3868 1115 tu

2208 1175 2311 1230 per
2340 1156 2795 1211 misericordiam
2820 1156 3102 1227 largiaris,
3118 1155 3373 1211 animam
3400 1172 3632 1227 quoque
3652 1153 3871 1209 famoli

2208 1251 2289 1305 tui
2333 1252 2413 1305 ill.
2458 1268 2491 1306 a
2530 1250 2769 1305 vinculis
2817 1250 3210 1321 corporalibus
3252 1250 3555 1305 liberatam
3606 1249 3667 1303 in
3716 1263 3871 1319 pace

2210 1349 2541 1401 sanctorum
2560 1348 2791 1399 tuorum
2810 1343 3141 1415 recipias,et
3159 1344 3443 1415 gehennae
3458 1342 3610 1414 ignis
3623 1340 3869 1396 evadat.

2880 1452 3015 1505 Item
3052 1452 3185 1505 alia.

2282 1552 2451 1617 Deus,
2485 1549 2583 1622 qui
2613 1548 2783 1620 justis
2828 1548 3338 1621 supplicationibus
3378 1564 3612 1620 semper
3642 1551 3868 1625 praesto

2210 1645 2367 1711 ades,
2397 1644 2498 1715 qui
2526 1644 2622 1715 pia
2646 1646 2779 1697 vota
2805 1642 3064 1713 dignaris
3085 1642 3317 1710 intueri,
3333 1642 3407 1697 da
3427 1642 3638 1696 animae
3655 1640 3868 1696 famuli

2209 1737 2293 1792 tui
2319 1738 2399 1793 ill.
2431 1738 2591 1808 cujus
2610 1736 2884 1791 transitus
2915 1736 3086 1790 hodie
3119 1736 3309 1791 ofﬁcia
3338 1739 3707 1807 praestamus,
3724 1750 3865 1789 cum

469 1850 673 1905 tribuis
689 1850 875 1915 nobis;
894 1852 952 1903 et
968 1849 1015 1903 si
1034 1849 1397 1920 iniquitatem
1422 1844 2107 1914 observaveris,Domine,
2130 1859 2187 1931 Β
2212 1832 2422 1886 sanctis
2452 1831 2642 1902 adque
2665 1830 2858 1885 eleCtiS
2888 1830 2999 1885 ίυίε
3027 1829 3181 1885 beati
3210 1830 3468 1884 muneris
3494 1828 3861 1901 Ροτίίοῖιθῐη·

466 1943 593 2016 quis
625 1942 961 1998 sustinebit?
980 1944 1166 2013 Atque
1194 1941 1326 1995 ideo
1356 1940 1739 2012 deprecamur
1752 1940 2109 2011 Majestatem

468 2039 627 2093 tuam
671 2035 1038 2107 omnipotens
1070 2036 1238 2101 Deus,
1267 2037 1329 2088 ut
1360 2032 1622 2088 remittas
1647 2033 1868 2088 famolo
1898 2035 1997 2087 tuo
2025 2031 2104 2086 ill.

466 2144 610 2201 quos
637 2128 695 2182 in
726 2130 835 2183 hac
866 2128 983 2182 vita
1010 2127 1213 2181 habuit
1257 2125 1446 2181 carnis
1486 2142 1733 2181 errores.
1765 2124 2002 2180 Tribuas
2032 2124 2107 2192 ei,

465 2223 730 2290 Domine,
761 2222 1105 2277 delictorum
1136 2237 1373 2275 suorum
1406 2220 1639 2275 veniam
1667 2219 1729 2274 in
1760 2219 1858 2274 illo
1888 2221 2108 2273 secreto

463 2317 851 2388 receptacolo,
876 2315 974 2370 ubi
994 2316 1119 2387 jam
1144 2331 1264 2369 non
1294 2318 1381 2369 est
1400 2315 1556 2369 locus
1582 2312 1951 2384 paenitentiae.
1982 2313 2109 2367 Non

466 2409 648 2464 intres
668 2409 729 2464 in
746 2409 1032 2480 judicium
1063 2424 1195 2462 cum
1216 2424 1379 2462 servo
1400 2411 1520 2463 tuo.
1546 2407 1684 2471 Quis
1704 2405 1861 2460 enim
1890 2405 1949 2459 in
1970 2421 2106 2460 con-

464 2505 660 2575 specto
682 2505 795 2556 tuae
818 2501 1056 2572 justitiae
1078 2502 1267 2572 justus
1284 2499 1605 2571 appareat?
1632 2500 1757 2554 Non
1775 2515 1833 2554 se
1855 2498 1908 2553 ei
1929 2515 2107 2570 oppo-

468 2599 572 2651 nat
599 2596 689 2650 leo
717 2595 972 2665 rugiens,
1000 2597 1057 2648 et
1079 2594 1253 2649 draco
1285 2594 1590 2660 devorans,
1612 2592 1961 2647 miserorum
1984 2592 2107 2647 ani-

467 2704 592 2743 mas
620 2704 826 2760 rapere
856 2692 1179 2743 consuetus.
1199 2688 1324 2742 Non
1348 2686 1774 2741 accusationem
1797 2688 2114 2756 exequatur

469 2781 741 2837 adversus
768 2798 925 2836 eum.
948 2782 1073 2837 Non
1090 2781 1301 2836 obiciat
1322 2779 1594 2851 quicquid
1611 2796 1841 2851 semper
1863 2779 2108 2834 suaden-

470 2875 611 2930 dum
633 2891 763 2930 cum
786 2874 909 2946 ipso
932 2878 1035 2930 est.
1052 2876 1132 2930 Tu
1152 2873 1625 2941 autem,Christe,
1640 2873 1830 2945 recipe
1850 2872 2110 2927 animam

467 2973 671 3029 famoli
703 2973 789 3027 tui
814 2972 894 3027 ill.
926 2988 1104 3044 quam
1138 2972 1367 3039 dedisti,
1391 2975 1449 3026 et
1480 2970 1723 3026 demitte
1767 2971 1890 3041 ejus
1919 2970 2113 3025 debita

466 3066 655 3139 magis
695 3083 870 3137 quam
914 3066 1011 3121 ille
1049 3064 1281 3121 demisit
1324 3064 1680 3119 debitoribus
1723 3064 1880 3131 suis;
1930 3067 1992 3118 ut
2040 3064 2111 3119 ab

468 3160 628 3216 omni
656 3163 817 3215 metu
839 3175 1023 3231 poenae
1045 3159 1234 3230 adque
1259 3158 1330 3213 ab
1351 3158 1553 3214 aeterni
1574 3157 1777 3229 judicii
1798 3156 2114 3213 terroribus

2864 1932 2908 1993 Ἰ
2908 1944 3009 1993 tem
3046 1938 3181 1992 alia.

2279 2037 2513 2109 Antiqui
2532 2054 2823 2092 memores
2838 2035 3228 2108 chirographi,
3246 2036 3452 2091 fratres
3474 2034 3859 2101 dilectissimi,

2212 2149 2324 2203 quo
2342 2131 2515 2203 primi
2534 2131 2786 2187 hominis
2805 2134 3038 2202 peccato
3062 2133 3118 2185 et
3134 2129 3501 2200 corruptione
3519 2129 3756 2183 addicta
3773 2131 3863 2182 est

2210 2226 2470 2281 humana
2496 2225 2772 2289 conditio,
2792 2225 2894 2279 sub
2913 2224 3074 2295 cujus
3099 2225 3226 2294 lege
3248 2223 3307 2277 id
3328 2222 3435 2276 sibi
3457 2222 3861 2293 unusquisque

2210 2318 2506 2386 formidat,
2528 2318 2684 2390 quod
2710 2318 2821 2373 alia
2843 2317 3222 2388 investigavit,
3238 2316 3564 2387 videatque,
3584 2314 3858 2386 omnipo-

2209 2413 2385 2467 tentis
2407 2412 2509 2468 Dei
2524 2411 2981 2467 misericordiam
3004 2411 3384 2482 deprecemur
3400 2425 3505 2481 pro
3522 2408 3726 2463 anima
3741 2408 3860 2463 cari

2212 2506 2393 2562 nostri
2419 2506 2522 2573 ill.,
2548 2506 2708 2577 cujus
2738 2505 2911 2561 hodie
2936 2503 3361 2576 depositionem
3390 2502 3774 2569 celebramus,
3799 2504 3863 2556 ut

2212 2618 2341 2656 eam
2368 2600 2428 2655 in
2454 2602 2734 2655 aeternam
2762 2600 3030 2670 requiem
3056 2596 3344 2669 suscipiat,
3373 2600 3429 2652 et
3456 2597 3644 2652 beatae
3670 2612 3861 2651 resur-

2211 2693 2451 2749 rectioni
2478 2696 2872 2765 repraesentet.

2877 2792 3012 2845 Item
3048 2792 3183 2845 alia.

2283 2886 2378 2952 Te,
2412 2885 2886 2952 Domine,sancte
2917 2886 3104 2951 Pater,
3129 2883 3499 2956 omnipotens
3531 2884 3706 2951 Deus,
3730 2900 3858 2955 sup-

2213 2978 2389 3049 plices
2418 2977 2799 3049 deprecamur
2828 2995 2932 3048 pro
2964 2978 3164 3032 anima
3199 2977 3319 3032 cari
3347 2976 3528 3032 nostri
3567 2976 3648 3030 ill.
3680 2992 3857 3047 quem

2213 3071 2284 3126 ab
2328 3072 2438 3127 hoc
2473 3073 2679 3126 saeculo
2720 3071 2977 3126 arcessiri
3003 3071 3237 3141 jussisti.
3278 3071 3441 3126 Dona
3479 3070 3554 3137 ei,
3588 3070 3855 3138 Domine,

2214 3167 2403 3221 locum
2451 3165 2703 3219 lucidum
2745 3168 2803 3219 et
2841 3164 3230 3235 refrigerium.
3269 3163 3463 3219 Liceat
3508 3163 3563 3218 ei
3606 3164 3858 3218 transire

467 3253 781 3320 absolutus,
800 3253 859 3306 in
888 3251 1055 3307 bonis
1070 3252 1184 3307 tuis
1210 3252 1545 3307 demoretur
1574 3251 1634 3305 in
1663 3268 1803 3322 pace
1825 3267 1930 3322 per
1950 3249 2109 3306 Chri-
2133 3232 2187 3305 C
2214 3262 2410 3330 portas
2435 3258 2755 3313 inferorum
2784 3262 2842 3313 et
2861 3258 2977 3313 vias
2998 3259 3391 3325 tenebrarum,
3412 3260 3766 3328 maneatque
3798 3257 3855 3312 in

467 3348 620 3400 stum
651 3345 961 3400 Dominum
990 3348 1272 3400 nostrum.
1304 3344 1407 3400 Cui
1439 3344 1670 3399 merito.
1704 3344 1965 3400 Smcrvs.

928 3442 1208 3498 Orationes
1246 3443 1321 3498 ad
1359 3442 1661 3510 defunctos.

540 3532 637 3588 Pie
665 3531 1083 3588 recordationis
1108 3530 1335 3599 affecto,
1369 3531 1578 3585 fratres
1618 3529 1916 3597 carissimi,
1951 3545 2106 3584 com—

468 3624 957 3682 memorationem
982 3624 1262 3680 faciamus
1282 3623 1399 3679 cari
1418 3623 1597 3679 nostri
1618 3623 1693 3678 ill.
1712 3640 1887 3695 quem
1910 3622 2105 3678 Domi-

468 3737 577 3776 nus
597 3718 669 3775 de
690 3718 1127 3775 temtationibus
1158 3718 1350 3774 saeculi
1376 3717 1716 3789 adsumpsit,
1742 3717 2110 3773 obsecrantes

539 3858 565 3886 ι
594 3846 681 3900 An
712 3845 1047 3918 legendum,
1072 3861 1181 3901 non
1210 3859 1516 3916 emaggeres.

2210 3352 2605 3407 mansionibus
2624 3352 2818 3423 Moysi,
2843 3351 3001 3422 Elite,
3026 3354 3085 3407 et
3109 3350 3379 3417 Simonis,
3403 3353 3462 3405 et
3484 3350 3706 3416 Lazari,
3727 3367 3857 3405 cun-

2211 3448 2550 3515 ctorumque
2583 3447 2936 3511 sanctorum,
2971 3447 3029 3498 et
3058 3444 3117 3498 in
3155 3446 3279 3499 luce
3323 3459 3499 3515 quam
3536 3442 3856 3514 promisisti

2209 3538 2501 3593 Abraham
2544 3541 2603 3591 et
2629 3537 2846 3617 .scmini
2882 3537 3034 3608 ejus;
3080 3541 3143 3592 ut
3177 3554 3307 3592 cum
3356 3536 3479 3592 dies
3517 3536 3856 3593 tremendus

2210 3632 2304 3686 ille
2331 3630 2767 3686 resurrectionis
2792 3631 3109 3699 advenerit,
3137 3630 3459 3686 resuscitari
3486 3646 3627 3686 eum
3652 3630 3853 3702 praeci-

2211 3725 2335 3797 pias
2364 3724 2437 3781 ad
2466 3724 2913 3794 indulgentiam,
2943 3728 3002 3779 et
3030 3740 3148 3780 non
3178 3724 3251 3779 ad
3275 3740 3528 3797 poenam.

1375 4094 2205 4263 :EXORCI
2230 4109 2925 4260 SMUM'.

831 4456 901 4495 AD
939 4455 1088 4497 SALIS
1130 4455 1382 4496 SPABSUM
1421 4453 1749 4495 FACIENDUM.

542 4526 809 4582 Exorcizo
849 4530 926 4595 te,
965 4530 1230 4582 creatura
1274 4527 1426 4596 salis,
1458 4527 1518 4583 in
1556 4527 1795 4582 nomine
1824 4526 2025 4594 Patris,
2054 4529 2113 4581 et

471 4618 615 4687 Filii,
646 4624 705 4674 et
724 4620 969 4691 Spiritus
993 4620 1201 4687 sancti;
1235 4621 1331 4692 qui
1352 4624 1408 4676 te
1430 4638 1535 4693 per
1548 4621 1797 4677 Eliseum
1816 4621 1877 4675 in
1900 4637 2112 4692 aquam

476 4711 628 4767 mitti
651 4712 840 4783 jussit,
871 4717 932 4767 ut
952 4717 1255 4768 sanaretur
1281 4714 1507 4783 sterilis,
1528 4715 1625 4787 qui
1657 4714 1851 4770 divina
1880 4714 1994 4769 oris
2026 4714 2113 4768 sui

2212 4436 2476 4491 universa
2490 4435 2733 4504 condiri,
2749 4452 2875 4508 quae
2892 4435 3224 4492 hominibus
3246 4436 3317 4492 ad
3337 4451 3527 4491 escam
3548 4451 3653 4507 per
3673 4435 3849 4491 ﬁlium

2212 4534 2376 4584 tuum
2418 4530 2729 4585 Dominum
2774 4533 3036 4585 nostrum
3072 4529 3344 4601 dignatus
3383 4546 3445 4583 es
3477 4528 3675 4600 largiri
3706 4546 3719 4582 :
3752 4544 3850 4601 per

2213 4640 2409 4696 quem,
2440 4622 2706 4690 Domine,
2739 4623 3022 4695 supplices
3052 4639 3377 4690 exoramus,
3414 4627 3477 4678 ut
3510 4622 3621 4677 hoc
3657 4623 3736 4677 sal
3765 4623 3845 4678 di-

2214 4716 2406 4790 gneris
2450 4717 2828 4785 sanctiﬁcare,
2858 4718 2920 4771 ut
2950 4734 3015 4771 ex
3049 4717 3207 4770 vultu
3246 4716 3555 4787 Majestatis
3590 4720 3704 4771 tua:
3739 4716 3843 4771 vir-

470 4821 608 4860 voce
629 4805 735 4859 ait:
758 4806 869 4859 Vos
889 4806 1024 4860 estis
1040 4808 1121 4860 sal
1144 4810 1333 4875 terrm;
1359 4811 1415 4863 et
1430 4826 1534 4880 per
1552 4810 1887 4881 Apostolum
1911 4824 2108 4864 suum:
2129 4842 2149 4915 1

2220 4819 2397 4872 tutem
2424 4818 2625 4871 contra
2652 4830 2857 4869 omnes
2883 4814 3194 4869 inmundos
3229 4814 3463 4886 spiritus
3504 4814 3681 4886 possit
3706 4813 3843 4869 acci-

471 4898 557 4954 Sit
583 4913 774 4952 sermo
807 4901 1003 4954 noster
1026 4900 1142 4954 sale
1173 4901 1456 4956 conditus.
1489 4902 1739 4974 Ideoque
1768 4903 1997 4958 efﬁcere
2028 4902 2112 4957 sal
2131 4898 2186 4915 ³¹
2210 4927 2368 4982 pere.
2411 4909 2671 4981 Expellat
2719 4925 2753 4963 a
2796 4908 3183 4963 tabernaculis
3226 4909 3577 4963 famolorum
3622 4911 3843 4963 tuorum

473 4990 881 5061 exorcizatum,
910 4996 972 5047 ut
1001 4992 1351 5066 ubicumque
1388 4996 1563 5051 fueris
1593 5013 1845 5068 aspersa,
1873 4998 2112 5068 prmstes

470 5085 741 5140 omnibus
772 5085 1080 5141 sanitatem
1113 5088 1327 5143 mentis
1352 5088 1411 5144 in
1436 5089 1857 5161 protectionem
1890 5089 2107 5158 salutis,

466 5179 540 5235 ad
585 5180 951 5252 expellendas
1000 5182 1057 5235 et
1102 5182 1487 5238 excludendas
1531 5199 1733 5239 omnes
1774 5183 2112 5239 daamonum

460 5273 835 5329 temtationes
853 5291 957 5346 per
970 5275 1279 5330 Dominum
1307 5280 1569 5332 nostrum
1586 5279 1613 5332 J
1618 5293 1778 5332 esum
1797 5276 2106 5343 Christum,

463 5366 561 5436 qui
580 5369 853 5422 venturus
879 5370 965 5422 est
986 5368 1247 5439 judicare
1271 5370 1541 5424 saeculum
1573 5387 1678 5442 per
1704 5371 1922 5441 ignem.

1053 5460 1339 5511 Benedicto
1375 5463 1513 5512 salis.

534 5531 768 5586 Virtutis
788 5536 902 5588 tua:
922 5532 1359 5589 invictissimam
1381 5534 1781 5591 fortitudinem
1805 5534 2102 5604 deprecor,

462 5623 706 5678 Domine
737 5629 950 5692 sancte,
980 5628 1148 5682 Pater
1165 5627 1554 5699 omnipotens,
1575 5632 1790 5683 mterne
1815 5628 1985 5693 Deus,
2007 5624 2106 5695 qui

461 5715 612 5769 inter
645 5720 851 5774 cuncta
881 5735 1009 5789 qum
1036 5721 1328 5790 procreari
1358 5721 1597 5791 jussisti,
1638 5737 1754 5777 non
1792 5717 2103 5774 minimam

462 5806 710 5875 gratiam
736 5810 1000 5864 conferre
1032 5811 1306 5882 dignatus
1336 5830 1396 5868 es
1425 5813 1549 5880 sali,
1575 5816 1634 5868 ut
1664 5831 1729 5869 ex
1756 5813 1853 5868 illo
1883 5809 2105 5883 possint

2202 4986 2481 5074 quicquid
2510 5004 2699 5072 potest
2726 5018 2848 5055 esse
2888 5000 3266 5072 pestiferum;
3308 5000 3576 5055 exhibeat
3616 5001 3844 5081 plenum

2211 5097 2406 5150 salutis
2436 5095 2728 5162 effectum,
2746 5094 3015 5166 detergat
3034 5111 3239 5149 omnes
3263 5093 3586 5165 praestigias
3612 5093 3839 5161 inimici,

2210 5194 2267 5245 et
2281 5189 2478 5244 omnia
2494 5191 2891 5243 monstrorum
2911 5205 3127 5260 genera
3139 5187 3368 5260 longius
3383 5187 3558 5242 faciat
3574 5186 3840 5259 effugere,

2210 5281 2550 5354 gravedines
2577 5297 2780 5336 omnes
2806 5282 3198 5353 fantasiasque
3229 5285 3577 5352 compescat,
3612 5283 3669 5335 et
3692 5284 3838 5335 tran-

2210 5374 2504 5447 quillitatis
2528 5374 2587 5429 in
2617 5374 2888 5429 omnibus
2904 5376 3167 5430 conferat
3193 5374 3459 5445 gratiam.
3480 5375 3590 5429 Per
3621 5373 3838 5444 signum

2207 5468 2388 5523 crucis
2418 5467 2542 5523 Filii
2569 5467 2654 5522 tui
2683 5466 2912 5523 Domini
2942 5468 3126 5523 nostri
3157 5468 3420 5523 tutellam
3454 5466 3840 5523 ﬁdelissimam

2208 5560 2667 5617 desiderantibus
2696 5564 2951 5632 praestes.

2743 5643 3107 5695 Exorcismum
3140 5658 3307 5709 aqum.

2270 5714 2540 5770 Exorcizo
2565 5718 2622 5770 te
2658 5718 2923 5770 creatura
2952 5732 3119 5789 aqum
3155 5732 3259 5787 per
3299 5716 3480 5770 Deum
3512 5714 3722 5782 vivum,
3744 5731 3839 5786 per

2207 5810 2386 5863 Deum
2419 5810 2758 5875 creatorem,
2784 5808 2884 5880 qui
2911 5812 2965 5864 te
2998 5808 3057 5865 in
3086 5808 3366 5883 principio
3413 5825 3445 5865 e
3496 5812 3653 5864 terra
3681 5824 3837 5880 sepa-

524 5934 539 5955 '
569 5930 672 5982 Sic.
697 5931 941 5987 Libenter
961 5938 1136 5987 autem
1155 5949 1253 6003 pro
1278 5937 1429 5991 titulo
1457 5937 1741 5992 scriberem
1767 5955 1780 5993 :
1810 5937 2199 5993 Benedictiorm
2229 5937 2280 5989 et
2304 5933 2599 5988 exanimi.
2628 5931 2780 5987 Ευιτ.
