4006 6228
113 384 200 438 569
632 379 1243 436 SACRAMENTABIUM
1280 381 1727 439 GALLICANUM.
1770 410 1837 421 —
1876 379 2406 441 BENEDICTIONES
2443 382 2528 439 ΕΤ
2564 374 2942 440 EXORCISMI.

3365 375 3469 441 570

111 487 257 556 ravit,
275 489 335 544 et
353 485 415 543 in
437 490 690 559 quatuor
707 486 1040 544 ﬂuminibus
1061 488 1313 546 dividere
1335 489 1604 562 dignatus
1623 493 1729 559 est,
1753 502 1813 578 Α
1833 488 2011 546 cretio
2040 506 2297 558 sexuum,
2330 506 2437 545 nec
2468 490 2584 545 ulla
2614 492 2942 546 sanctarum
2971 486 3316 561 disparilitas
3340 486 3466 547 ani-

110 586 165 640 ut
185 581 533 653 ubicumque
554 585 752 654 potata
770 583 857 637 vel
877 599 1110 654 aspersa
1128 583 1322 652 fueris,
1348 583 1652 656 eﬁ‘ugetur,
1677 587 1735 639 et

112 677 458 750 expugnetur
482 675 752 731 inimicus
782 679 841 731 et
871 677 1060 732 omnis
1085 677 1409 748 putredinis
1434 678 1535 747 vis,
1569 682 1631 734 ut
1658 678 1734 733 sis

111 774 322 849 proprie
354 774 476 829 Deo
502 774 710 829 dicata.

660 853 959 903 Benedictio
1008 865 1172 916 aqum.

170 928 311 983 Deus
340 925 439 997 qui
474 925 552 981 ad
579 927 823 980 salutem
852 926 1080 997 generis
1111 925 1350 980 humani
1380 925 1629 981 maxima
1651 944 1735 982 sa-

108 1023 389 1077 cramenta
409 1019 471 1074 in
496 1036 781 1091 aquarum
802 1020 1122 1074 substantia
1143 1019 1369 1087 dedisti,
1389 1020 1587 1075 adesto
1609 1038 1735 1092 sup-

108 1114 497 1188 plicationibus
531 1114 759 1181 nostris,
793 1117 852 1168 et
885 1114 1175 1168 elemento
1210 1113 1342 1169 huic
1377 1114 1735 1170 multimodis

108 1208 598 1283 puriﬁcacionibus
630 1210 957 1279 praeparato
989 1207 1209 1261 virtutis
1234 1210 1347 1262 tuae
1376 1208 1734 1264 benedictio-

108 1319 229 1358 nem
265 1301 545 1368 infunde;
585 1304 648 1356 ut
692 1302 814 1356 haec
851 1305 1115 1356 creatura
1143 1301 1431 1373 mysteriis
1464 1301 1574 1357 tuis
1613 1319 1731 1357 ser-

106 1397 269 1463 viens,
302 1395 377 1450 ad
420 1395 779 1467 ablegandos
815 1395 1111 1450 daamones
1154 1396 1504 1467 morbosque
1540 1397 1731 1468 repel-

106 1488 293 1545 lendos
315 1487 525 1543 divinae
547 1488 748 1559 gratiae
769 1491 960 1543 sumat
981 1488 1278 1556 effectum;
1304 1491 1361 1543 et
1382 1488 1654 1561 quicquid
1674 1488 1733 1544 in

107 1581 355 1638 domibus
393 1582 657 1637 ﬁdelium
694 1582 817 1637 haec
854 1582 1011 1636 unda
1050 1582 1379 1653 asparserit,
1420 1586 1614 1637 careat
1643 1583 1730 1637 in-

104 1676 395 1741 munditia,
426 1676 707 1731 liberetur
732 1692 766 1730 a
793 1676 963 1731 noxia
994 1692 1006 1729 :
1039 1693 1157 1731 non
1189 1676 1303 1730 illic
1336 1676 1589 1730 resideat
1619 1678 1730 1747 spi-

104 1771 230 1824 ritus
276 1770 574 1840 pestilens,
622 1786 738 1823 non
782 1786 923 1825 aura
960 1786 1377 1841 corrumpens;
1420 1770 1735 1825 abscedant

105 1880 289 1919 omnes
311 1864 558 1917 latentes
580 1863 803 1917 insidiae
836 1863 1078 1929 inimici,
1109 1880 1427 1935 omnesque
1450 1863 1734 1934 inquietn-
1754 1879 1810 1951 B

105 1956 253 2011 dines
281 1957 480 2027 procul
510 1956 816 2026 aufugiant
846 1973 859 2011 :
891 1961 948 2010 et
979 1956 1023 2009 si
1054 1956 1194 2027 quid
1225 1959 1309 2011 est
1337 1956 1493 2028 quod
1525 1956 1736 2012 incolo-

104 2050 273 2104 mitati
306 2050 698 2104 habitantium
730 2050 989 2104 invideat
1018 2052 1117 2104 aut
1145 2050 1335 2118 saluti,
1363 2050 1735 2121 adsparsione

105 2159 253 2213 aquas
271 2143 438 2213 hujus
460 2143 756 2209 abscedat,
780 2145 842 2197 ut
863 2143 1170 2198 salubritas
1186 2160 1293 2214 per
1311 2143 1736 2199 invocationem

106 2237 267 2292 sancti
294 2236 548 2291 nominis
572 2240 918 2307 permaneat
946 2236 1370 2308 inpugnatione
1401 2237 1659 2293 defensa.

551 2315 850 2365 Benedictio
883 2315 1005 2365 salis
1037 2320 1090 2365 et
1115 2329 1279 2379 aqum.

172 2389 407 2445 Domine
436 2389 591 2444 Deus
616 2388 1007 2459 omnipotens,
1026 2387 1319 2443 institutor
1339 2388 1602 2443 omnium
1624 2390 1733 2443 ele-

111 2485 441 2551 mentorum,
454 2485 512 2538 te
526 2500 632 2556 per
642 2482 953 2538 Dominum
966 2485 1227 2538 nostrum
1236 2484 1264 2537 Ι
1268 2499 1431 2536 esum
1445 2482 1734 2538 Christum

111 2577 297 2633 Filium
320 2579 487 2632 tuum
531 2577 815 2649 supplices
849 2592 1172 2643 exoramus,
1206 2579 1268 2630 ut
1302 2576 1406 2630 has
1444 2578 1735 2631 creaturas

110 2670 226 2725 salis
251 2674 307 2725 et
330 2687 499 2742 aqua:
528 2671 877 2726 benedicere
902 2672 960 2725 et
980 2669 1339 2724 sanctiﬁcare
1364 2669 1648 2740 digneris;
1670 2672 1737 2723 ut

113 2764 439 2836 ubicumque
471 2781 723 2835 aspersas
750 2763 985 2830 fuerint,
1014 2763 1204 2819 omnis
1232 2762 1463 2833 spiritus
1498 2762 1732 2818 inmun-

113 2857 205 2911 dus
226 2858 293 2912 ab
314 2875 382 2913 eo
412 2860 540 2913 loco
566 2858 839 2912 confusus
860 2856 1133 2911 abscedat
1152 2859 1325 2928 atque
1346 2856 1599 2923 recedat,
1628 2873 1734 2910 nec

112 2950 326 3005 ulterius
346 2953 404 3006 in
434 2969 505 3006 eo
536 2953 661 3007 loco
689 2950 1089 3006 commorandi
1111 2950 1324 3005 habeat
1349 2952 1695 3021 potestatem
1718 2967 1731 3017 ;

111 3060 202 3115 per
223 3044 487 3100 virtutem
522 3044 749 3100 Domini
786 3044 964 3099 nostri
994 3046 1127 3110 Jesu
1158 3043 1385 3111 Christi,
1415 3043 1511 3115 qui
1542 3047 1733 3098 tecum

112 3138 245 3193 Deus
259 3140 426 3194 Pater
445 3138 837 3209 omnipotens,
863 3140 1071 3192 etcum
1092 3136 1307 3208 Spiritu
1329 3140 1526 3192 sancto
1549 3154 1737 3209 sequa-

110 3232 168 3287 lis
195 3250 417 3305 semper
440 3232 581 3287 vivit
606 3235 664 3287 et
690 3234 897 3302 regnat
917 3231 975 3286 in
1005 3231 1212 3285 saecula
1237 3232 1596 3299 saeculorum.

657 3328 854 3367 ORATIO
894 3329 951 3366 IN
990 3327 1163 3366 DOMO.

171 3394 423 3461 Benedic,
446 3391 715 3459 Domine,
747 3391 989 3446 domum
1019 3391 1210 3458 istam,
1245 3395 1303 3446 et
1332 3408 1538 3446 omnes
1567 3390 1733 3445 habi-

110 3491 279 3542 tantes
307 3488 363 3542 in
391 3504 459 3542 ea
492 3503 597 3557 per
626 3485 1102 3539 intercessionem
1134 3489 1468 3540 sanctorum
1501 3489 1735 3540 tuorum

110 3580 430 3636 benedicere
452 3583 513 3635 et
528 3579 886 3634 sanctiﬁcare
912 3578 1189 3649 digneris,
1210 3582 1267 3633 et
1284 3579 1450 3634 bonis
1468 3579 1737 3634 omnibus

113 3676 437 3745 amplificare
468 3692 481 3729 :
519 3673 738 3729 tribuas
769 3672 852 3727 eis
878 3672 950 3726 de
980 3688 1113 3727 rore
1146 3672 1268 3727 caeli
1303 3676 1361 3727 et
1386 3673 1457 3728 de
1486 3673 1732 3744 pingue-

115 3768 236 3822 dine
265 3772 423 3823 terraz
452 3767 855 3823 abundantem
886 3766 1018 3821 vitae
1050 3766 1451 3834 substantiam,
1479 3767 1537 3821 in
1569 3767 1737 3821 bonis

114 3860 358 3917 omnibus
397 3861 752 3918 desiderium
788 3860 860 3914 ad
901 3860 1169 3916 effectum
1199 3877 1315 3917 suae
1347 3860 1735 3917 miserationis

114 3956 385 4025 perducat.
417 3958 531 4012 Per
556 3954 891 4021 Dominum,
926 3958 1034 4009 etc.

388 4052 534 4090 ORDO
570 4051 638 4088 AD
677 4050 1090 4089 CONSECRANDAS
1129 4050 1435 4091 MONACHAS.

178 4120 551 4192 Omnipotens
567 4120 919 4191 sempiterne
938 4120 1108 4186 Deus,
1124 4121 1289 4190 pater
1304 4117 1531 4176 Domini
1555 4116 1735 4172 nostri

115 4214 231 4267 Iesu
259 4213 462 4269 Christi
489 4231 501 4269 :
531 4216 611 4280 tu,
644 4213 909 4280 Domine,
940 4212 1148 4284 adjuva
1171 4213 1528 4267 voluntatem
1556 4210 1731 4266 ancil-

118 4306 286 4361 larum
302 4310 555 4375 tuarum,
579 4324 707 4379 quae
728 4308 1031 4362 meliorem
1052 4306 1382 4377 portionem
1404 4306 1732 4376 elegerunt;

120 4402 169 4454 et
193 4405 390 4471 praesta
418 4402 505 4457 eis
538 4401 789 4473 gratiam
819 4400 1159 4472 spiritalem,
1194 4401 1255 4453 ut
1288 4398 1497 4467 sobrie,
1528 4398 1735 4470 pudice

116 4491 368 4562 viventes,
382 4496 507 4550 hinc
524 4511 755 4567 semper
772 4494 988 4548 faciant
998 4509 1125 4564 qum
1138 4491 1239 4547 tibi
1255 4494 1390 4546 sunt
1403 4491 1631 4563 placita.
1648 4490 1737 4545 Di-

120 4601 283 4656 gnare
302 4588 496 4656 etiam,
520 4589 784 4658 Domine,
808 4586 1108 4658 lampadas
1125 4603 1327 4641 eorum
1346 4583 1737 4657 inestinguibi-

122 4680 193 4733 les
211 4698 426 4737 servare
450 4700 629 4755 usque
655 4683 716 4738 in
742 4682 953 4748 finem;
986 4682 1046 4735 ut
1066 4697 1276 4752 sponso
1297 4679 1565 4734 veniente
1594 4679 1739 4734 laetae

121 4788 397 4831 occurrere
422 4777 662 4849 possint,
692 4778 866 4847 atque
892 4789 1077 4847 regna
1100 4773 1350 4829 caelestia
1380 4773 1596 4827 intrare
1620 4789 1633 4826 :
1658 4772 1740 4827 in-

121 4866 274 4923 clusa:
300 4871 509 4941 gratias
546 4869 652 4924 tibi
680 4871 939 4924 referant
969 4868 1027 4922 in
1067 4867 1306 4939 regione
1336 4866 1592 4921 vivorum
1629 4866 1739 4921 hoc

123 4958 330 5030 signum
358 4964 479 5019 Filii
504 4964 589 5018 tui
614 4963 939 5035 bajulantes
958 4962 995 5026 -Ῑ-
1016 4962 1112 5033 qui
1138 4960 1273 5015 vivit
1298 4963 1357 5015 et
1376 4962 1603 5031 regnat,
1627 4962 1734 5015 etc.

556 5061 627 5099 AD
667 5059 955 5097 VELANDAM
996 5057 1277 5097 VIRGINEM.

184 5119 303 5176 Hec
324 5128 471 5193 sunt,
496 5125 760 5191 Domine,
789 5123 989 5195 capitis
1010 5120 1323 5178 consecrati
1348 5119 1740 5192 splendidiora

123 5212 402 5273 velamina.
444 5220 641 5273 Nullus
682 5218 773 5272 hic
822 5215 1247 5272 candidissima
1294 5215 1467 5270 vestis
1505 5217 1741 5269 ornatus

125 5320 239 5361 cum
264 5326 372 5381 quo
395 5328 586 5366 errore
611 5311 854 5381 decepta
876 5310 1047 5364 iter...
1078 5313 1352 5381 sequatur
1369 5310 1629 5381 Agnum;
1658 5307 1739 5363 ita

124 5396 301 5456 lumen
321 5405 581 5460 Ecclesiae
602 5407 777 5476 atque
799 5403 1175 5457 immaculata
1196 5401 1357 5473 virgo
1375 5401 1474 5456 uni
1490 5401 1738 5457 Domino

128 5496 288 5563 nupta
313 5495 539 5554 beatam
573 5498 774 5553 sedem
802 5496 1079 5568 requirat.

573 5594 892 5635 BENEDICTIO
929 5592 1257 5633 ABBATISSE.

189 5651 547 5728 Omnipotens
567 5658 814 5714 Domine
833 5659 1002 5725 Deus,
1018 5657 1173 5729 apud
1190 5671 1366 5729 quem
1389 5671 1508 5709 non
1527 5656 1613 5709 est
1633 5652 1741 5708 dis-

190 5780 213 5811 ⁸
242 5778 350 5855 Hoc
394 5786 475 5837 est
504 5783 662 5855 quod
701 5782 781 5839 ait
814 5782 1148 5855 Ambrosius
1186 5781 1247 5855 in
1283 5779 1523 5855 epistola
1561 5778 1630 5832 24
1651 5777 1740 5855 _ad

130 5843 775 5935 Xerce‘llenses‘,}(_ipsum
802 5853 1137 5935 conjugium
1160 5843 1445 5935 velamine
1471 5848 1735 5905 sacerdo-

135 5914 220 5969 tali
247 5923 300 5975 et
324 5914 720 5982 benedictione
748 5914 1091 5981 sanctificari
1118 5924 1405 5997 oportere.
1431 5941 1458 5970 »

1834 600 2065 640 marum
2093 601 2106 639 :
2132 583 2229 655 qui
2255 583 2335 638 ita
2356 584 2507 641 viros
2528 583 2602 640 ad
2624 583 2902 655 spiritalia
2923 583 3241 639 certamina
3264 600 3467 641 conro-

1833 678 2022 744 boras,
2054 681 2117 733 ut
2145 677 2392 732 feminas
2425 692 2543 732 non
2580 676 2966 748 derelinquas,
2999 676 3277 749 pietatem
3310 681 3472 736 tuam

1834 771 2039 827 humili
2074 770 2488 843 supplicatione
2532 771 2916 843 deposcimus,
2958 774 3018 826 ut
3063 771 3196 827 huic
3239 772 3472 829 famolm

1832 866 1947 919 tute
1971 865 2076 933 ill.,
2110 882 2285 936 quam
2319 868 2682 920 sacrosancto
2714 864 2876 937 gregi
2902 864 3214 937 virginum,
3241 870 3469 922 nostra-

1833 976 1963 1013 rum
2002 958 2371 1029 impositione
2409 975 2692 1014 manuum
2733 963 2791 1013 et
2822 960 2931 1014 hoc
2966 959 3270 1015 velaminis
3302 964 3468 1033 tegu-

1834 1055 2032 1107 mento
2062 1052 2121 1106 in
2163 1051 2422 1106 coenobio
2463 1052 2542 1106 ill.
2581 1055 2827 1107 matrem
2870 1054 2993 1107 fieri
3035 1058 3322 1125 Optamus,
3363 1055 3473 1111 cle-

1834 1146 2057 1202 mentia
2086 1149 2183 1201 tua
2211 1145 2533 1202 roboratrix
2558 1148 2838 1217 perpetua
2868 1163 2985 1202 non
3012 1149 3265 1204 recedat.
3289 1150 3373 1204 Da
3392 1146 3468 1215 ei,

1834 1240 2099 1307 Domine,
2149 1239 2554 1296 fortitudinem
2593 1238 2868 1310 spiritalia
2913 1240 3067 1295 bella
3104 1241 3366 1313 gerendi,
3412 1245 3475 1299 ut

1834 1350 1941 1388 nec
1961 1333 2207 1388 honesta
2224 1333 2533 1400 delaceret,
2553 1349 2658 1387 nec
2677 1332 2985 1388 inhonesta
3002 1334 3274 1401 delectet;
3297 1339 3471 1407 atque

1832 1426 1913 1482 ita
1960 1444 1994 1481 a
2039 1431 2095 1481 te
2141 1425 2513 1494 inluminata,
2558 1425 2665 1481 sibi
2714 1426 2994 1483 creditam
3036 1428 3472 1484 multitudinem

1834 1521 2163 1576 animarum
2196 1525 2297 1576 tuo
2341 1523 2540 1576 sancto
2581 1520 2808 1575 nomini
2842 1520 3062 1592 jugiter
3101 1520 3471 1579 admonendo

1834 1615 2007 1671 faciat
2047 1614 2343 1683 inservire,
2389 1616 2451 1669 ut
2487 1614 2559 1669 de
2606 1614 2815 1669 nullius
2848 1615 3174 1687 perditione
3212 1616 3472 1686 confusa,

1834 1712 1946 1763 tuae
1978 1709 2278 1763 Genitricis
2313 1708 2666 1781 adiungatur
2693 1708 2931 1763 ccetibus
2960 1709 3313 1779 laetabunda,
3342 1725 3476 1767 cum

1834 1802 1949 1857 suis
1973 1802 2241 1858 omnibus
2270 1802 2517 1858 feliciter
2539 1802 2893 1859 coronanda.
2921 1805 3049 1872 Per,
3080 1806 3190 1859 etc.

2002 1907 2329 1948 BENEDICTIO
2366 1908 2531 1949 SUPER
2560 1908 2767 1949 VIDUAM
2797 1909 2957 1949 VES‘I'E
2992 1909 3306 1951 HUTANDAM.

1905 1975 2150 2031 Domine
2180 1978 2397 2044 sancte,
2424 1977 2596 2031 Pater
2624 1975 3014 2047 omnipotens,
3053 1980 3270 2032 aeterne
3300 1979 3472 2046 Deus,

1836 2070 1936 2141 qui
1981 2070 2042 2125 in
2086 2071 2317 2125 tantum
2362 2069 2621 2125 humano
2675 2070 2879 2141 generi
2926 2068 3312 2126 miserationis
3360 2075 3474 2127 tum

1836 2180 2034 2219 curam
2062 2162 2350 2235 inpendis,
2379 2165 2435 2217 et
2464 2163 2545 2217 ita
2569 2162 2913 2234 virginitatis
2944 2163 3313 2219 devotionem
3347 2181 3471 2220 am-

1836 2257 2121 2329 plecteris,
2152 2260 2214 2311 ut
2247 2256 2542 2311 viduitatis
2572 2256 2994 2329 professionem
3032 2258 3347 2313 clementer
3377 2274 3472 2313 ac-

1836 2354 2049 2422 ceptes,
2093 2352 2169 2417 te,
2214 2366 2563 2421 quaesumus,
2604 2349 2878 2417 Domine,
2923 2350 3186 2421 precibus
3224 2350 3475 2422 inplora-

1837 2461 1983 2511 mus,
2010 2448 2068 2499 te
2098 2444 2381 2515 supplices
2402 2443 2803 2515 deprecamur,
2828 2446 2892 2497 ut
2910 2444 3191 2498 famolam
3211 2446 3371 2498 tuam
3392 2444 3472 2500 ill.

1836 2556 1964 2609 quae
1987 2539 2059 2593 ob
2088 2538 2355 2592 timorem
2382 2537 2466 2592 tui
2496 2536 2748 2591 nominis
2774 2539 2930 2591 casto
2952 2536 3163 2592 timore
3188 2537 3293 2592 sibi
3320 2555 3476 2610 pros-

1836 2631 2072 2703 piciens,
2100 2630 2394 2685 viduitatis
2428 2630 2840 2684 indumentum
2874 2646 2978 2701 per
3003 2634 3212 2685 nostra:
3240 2631 3474 2686 humili-

1838 2724 1970 2779 tatis
1996 2741 2203 2779 manus
2228 2723 2526 2795 percipere
2552 2724 2880 2795 postulavit,
2908 2728 3008 2780 tuo
3037 2724 3246 2779 auxilio
3275 2728 3477 2780 contra

1836 2817 2153 2872 inlecebras
2203 2817 2392 2872 carnis
2451 2820 2623 2888 atque
2678 2817 2916 2872 insidias
2969 2817 3190 2873 inimici
3246 2818 3477 2873 munias

1835 2910 2102 2982 praesidio
2139 2928 2204 2965 ac
2235 2910 2534 2978 defendas,
2572 2912 2635 2963 ut
2672 2911 2745 2965 sit
2782 2911 2999 2966 famola
3035 2914 3137 2965 tua
3173 2911 3253 2965 ill.
3292 2912 3477 2966 Anna;

1834 3005 1965 3059 filiae
1992 3004 2298 3059 Fanuhelis
2331 3004 2537 3059 similis
2572 3005 2630 3059 in
2662 3004 2890 3075 vigiliis,
2921 3003 2980 3058 in
3016 3003 3383 3072 abstinentia,
3416 3004 3475 3060 in

1836 3096 2190 3153 orationibus
2219 3100 2393 3169 atque
2425 3099 2809 3169 eleemosynis
2834 3100 3124 3168 prompta.

2078 3183 2399 3243 Βεὴυιρτιο
2430 3204 2667 3244 unum
2699 3204 2872 3243 suras
2902 3202 3178 3243 NUBENTES
3194 3195 3240 3241 ι.

1754 3255 1809 3329 C
1907 3271 2090 3331 Deum
2111 3271 2206 3342 qui
2229 3271 2303 3325 ad
2324 3270 2825 3341 multiplicandam
2844 3270 3084 3325 humani
3102 3269 3331 3342 generis
3351 3285 3478 3341 pro-

1837 3365 1952 3419 lem
1976 3363 2396 3419 benedictionis
2418 3381 2532 3418 suae
2555 3365 2709 3419 dona
2729 3364 2929 3435 largiri
2950 3364 3222 3435 dignatus
3245 3366 3349 3431 est,
3368 3364 3479 3418 fra-

1838 3461 1953 3512 tres
1977 3457 2275 3525 carissimi,
2304 3458 2704 3529 deprecemur,
2737 3460 2797 3511 ut
2824 3458 2929 3512 hos
2953 3457 3201 3511 famulos
3231 3473 3363 3512 suos
3396 3456 3478 3511 ill.

1838 3555 1894 3605 et
1928 3551 2005 3605 ill.
2036 3567 2180 3621 quos
2212 3550 2284 3605 ad
2310 3551 2677 3622 conjugalem
2710 3551 2976 3621 copulam
3007 3550 3129 3621 ipse
3159 3549 3477 3621 praeelegit,

1836 3645 1957 3717 ipse
1992 3644 2294 3700 custodiat.
2333 3646 2440 3698 Det
2476 3644 2557 3698 eis
2591 3661 2791 3699 sensus
2829 3643 3117 3714 pacificos,
3150 3659 3319 3714 pares
3353 3641 3476 3697 ani-

1837 3755 1984 3806 mos,
2006 3754 2202 3793 mores
2225 3741 2429 3792 mutua
2456 3737 2695 3793 caritate
2719 3737 3031 3792 devinctos.
3049 3735 3314 3791 Habeant
3334 3750 3476 3806 quo-

1838 3849 1949 3904 que
1976 3834 2202 3904 optatas
2233 3831 2357 3903 ejus
2388 3847 2632 3885 munere
2667 3830 2912 3896 soboles,
2944 3846 3059 3900 qua
3087 3828 3230 3883 sicut
3259 3827 3481 3884 donum

1836 3924 2012 3996 ipsius
2041 3924 2259 3993 tribuit,
2288 3924 2368 3979 ita
2394 3922 2571 3995 ipsius
2598 3921 3003 3977 benedictione
3031 3923 3480 3992 consequantur,

1838 4022 1900 4073 ut
1924 4019 1984 4073 hi
2010 4018 2208 4074 famoli
2230 4018 2317 4072 sui
2343 4018 2421 4072 ill.
2448 4020 2507 4072 et
2527 4017 2606 4071 ill.
2635 4016 2694 4071 in
2722 4015 2883 4071 omni
2910 4015 3067 4070 idem
3088 4014 3276 4070 cordis
3297 4013 3481 4069 humi-

1838 4113 1996 4168 litate
2030 4110 2377 4167 deserviant.
2410 4112 2535 4166 Per.

2524 4191 2652 4239 Item
2678 4186 2795 4238 alia.

1907 4264 1982 4318 Te
2024 4263 2422 4334 deprecamur,
2469 4262 2713 4317 Domine
2750 4262 2967 4328 sancte,
3002 4260 3171 4314 Pater
3209 4257 3477 4331 omnipo-

1840 4361 1986 4423 tens,
2028 4359 2243 4411 mterne
2276 4356 2444 4425 Deus,
2487 4371 2660 4427 super
2692 4355 2798 4409 hos
2842 4355 3088 4409 famolos
3136 4356 3265 4408 tuos
3304 4353 3383 4407 ill.
3425 4354 3484 4408 et

1840 4450 1917 4505 ill.
1948 4467 2093 4523 quos
2116 4451 2189 4506 ad
2222 4450 2473 4522 gratiam
2500 4448 2756 4521 conjugii
2781 4447 2977 4502 venire
2992 4447 3231 4519 jussisti,
3256 4446 3353 4518 qui
3377 4462 3483 4517 per

1840 4548 2099 4599 nostram
2118 4545 2252 4599 licet
2264 4560 2497 4615 precem
2511 4546 2612 4597 aut
2622 4557 2823 4596 vocem
2836 4540 3307 4595 benedictionem
3321 4542 3482 4593 tuam

1758 4627 1816 4699 Ι)
1841 4637 2192 4693 desiderant.
2229 4637 2437 4691 Tribue
2475 4635 2586 4702 eis,
2617 4632 2881 4699 Domine,
2918 4632 3088 4686 fidele
3128 4632 3484 4688 consortium

1841 4730 2111 4786 caritatis.
2136 4729 2387 4783 Induant
2408 4727 2708 4782 caritatem
2732 4726 2939 4791 Sarrae,
2959 4725 3359 4795 paenitentiam
3379 4725 3486 4780 Be-

1838 4825 2046 4891 beccaa,
2079 4837 2341 4877 amorem
2377 4820 2610 4886 Rachel,
2650 4818 2899 4889 gratiam
2939 4820 2999 4871 et
3036 4818 3338 4873 caritatem
3375 4818 3480 4874 Su-

1840 4939 2058 4979 sannaz.
2088 4919 2411 4976 Descendat
2445 4934 2619 4989 super
2642 4917 2747 4970 hos
2774 4915 3023 4970 famolos
3048 4918 3179 4970 tuos
3206 4916 3286 4971 ill.
3319 4918 3377 4970 et
3400 4917 3479 4970 ill.

1841 5018 1984 5072 sicut
2013 5013 2313 5071 descendit
2338 5030 2433 5069 ros
2458 5010 2664 5083 pluviae
2691 5024 2862 5080 super
2886 5007 3096 5062 faciem
3126 5011 3294 5063 terrae
3319 5025 3333 5063 :
3363 5025 3483 5064 ma-

1840 5128 1948 5165 nus
1978 5113 2090 5164 tute
2115 5107 2372 5163 sentiant
2395 5109 2611 5173 actum,
2642 5107 2699 5158 et
2724 5102 2966 5175 Spiritus
2988 5100 3169 5156 sancti
3196 5100 3280 5154 tui
3306 5100 3484 5171 perci-

1842 5204 2005 5276 piant
2033 5200 2313 5274 gaudium
2341 5199 2782 5271 sempiternum.

2085 5290 2258 5341 Oratio
2281 5303 2441 5354 super
2469 5302 2560 5338 eos
2584 5287 2677 5352 qui
2706 5284 2937 5336 secundo
2964 5283 3169 5335 nubunt
3186 5293 3233 5334 ι).

1908 5365 2250 5435 Antiphone.
2299 5351 2630 5418 Benedictio
2676 5358 2905 5417 Domini
2944 5372 3117 5428 super
3155 5369 3274 5408 vos.
3320 5351 3478 5406 Beati

1842 5475 2063 5515 omnes.

1912 5554 2082 5621 Deus,
2101 5551 2197 5624 qui
2219 5548 2570 5606 multimoda
2585 5546 2972 5603 subsidiorum
2990 5539 3253 5598 remedia
3269 5536 3483 5610 fragili-

1842 5646 1944 5701 tati
1966 5648 2239 5701 humanae
2262 5642 2548 5699 beneﬁcia
2568 5642 2817 5707 confers,
2843 5641 2901 5693 et
2922 5635 3125 5693 tribuis
3150 5635 3477 5690 incremen-

1911 5772 1939 5812 ι)
1966 5769 2381 5843 Antiquissima
2420 5771 2506 5823 est
2547 5767 2607 5843 in
2654 5763 2902 5843 Ecclesia
2938 5759 3264 5842 benedictio
3304 5770 3481 5827 super

1841 5837 2146 5911 nubentes,
2180 5857 2353 5913 super
2378 5839 2630 5896 secundo
2659 5837 2940 5894 nubentes
2964 5837 3165 5889 rarior.
