4006 6228
497 375 592 433 571

1377 377 1707 434 ΑΡΡΕΝΒΙΧ
1746 379 1834 434 AD
1871 378 2092 435 UPERA
2131 379 2184 435 S.
2225 381 2524 438 GERMANI
2563 381 2989 440 PARISIENSIS.

3784 377 3900 434 372

495 485 652 550 tum;
675 484 739 539 ut
762 484 967 540 natura
995 499 1111 540 non
1139 482 1513 539 defraudetur
1533 500 1566 539 a
1587 484 1828 552 semine,
1852 501 1956 556 per
1977 482 2132 558 quod
2155 507 2207 580 Α
2233 487 2348 544 sive
2374 487 2594 556 vinum,
2629 488 2743 544 sive
2772 488 2985 558 oleum,
3013 485 3168 544 mela
3198 489 3260 544 ut
3285 500 3527 560 aquam;
3556 487 3622 542 ut
3646 483 3899 541 nullam

497 577 795 648 geminata
816 594 1073 650 propago
1097 581 1313 632 crescat
1331 577 1387 631 in
1411 578 1737 648 progenies.
1754 577 1846 634 Sic
1863 579 2132 650 tempori-

496 671 601 725 bus
628 671 826 742 priscis
854 673 1004 725 Ruth
1029 671 1332 725 Moabitem
1362 671 1724 739 benedixisti,
1751 671 1827 726 sic
1858 671 1916 727 in
1944 673 2129 728 novis-

497 764 658 820 simis
675 783 779 837 per
795 766 1132 836 Apostolum
1156 768 1319 818 tuum
1343 765 1595 819 secunda
1613 765 1988 824 matrimonia
2003 782 2133 821 con-

497 859 731 914 cessisti.
757 860 836 913 Da
866 860 946 913 eis
970 875 1128 928 ergo,
1149 859 1412 924 Domine,
1439 859 1666 913 famolis
1691 859 1800 914 tuis
1822 876 2132 930 procrean-

500 951 706 1006 dorum
737 953 984 1006 ﬁliorum
1015 952 1312 1007 unianime
1343 953 1714 1020 desiderium,
1740 957 1802 1007 ut
1827 953 1997 1008 faciat
2020 954 2130 1008 Do-

497 1045 687 1100 minus
716 1045 860 1100 hanc
880 1045 1184 1099 mulierem
1206 1046 1284 1100 ill.
1317 1063 1444 1117 quae
1470 1046 1793 1116 ingreditur
1812 1047 1869 1100 in
1894 1047 2135 1101 domum

497 1141 678 1204 tuam,
694 1137 834 1193 sicut
854 1139 1061 1193 Rachel
1081 1142 1136 1192 et
1157 1139 1274 1205 Lia,
1291 1156 1419 1210 quas
1443 1139 1872 1193 aadiﬁcaverunt
1893 1140 2134 1195 domum

498 1231 688 1299 Israel,
717 1235 773 1287 et
801 1233 873 1287 sit
903 1234 1232 1304 exemplum
1259 1233 1480 1288 virtutis
1505 1233 1563 1286 in
1591 1233 1837 1288 Ecclesia
1863 1233 1983 1287 Dei.
2005 1235 2130 1288 Per.

639 1346 956 1387 BENEDICTIO
984 1346 1120 1387 OMNI
1154 1347 1298 1395 QUOD
1327 1348 1380 1387 ΙΝ
1410 1347 1663 1387 ECCLESIA
1695 1347 1990 1388 OFFERTUR.

572 1425 741 1493 Deus,
779 1425 939 1497 cujus
977 1425 1150 1481 verbo
1191 1430 1248 1480 et
1279 1426 1537 1496 potentia
1575 1427 1727 1480 facta
1756 1429 1889 1480 sunt
1918 1424 2133 1494 omnia,

501 1518 660 1589 cujus
681 1518 834 1574 dono
857 1518 1207 1590 percipimus
1227 1535 1352 1590 quae
1372 1519 1444 1573 ad
1462 1519 1591 1573 vitae
1615 1519 1941 1573 remedium
1963 1519 2139 1590 possi-

500 1611 732 1682 demus;
763 1613 1043 1683 supplices
1072 1615 1127 1666 te
1158 1612 1300 1666 nixis
1326 1612 1590 1683 precibus
1619 1629 1940 1679 exoramus,
1974 1615 2036 1666 ut
2065 1612 2136 1667 de

500 1705 637 1759 sede
675 1705 992 1776 majestatis
1035 1709 1146 1761 tuae
1194 1707 1362 1778 hujus
1408 1705 1714 1761 oblationis
1754 1706 2139 1761 sanctificator

501 1799 758 1854 accedas.
780 1800 1010 1870 Suscipe
1035 1800 1106 1854 de
1130 1801 1398 1854 manibus
1425 1801 1775 1855 famulorum
1805 1804 2032 1854 tuorum
2056 1799 2134 1853 ill.

2232 582 2696 654 inquinationem
2736 583 3070 649 sentiamus,
3115 580 3214 654 qui
3254 581 3393 637 dixit
3429 597 3442 635 :
3484 579 3675 636 Omne
3721 578 3902 651 quod

2233 675 2409 730 intrat
2441 676 2500 730 in
2529 693 2592 731 os
2625 692 2741 731 non
2778 677 3133 747 coinquinat.
3164 677 3277 730 Nos
3312 674 3556 729 humiles
3588 673 3742 727 servi
3781 672 3900 738 tui,

2235 773 2422 844 exigui
2455 775 2800 841 sacerdotes,
2836 774 2995 844 jussa
3035 774 3362 844 implentes,
3396 771 3596 826 laudes
3634 771 3903 826 honoris

2235 867 2314 921 tui
2347 867 2405 921 in
2433 867 2606 922 corde
2632 867 2970 934 retinentes,
2996 883 3158 921 cruce
3186 870 3283 921 tua
3310 864 3648 937 expellimus
3679 865 3904 919 sordes

2235 977 2457 1026 omnes,
2480 960 2690 1015 fiducia
2712 959 2905 1015 divina
2925 964 3164 1031 protege
3194 976 3418 1025 omnes,
3443 957 3743 1012 vincamus
3765 973 3904 1012 mo-

2236 1054 2426 1108 lestias
2453 1054 2511 1108 in
2545 1054 2780 1108 nomine
2807 1054 2991 1108 Patris
3011 1057 3066 1108 et
3093 1053 3214 1107 Filii
3241 1057 3297 1108 et
3319 1051 3560 1124 Spiritus
3587 1051 3778 1106 sancti
3808 1068 3902 1104 re-

2237 1147 2464 1219 gnantis
2490 1147 2549 1202 in
2582 1148 2789 1202 saecula
2819 1148 3178 1202 saeculorum.

2376 1266 2698 1307 BENEDICTIO
2734 1267 2925 1308 PALME
2962 1267 3026 1306 ΕΤ
3062 1266 3234 1305 οιινιε
3277 1266 3447 1306 SUPER
3476 1265 3734 1308 ALTARIO.

2305 1349 2333 1390 δ
2359 1351 2500 1405 Ecce
2529 1350 2668 1417 dies,
2692 1349 2956 1417 Domine,
2982 1349 3127 1404 festa
3155 1348 3445 1414 recolitur,
3467 1348 3526 1403 in
3550 1365 3666 1420 qua
3693 1347 3902 1402 infan-

2237 1447 2358 1499 tum
2384 1443 2635 1515 przesciae
2664 1443 2843 1498 turbae
2870 1444 3091 1497 frontes
3117 1442 3390 1498 arboreos
3417 1441 3806 1497 adsumentes
3835 1441 3900 1494 in

2236 1541 2348 1592 tua:
2392 1537 2576 1592 laudis
2606 1538 2865 1608 trophaeo
2907 1536 3224 1612 osannajn
3265 1537 3519 1603 excelsis,
3556 1534 3639 1589 ﬁli
3678 1533 3899 1599 David,

2239 1631 2578 1686 Benedictus
2600 1630 2698 1703 qui
2719 1631 2877 1685 venit
2895 1630 2953 1684 in
2979 1630 3214 1685 nomine
3237 1630 3466 1686 Domini
3490 1630 3905 1684 acclamantes

2239 1729 2564 1791 occurrunt,
2585 1741 2688 1796 pro
2712 1724 2916 1796 quibus
2934 1741 3139 1778 omnes
3163 1728 3363 1796 gentes
3383 1725 3818 1795 cognoscerent.
3841 1725 3903 1776 te

2241 1824 2299 1874 et
2325 1820 2622 1875 victoriam
2653 1820 2867 1872 levasse
2901 1818 2970 1872 de
3003 1818 3244 1884 mundo,
3279 1821 3338 1872 et
3367 1817 3436 1872 de
3471 1817 3707 1872 diabolo
3737 1815 3899 1870 obti-

501 1908 711 1947 munus
742 1893 1018 1959 oblatum,
1058 1894 1212 1964 quod
1242 1911 1273 1948 a
1305 1896 1401 1948 tua
1428 1893 1736 1949 clementia
1766 1893 2137 1948 benedictum
2153 1881 2160 1962 ς

2262 1913 2431 1968 misse
2459 1912 2815 1983 triumphum
2841 1928 2854 1967 :
2887 1915 3096 1982 praesta
3121 1916 3183 1965 ut
3209 1879 3368 1982 plebs
3389 1914 3488 1964 tua
3521 1910 3596 1964 ad
3621 1912 3902 1964 sanctam

499 1985 559 2040 in
584 2003 749 2040 usum
781 1987 1092 2040 sanctuarii
1111 1987 1192 2040 tui
1214 1987 1293 2041 ill.
1319 1992 1554 2042 maneat
1576 1990 1992 2042 consecratum.
2015 1985 2142 2041 Sint

501 2080 624 2134 haec
655 2079 711 2133 in
745 2083 1055 2151 conspectu
1087 2083 1184 2134 tuo
1215 2079 1461 2135 libenter
1491 2084 1744 2152 accepta,
1778 2080 1922 2135 sicut
1953 2097 2138 2152 quon-

502 2173 637 2228 dam
663 2173 802 2228 Abel
831 2173 993 2245 pueri
1019 2173 1099 2228 tui
1128 2191 1373 2229 munera
1405 2174 1505 2228 tibi
1536 2175 1659 2246 ipsa
1690 2175 2048 2246 placuerunt,
2083 2176 2142 2229 et

501 2267 636 2337 quia
663 2267 735 2322 ob
757 2268 1040 2322 honorem
1069 2268 1285 2323 amoris
1307 2269 1388 2322 tui
1414 2269 1665 2324 Ecclesia
1690 2272 1790 2323 tua
1817 2268 2025 2336 oiferit,
2055 2284 2142 2321 re-

501 2377 813 2431 compensa
835 2361 885 2414 ei
909 2379 1011 2432 pro
1035 2361 1221 2433 parvis
1249 2379 1464 2433 magna
1489 2379 1501 2416 :
1535 2365 1599 2417 ut
1624 2362 1992 2417 devotionem
2018 2361 2140 2432 ejus

500 2454 801 2523 aspiciens,
825 2458 1059 2525 peccata
1081 2455 1358 2522 dimittas,
1380 2455 1491 2509 fide
1510 2457 1752 2526 repleas,
1779 2455 2141 2525 indulgentia

503 2547 716 2614 foveas,
751 2547 1144 2602 misericordia
1175 2551 1465 2618 protegas.
1497 2550 1608 2602 Per
1638 2548 1964 2603 Dominum.

731 2639 1028 2689 Benedictio
1059 2640 1256 2700 calicis,
1291 2643 1342 2690 et
1370 2644 1590 2703 puteum,
1626 2645 1675 2690 et
1705 2641 1860 2690 turris
1878 2641 1922 2689 ⁸.

576 2722 720 2774 Deus
751 2719 1139 2791 omnipotens,
1181 2721 1278 2791 qui
1308 2737 1439 2775 cum
1471 2722 1659 2792 Moyse
1700 2723 1915 2776 famolo
1952 2725 2050 2776 tuo
2082 2721 2141 2776 in

505 2813 689 2868 Chore
722 2817 982 2868 montem
1014 2814 1295 2868 servando
1332 2816 1542 2886 populo
1575 2817 1673 2869 tuo
1710 2819 1997 2886 praecepta
2023 2815 2140 2868 dis-

506 2923 768 2977 poneres,
785 2908 1064 2977 templum
1085 2910 1348 2961 sanctum
1368 2912 1530 2962 tuum
1555 2908 2140 2979 qualiteraedificaret,

503 2999 818 3054 instituisti.
842 3002 1152 3055 Precamur
1177 3006 1249 3067 te,
1276 3001 1543 3069 Domine,
1568 3005 1728 3056 tuam
1753 3002 2140 3072 majestatem,

507 3097 568 3147 ut
589 3095 739 3148 hunc
757 3095 1015 3160 calicem,
1036 3098 1310 3164 patenam
1336 3098 1393 3148 et
1416 3099 1656 3162 turrem,
1682 3095 1739 3150 in
1764 3112 1876 3167 quo
1897 3095 2146 3150 celebra-

506 3187 617 3240 turi
650 3203 845 3240 sumus
889 3192 1249 3242 sacrosancta
1293 3187 1586 3258 mysteria,
1627 3189 1835 3242 caelesti
1870 3187 2142 3242 benedic-

509 3279 663 3334 tione
685 3280 1004 3333 sanctiﬁces
1031 3284 1202 3351 atque
1230 3281 1557 3347 benedicas,
1585 3285 1643 3335 ut
1671 3281 1880 3335 sanctis
1905 3281 2144 3335 vasculis

507 3372 614 3425 tuis
645 3373 1058 3442 acceptabilem
1098 3374 1323 3427 deferat
1355 3374 1721 3428 famulatum.
1754 3376 1878 3429 Per.

508 3464 806 3513 Benedictio
835 3478 991 3527 super
1020 3478 1139 3513 eum
1173 3465 1262 3529 qui
1285 3465 1338 3514 in
1373 3466 1595 3515 ecclesia
1623 3466 1860 3529 primitus
1883 3467 2146 3518 tondetur.

577 3547 801 3613 Manda,
835 3548 1001 3615 Deus,
1026 3548 1493 3603 benedictionem
1523 3553 1580 3604 et
1605 3549 1782 3605 vitam
1808 3551 2025 3604 famolo
2050 3554 2146 3605 tuo

510 3641 586 3694 ill.
632 3644 692 3694 ut
740 3645 1102 3711 unguentum
1143 3642 1297 3712 quod
1338 3639 1637 3697 descendit
1676 3643 1734 3697 in
1776 3644 1960 3715 capite
1999 3647 2056 3698 et
2089 3644 2146 3699 in

509 3735 747 3788 barbam
778 3735 928 3788 illius
952 3736 1165 3803 Aaron,
1199 3738 1321 3790 toto
1350 3739 1588 3790 maneat
1619 3740 1676 3790 et
1705 3737 1764 3790 in
1792 3754 2052 3808 corpore,
2088 3741 2150 3791 ut

508 3828 578 3881 sit
608 3828 817 3883 eodem
849 3829 1065 3884 famolo
1093 3833 1192 3884 tuo
1229 3829 1307 3883 ill.
1341 3830 1617 3900 perfectio
1649 3831 1721 3884 ad
1751 3831 1897 3885 hanc
1929 3848 2057 3902 quae
2089 3847 2146 3884 se

499 3921 816 3991 juvenilem
841 3923 1056 3993 gaudet
1080 3923 1406 3993 pervenisse
1430 3927 1682 3989 aetatem,
1708 3926 1765 3978 et
1786 3925 1941 3995 quod
1963 3924 2020 3978 in
2049 3927 2147 3978 tuo

509 4015 747 4069 nomine
806 4033 908 4069 suo
953 4016 1209 4071 celebrat
1249 4020 1402 4083 voto,
1449 4034 1483 4070 a
1523 4019 1624 4071 tua
1673 4017 1980 4072 clementia
2026 4019 2146 4071 toto

508 4108 680 4162 corde
710 4108 1179 4164 benedictionem
1208 4112 1514 4180 exspectet.

932 4224 1252 4264 BENEDICTIO
1285 4223 1457 4263 SUPER
1487 4222 1720 4262 PUTEUM.

580 4299 822 4353 Domine
855 4302 1073 4366 sancte,
1111 4300 1282 4352 Pater
1310 4297 1698 4366 omnipotens,
1732 4297 1948 4350 mterne
1978 4297 2146 4363 Deus,

509 4391 604 4463 qui
634 4393 947 4459 Abraham,
980 4394 1137 4446 Isaac
1176 4394 1233 4445 et
1260 4389 1434 4446 Jacob
1463 4392 1656 4459 patres
1683 4392 1908 4444 nostros
1945 4391 2150 4460 puteos

508 4485 740 4540 foederis
767 4485 988 4551 fodere,
1020 4488 1192 4554 atque
1219 4500 1284 4537 ex
1310 4483 1398 4536 his
1427 4498 1639 4552 aquam
1667 4481 1864 4537 bibere
1893 4482 2150 4554 propicia

511 4579 808 4634 divinitate
869 4576 1147 4642 docuisti,
1203 4580 1257 4630 te
1315 4575 1598 4647 supplices
1661 4576 2042 4647 deprecamur
2089 4580 2152 4630 ut

511 4689 722 4741 aquam
772 4671 930 4742 putei
974 4670 1144 4740 hujus
1188 4670 1261 4724 ad
1303 4670 1628 4724 communis
1674 4669 1802 4724 vitae
1843 4670 2151 4725 utilitatem

511 4765 719 4818 cwlcsti
757 4763 1160 4818 benedictione
1192 4763 1529 4830 sanctiﬁces,
1564 4767 1625 4817 ut
1664 4763 1861 4834 fugato
1895 4781 1963 4818 ea
1991 4763 2153 4818 omni

512 4856 727 4911 diaboli
753 4856 1111 4911 temtationis
1139 4874 1239 4911 seu
1264 4856 1596 4928 pollutionis
1622 4856 1872 4924 incursu,
1897 4857 2156 4928 quicum-

511 4967 620 5021 que
661 4968 726 5005 ex
760 4967 828 5005 ea
864 4950 1136 5022 deinceps
1169 4951 1398 5018 biberit,
1430 4949 1894 5004 benedictionem
1925 4949 2153 5005 Domini

512 5045 692 5099 nostri
721 5047 853 5099 Jesu
884 5044 1091 5100 Christi
1120 5045 1420 5117 percipiat.
1446 5046 1573 5099 Per.

509 5160 824 5200 BENEDICTIO
863 5159 953 5198 ΙΤΒΙ
1009 5161 1228 5207 ALIQUID
1271 5161 1558 5200 [MMUNDUM
1605 5159 1886 5201 CECIDERIT
1935 5160 1988 5197 ΙΝ
2027 5158 2150 5199 VAS.

579 5237 1028 5293 Miscricordiam
1057 5242 1236 5306 tuam,
1271 5238 1538 5304 Domine,
1569 5239 1854 5310 supplices
1885 5237 2154 5309 depreca-

461 5335 463 5337 ’
511 5349 661 5399 mur,
695 5337 932 5401 aeterne,
957 5333 1327 5404 omnipotens
1353 5333 1520 5399 Deus,
1556 5336 1617 5386 ut
1645 5331 1960 5387 descendat
1983 5331 2154 5386 bene-

511 5426 682 5482 dictio
707 5430 804 5482 tua
823 5427 883 5482 in
907 5428 1117 5483 horum
1139 5443 1408 5482 vasorum
1433 5425 1811 5498 pollutionem
1836 5442 1849 5480 :
1875 5423 2155 5480 emundet

581 5551 605 5579 ⁸
639 5551 957 5622 Singularis
985 5555 1071 5606 est
1103 5552 1225 5606 haec
1255 5551 1582 5606 benedictio
1621 5550 1810 5616 turris,
1841 5550 1912 5603 de
1949 5565 2063 5618 qua
2091 5548 2156 5601 ﬁt

511 5622 730 5675 mentio
749 5624 901 5693 apud
915 5624 1257 5693 Gregorium
1271 5625 1664 5677 Turonensem
1679 5624 1737 5674 et
1751 5622 2151 5693 Fortunatum.

511 5695 573 5745 In
607 5688 957 5764 testamento
989 5688 1171 5748 sancti
1203 5693 1447 5764 Remigii
1475 5693 1830 5764 Rhemorum
1857 5690 2109 5764 episcopi
2137 5707 2150 5746 :

517 5783 542 5834 ι]
575 5763 778 5834 iubeo,
815 5764 1019 5834 inquit,
1052 5762 1396 5818 turriculamﬁ
1417 5768 1473 5818 et
1504 5762 2154 5831 imaginatum’calicem

515 5831 856 5885 fabricari.»
889 5831 965 5886 De
997 5835 1103 5888 hac
1129 5835 1269 5888 alias
1289 5834 1484 5888 fusius.

588 5901 613 5940 b
646 5901 783 5955 Hinc
797 5903 1102 5974 colligitur,
1118 5905 1267 5960 hanc
1278 5903 1738 5961 benedictionem
1754 5905 1967 5962 factam
1983 5904 2157 5962 fuisse

2239 2006 2722 2062 resurrectionem
2739 2008 2898 2060 tuam
2916 2005 3248 2060 excubanda
3266 2003 3582 2075 perveniat;
3602 2004 3729 2058 haec
3751 2019 3902 2074 quo-

2241 2117 2351 2173 que
2373 2103 2636 2155 creatura
2659 2098 2880 2153 arboris
2902 2098 3180 2152 olivarum
3201 2115 3315 2153 una
3334 2114 3464 2152 cum
3483 2096 3715 2169 palmis,
3740 2113 3896 2168 quas

2240 2195 2486 2266 populus
2523 2210 2627 2264 pro
2669 2192 2781 2246 tuis
2814 2191 3190 2247 laudibus.....
3224 2191 3605 2246 benedicatur
3640 2189 3897 2244 benedi-

2241 2287 2431 2342 ctione
2473 2285 2716 2357 perenni
2761 2301 2773 2339 :
2811 2288 2874 2338 ut
2913 2285 3258 2355 quicumque
3298 2284 3393 2355 pia
3433 2283 3742 2338 devotione
3784 2299 3897 2354 pro

2243 2379 2594 2452 expellendis
2622 2377 3017 2448 languoribus,
3052 2377 3166 2432 sive
3203 2377 3378 2432 etiam
3414 2393 3518 2448 pro
3545 2392 3894 2447 expugnan-

2243 2475 2345 2529 das
2371 2490 2572 2528 omnes
2600 2472 2838 2526 insidias
2859 2471 3076 2526 inimici
3103 2471 3161 2525 in
3189 2471 3406 2526 cunctis
3434 2461 3899 2526 habitationibus

2243 2567 2357 2621 suis
2377 2584 2474 2621 eas
2495 2565 2946 2637 adportaverint,
2969 2568 3065 2619 aut
3086 2564 3354 2631 biberint,
3371 2565 3441 2618 ab
3465 2564 3629 2618 omni
3650 2563 3766 2617 sint
3791 2563 3895 2618 im-

2242 2661 2598 2732 pugnatione
2641 2659 2861 2714 inimici
2905 2658 3125 2725 securi;
3173 2663 3238 2713 ut
3285 2661 3639 2728 cognoscant
3685 2673 3895 2711 omnes

2245 2758 2466 2825 gentes,
2501 2753 2636 2824 quia
2663 2769 2879 2808 nomen
2907 2756 3074 2806 tuum
3102 2752 3420 2822 gloriosum
3451 2755 3537 2806 est
3562 2768 3739 2823 super
3761 2767 3889 2805 om-

2245 2848 2340 2902 nia
2363 2848 2566 2900 saecula
2590 2847 2947 2901 saeculorum.

2315 2970 2632 3011 BENEDICTIO
2662 2971 2731 3010 AD
2769 2970 2956 3010 AGNUM
2987 2968 3401 3010 BENEDICENDUM
3435 2970 3488 3009 IN
3526 2969 3738 3009 PASCHA
3754 2964 3795 2994 θ’

2312 3052 2555 3108 Domine
2585 3053 2749 3120 Deus,
2782 3051 3150 3124 omnipotens
3180 3055 3366 3118 Pater,
3399 3051 3495 3124 qui
3523 3052 3736 3124 populo
3764 3056 3888 3118 tuo,

2247 3163 2420 3217 quem
2449 3145 2690 3200 eduxisti
2725 3146 2795 3200 de
2826 3149 2979 3200 terra
3004 3146 3231 3217 Egypti
3257 3146 3315 3200 in
3350 3162 3527 3201 manu
3565 3145 3804 3200 robusta
3835 3148 3892 3198 et

2165 3247 2219 3320 ρ
2245 3239 2479 3294 brachio
2511 3239 2666 3306 forti,
2691 3256 2794 3310 per
2823 3239 3218 3294 fidelissimum
3247 3239 3526 3294 famulum
3557 3243 3719 3293 tuum
3740 3239 3890 3308 Moy-

2247 3350 2369 3399 sen,
2400 3332 2711 3404 praecipere
2741 3333 3011 3404 dignatus
3037 3349 3117 3400 es,
3142 3337 3203 3387 ut
3226 3333 3455 3388 Pascha:
3483 3333 3762 3387 solemnia
3795 3349 3886 3386 ce-

2247 3427 2517 3494 lebraret,
2541 3425 2769 3496 tuisque
2791 3427 3092 3497 praeceptis
3118 3426 3527 3497 obtemperans
3547 3442 3764 3497 agnum
3787 3426 3892 3480 im—

2247 3520 2598 3574 macolatum
2621 3518 2947 3590 imaginari,
2965 3535 3137 3590 quem
3153 3519 3210 3572 in
3225 3519 3411 3590 figura
3425 3519 3543 3573 ovis
3556 3518 3639 3572 tui
3657 3518 3888 3574 Domini

2249 3612 2427 3667 nostri
2453 3613 2585 3666 Jesu
2612 3612 2821 3667 Christi
2850 3612 3198 3680 immolaret,
3233 3612 3369 3666 dum
3403 3612 3502 3679 ait,
3537 3613 3678 3667 Ecce
3705 3628 3889 3682 agnus

2248 3705 2368 3772 Dei,
2411 3722 2541 3760 ecce
2583 3705 2679 3776 qui
2719 3705 2868 3759 tollit
2905 3709 3141 3776 peccata
3179 3705 3402 3760 mundi.
3437 3705 3520 3759 Ob
3563 3706 3670 3760 hoc
3713 3704 3888 3776 igitur

2238 3799 2530 3877 “supplices
2562 3815 2908 3869 quaesumus,
2943 3801 3004 3852 ut
3039 3799 3433 3852 intercedente
3469 3798 3608 3853 Filio
3648 3802 3744 3853 tuo
3778 3800 3881 3852 Do-

2249 3892 2408 3946 mino
2433 3895 2627 3946 nostro
2653 3893 2784 3946 Jesu
2808 3891 3051 3958 Christo,
3080 3892 3232 3945 hunc
3259 3907 3476 3961 agnum
3502 3895 3885 3964 praeparatum

2248 3985 2592 4040 benedicere
2621 3988 2679 4039 et
2703 3985 3060 4040 sanctiﬁcare
3091 3985 3364 4056 digneris.

2496 4104 2814 4150 BENEDICTIO
2855 4105 2988 4145 OMNI
3027 4105 3314 4145 CREATURE
3348 4103 3634 4144 POMORL’M.

2323 4185 2589 4253 Benedic,
2632 4186 2893 4253 Domine,
2941 4190 2999 4240 et
3037 4187 3142 4240 hos
3180 4187 3396 4241 fructus
3427 4202 3604 4241 novos
3633 4185 3709 4240 ill.
3741 4202 3883 4256 quos

2249 4296 2352 4350 per
2379 4283 2906 4351 temperamentum
2937 4280 3085 4334 aeris
3126 4283 3183 4333 et
3223 4280 3448 4350 pluviae,
3480 4283 3537 4334 et
3563 4283 3880 4350 temporum

2250 4373 2644 4440 serenitatem,
2676 4373 2750 4427 ad
2776 4373 3172 4428 maturitatem
3203 4373 3517 4444 perducere
3540 4373 3800 4443 dignatus
3820 4389 3882 4427 es

2251 4466 2324 4520 ad
2360 4465 2798 4537 precipiendum
2839 4466 3003 4521 nobis
3042 4484 3172 4521 cum
3221 4467 3538 4538 gratiarum
3571 4466 3786 4520 actione
3820 4467 3878 4521 in

2250 4559 2486 4614 nomine
2513 4559 2695 4614 Patris
2722 4564 2780 4614 et
2805 4560 2927 4614 Filii
2968 4564 3023 4614 et
3051 4560 3297 4631 Spiritus
3327 4560 3506 4614 sancti
3535 4577 3548 4614 :
3581 4576 3684 4630 per
3711 4575 3878 4629 quem

2252 4654 2373 4708 haec
2407 4653 2624 4721 omnia,
2652 4654 2913 4721 Domine,
2943 4670 3174 4724 semper
3199 4653 3352 4709 bona
3382 4670 3542 4708 creas
3571 4654 3613 4694 d-

2717 4771 3037 4811 BENEDIC‘I‘IO
3078 4773 3146 4810 AD
3186 4771 3424 4812 MENSAM.

2327 4849 2745 4904 Benedicantur
2785 4849 2970 4915 nobis,
3011 4849 3274 4916 Domine,
3310 4849 3465 4904 dona
3502 4852 3622 4913 tua,
3659 4865 3777 4919 qua:
3807 4849 3877 4904 de

2254 4947 2350 4997 tua
2381 4943 2649 5013 largitate
2677 4943 2924 4997 sumturi
2954 4960 3168 5010 sumus,
3200 4942 3296 5013 qui
3328 4943 3463 4997 vivis
3493 4946 3549 4997 et
3578 4958 3794 5013 regnas.

2539 5061 2858 5100 BENEDICTIO
2900 5061 3033 5101 POST
3072 5061 3289 5101 MENSAM
3338 5061 3604 5101 LEVATAM.

2323 5143 2544 5199 Gratias
2569 5143 2669 5197 tibi
2686 5143 2931 5215 agimus,
2951 5144 3342 5216 omnipotens,
3368 5147 3584 5199 mterne
3607 5145 3762 5210 Deus,
3786 5143 3876 5214 qui

2257 5255 2360 5292 nos
2391 5238 2461 5291 de
2494 5237 2606 5291 tuis
2646 5237 2814 5293 donis
2845 5239 3047 5292 satiare
3091 5238 3362 5308 dignatus
3403 5256 3482 5306 es,
3513 5255 3618 5308 per
3653 5238 3875 5293 famulos

2255 5333 2332 5385 ill.
2359 5331 2553 5385 Redde
2589 5331 2717 5401 illis,
2743 5332 3007 5399 Domine,
3031 5348 3135 5403 pro
3159 5331 3348 5402 parvis
3369 5348 3606 5403 magna,
3630 5348 3722 5403 pro
3745 5335 3874 5385 tem-

2255 5424 2542 5496 poralibus
2578 5424 2818 5496 praemia
2850 5425 3220 5497 sempiterna,
3257 5425 3352 5496 qui
3387 5426 3526 5479 vivis
3569 5428 3627 5480 et
3663 5441 3868 5496 regnas.

2257 5550 2556 5606 Dominica
2586 5552 2942 5605 Palmarum.

2311 5636 2338 5694 cr
2356 5623 2532 5691 Hujus
2545 5621 2680 5694 agni
2692 5621 3112 5677 benedictionis
3127 5621 3398 5694 meminit
3409 5621 3563 5694 Ordo
3584 5621 3865 5694 Romanus.

2318 5693 2342 5733 ά
2376 5694 2502 5748 Ηωο
2537 5691 2710 5748 verba
2742 5696 3000 5747 extrema
3025 5693 3427 5748 suntCanonis
3457 5692 3662 5757 missas,
3689 5691 3739 5746 in
3771 5711 3867 5757 qua

2259 5764 2396 5819 olim
2413 5765 2535 5818 hac
2556 5764 2883 5819 benedictio
2901 5764 3077 5818 ﬁebat
3097 5781 3201 5834 per
3215 5765 3337 5818 haec
3359 5764 3551 5829 verba,
3570 5767 3704 5818 teste
3723 5763 3870 5818 Udal-

2259 5836 2376 5891 rico
2403 5835 2460 5890 in
2491 5835 2590 5890 lib.
2621 5837 2639 5890 l
2671 5835 3020 5892 Consuetud.
3045 5835 3298 5892 Cluniae.
3329 5852 3453 5908 cap.
3489 5837 3576 5892 35.
