4006 6228
121 379 206 428 ;›ῖ3
707 372 1316 430 SACRAMENTARIL'M
1355 370 1800 429 GALLICANL'M.
1845 400 1911 410 —-
1948 371 2247 428 JUDICIL'S
2286 373 2846 430 POENITENTIALIS.

559 497 858 541 ORATIONES
897 498 1263 540 V'ESPERTINE.

180 574 541 649 Omnipotens
569 577 913 649 sempiterne
943 578 1116 647 Deus,
1144 592 1374 649 vespere
1404 582 1460 633 et
1485 593 1652 634 mane
1680 581 1736 634 et

118 671 330 729 meridie
375 671 730 742 majestatem
757 677 915 727 tuam
945 671 1273 744 suppliciter
1323 672 1732 742 deprecamur;

118 773 171 822 ut
193 764 434 838 expulsis
465 765 536 820 de
564 765 824 821 cordibus
849 766 1054 821 nostris
1079 769 1438 836 peccatorum
1465 765 1733 829 tenebris,

117 862 176 916 ad
198 876 378 915 veram
424 860 635 930 lucem,
667 877 793 933 quae
837 859 1092 916 Christus
1131 864 1231 929 est,
1262 859 1433 914 facias
1470 876 1572 915 nos
1601 875 1732 931 per-

116 954 307 1010 venire.

781 1025 909 1072 Item
933 1023 1050 1072 alia.

177 1113 310 1167 Deus
332 1109 431 1182 qui
445 1107 754 1165 inluminas
774 1113 1023 1179 noctem,
1049 1113 1104 1165 et
1122 1109 1315 1164 lumen
1335 1113 1462 1180 post
1479 1108 1736 1163 tenebras

116 1205 250 1275 facis,
294 1203 541 1259 concede
589 1203 750 1260 nobis
792 1209 859 1258 ut
898 1203 1043 1258 hanc
1078 1207 1304 1258 noctem
1346 1202 1465 1257 sine
1512 1202 1732 1274 inpedi-

117 1303 286 1354 mento
305 1298 527 1354 Satanae
560 1301 930 1367 transeamus,
964 1297 1148 1368 adque
1174 1296 1243 1351 ad
1267 1294 1566 1351 matutinis
1582 1295 1737 1351 horis

116 1392 174 1448 ad
197 1392 362 1448 altare
399 1395 570 1448 tuum
600 1395 946 1447 revertentes
964 1433 976 1457 ,
1011 1389 1113 1446 tibi
1142 1391 1256 1446 Deo
1288 1389 1497 1462 gratias
1523 1388 1731 1445 refera-

116 1503 246 1542 mus.

789 1556 919 1604 Item
944 1554 1063 1604 alia.

178 1641 466 1711 lnlumina,
499 1657 848 1714 quaesumus,
896 1640 1134 1694 Domine
1155 1681 1168 1705 ,
1207 1639 1467 1694 tenebras
1494 1641 1734 1707 nostras,

113 1741 161 1788 et
195 1737 357 1790 totius
383 1737 566 1790 noctis
593 1735 824 1790 insidias
852 1734 1065 1805 repelle
1089 1732 1397 1805 propicius.
1432 1733 1555 1786 Per.

849 1836 977 1886 Alia.

175 1925 314 1978 Tuus
342 1928 426 1977 est
464 1923 606 1990 dies,
637 1921 906 1991 Domine,
937 1926 994 1976 et
1035 1925 1136 1976 tua
1163 1925 1249 1975 est
1289 1936 1401 1975 nox
1432 1936 1445 1974 :
1491 1919 1734 1975 concede

115 2019 274 2072 solem
292 2017 531 2088 justitiaa
560 2021 673 2072 tua:
701 2030 1035 2087 permanere
1062 2014 1124 2068 in
1151 2013 1416 2068 cordibus
1434 2013 1643 2069 nostris
1666 2013 1738 2068 ad

117 2110 448 2182 repellendas
473 2110 884 2182 cogitationum
907 2108 1168 2162 tenebras
1195 2107 1589 2180 iniquitatum.

786 2211 915 2276 Item
931 2209 1046 2259 alia.

177 2299 511 2370 Vcspertime
533 2296 716 2352 laudis
741 2296 928 2351 ofﬁcia
952 2294 1354 2367 persolventes,
1377 2294 1737 2350 clementiam

120 2399 276 2460 tuam,
305 2391 566 2460 Domine,
595 2391 817 2446 humile
845 2405 1010 2461 prece
1036 2389 1320 2461 poscimus
1341 2429 1356 2455 ,
1382 2393 1448 2443 ut
1471 2387 1735 2444 nocturni

121 2485 439 2542 insidiatoris
462 2485 693 2541 fraudes
722 2489 776 2540 te
801 2488 1138 2556 protegente
1165 2483 1426 2537 vitemus.

775 2587 908 2634 Item
941 2584 1058 2633 alia.

179 2672 509 2744 Propiciare,
546 2671 813 2739 Domine,
855 2668 1188 2740 vespertinis
1231 2667 1737 2740 supplicationibus

119 2766 323 2834 nostris,
349 2771 404 2821 et
430 2766 519 2820 fac
546 2781 651 2819 nos
681 2764 803 2818 sine
830 2764 948 2818 ullo
977 2767 1136 2818 reatu
1163 2761 1458 2817 matutinis
1483 2761 1585 2818 tibi
1612 2762 1734 2816 lau-

120 2860 265 2914 dibus
295 2858 713 2931 repraesentari.
743 2859 865 2912 Per.

599 2977 796 3018 ORATIO
837 2977 904 3016 DE
944 2974 1254 3015 MATL'TINIS.

179 3055 382 3110 Gratias
418 3056 525 3110 tibi
553 3055 806 3126 agimus,
851 3054 1086 3110 Domine
1118 3057 1335 3120 sancte,
1366 3053 1526 3106 Pater
1550 3049 1735 3104 omni-

120 3153 316 3219 potens,
349 3154 564 3204 aeterne
592 3149 758 3216 Deus,
791 3148 889 3219 qui
915 3164 1017 3202 nos
1043 3149 1324 3201 transacto
1350 3145 1532 3199 noctis
1557 3144 1738 3215 spatio

3369 372 3471 430 574

1757 493 1814 570 Α
1835 481 1918 540 tui
1947 488 2032 540 est
2059 485 2212 559 quod
2241 484 2310 540 ad
2340 488 2395 540 te
2443 484 2688 541 diluculo
2713 485 3037 559 vigilamus.
3066 483 3226 543 Dona
3251 483 3469 544 deside-

1834 573 2070 628 rabilem
2097 573 2314 628 fontem
2339 573 2480 628 lucis
2507 579 2631 645 post
2655 575 2915 630 tenebras
2935 575 3116 630 noctis
3134 592 3150 645 ;
3176 578 3240 630 ut
3256 574 3470 647 perfusi

1835 683 1960 721 rore
1987 667 2214 737 caelesti,
2258 672 2374 724 tota
2417 667 2507 724 die
2553 668 2863 740 refrigeriis
2911 668 3339 726 medicinalibus
3379 669 3466 726 fo-

1835 777 2071 815 veamur
2080 801 2091 816 .

2590 831 2717 882 Alia.

1907 922 2286 992 Exsurgentes
2319 919 2388 974 de
2415 920 2696 974 cubilibus
2725 922 2948 991 nostris,
2969 921 3247 978 auxilium
3279 923 3472 995 gratim

1837 1017 1948 1069 tum
1977 1013 2272 1068 matutinis
2299 1013 2560 1085 precibus
2591 1014 2967 1086 imploramus
2981 1034 2998 1084 ;
3030 1019 3092 1070 ut
3111 1015 3374 1072 discussis
3394 1021 3473 1072 te-

1836 1107 2025 1163 nebris
2037 1106 2616 1178 vitiorum,ambolare
2630 1109 3159 1166 mereamurinluce
3169 1110 3467 1167 virtutum.

2585 1209 2712 1262 Alia.

1906 1295 2174 1352 Matutina
2219 1294 2544 1367 supplicum
2588 1300 2733 1362 vota,
2763 1296 3020 1367 Domine,
3059 1297 3341 1371 propitius
3379 1298 3464 1353 in-

1837 1392 2016 1458 tuere,
2047 1395 2102 1446 et
2129 1389 2350 1444 occulta
2383 1389 2566 1444 cordis
2603 1390 2780 1444 nostri
2810 1390 3062 1446 remedio
3090 1396 3205 1446 tum
3233 1390 3472 1448 clariﬂca

1835 1483 2098 1555 pietatis;
2131 1488 2196 1538 ut
2235 1482 2509 1539 desideria
2537 1483 2835 1538 tenebrosa
2864 1500 2982 1541 non
3023 1489 3290 1556 teneant,
3327 1501 3471 1562 quos

1835 1575 1932 1630 lux
1962 1573 2198 1629 caelestis
2223 1573 2420 1646 gratias
2449 1574 2747 1646 reparavit.
2776 1575 2903 1634 Per.

2578 1675 2707 1727 Alia.

1908 1761 1980 1815 'I‘e
2017 1760 2202 1816 lucem
2240 1777 2433 1816 veram
2475 1764 2532 1817 et
2567 1762 2709 1818 lucis
2747 1766 3060 1835 auctorem,
3089 1762 3346 1833 Domine,
3373 1763 3473 1821 de-

1757 1867 1812 1939 B
1836 1871 2172 1925 precamur;
2204 1859 2268 1911 ut
2293 1855 2544 1926 digneris
2570 1856 2732 1912 nobis
2759 1857 3023 1914 tenebras
3049 1857 3324 1932 repellere
3349 1873 3474 1932 pec-

1836 1953 2109 2019 catorum,
2135 1952 2189 2003 et
2215 1948 2519 2006 clariﬁcare
2547 1967 2650 2005 nos
2674 1951 2799 2008 luce
2825 1952 3124 2008 virtutum.

2388 2063 2738 2105 EXORCISML’M
2779 2066 2922 2105 OLEI.

1909 2144 2174 2200 Exorcizo
2228 2148 2305 2212 te,
2359 2146 2590 2217 spiritus
2641 2147 3098 2217 inmundissime,
3145 2164 3248 2221 per
3294 2149 3472 2204 Deum

1835 2240 2058 2294 Patrem
2070 2239 2517 2309 omnipotentem
2535 2244 2590 2294 et
2607 2242 2631 2294 J
2639 2257 2798 2295 esum
2814 2241 3100 2296 Christum
3124 2241 3331 2296 Filium
3351 2241 3472 2313 ejus

1836 2332 2141 2386 Dominum
2170 2337 2462 2401 nostrum;
2494 2338 2558 2387 ut
2587 2334 2772 2388 omnis
2793 2334 2967 2389 virtus
2989 2335 3312 2404 adversarii,
3345 2350 3471 2390 om-

1836 2442 1938 2480 nes
1963 2425 2247 2480 exercitus
2273 2425 2503 2493 diaboli,
2533 2443 2699 2481 omne
2727 2427 3064 2498 phantasma
3084 2427 3402 2482 eradicetur
3419 2431 3476 2483 et

1837 2519 2071 2590 effugiat
2099 2519 2167 2572 ab
2199 2518 2306 2572 hac
2349 2525 2606 2574 creatura
2644 2520 2784 2585 olei;
2827 2525 2882 2575 et
2919 2520 2990 2574 sit
3031 2520 3103 2588 ei,
3147 2521 3246 2592 qui
3273 2537 3342 2575 ex
3368 2521 3474 2576 hac

1837 2616 2096 2666 creatura
2149 2611 2257 2665 olei
2298 2611 2667 2682 contingitur,
2710 2612 3056 2684 ubicumque
3102 2612 3160 2667 in
3205 2613 3475 2668 membris

1836 2705 1986 2759 illius
2010 2703 2372 2776 tetigerit,vel
2394 2706 2657 2775 perfusus
2681 2705 2872 2772 fuerit,
2889 2707 3126 2761 Domino
3145 2706 3472 2775 auxiliante,

1837 2798 2291 2853 benedictionem
2318 2799 2608 2870 percipiat,
2627 2799 2868 2854 etvitam
2884 2805 3153 2855 aeternam
3186 2799 3476 2872 percipere

1839 2903 2181 2942 mereamur.
2262 2888 2284 2914 ’

2430 2956 2731 3007 Benedictio
2765 2957 2886 3007 olei.

1910 3044 2028 3097 Rex
2055 3040 2250 3114 gloriae
2277 3041 2587 3113 majestatis
2617 3047 2746 3109 tuae,
2778 3042 3011 3098 Domine
3039 3044 3214 3112 Deus,
3242 3041 3477 3097 benedic

1841 3137 1985 3190 hanc
2012 3141 2330 3190 creaturam
2353 3136 2481 3201 olei,
2505 3140 2561 3190 et
2581 3136 2867 3191 sanctifica
2894 3152 3040 3191 eam.
3063 3135 3304 3191 Infunde
3323 3135 3478 3190 illam

119 3242 177 3294 ad
206 3242 505 3297 matutinas
530 3242 697 3296 horas
725 3241 1034 3312 perducere
1063 3239 1330 3310 dignatus
1369 3254 1429 3292 es
1461 3255 1474 3291 :
1507 3252 1734 3308 quassu-
1759 3238 1812 3312 ρ
1837 3247 1869 3284 a
1909 3246 2037 3284 rore
2076 3229 2285 3284 carlesti
2327 3230 2529 3300 spiritu
2570 3229 2909 3298 sanctitatis;
2953 3234 3016 3285 ut
3069 3230 3478 3301 cujuscumque

120 3351 251 3404 mus,
284 3339 343 3389 ut
368 3336 547 3390 dones
571 3335 732 3389 nobis
747 3335 896 3389 diem
918 3334 1063 3387 hanc
1083 3333 1201 3386 sine
1229 3335 1459 3402 peccato
1479 3329 1736 3399 transire,

121 3432 382 3500 quatenus
407 3429 480 3484 ad
511 3444 810 3500 vesperum
838 3427 1044 3500 gratias
1071 3426 1408 3480 referamus.

856 3529 986 3579 Alia.

183 3616 318 3672 Doni
355 3616 439 3671 tui
473 3620 580 3683 est,
612 3614 876 3684 Domine,
905 3613 1056 3686 quod
1087 3611 1408 3684 quievimus
1443 3627 1456 3665 :
1486 3610 1740 3666 muneris

185 3752 208 3778 ⁸
235 3754 357 3808 Post
393 3754 545 3808 hanc
594 3751 911 3806 orationem
957 3747 1211 3821 sequitur
1267 3747 1377 3802 alia
1422 3746 1740 3821 benedictio

122 3823 219 3877 olei
242 3825 481 3879 secunda
512 3839 705 3877 manu.
749 3817 1198 3892 Frequens—olim
1228 3835 1364 3873 usus
1390 3818 1503 3892 olei
1525 3817 1740 3892 erat_ad

122 3894 328 3949 morbos
353 3894 655 3950 sanandos.
693 3893 852 3948 Unde
873 3888 1122 3964 episcopi
1137 3905 1436 3963 nunquam
1462 3888 1584 3944 sine
1615 3888 1737 3943 oleo

1839 3340 2043 3394 corpus
2071 3324 2160 3377 vel
2197 3323 2521 3378 membrum
2552 3340 2620 3378 ex
2652 3340 2720 3378 eo
2756 3323 2929 3379 fuerit
2957 3323 3186 3378 linitum
3225 3323 3310 3378 vel
3345 3339 3476 3394 per-

1837 3417 2049 3483 fusum,
2083 3416 2341 3470 salutaris
2382 3417 2641 3488 gratiam,
2672 3421 2728 3471 et
2763 3421 3121 3488 peccatorum
3147 3416 3388 3485 veniam,
3423 3419 3481 3472 et

1839 3510 2136 3565 sanitatem
2167 3511 2443 3566 caelestem
2475 3511 2744 3582 consequi
2787 3515 3094 3566 mereatur.
3134 3511 3242 3566 Per
3282 3509 3475 3566 Domi-

1839 3620 1980 3658 num
2009 3609 2266 3658 nostrum
2297 3604 2488 3657 Jesum
2515 3603 2803 3658 Christum
2830 3602 2878 3656 '.

1839 3753 2075 3808 peregre
2104 3735 2626 3808 proficiscebantur,
2655 3740 2720 3790 ut
2744 3735 2896 3790 varia
2926 3736 3187 3808 exempla
3215 3735 3474 3808 probant,

1839 3806 1969 3880 quae
1983 3806 2132 3862 alias
2161 3806 2480 3861 retulimus.

1302 4117 1319 4132 ’
1419 4168 1527 4234 IN
1561 4167 1728 4231 DEI
1764 4164 2152 4234 NOMINE.

772 4307 1191 4392 INCIPIT
1278 4303 1790 4390 JUDICIUS
1879 4302 2804 4427 PI‘ENITENTIALIS.

192 4619 224 4656 ι.
264 4603 319 4659 Si
337 4605 462 4676 quis
476 4603 709 4662 clericus
722 4601 1090 4658 homicidium
1105 4601 1320 4671 fecerit,
1343 4603 1400 4657 et
1414 4600 1740 4672 proximum
1760 4623 1819 4695 D

126 4710 276 4751 suum
299 4698 583 4764 occiderit,
621 4697 818 4752 decem
845 4712 1024 4751 annos
1061 4695 1216 4750 exsol
1244 4694 1271 4724 ⁸
1297 4694 1584 4766 paeniteat.
1613 4695 1743 4748 Post

126 4787 216 4842 hos
256 4792 558 4862 recipiatur
579 4791 657 4845 -in
703 4790 948 4862 patriam
977 4789 1069 4844 cui
1109 4788 1410 4854 conmisit,
1443 4786 1742 4842 satisfaciat

125 4884 438 4950 parentibus
464 4885 586 4955 ejus
612 4900 784 4956 quem
810 4883 1032 4937 occidit.

186 4993 236 5030 ιι.
268 4977 324 5032 Si
351 4978 476 5049 quis
507 4978 674 5033 ruina
698 4977 946 5032 maxima
971 4973 1232 5030 ceciderit
1262 4974 1308 5044 δ,
1342 4977 1398 5028 et
1424 4972 1607 5028 filium
1637 4988 1738 5044 ge-

125 5069 314 5139 nuerit,
341 5076 557 5144 septem
583 5087 760 5126 annos
784 5070 1074 5141 paeniteat.

192 5178 262 5218 Ill.
292 5165 344 5220 Si
370 5166 498 5238 quis
521 5170 714 5220 autem
741 5162 1123 5231 fornicaverit,
1153 5161 1297 5216 sicut
1324 5159 1627 5216 Sodomita:
1655 5159 1740 5214 fe-

125 5262 324 5327 cerunt,
354 5259 550 5314 decem
579 5275 759 5312 annos
785 5257 1074 5329 paeniteat,
1097 5260 1210 5310 tres
1231 5254 1291 5308 in
1318 5269 1465 5326 pane
1485 5257 1541 5308 et
1571 5269 1738 5324 aqua,

124 5354 172 5401 et
197 5365 502 5424 numquam
529 5369 660 5407 cum
687 5351 801 5406 alio
828 5349 1094 5405 dormiat.

186 5453 254 5494 iv.
285 5439 337 5494 Si
367 5441 493 5512 quis
521 5458 652 5496 vero
683 5438 1058 5495 homicidium
1084 5453 1215 5493 casu
1243 5437 1458 5506 fecerit,
1493 5453 1607 5492 non
1636 5453 1738 5492 vo-

124 5528 248 5599 lens,
268 5534 516 5606 quinque
545 5551 722 5590 annos
747 5533 1038 5605 paeniteat,
1071 5536 1187 5586 tres
1214 5532 1275 5586 in
1309 5546 1455 5603 pane
1486 5535 1542 5585 et
1568 5547 1736 5602 aqua.

187 5640 235 5678 ν.
262 5625 316 5680 Si
342 5628 467 5699 quis
506 5629 578 5683 ad
623 5627 1001 5682 homicidium
1025 5625 1346 5681 faciendum
1371 5624 1737 5692 consenserit,

187 5765 209 5846 ξ
236 5769 308 5846 Ita
333 5771 600 5846 scriptum
627 5776 711 5827 est
750 5787 853 5846 pro
883 5770 1057 5826 ersul.
1206 5840 1219 5846 _
1493 5838 1502 5846 ,
1606 5837 1615 5846 ,

196 5839 227 5915 δ.
245 5840 302 5895 Id
327 5846 409 5915 est
425 5838 531 5915 qui
558 5859 730 5915 grave
751 5838 992 5898 'crimen
1034 5840 1257 5896 carnale
1299 5838 1666 5903 commiserit,
1696 5839 1741 5893 si

132 5913 265 5965 recte
295 5913 636 5984 conjicimus.

1842 4603 1899 4654 et
1925 4615 2042 4654 non
2082 4600 2295 4656 factum
2337 4601 2528 4669 fuerit,
2569 4606 2684 4657 tres
2711 4614 2890 4656 annos
2920 4600 3216 4672 paeniteat,
3253 4601 3393 4655 duos
3419 4601 3480 4655 in

1842 4709 1986 4763 pane
2013 4697 2070 4746 et
2094 4709 2262 4764 aqua.

1915 4797 1989 4834 γι.
2021 4780 2076 4836 Si
2119 4782 2246 4852 quis
2286 4782 2680 4853 perjuraverit,
2714 4787 2934 4854 septem
2981 4800 3162 4840 annos
3186 4783 3476 4855 paeniteat,

1843 4878 1956 4928 tres
1984 4873 2042 4927 in
2069 4889 2215 4944 pane
2242 4880 2295 4928 et
2321 4891 2488 4946 aqua,
2519 4880 2576 4930 et
2601 4891 2915 4946 numquam
2936 4877 3096 4948 juret
3119 4881 3332 4948 postea.

1915 4983 2014 5021 vn.
2046 4966 2102 5023 Si
2141 4967 2267 5038 quis
2292 4973 2514 5022 coactus
2539 4973 2638 5024 aut
2663 4969 2918 5024 nesciens
2942 4971 3337 5041 perjuraverit,
3371 4975 3482 5026 tres

1842 5081 2020 5120 annos
2047 5066 2336 5136 paeniteat,
2364 5083 2545 5121 unum
2574 5067 2633 5122 in
2662 5083 2809 5138 pane
2837 5079 2889 5120 ο.

1914 5175 2031 5215 vm.
2065 5159 2121 5214 Si
2153 5160 2281 5231 quis
2323 5161 2538 5215 furtum
2576 5160 2810 5232 capitale
2838 5159 3063 5230 fecerit,
3093 5161 3484 5232 quadrupedis

1843 5253 1929 5308 vel
1953 5269 2110 5307 casas
2156 5253 2419 5324 fregerit,
2460 5254 2713 5328 quinque
2738 5271 2916 5310 annos
2949 5254 3242 5327 paeniteat,
3277 5258 3391 5308 tres
3419 5254 3480 5308 in

1844 5358 2010 5414 pane.

1915 5453 1989 5491 1x.
2022 5435 2081 5491 Si
2105 5436 2231 5508 quis
2255 5437 2533 5493 maleﬁcio
2558 5455 2660 5493 suo
2687 5437 2901 5510 aliquid
2926 5436 3250 5510 perdiderit,
3282 5436 3479 5491 decem

1843 5546 2022 5585 annos
2047 5531 2337 5603 paaniteat,
2370 5536 2483 5587 tres
2510 5531 2570 5586 in
2595 5548 2760 5603 pane.

1916 5641 1968 5679 Χ.
1999 5623 2054 5680 Si
2074 5624 2203 5696 quis
2233 5641 2336 5696 pro
2360 5641 2554 5681 amore
2585 5624 2922 5681 veneficium
2947 5624 3162 5695 fecerit,
3205 5628 3261 5680 et
3286 5623 3472 5679 nemi-

1912 5779 1935 5807 °
1976 5768 2368 5840 Supplendum
2411 5769 2634 5825 videtur
2675 5768 2769 5824 hic
2807 5770 2864 5824 et
2905 5767 2964 5824 in
3012 5765 3396 5840 sequentibus,
3427 5768 3476 5818 et

1843 5855 2009 5911 aqua.
