4006 6228
488 323 590 387 B75

1356 326 1688 386 APPENDIX
1724 331 1811 386 AD
1848 331 2071 387 OPERA
2107 332 2161 385 S.
2201 330 2502 388 GERMANI
2538 330 2970 389 PARISIENSIS.

3784 320 3909 387 57d

484 451 620 493 nem
645 433 973 509 perdiderit,
1002 440 1117 494 tres
1144 451 1321 493 annos
1347 436 1649 509 paeniteat,
1676 453 1860 492 unum
1887 437 1945 493 in
1974 453 2120 510 pane
2141 450 2200 525 Α
2292 453 2457 494 xxvn.
2490 437 2547 495 Si
2594 438 2721 509 quis
2763 439 2835 494 ad
2874 438 3104 496 arbores
3140 436 3228 496 vel
3262 437 3335 496 ad
3362 433 3549 496 fontes
3578 440 3685 496 aut
3736 452 3910 494 can-

489 535 545 587 et
569 546 737 604 aqua.

560 640 633 681 χι.
674 626 730 683 Si
760 626 886 699 quis
911 626 1138 682 mulieri
1156 628 1383 698 partum
1415 624 1722 697 deceperit,
1751 640 1847 680 sex
1875 625 2120 697 quadra-

491 735 663 791 genas
692 726 824 791 agat
846 720 903 775 in
932 735 1099 791 pane.

560 829 656 869 xu.
701 814 756 869 Si
784 813 910 885 quis
936 813 1170 868 clericus
1193 811 1280 866 vel
1311 812 1538 883 supcrio
1566 810 1810 883 gradus,
1851 810 1950 883 qui
1977 826 2118 867 uxo-

490 921 613 962 rem
638 906 854 973 habuit,
873 908 929 960 et
958 909 1085 977 post
1104 905 1380 960 honorem
1406 906 1614 960 iterum
1632 920 1756 960 eam
1775 903 2122 976 cognoverit,

488 999 625 1054 sciat
659 1015 717 1053 se
762 998 1102 1054 adulterium
1129 998 1497 1054 commisisse.
1536 998 1781 1053 Clericus
1807 996 1834 1026 ¹
1860 1001 2121 1069 quatuor,

488 1092 758 1148 diaconus
781 1109 898 1161 sex,
930 1093 1187 1147 sacerdos
1214 1098 1454 1164 septem,
1484 1092 1781 1163 episcopus
1804 1091 2121 1160 duodecim,

489 1184 698 1257 singuli
726 1185 786 1241 in
810 1202 956 1257 pane
982 1191 1038 1242 et
1064 1203 1213 1259 aqua
1231 1187 1398 1257 juxta
1426 1185 1685 1241 ordinem
1709 1202 1898 1242 suum.

558 1295 678 1337 xm.
720 1278 775 1335 Si
824 1280 949 1352 quis
990 1297 1121 1335 cum
1174 1280 1629 1336 sancteemoniale
1655 1279 1741 1334 vel
1786 1280 1898 1334 Deo
1927 1279 2127 1335 devota

487 1372 863 1444 fornicaverit,
891 1373 1282 1447 unusquisque
1328 1373 1618 1446 superiore
1660 1372 1937 1429 sententia
1958 1373 2128 1445 juxta

492 1465 750 1522 ordinem
779 1483 946 1522 suum
967 1467 1252 1538 paeniteat.

562 1576 674 1615 XIV.
703 1560 756 1616 Si
787 1560 913 1634 quis
933 1577 1067 1616 vero
1085 1564 1323 1633 propter
1336 1559 1868 1631 concupiscentiam,
1892 1560 1977 1615 vel
2001 1561 2126 1616 libi-

492 1653 684 1711 dinem
712 1653 963 1726 seipsum
986 1653 1367 1722 fornicaverit,
1392 1669 1573 1709 unum
1598 1670 1812 1708 annum
1837 1654 2125 1727 paeniteat.

2221 531 2408 601 cellos,
2436 531 2522 586 vel
2552 531 2915 604 ubicumque,
2944 532 3055 588 nisi
3086 532 3145 589 in
3172 532 3424 603 ecclesia,
3455 538 3656 589 votum
3697 548 3907 588 vove-

2222 623 2314 694 rit,
2341 628 2439 679 aut
2476 624 2719 694 solverit,
2748 629 2862 681 tres
2887 641 3066 680 annos
3090 626 3390 697 paeniteat,
3419 642 3602 681 unum
3631 624 3694 681 in
3730 641 3910 697 pane

2222 719 2279 772 et
2301 733 2470 788 aqua,
2519 717 2654 789 quia
2698 718 2805 773 hoc
2849 719 3211 789 sacrilegium
3255 724 3360 774 est.
3406 721 3474 774 Et
3509 714 3613 792 qui
3654 719 3910 775 ibidem

2222 809 2533 865 comederit
2559 815 2659 865 aut
2684 810 2914 880 biberit,
2947 828 3127 867 unum
3155 828 3373 868 annum
3399 812 3696 885 paeniteat.

2298 930 2486 970 xxvm.
2514 915 2570 970 Si
2596 916 2725 988 quis
2768 916 3022 985 clericus,
3050 921 3351 989 postquam
3377 934 3435 973 se
3473 919 3589 973 Deo
3627 918 3908 989 voverit,

2224 1006 2433 1062 iterum
2460 1008 2531 1062 ad
2560 1007 2833 1063 saeculum
2858 1024 3115 1063 reversus
3138 1010 3345 1078 fuerit,
3373 1011 3459 1065 vel
3488 1026 3741 1067 uxorem
3776 1010 3908 1066 du-

2225 1101 2372 1156 xerit
2398 1101 2445 1171 d,
2476 1101 2774 1156 duodecim
2819 1118 2997 1156 annos
3040 1103 3331 1174 paeniteat,
3373 1120 3471 1159 sex
3523 1104 3584 1159 in
3621 1120 3788 1176 pane
3836 1108 3911 1160 et

2223 1210 2389 1266 aqua,
2420 1199 2477 1249 et
2511 1210 2831 1267 numquam
2874 1195 2935 1250 in
2960 1196 3226 1268 conjugio
3262 1198 3576 1269 copuletur.
3623 1197 3805 1262 Quod
3844 1198 3909 1253 si

2225 1287 2532 1356 noluerint,
2575 1292 2766 1343 sancta
2803 1288 2964 1344 sedes
3016 1290 3323 1360 apostolica
3367 1291 3651 1363 separavit
3698 1308 3810 1347 eos
3864 1308 3907 1347 ε

2226 1385 2632 1441 communione
2679 1389 3028 1441 sanctorum.
3073 1387 3346 1443 Similiter
3373 1394 3430 1444 et
3456 1389 3672 1444 mulier
3718 1393 3905 1461 post-

2164 1518 2170 1524 .
2226 1495 2398 1552 quam
2424 1496 2483 1533 se
2516 1480 2630 1534 Deo
2655 1480 2834 1552 vovit,
2865 1486 2922 1537 et
2948 1482 3058 1537 tale
3094 1481 3276 1537 scelus
3305 1481 3635 1553 admiserit,
3665 1483 3905 1538 sixnili-

2227 1577 2315 1629 ter
2339 1572 2528 1627 faciat.

2301 1682 2446 1722 xxrx.
2479 1665 2533 1722 Si
2561 1666 2689 1739 quis
2711 1666 3021 1723 falsitatem
3041 1666 3411 1738 commiserit,
3443 1672 3668 1740 septem
3693 1685 3904 1725 annos

560 1763 648 1803 xv.
678 1747 734 1803 Si
771 1747 898 1821 quis
937 1748 1260 1820 sepulcrum
1297 1746 1611 1815 violaverit,
1656 1748 1910 1822 quinque
1949 1765 2199 1833 annos“
2230 1760 2520 1831 ρωῃίιεδι,
2555 1763 2670 1815 tres
2694 1760 2755 1814 in
2781 1776 2949 1833 pane,

492 1841 780 1913 paeniteat.

561 1950 671 1991 xvi.
700 1934 756 1989 Si
803 1934 931 2006 quis
984 1934 1329 2006 concupiscit
1377 1932 1699 2004 mulierem,
1748 1937 1805 1989 et
1847 1949 1962 1989 non
2009 1933 2131 1990 vult

492 2043 619 2083 eam
645 2026 948 2098 suscipere,
976 2044 1157 2083 unum
1184 2042 1400 2082 annum
1424 2027 1712 2099 paeniteat.

562 2138 693 2177 xvu.
726 2121 783 2177 Si
808 2120 936 2193 quis
960 2120 1381 2190 eucharistiam,
1412 2137 1616 2192 corpus
1642 2119 1890 2189 Domini,
1919 2119 2123 2191 negle~

490 2214 636 2270 xerit
658 2219 757 2269 aut
782 2214 1091 2286 perdiderit
1114 2257 1128 2286 ,
1157 2231 1340 2270 unum
1365 2230 1581 2269 annum
1622 2212 1911 2286 paeniteat.
1944 2212 1998 2268 Si
2026 2229 2130 2284 per

490 2308 822 2364 ebrietatem
847 2313 945 2363 aut
968 2308 1332 2364 voracitatem
1359 2307 1523 2362 illum
1549 2308 1808 2377 vomerit,
1840 2311 1955 2361 tres
1984 2323 2127 2378 qua-

488 2402 837 2474 dragesimas
876 2403 936 2457 in
975 2414 1119 2474 pane
1160 2407 1217 2457 et
1252 2419 1419 2473 aqua.
1449 2402 1503 2457 Si
1535 2418 1667 2457 vero
1695 2417 1799 2473 per
1825 2400 2127 2454 infirmita-

491 2499 629 2562 tem,
658 2512 773 2549 una
799 2495 1156 2550 hebdomada
1184 2495 1243 2549 in
1270 2512 1417 2567 pane
1449 2499 1505 2549 et
1530 2512 1698 2566 aqua.

562 2605 715 2645 xvm.
749 2588 805 2644 Si
833 2589 962 2660 quis
993 2588 1251 2658 clericus,
1280 2591 1379 2643 aut
1407 2604 1549 2642 uxor
1564 2605 1688 2656 sua,
1705 2588 1793 2642 vel
1813 2586 2132 2658 cujuscum-

490 2698 601 2754 que
624 2681 899 2737 infantem
925 2682 1288 2755 oppresserit,
1318 2686 1432 2737 tres
1460 2698 1640 2737 annos
1659 2681 2132 2753 paeniteat,unum

491 2775 553 2831 in
578 2792 746 2847 pane.
1673 2828 1699 2857 ο

563 2885 674 2924 χιχ.
706 2868 762 2924 Si
797 2869 923 2941 quis
957 2886 1089 2924 vero
1132 2868 1419 2925 maleﬁcus
1459 2868 1721 2923 inmissor
1756 2866 2127 2939 tempestatis,

491 2966 707 3035 septem
734 2979 911 3018 annos
939 2963 1225 3035 paeniteat,
1256 2968 1376 3019 tres
1402 2963 1461 3017 in
1489 2978 1637 3034 pane
1666 2964 1723 3017 et
1748 2977 1913 3034 aqua.

566 3072 655 3112 xx.
686 3056 741 3111 Si
768 3056 895 3128 quis
925 3060 1118 3112 autem
1152 3057 1477 3111 membrum
1515 3056 1801 3111 voluntate
1831 3060 2128 3125 truncave-

492 3149 584 3219 rit,
614 3150 868 3223 quinque
894 3167 1071 3205 annos
1096 3150 1381 3220 paeniteat.

562 3259 669 3298 xxi.
703 3242 760 3299 Si
804 3243 930 3314 quis
968 3246 1162 3298 autem
1203 3259 1403 3297 usuras
1427 3240 1455 3280 δ
1483 3242 1882 3314 undecumque
1923 3256 2128 3314 exege-

490 3336 585 3402 rit,
616 3339 730 3390 tres
758 3352 934 3390 annos
960 3336 1248 3407 paeniteat,
1280 3352 1460 3390 unum
1488 3335 1616 3390 in...

564 3445 694 3485 χχιι.
724 3429 777 3485 Si
805 3429 934 3503 quis
977 3446 1079 3501 per
1120 3432 1453 3501 potestatem
1497 3432 1599 3483 aut
1640 3427 1931 3500 quodlibet
1964 3428 2131 3500 inge-

491 3522 654 3577 nium
693 3538 781 3578 res
823 3522 1034 3577 alienas
1076 3523 1234 3577 malo
1280 3522 1480 3577 ordine
1513 3520 1801 3592 invaserit,
1839 3521 2134 3594 superiore

493 3616 772 3671 sententia
800 3617 1086 3688 paeniteat.

564 3726 719 3765 χχιιι.
753 3710 807 3766 Si
833 3710 960 3782 quis
998 3710 1357 3782 sacrilegium
1394 3708 1608 3779 fecerit,
1654 3707 1807 3780 quod
1849 3708 2134 3780 aruspices

492 3809 714 3870 vocant,
744 3804 791 3858 si
818 3820 922 3875 per
949 3820 1080 3859 aves
1106 3808 1206 3859 aut
1230 3803 1431 3876 aguria
1451 3802 1666 3872 colunt,
1694 3802 1783 3857 vel
1813 3803 1884 3859 ad
1911 3802 2131 3857 divina-

494 3897 677 3952 tiones
704 3913 903 3953 eorum
929 3898 1158 3965 vadunt,
1188 3897 1441 3969 quinque
1479 3912 1659 3951 annos
1698 3896 1988 3969 paeniteat,
2019 3900 2133 3951 tres

496 3991 556 4045 in
580 4007 725 4062 pane
751 3995 808 4045 et
833 4007 997 4063 aqua.

569 4099 716 4139 xxxv.
746 4083 800 4139 Si
830 4084 956 4155 quis
982 4083 1218 4138 clericus
1237 4082 1564 4154 proximum
1584 4099 1751 4138 suum
1771 4083 2129 4155 percusserit,

497 4181 553 4231 et
579 4176 916 4248 sanguinem
944 4175 1174 4243 fuderit,
1207 4192 1320 4230 uno
1344 4176 1614 4248 pmniteat
1641 4192 1814 4231 anno.

567 4287 693 4326 xxv.
724 4270 778 4327 Si
806 4270 933 4343 quis
961 4270 1111 4325 malo
1137 4269 1335 4325 ordine
1358 4269 1618 4341 cupidus,
1650 4273 1750 4325 aut
1789 4286 2009 4341 avarus,
2036 4275 2135 4327 aut

495 4365 789 4437 superbus,
829 4368 927 4420 aut
960 4363 1291 4419 tenebrosus
1311 4404 1325 4432 ,
1354 4366 1453 4418 aut
1487 4362 1723 4419 fratrem
1748 4379 1916 4418 suum
1963 4363 2127 4437 [odio]

495 4458 776 4529 habuerit,
805 4463 920 4514 tres
945 4474 1121 4513 annos
1149 4455 1433 4529 paeniteat.

2147 1819 2204 1891 B

2299 1869 2423 1909 xxx.
2451 1852 2508 1908 Si
2533 1853 2661 1925 quis
2690 1870 2822 1908 cum
2848 1852 3242 1926 quadrupedia
3266 1853 3651 1924 fornicaverit,
3681 1853 3730 1910 si
3762 1854 3899 1911 cle-

2228 1947 2399 2016 ricus,
2433 1946 2575 2001 duos
2594 1963 2792 2016 annos,
2823 1946 3091 2002 diaconus
3119 1947 3393 2020 quinque,
3423 1947 3730 2020 presbyter
3758 1964 3899 2021 sep-

2228 2043 2366 2109 tem,
2394 2038 2692 2112 episcopus
2710 2040 2925 2096 decem.

2303 2149 2449 2188 xxxI.
2480 2132 2535 2187 Si
2574 2132 2703 2205 quis
2748 2132 3020 2188 Kalendas
3058 2133 3353 2205 Ianuarias
3388 2133 3448 2189 in
3490 2134 3742 2205 cervolo,
3796 2136 3896 2193 vel

2228 2226 2407 2282 vicola
2431 2238 2455 2267 θ
2488 2202 2660 2296 vadit,
2690 2229 2806 2281 tres
2834 2243 3013 2282 annos
3037 2202 3324 2298 paeniteat.

2302 2335 2467 2375 χχχιι.
2499 2320 2552 2375 Si
2594 2320 2722 2392 quis
2748 2320 2957 2376 mulier
2998 2336 3261 2376 avorsum
3299 2321 3496 2379 fecerit
3538 2322 3891 2393 voluntarie,

2229 2418 2343 2469 tres
2366 2429 2544 2468 annos
2572 2415 2863 2488 paeniteat,
2893 2430 3076 2469 unum
3103 2414 3163 2469 in
3189 2430 3336 2486 pane
3364 2420 3421 2470 et
3437 2431 3606 2487 aqua.

2302 2531 2493 2571 χχχιιι.
2526 2514 2583 2570 Si
2607 2515 2734 2587 quis
2760 2531 2863 2586 per
2886 2515 3298 2570 invocationem
3322 2516 3656 2571 daemonum
3684 2517 3887 2573 homi-

2229 2625 2373 2664 num
2398 2612 2616 2663 mentes
2639 2607 2853 2678 tulerit,
2881 2608 3136 2680 quinque
3159 2625 3340 2664 annos
3366 2609 3656 2682 paeniteat.

2303 2727 2486 2767 xxxrv.
2516 2710 2573 2766 Si
2601 2710 2729 2783 quis
2766 2710 3049 2783 virginem
3086 2712 3173 2767 vel
3200 2712 3429 2768 viduam
3455 2717 3656 2784 raptus
3681 2712 3883 2786 fuerit,

2232 2808 2345 2860 tres
2369 2820 2546 2859 annos
2571 2804 2857 2876 paeniteat,
2886 2821 3069 2860 unum
3093 2805 3155 2860 in
3183 2822 3332 2879 pane
3360 2811 3415 2862 et
3437 2821 3607 2877 aqua.

2302 2923 2463 2962 xxxv.
2510 2906 2565 2962 Si
2604 2907 2732 2979 quis
2760 2906 3032 2963 dilaturas
3074 2908 3301 2980 fecerit,
3348 2909 3501 2981 quod
3533 2909 3880 2967 detestabile

2230 3006 2335 3072 est,
2367 2999 2661 3072 superiore
2690 3001 2973 3057 sententia
3001 3003 3307 3075 subjaceat.

2304 3120 2485 3160 xxxvi.
2515 3102 2571 3159 Si
2597 3103 2722 3175 quis
2767 3119 2995 3159 servum
3037 3106 3125 3159 vel
3155 3105 3636 3178 qualemcumque
3681 3106 3877 3162 homi-

2152 3190 2207 3265 C
2230 3209 2364 3249 nem
2416 3193 2475 3247 in
2525 3192 2908 3263 captivitatem
2936 3194 3182 3262 duxerit,
3221 3199 3337 3250 tres
3368 3211 3551 3250 annos
3579 3195 3877 3267 paeniteat,

2232 3303 2415 3343 unum
2442 3286 2503 3340 in
2528 3301 2697 3358 pane.

2304 3405 2508 3446 xxxvn.
2536 3388 2593 3444 Si
2635 3388 2766 3461 quis
2812 3388 3046 3444 domum
3088 3389 3177 3446 vel
3216 3407 3407 3447 aream
3461 3390 3879 3464 cujuscumque

2234 3484 2367 3556 igne
2393 3482 2743 3552 cremaverit,
2772 3484 3064 3555 superiore
3096 3484 3375 3540 sententia
3399 3484 3689 3556 paeniteat.

2302 3602 2525 3642 xxxviii.
2555 3586 2611 3642 Si
2650 3586 2780 3658 quis
2820 3586 3036 3659 aliquid
3078 3587 3147 3642 de
3184 3586 3499 3643 ministerio
3542 3592 3750 3643 sanctas
3776 3605 3871 3645 ec-

2233 3681 2418 3736 clesias
2451 3679 2797 3736 fraudaverit
2819 3680 2905 3735 vel
2932 3681 3269 3753 neglexerit,
3297 3684 3518 3752 septem
3545 3697 3723 3738 annos
3748 3700 3868 3755 pse-

2234 3774 2432 3841 niteat,
2459 3777 2575 3830 tres
2602 3773 2662 3828 in
2689 3789 2857 3845 pane.

2304 3892 2485 3932 xxxxx.
2523 3875 2631 3941 Qui
2659 3876 2890 3948 pruritu
2915 3876 3217 3931 voluntatis
3249 3876 3489 3931 tluvium
3525 3877 3740 3949 patitur
3774 3895 3862 3934 se-

2234 3969 2423 4039 minis,
2452 3974 2509 4025 et
2532 3985 2637 4041 per
2661 3985 2928 4024 somnum
2952 3969 3204 4042 pollutus
3233 3970 3566 4041 peccaverit,
3593 3975 3785 4043 surgat
3807 3976 3868 4027 et

2233 4067 2357 4119 oret
2380 4062 2453 4118 ad
2482 4058 2685 4133 Deum,
2712 4067 2899 4118 cantet
2924 4067 3142 4135 septem
3168 4063 3417 4135 psalmos
3439 4106 3455 4134 ,
3483 4068 3541 4120 et
3567 4064 3659 4120 die
3685 4064 3779 4120 illo
3803 4064 3865 4120 in

2232 4172 2379 4229 pane
2398 4161 2457 4211 et
2479 4171 2625 4227 aqua
2652 4155 2835 4226 vivat;
2868 4160 2926 4211 et
2950 4155 3161 4211 iterum
3191 4161 3356 4212 canat
3374 4156 3611 4229 triginta
3628 4157 3864 4230 psalmos

2232 4250 2293 4305 in
2316 4266 2501 4320 cruce,
2531 4254 2588 4305 et
2609 4249 2681 4305 ad
2706 4249 2883 4304 altare
2908 4266 3028 4304 non
3055 4250 3284 4305 accedat
3310 4266 3491 4322 usque
3519 4266 3704 4306 mane.

2302 4369 2388 4408 χι..
2420 4352 2476 4408 Si
2501 4368 2605 4424 per
2628 4368 2895 4407 somnum
2922 4352 3236 4423 peccaverit
3276 4352 3438 4425 quasi
3462 4368 3595 4407 cum
3621 4354 3849 4423 femina,

2232 4446 2432 4519 viginti
2461 4446 2714 4519 quinque
2740 4446 2988 4518 psalmos
3012 4450 3216 4502 cantet.

568 4566 714 4607 χχι-ι.
755 4552 811 4608 Si
839 4552 965 4624 quis
1007 4555 1184 4606 sortes
1212 4560 1238 4591 α
1271 4554 1595 4605 sanctorum
1623 4553 1819 4605 contra
1853 4549 2131 4607 rationem
2152 4563 2210 4635 D
2304 4565 2410 4606 xu.
2439 4548 2497 4605 Si
2521 4565 2591 4604 ex
2611 4549 2955 4621 cogitatione
2980 4566 3086 4621 per
3112 4566 3376 4606 somnum
3401 4551 3651 4629 pllutus
3671 4551 3851 4621 fuerit,

497 4645 736 4715 invocat,
756 4646 843 4701 vel
862 4646 998 4701 alias
1020 4650 1195 4702 sortes
1213 4644 1496 4715 habuerit,
1510 4648 1622 4699 tres
1642 4660 1824 4699 annos
1843 4644 2128 4716 paeniteat,

496 4754 677 4793 unum
701 4738 762 4793 in
788 4756 935 4811 pane
965 4744 1022 4795 et
1045 4755 1213 4812 aqua.

566 4883 591 4911 α
630 4872 805 4926 Locus
845 4872 1228 4927 observatione
1256 4872 1481 4943 dignus
1508 4872 1577 4926 de
1603 4871 1948 4927 continentia
1971 4872 2131 4927 cleri-

495 4959 714 5015 corum,
742 4943 912 4997 etiam
943 4960 1151 5015 eorum,
1167 4942 1267 5015 qui
1293 4942 1582 5015 conjugati
1602 4947 1790 5015 erant.
1812 4943 2128 5015 Concilium

492 5014 843 5083 Africanum,
872 5030 904 5067 a
928 5014 1203 5069 Zacharia’
1222 5014 1499 5085 pontiﬁce
1536 5014 1779 5068 relatum
1806 5014 1868 5068 in
1894 5014 2130 5085 epistola

495 5087 526 5138 9
556 5085 645 5158 ad
671 5085 957 5158 Pipinum,
1001 5101 1124 5158 cap.
1168 5087 1253 5158 tl,
1284 5084 1533 5158 minores
1558 5085 1791 5158 clericos
1834 5085 1905 5139 ad
1934 5084 2125 5158 conti-

491 5156 754 5211 nentiam
772 5172 885 5211 non
906 5156 1081 5227 cogit,
1108 5156 1203 5210 sed
1228 5156 1513 5211 secundum
1536 5156 1950 5225 uniuscujusque
1975 5157 2132 5211 eccle-

490 5230 586 5283 siae
622 5228 1054 5283 consuetudinem
1082 5228 1356 5282 observaﬁ
1377 5228 1564 5283 debere
1589 5227 1787 5281 sancit.
1816 5227 2130 5281 Concilium

492 5298 894 5369 Matisconense
920 5341 934 5369 ,
974 5314 1099 5354 can.
1133 5302 1219 5369 ll,
1248 5300 1615 5354 honoratiores
1640 5302 1863 5369 tantum
1891 5299 2128 5369 clericos,

492 5368 548 5423 id
574 5376 658 5426 est
682 5341 945 5449 majores:
967 5370 1035 5449 ad
1062 5369 1122 5449 tu
1149 5340 1467 5449 adstringit.
1498 5370 1751 5449 Fortasse
1775 5340 2128 5449 hieclerico:

490 5456 621 5511 rum
667 5438 898 5498 nomine
933 5438 1265 5497 'subdiaconi
1306 5438 1629 5507 censentur,
1676 5440 1745 5511 de
1794 5438 1999 5511 quibus
2043 5438 2128 5511 vi-

492 5510 699 5585 denda
723 5514 976 5585 Gregorii
1030 5512 1228 5585 magni
1280 5511 1514 5583 epistola
1565 5512 1632 5566 42
1682 5510 1780 5585 lib.
1808 5510 1873 5585 Ῐι.
1928 5510 2132 5585 Confer

493 5581 643 5707 Peftri
671 5581 925 5640 Damiani
962 5581 1333 5655 Opusc'ulum'
1357 5587 1410 5652 7,
1437 5600 1471 5637 a
1497 5597 1623 5653 cap.
1674 5584 1738 5635 10
1766 5584 1821 5636 et
1845 5596 2009 5636 num.
2036 5582 2125 5650 28,

493 5668 549 5706 in
579 5669 659 5706 ra.

492 5668 659 5706 mIl‘a.

564 5723 591 5761 ιι
630 5723 697 5775 Et
724 5720 815 5777 hic
855 5723 1012 5777 locus
1053 5723 1439 5779 observandus
1479 5726 1674 5776 contra
1716 5738 1934 5789 usuras,
1975 5721 2129 5777 nulla

497 5791 782 5866 mentione
807 5792 950 5846 facta
965 5794 1225 5866 solorum
1252 5793 1602 5866 clericorum.
1618 5792 1833 5866 _(_Iont‘er
1851 5793 2125 5866 pasniten:

500 5859 627 5912 tiale
652 5860 1002 5929 Cummeani,
1030 5878 1152 5935 cap.
1195 5868 1248 5935 8,
1279 5863 1376 5919 ubi
1410 5862 1682 5919 usurariis
1721 5859 1966 5937 quatuor
1993 5863 2131 5921 anni

2231 4643 2559 4717 quindecim
2584 4644 2830 4715 psalmos
2856 4643 3025 4699 dicat.

2301 4753 2431 4793 XLII.
2470 4736 2525 4793 Si
2568 4752 2637 4791 ex
2674 4752 2912 4808 corpore
2955 4736 3171 4809 repleto
3210 4739 3464 4811 pollutus
3487 4738 3676 4811 fuerit,
3703 4738 3849 4812 psal-

2269 4870 2580 4944 tenitentize
2594 4870 3012 4944 imponuntur.
3048 4873 3241 4944 Exstat
3276 4889 3407 4927 cum
3449 4872 3706 4944 operibus
3748 4874 3845 4929 Co-

2255 4942 2487 4997 umbani
2517 4941 2781 4997 editionis
2807 4942 3165 4997 Lovaniensis
3190 4958 3283 4998 an.
3322 4946 3478 4999 1667.

2300 5027 2332 5136 ct
2359 5014 2546 5136 Sorte:
2588 5012 2869 5084 ejusmodi
2899 5012 3110 5068 ﬁebant
3145 5030 3250 5085 per
3294 5031 3479 5069 sacros
3515 5014 3721 5071 codices
3746 5058 3759 5086 ,
3784 5019 3847 5071 ut

2300 5107 2305 5133 ι
2332 5101 2433 5136 um
2460 5100 2520 5136 88
2552 5124 2565 5136 .

2228 5089 2433 5139 notum
2460 5089 2565 5138 est.

2299 5156 2326 5196 ά
2359 5157 2485 5209 Haec
2512 5154 2713 5229 iisdem
2738 5154 2918 5211 ferme
2943 5155 3129 5211 verbis
3149 5156 3397 5229 reperies
3416 5156 3842 5215 inPosnitentiali

2230 5226 2582 5291 Cummeani,
2612 5242 2739 5296 cap.
2766 5229 2818 5281 3.

2299 5309 2331 5369 ογ
2359 5296 2689 5369 Legendum
2717 5296 2955 5363 videtur,
2991 5298 3163 5352 vitata
3188 5314 3293 5369 pro
3316 5300 3514 5362 vitula,
3528 5302 3595 5353 ut
3623 5299 3843 5355 invariis

2230 5367 2386 5422 locis.
2443 5367 2503 5421 in
2553 5384 2813 5422 sermone
2868 5372 3059 5423 tamen
3105 5367 3284 5423 sancti
3321 5370 3585 5425 Pirminii
3627 5387 3656 5424 a
3693 5371 3840 5425 nobis

2230 5439 2400 5513 edito,
2430 5438 2719 5513 qualisest
2742 5439 2803 5493 in
2833 5439 3040 5513 ‘Codice
3069 5439 3405 5513 Einsidlensi
3431 5482 3445 5509 ,
3476 5441 3687 5513 legitur
3702 5443 3836 5496 vehi-

2229 5512 2397 5584 cuias,
2430 5509 2589 5567 temo.
2616 5511 2678 5563 IV
2712 5509 2984 5584 Analect._,
3025 5526 3169 5584 pag.
3199 5513 3325 5584 586.
3362 5512 3525 5567 Forte
3540 5509 3697 5584 quod
3717 5529 3835 5583 pro-

2229 5580 2566 5654 hiberentur
2589 5581 2934 5654 vectationes
2957 5580 3317 5654 invehiculis
3349 5598 3478 5654 qum
3513 5580 3590 5638 ab
3615 5580 3834 5639 homini-

2229 5651 2333 5705 bus
2362 5651 2708 5724 inspeciem
2736 5668 3008 5724 pecorum
3032 5651 3754 5724 compositis—trahebantur.
3783 5657 3833 5711 In

2270 5722 2560 5797 raefatione
2585 5723 2656 5797 d_e
2680 5722 3081 5797 assumptione
3110 5722 3362 5797 Deiparae
3381 5741 3574 5796 supra,
3603 5741 3718 5797 pag.
3746 5730 3827 5782 301

2270 5739 2560 5777 raerauone
2585 5739 2656 5777 ae
2680 5739 3081 5794 assumptione
3110 5739 3362 5795 ueiparae
3381 5741 3574 5796 supra,
3603 5741 3718 5797 pag.
3746 5739 3827 5782 301

2229 5739 2517 5920 gztﬁgdit.
2551 5795 2650 5849 col.
2682 5795 2784 5849 447
2828 5796 2997 5865 init),
3034 5794 3248 5869 legitur
3290 5797 3547 5853 veioolum
3573 5812 3671 5872 pro
3702 5800 3832 5854 vehi-

2228 5877 2427 5921 omum.
