4006 6228
107 272 204 325 577

108 394 225 433 mos
251 376 582 434 duodecim
608 379 773 448 dicat,
802 382 858 434 et
884 378 973 433 die
999 378 1097 433 illo
1120 379 1362 450 jejunet.

172 487 329 526 xLIII.
362 471 422 527 Si
453 474 599 544 quis
628 471 971 528 sacriﬁcium
998 489 1101 545 per
1128 471 1539 553 negligentiam
1581 472 1771 545 perdi-

111 564 270 634 derit,
298 580 425 619 uno
455 581 620 621 anno
644 565 932 638 paeniteat.

176 674 319 712 xuv.
354 659 430 713 Et
469 660 583 730 qui
608 659 929 732 neglexerit
956 658 1313 727 sacriﬁcium,
1348 663 1405 714 et
1432 675 1466 713 a
1488 659 1776 714 vermibus

112 754 491 807 consumatur
506 752 561 823 ⁸,
587 753 825 807 dimidio
841 769 991 807 anno
1008 752 1276 824 paeniteat
1291 751 1350 806 in
1372 768 1516 823 pane
1536 758 1593 808 et
1607 769 1773 824 aqua.

112 846 174 900 Et
196 846 391 916 ipsum
423 845 490 900 in
526 846 666 918 igne
703 846 1088 916 comburatur,
1133 851 1191 901 et
1223 844 1529 901 abscondat
1559 846 1777 901 cineres

111 938 212 994 sub
237 938 442 994 altare.

176 1048 299 1087 xw.
330 1031 447 1097 Qui
475 1036 678 1087 autem
704 1032 923 1087 miserit
960 1049 1064 1105 per
1092 1033 1416 1104 neglectum
1453 1030 1513 1086 in
1561 1030 1772 1085 sacriﬁ-

113 1125 258 1182 cium
285 1125 336 1192 b,
370 1126 770 1198 quadraginta
795 1126 991 1181 diebus
1019 1127 1304 1199 paeniteat.

178 1236 324 1275 XLvI.
355 1220 649 1275 Sacerdos
684 1219 786 1291 qui
814 1218 997 1291 oﬁ‘ert,
1026 1223 1084 1275 et
1110 1220 1376 1276 ceciderit
1404 1219 1474 1274 de
1517 1217 1778 1273 manibus

114 1314 229 1385 ejus
283 1312 664 1369 Eucharistia
705 1312 766 1367 in
810 1318 981 1383 terra,
1029 1317 1087 1368 et
1136 1331 1252 1368 non
1298 1313 1578 1368 invenerit
1628 1328 1773 1380 eam,

114 1422 276 1479 scopa
300 1406 537 1461 munda
568 1411 763 1478 scopet
782 1411 839 1461 et
870 1406 1163 1462 comburat
1200 1407 1356 1478 igne,
1397 1411 1452 1462 et
1476 1405 1779 1460 abscondat

117 1501 328 1556 cineres
359 1499 492 1571 ejus
520 1499 628 1554 sub
653 1500 830 1555 altare
851 1500 910 1555 in
932 1505 1102 1570 terra,
1135 1505 1193 1555 et
1218 1500 1517 1555 dimidium
1561 1511 1776 1553 annum

115 1593 408 1667 paniteat.
439 1593 500 1649 Si
546 1598 739 1648 autem
776 1594 1055 1649 invenerit
1080 1594 1291 1663 locum,
1326 1592 1586 1647 similiter
1614 1591 1779 1645 faciat

117 1691 170 1743 et
193 1686 474 1758 paeniteat
501 1686 880 1758 quadraginta
920 1686 1138 1741 diebus.
1172 1686 1226 1742 Si
1261 1690 1449 1741 autem
1492 1700 1669 1756 usque
1706 1683 1775 1738 ad

504 266 933 328 SACRAMENT.
973 267 1316 326 GALLIC.—
1341 270 1543 326 RATIO
1579 268 2065 327 lNSTITUTlONIS
2102 270 2419 327 CURSUUM
2462 268 3136 329 ECCLESIASTICORUM.

3416 270 3517 331 5'78

1795 380 1984 465 Afert
2025 381 2280 451 calicem,
2310 385 2366 435 et
2392 380 2655 436 effuderit
2690 381 2750 435 in
2804 386 3034 450 terram,
3090 382 3285 436 decem
3316 378 3515 438 diebus

1874 475 2148 546 paeniteat
2173 475 2229 529 in
2253 492 2400 546 pane
2427 478 2483 529 et
2506 492 2672 546 aqua.

1948 585 2110 623 XLVII.
2134 568 2190 624 Si
2225 568 2566 623 tutoaveritc
2604 569 2861 623 sacerdos
2900 585 3073 639 super
3111 568 3364 624 oratione
3408 572 3513 624 D0—

1875 661 2105 731 minica,
2138 661 2228 716 die
2246 679 2359 717 uno
2385 662 2442 717 in
2471 678 2618 734 pane
2640 666 2696 717 et
2719 678 2883 733 aqua.
2918 662 3022 726 Qui
3048 666 3236 716 autem
3265 680 3518 718 commu-

1876 754 2147 809 nicaverit
2186 755 2474 810 inconsius
2502 756 2549 824 ἀ,
2590 760 2805 827 septem
2840 754 3037 809 diebus
3080 756 3366 826 paeniteat.
3409 756 3519 821 Qui

1875 864 1978 919 per
2006 848 2380 919 ignorantiam
2423 847 2944 919 comnmnicaverit,
2975 864 3073 903 sex
3107 848 3306 904 diebus
3334 848 3515 920 paeni-

1874 945 2009 997 teat.

2355 1020 2528 1071 Oratio
2557 1035 2717 1085 super
2745 1021 3050 1086 pcenitente.

1950 1128 2132 1182 Deum
2175 1128 2625 1200 omnipotentem
2673 1147 2736 1183 ac
2772 1129 3214 1199 misericordem,
3254 1129 3355 1201 qui
3396 1147 3515 1187 non

1876 1222 1995 1276 vult
2020 1225 2261 1276 mortem
2290 1225 2667 1293 peccatorum,
2698 1222 2795 1276 sed
2849 1227 2911 1277 ut
2935 1227 3334 1278 convertantur
3361 1228 3416 1278 et
3440 1223 3518 1277 vi-

1876 1320 2029 1383 vant,
2068 1314 2270 1369 fratres
2314 1315 2604 1383 carissimi,
2650 1315 3047 1386 deprecemur;
3089 1321 3154 1370 ut
3190 1316 3257 1371 ad
3294 1317 3517 1373 veniam

1878 1413 2088 1463 rectam
2115 1408 2358 1464 famulus
2384 1414 2515 1463 tuus
2540 1408 2620 1463 ill.
2649 1408 3052 1463 misericordiae
3080 1409 3302 1464 veniam
3330 1411 3517 1482 prOpi-

1879 1502 2054 1555 ciatus
2080 1501 2394 1572 indulgeat,
2425 1502 2469 1555 si
2500 1518 2612 1573 qua
2641 1506 2774 1556 sunt
2802 1502 3099 1572 culparum
3129 1518 3363 1557 suarum
3390 1520 3513 1558 om-

1878 1594 2039 1649 nium
2065 1596 2319 1661 vulnera,
2349 1610 2479 1665 quae
2505 1598 2632 1666 post
2657 1594 2803 1649 sacri
2834 1594 3039 1648 lavacri
3064 1595 3276 1650 undam
3303 1601 3517 1651 contra-

1878 1688 1985 1758 xit,
2020 1688 2098 1743 ita
2130 1689 2190 1742 in
2216 1688 2321 1742 hac
2350 1687 2575 1760 publica
2601 1688 2949 1743 confessione
2986 1688 3188 1743 delicta
3226 1694 3514 1761 sanentur,

118 1780 286 1835 altare
313 1779 616 1849 ceciderit,
643 1796 761 1834 uno
790 1779 881 1834 die
919 1779 1207 1851 paeniteat.
1253 1779 1310 1835 Si
1354 1795 1484 1833 vero
1524 1778 1772 1832 declina-
1796 1759 1853 1830 B
1876 1785 1941 1836 ut
1964 1782 2124 1836 nulla
2151 1759 2479 1836 cicatricum
2511 1781 2671 1851 signa
2700 1786 3053 1837 remaneant.
3079 1783 3186 1836 Per
3211 1759 3516 1838 Dominum

118 1872 336 1928 veritin
366 1877 553 1942 terra,
583 1872 779 1944 lingua
804 1890 905 1927 sua
929 1872 1130 1943 lingat.
1159 1872 1218 1927 Si
1245 1871 1417 1926 fuerit
1436 1871 1649 1940 tabula,
1680 1887 1770 1924 ra-

122 1967 230 2022 dat.
261 1965 320 2021 Si
344 1983 469 2021 non
493 1966 691 2035 fuerit,
723 1966 911 2021 mittat
933 1965 1208 2037 tabulam,
1236 1970 1302 2021 ut
1326 1981 1441 2020 non
1478 1964 1770 2019 conculce-

122 2063 212 2114 tur
229 2059 469 2130 sanguis
489 2059 720 2127 Christi,
745 2059 1126 2131 quadraginta
1144 2059 1361 2114 diebus.
1391 2058 1447 2113 Si
1474 2062 1666 2112 autem
1686 2074 1775 2111 su-

125 2169 223 2225 per
246 2152 428 2207 altare
456 2152 733 2207 ceciderit
760 2152 931 2220 stilla,
964 2153 1188 2208 sorbeat
1217 2152 1395 2222 illam,
1429 2156 1486 2207 et
1512 2154 1626 2206 tres
1655 2150 1774 2207 dies

124 2245 412 2317 paeniteat.
441 2246 501 2302 Si
530 2246 784 2319 exegerit
807 2262 911 2319 per
935 2246 1174 2302 linteum
1200 2246 1271 2301 ad
1298 2246 1497 2317 alium,
1527 2262 1625 2300 sex
1651 2244 1771 2299 die-

128 2339 226 2395 bus
240 2341 519 2412 paeniteat
544 2342 606 2395 in
617 2356 798 2413 pane;
829 2344 887 2396 et
910 2339 955 2395 si
972 2340 1042 2395 ad
1056 2340 1305 2409 tertium,
1331 2346 1548 2412 septem
1578 2338 1775 2394 diebus

128 2434 432 2505 paeniteat;
466 2435 551 2489 ita
582 2439 643 2489 ut
685 2438 864 2505 ponat
893 2433 1124 2489 calicem
1169 2434 1273 2488 sub
1311 2432 1660 2503 linteamina,
1690 2431 1773 2486 ef-

131 2526 324 2583 fundat
352 2545 571 2600 aquam
596 2527 779 2583 tribus
808 2527 1044 2596 vicibus,
1078 2531 1134 2582 et
1158 2527 1337 2582 bibat.
1366 2527 1421 2583 Si
1438 2526 1663 2598 quando
1683 2525 1772 2580 in-

195 2655 220 2725 ?
247 2651 345 2707 Vel
375 2653 516 2725 hinc
542 2656 701 2725 patet
740 2651 1151 2725 Eucharistiam
1187 2670 1305 2725 per,
1323 2668 1388 2706 ea
1414 2655 1690 2723 tempora,
1718 2651 1775 2706 id

136 2724 213 2777 est
237 2728 367 2778 ante
407 2722 571 2779 mille
609 2741 806 2795 annos,
842 2724 903 2779 in
927 2722 1203 2779 viaticum
1220 2723 1772 2795 inﬁrmorumasser-

136 2799 312 2848 vatam
334 2795 532 2850 fuisse.

203 2864 229 2905 δ
254 2866 433 2921 Locus
484 2867 779 2922 obscurus.
833 2866 1134 2921 Crederem
1178 2866 1484 2937 legendum
1534 2868 1778 2922 amiserit

138 2940 480 3007 sacriﬁcium,
504 2938 617 2992 nisi
645 2938 918 2992 articulus
944 2939 1009 2993 43
1040 2938 1205 2992 aliter
1224 2938 1504 2992 suaderet.

203 3019 224 3048 ο
261 3009 316 3062 ld
344 3006 469 3075 est,
497 3009 546 3063 si
585 3009 862 3064 cantando
902 3008 1243 3063 titubaverit.
1288 3009 1687 3076 Cummeanus,
1717 3006 1776 3061 in

142 3094 258 3151 cap.
288 3082 351 3135 t3
378 3097 392 3134 :
423 3083 487 3138 Si
516 3081 833 3136 titubaverit
865 3080 1112 3135 sacerdos
1145 3096 1307 3151 super
1344 3082 1641 3135 orationem
1673 3082 1776 3151 Do-

142 3134 818 3223 minicaiantiérdicitur
853 3134 1180 3222 periculosa,
1205 3134 1361 3206 ‘etc.
1390 3149 1782 3206 Pcenitentiale
1803 3134 1858 3207 C

1872 1878 2155 1931 nostrum.

2558 1955 2687 2004 Item
2709 1955 2826 2005 alia.

1944 2057 2199 2112 Salvator
2227 2057 2644 2128 Redemtorque
2679 2063 2896 2127 noster,
2927 2054 3026 2129 qui
3054 2074 3168 2113 non
3197 2057 3384 2116 solum
3411 2078 3519 2134 pae-

1873 2150 2205 2220 nitentibus,
2236 2151 2332 2205 sed
2358 2151 2529 2205 etiam
2557 2168 2753 2206 omnes
2781 2151 2878 2222 qui
2910 2168 3014 2207 nec
3043 2157 3175 2207 ante
3205 2154 3396 2210 venire
3426 2174 3519 2213 cu-

1872 2245 2057 2318 piunt,
2081 2243 2305 2300 veniam
2331 2244 2614 2316 propitius
2643 2249 2699 2299 et
2742 2245 3036 2301 miserator
3076 2247 3360 2322 indulges,
3389 2267 3519 2323 sup-

1872 2338 2048 2411 plices
2074 2354 2399 2410 qumsumus
2441 2354 2454 2392 :
2492 2342 2557 2392 ut
2595 2338 2748 2392 hunc
2788 2338 3071 2394 famulum
3107 2345 3272 2396 tuum
3314 2342 3395 2398 ill.
3445 2345 3516 2398 ad

1874 2431 2129 2504 corporis
2148 2436 2205 2486 et
2220 2430 2514 2503 sanguinis
2540 2430 2625 2485 tui
2648 2432 3083 2504 communionis,
3100 2434 3316 2490 indulta
3333 2435 3514 2507 venia,

1875 2525 2157 2581 caelestem
2178 2523 2633 2580 benedictionem
2658 2525 2950 2596 perducat.
2974 2527 3098 2581 Per.

1875 2666 2006 2706 vero
2030 2649 2363 2705 Columbani
2400 2666 2413 2704 :
2449 2651 2512 2706 Si
2545 2649 2838 2705 decantans
2867 2652 3139 2721 psalmum
3173 2654 3512 2719 titubaverit,

1876 2726 1983 2778 etc.

1947 2794 1974 2835 ά
1999 2792 2166 2857 Quasi
2209 2792 2729 2867 diceretnconscius,
2759 2792 2848 2867 cui
2878 2794 3146 2867 ignorans
3185 2796 3514 2867 opponitur.

1875 2864 2278 2930 Cummeanus,
2327 2862 2384 2917 in
2419 2863 2531 2917 ﬁne
2570 2879 2693 2933 cap.
2737 2866 2799 2918 t3
2841 2880 2855 2917 :
2910 2862 3016 2931 Qui
3049 2862 3519 2923 communicarent

1876 2938 2199 3005 sacriﬁcium
2218 2937 2490 3008 inconscii,
2520 2939 2718 3008 septem
2748 2935 2859 2990 dies
2881 2938 3157 3004 pwniteat.
3189 2939 3519 3008 Quicumque

1877 3008 2049 3079 alicui
2073 3007 2307 3079 capitale
2335 3008 2535 3060 crimen
2560 3005 2875 3060 admittenti
2888 3009 3374 3071 communicaverit,
3406 3005 3520 3079 sep-

1884 3082 1988 3133 tem
2016 3077 2128 3132 dies
2150 3076 2427 3147 poeniteat.

639 3400 895 3454 RATIO
953 3399 1594 3453 INSTITUTIONIS
1651 3397 2070 3452 CURSUUH
2130 3398 2978 3453 EGCLEBIASTIGORUM
2997 3404 3042 3452 ⁸.

215 3616 544 3675 Audivimus
564 3616 784 3675 dicente
801 3619 1081 3692 scriptura
1105 3635 1210 3692 pro
1236 3618 1394 3692 quali
1423 3618 1630 3675 virtute
1656 3632 1784 3673 can-

158 3713 338 3767 tantur
362 3729 563 3769 omnes
591 3730 805 3769 cursus.

219 3805 484 3863 Nocturni
510 3813 810 3863 cantantur
833 3824 938 3879 pro
957 3807 1057 3864 illa
1074 3807 1305 3878 virtute,
1335 3824 1509 3880 quam
1534 3806 1666 3862 fecit
1683 3808 1787 3862 Do-

157 3898 335 3954 minus
379 3901 610 3973 quando
678 3901 924 3957 ostendit
977 3900 1358 3973 primogenita
1420 3900 1672 3973 ngypti,
1731 3904 1787 3955 et

158 3993 369 4064 quando
394 3996 595 4051 eduxit
622 3995 882 4066 Paulum,
913 3999 969 4051 et
995 3995 1203 4051 Sileam
1232 3996 1300 4051 de
1327 4012 1551 4050 carcere
1594 3995 1785 4049 clauso

160 4083 314 4144 foras.
342 4090 409 4144 Et
434 4090 506 4145 de
530 4090 637 4145 hoc
662 4089 805 4145 dixit
830 4089 1185 4161 Evangelista
1214 4107 1229 4145 :
1262 4090 1449 4145 Media
1481 4094 1644 4145 nocte
1671 4088 1784 4143 cla-

158 4194 278 4236 mor
314 4182 494 4240 factus
542 4189 645 4254 est,
691 4200 819 4240 ecce
863 4199 1102 4256 sponsus
1145 4184 1319 4255 venit,
1360 4184 1509 4240 exite
1564 4182 1788 4239 obviam

164 4288 228 4329 BI.

1952 3617 2138 3672 Tertia
2179 3633 2311 3673 vero
2337 3616 2708 3690 cruciﬁgitur.
2742 3619 2809 3674 Et
2832 3619 2973 3674 hora
2991 3618 3159 3676 tertia
3188 3615 3266 3676 sic
3286 3614 3522 3679 descen-

1881 3710 1964 3767 dit
2007 3712 2248 3783 Spiritus
2281 3717 2506 3767 sanctus
2547 3728 2718 3784 super
2760 3712 3061 3784 apostolos,
3111 3714 3339 3786 quando
3381 3715 3522 3772 dixit

1882 3805 2158 3860 Dominus
2191 3806 2481 3876 :Accipite
2507 3805 2782 3877 Spiritum
2821 3811 3099 3879 sanctum,
3139 3825 3385 3879 quorum
3422 3809 3520 3865 de;

1882 3896 2152 3953 miseritis
2202 3902 2450 3971 peccata,
2491 3898 2737 3955 demissa
2782 3903 2949 3972 sunt;
2994 3907 3050 3957 et
3092 3918 3342 3974 quorum
3382 3901 3519 3959 reti-

1884 3992 2140 4063 nueritis,
2170 3997 2391 4048 retenta
2419 3997 2569 4049 sunt.

1957 4086 2127 4143 Sexta
2151 4102 2283 4141 vero
2310 4086 2455 4141 hora
2485 4087 2564 4142 sic
2589 4088 2839 4144 ascendit
2864 4088 3139 4145 Dominus
3182 4091 3242 4146 in
3268 4108 3516 4163 crucem,

1886 4181 1964 4236 sic
1983 4181 2233 4237 tenebrae
2257 4181 2419 4236 factte
2451 4186 2586 4237 sunt
2622 4198 2803 4256 usque
2841 4184 2915 4239 ad
2944 4184 3148 4241 horam
3193 4203 3425 4245 nonam.
3458 4190 3525 4244 Et

1887 4279 2023 4331 tunc
2068 4273 2287 4331 vocavit
2322 4274 2595 4332 Dominus
2635 4275 2869 4357 Saulum
2930 4282 3158 4352 quando
3204 4287 3529 4353 persecutor

233 4408 246 4423 .
290 4412 302 4425 .
345 4410 357 4426 .
403 4415 418 4430 .
467 4413 480 4429 .
527 4414 540 4428 .
587 4414 600 4428 .
646 4414 659 4427 .
704 4414 716 4427 .
759 4378 957 4429 cantus
999 4389 1104 4444 pro
1131 4372 1239 4427 hoc
1268 4374 1528 4427 cantatur
1568 4367 2014 4443 quandoDerat
2034 4370 2505 4441 Christianorum,
2545 4376 2601 4426 et
2631 4372 2814 4428 dixit:
2848 4373 3032 4441 Saule,
3076 4375 3235 4430 Saule
3269 4376 3404 4448 quid
3433 4393 3526 4433 me

168 4465 380 4535 negavit
405 4471 631 4521 sanctus
662 4468 858 4522 Petrus
886 4483 951 4522 ac
983 4466 1305 4539 passionem
1343 4465 1586 4536 Domini,
1615 4469 1671 4521 et
1697 4481 1788 4521 re.

168 4557 401 4615 cordavit
424 4567 617 4633 postea
640 4561 712 4616 ad
754 4602 768 4616 .
813 4603 826 4617 .
874 4603 887 4617 .
933 4603 946 4616 .
994 4603 1008 4617 .
1056 4603 1070 4616 .
1111 4576 1344 4632 corpore
1366 4560 1490 4614 sani
1536 4601 1549 4614 .
1597 4600 1609 4614 .
1656 4602 1669 4614 .
1715 4601 1727 4614 .
1775 4602 1787 4614 .

231 4650 597 4728 [Matutinum]
623 4672 727 4727 pro
744 4655 854 4710 hoc
869 4659 1148 4725 cantatur,
1181 4653 1313 4725 quia
1328 4653 1596 4709 Dominus
1624 4668 1790 4708 mane

171 4747 416 4818 surrexit,
453 4753 509 4804 et
534 4749 677 4805 dixit
703 4749 1053 4822 evangelista
1084 4766 1097 4803 :
1123 4748 1313 4804 Prima
1337 4751 1528 4802 autem
1568 4746 1791 4802 Sabbati

171 4835 326 4895 Maria
374 4844 695 4916 Magdelene
752 4843 906 4899 venit
947 4859 1135 4913 mane,
1173 4858 1302 4897 cum
1331 4841 1515 4896 adhuc
1543 4840 1792 4896 tenebrae

173 4939 369 5007 essent;
408 4938 576 4994 tertia
614 4938 706 4993 die
752 4937 1064 4994 resurrexit
1099 4953 1227 5010 quae
1269 4935 1496 4992 lucessit
1540 4953 1574 4990 a
1608 4934 1795 5007 prima

174 5021 396 5086 Sabbati.
431 5031 575 5097 Quia
617 5036 675 5087 et
716 5032 925 5104 angeli,
968 5036 1025 5087 et
1059 5030 1342 5101 homines,
1388 5034 1444 5086 et
1484 5046 1632 5100 aves,
1667 5045 1793 5102 quae

168 5115 323 5186 jussit
348 5140 517 5198 super
554 5130 786 5197 terram,
818 5142 1013 5181 omnes
1038 5126 1100 5181 in
1138 5125 1231 5180 illa
1269 5126 1409 5180 hora
1443 5124 1620 5179 Deum
1659 5140 1790 5179 con-

174 5208 402 5286 laudant,
444 5224 502 5275 et
551 5224 688 5275 tunc
735 5220 953 5275 animas
989 5219 1278 5292 justorum
1321 5218 1421 5291 qui
1467 5218 1526 5273 in
1569 5219 1794 5274 inferno

177 5314 340 5380 erant,
362 5312 417 5368 in
442 5313 565 5386 ipsa
592 5314 1001 5371 resurrectione
1021 5314 1304 5385 liberavit,
1336 5313 1436 5385 qui
1463 5329 1629 5368 mane
1669 5328 1791 5367 sur-

178 5401 333 5459 rexit.

238 5492 414 5555 Prima
431 5507 623 5558 autem
634 5517 738 5574 pro
748 5502 887 5574 quid
907 5506 1166 5558 cantatur
1178 5503 1205 5557 ?
1219 5501 1360 5566 Quia
1383 5505 1518 5555 tunc
1538 5499 1648 5554 fuit
1667 5516 1796 5555 con-

180 5584 320 5643 silius
343 5593 502 5651 datus
530 5600 727 5652 contra
752 5594 955 5651 Filium
982 5595 1100 5663 Dei,
1128 5594 1413 5668 quomodo
1429 5609 1561 5650 eum
1588 5594 1793 5665 perde-

183 5686 293 5739 rent
314 5685 503 5746 Judaei.

1891 4464 2283 4536 persequeris?
2305 4465 2375 4518 Et
2392 4469 2527 4520 tunc
2552 4465 2706 4520 venit
2727 4482 2832 4521 vox
2854 4467 2925 4521 ad
2952 4467 3274 4523 Cornelium
3302 4470 3528 4540 quando

1893 4557 2054 4626 dixit,
2103 4556 2323 4611 Corneli
2368 4558 2630 4612 exaudita
2673 4563 2757 4613 est
2794 4559 3111 4630 deprecatio
3146 4564 3260 4627 tua,
3294 4566 3349 4616 et
3386 4563 3527 4618 elee-

1891 4662 2143 4712 mosynaa
2170 4655 2282 4704 tua:
2309 4650 2691 4705 ascenderunt
2718 4666 2906 4706 coram
2932 4669 3043 4706 me.

1962 4744 2119 4798 Nona
2142 4758 2277 4797 vero
2316 4742 2455 4796 hora
2481 4742 2559 4796 sic
2588 4743 2774 4798 emisit
2802 4744 3089 4817 spiritum,
3126 4752 3181 4802 et
3223 4747 3301 4803 sic
3334 4753 3524 4806 osten-

1892 4854 2019 4893 sum
2044 4841 2128 4891 est
2151 4853 2245 4891 vas
2272 4840 2462 4891 sancto
2488 4837 2671 4904 Petro,
2696 4837 2797 4891 ubi
2823 4838 3065 4894 habebat
3091 4841 3281 4898 omnia
3315 4843 3530 4901 munda

1893 4937 1950 4988 et
1972 4931 2289 5001 immunda,
2337 4929 2415 4985 sic
2460 4929 2604 4986 dixit
2640 4930 2880 5002 angelus
2930 4949 2943 4986 :
2988 4933 3166 5006 Surge
3203 4938 3386 5008 Petre,
3433 4954 3527 4993 co-

1894 5026 2078 5082 mede.

1966 5120 2275 5176 Undecima
2299 5136 2431 5176 vero
2458 5119 2536 5175 sic
2562 5119 2799 5175 caenavit
2824 5137 2955 5175 cum
2983 5119 3268 5194 apostolis,
3305 5125 3532 5195 quando

1887 5214 1966 5286 jej
1974 5215 2171 5269 unavit
2186 5214 2563 5286 quadraginta
2578 5214 2774 5269 diebus
2795 5219 2849 5269 et
2864 5215 3071 5287 quadra
3080 5215 3235 5287 ginta
3252 5216 3530 5274 noctibus.

1968 5308 2308 5363 Duodecima
2331 5324 2463 5364 vero
2504 5308 2581 5363 sic
2614 5308 2864 5364 ascendit
2889 5309 3157 5363 Dominus
3193 5310 3253 5363 in
3279 5314 3535 5365 montem

1898 5401 2098 5458 Oliveti
2121 5418 2302 5472 orare,
2334 5405 2391 5457 et
2415 5401 2546 5474 quia
2579 5405 2739 5473 gutta
2766 5402 3058 5474 sanguinis
3081 5401 3137 5456 in
3165 5402 3368 5458 sudore
3393 5401 3532 5456 ccci-

1896 5496 2000 5565 dit,
2029 5499 2263 5568 propter
2288 5495 2427 5550 illud
2454 5494 2611 5567 quod
2639 5495 2708 5550 ad
2750 5496 2926 5550 Adam
2968 5495 3182 5551 dictum
3211 5495 3396 5551 fuerat
3426 5511 3441 5551 :
3472 5495 3533 5549 In

1897 5590 2102 5647 sudore
2128 5590 2318 5646 vultus
2343 5589 2427 5646 tui
2457 5588 2693 5647 vesceris
2719 5605 2944 5662 panem.
2977 5589 3243 5647 Exrucn'.

250 5818 272 5848 '
296 5819 441 5883 Hunc
465 5825 720 5899 titulum,
748 5825 846 5900 qui
877 5824 937 5882 in
964 5824 1168 5882 Codice
1197 5824 1315 5898 legi
1344 5840 1458 5881 non
1486 5826 1692 5898 potest,
1722 5822 1793 5879 de
1816 5824 2012 5878 nostro
2041 5819 2427 5894 apposuimus.
