4006 6228
465 289 3832 323 W.

1559 371 2036 441 SYMBOLUM
2103 369 2744 438 APOSTOLORUM

1094 494 1263 560 Cum
1293 509 1541 575 magna
1571 491 1826 554 cautela
1856 489 2213 567 collectum,
2248 497 2309 550 et
2331 487 2736 551 credentibus
2765 486 3210 568 adsignatum.

1928 626 2342 640 —-——

534 705 729 758 Petrus
759 702 901 756 dixit
930 717 946 753 :
975 700 1152 755 Credo
1187 701 1244 754 in
1273 701 1447 754 Deum
1483 701 1705 753 Patrem
1737 697 2096 769 omnipoten-
2122 713 2180 785 Α
2199 700 2558 768 peccatorum
2588 693 2635 749 Β.
2666 693 2918 749 Matthias
2945 694 3086 749 dixit
3111 691 3337 748 :Carnis
3363 690 3850 746 resurrectionem

464 800 601 853 tem.
631 796 909 851 Johannes
943 793 1084 849 dixit
1113 813 1126 848 :
1157 794 1334 848 Credo
1381 793 1440 847 in
1474 795 1664 847 Jesum
1706 793 1992 848 Christum
2018 794 2102 847 Fi-

465 889 606 945 lium
637 889 757 958 ejus
784 888 1038 955 unicum,
1071 889 1249 941 Deum
1280 892 1334 941 et
1353 885 1654 940 Dominum
1696 890 1974 940 nostrum.
2003 887 2097 941 Ja-

465 982 636 1036 cobus
664 980 808 1035 dixit
838 997 851 1034 :
880 982 1085 1034 Natum
1127 981 1196 1034 de
1234 980 1404 1034 Maria
1444 979 1663 1050 virgine
1690 995 1793 1050 per
1829 979 2098 1050 Spiritum

467 1079 748 1130 sanctum.
777 1074 1026 1128 Andreas
1051 1074 1194 1127 dixit
1225 1091 1238 1127 :
1272 1075 1499 1127 Passum
1537 1073 1642 1127 sub
1672 1073 1869 1128 Pontio
1896 1073 2097 1142 Pilato,

464 1167 796 1224 cruciﬁxum
825 1171 880 1222 et
907 1167 1213 1238 sepultum.
1244 1167 1534 1238 Philippus
1561 1166 1706 1221 dixit
1743 1182 1757 1220 :
1802 1166 2102 1220 Descendit

466 1261 539 1316 ad
580 1260 820 1315 inferna.
866 1261 1106 1314 Thomas
1153 1260 1295 1314 dixit
1337 1279 1349 1314 :
1391 1260 1574 1314 Tertia
1627 1259 1718 1313 die
1768 1259 2096 1314 resurrexit.

460 1354 914 1411 Rartholomteus
953 1353 1095 1408 dixit
1140 1370 1152 1408 :
1197 1353 1459 1407 Ascendit
1501 1353 1558 1406 in
1595 1352 1781 1421 cmlos,
1832 1352 1988 1407 sedet
2030 1351 2098 1406 ad

465 1449 756 1504 dexteram
783 1449 880 1502 Dei
918 1448 1092 1502 Patris
1122 1447 1542 1518 omnipotentis.
1580 1447 1873 1501 Matthams
1910 1446 2050 1500 dixit
2082 1465 2095 1501 :

467 1542 600 1597 lnde
641 1547 910 1596 venturus
951 1541 1206 1612 judicare
1256 1541 1410 1594 vivos
1443 1546 1500 1594 et
1553 1545 1825 1594 mortuos.
1867 1540 2101 1594 Jacobus

466 1635 684 1706 Alphaei
711 1635 852 1690 dixit
875 1652 888 1689 :
914 1635 1090 1690 Credo
1117 1635 1178 1688 in
1205 1634 1476 1704 Spiritum
1503 1639 1780 1688 sanctum.
1797 1632 1989 1689 Simon
2009 1635 2103 1688 Ze-

467 1730 606 1784 lotes
648 1728 788 1783 dixit
841 1745 854 1782 :
900 1728 1076 1784 Credo
1118 1728 1176 1782 in
1222 1727 1526 1782 Ecclesiam
1573 1733 1822 1781 sanctam
1840 1726 1888 1781 ⁸.
1931 1726 2102 1781 Judas

467 1821 652 1878 Jacobi
679 1821 821 1876 dixit
848 1839 860 1876 :
894 1823 998 1876 Per
1031 1820 1379 1892 baptismum
1415 1825 1673 1875 sanctum
1707 1819 2102 1875 remissionem

541 1945 565 1974 ⁸
585 1947 876 2002 Omittitur
913 1947 1233 2002 Sanctorum
1272 1948 1708 2010 communionem,
1735 1945 1819 1999 uti
1849 1951 1904 2000 et
1949 1946 2102 2016 apud

468 2018 870 2098 Augustinum,
885 2016 1200 2098 _l_tlaximum
1213 2016 1648 2098 :l‘aurine'nsem,
1678 2018 1908 2070 Petrum
1933 2018 2102 2098 Chry-

469 2086 747 2160 sologum,
770 2093 826 2160 et
848 2087 984 2160 alios
1009 2086 1337 2160 nonnullos.
1373 2087 1618 2160 [labetur
1637 2093 1826 2141 tamen
1853 2104 2022 2158 supra
2042 2086 2102 2142 in

466 2157 775 2215 traditione
796 2157 1066 2230 Symboli,
1086 2173 1216 2228 pag.
1245 2161 1347 2212 312
1377 2158 1508 2226 (huj.
1537 2159 1668 2214 edit.
1700 2160 1796 2214 col.
1826 2157 1938 2214 489⁷⁷
1958 2160 2101 2230 init.)

2200 789 2260 846 in
2283 789 2456 843 vitam
2485 795 2777 844 aeternam.
2799 791 2999 843 Amen.

2272 884 2382 937 Hoc
2410 887 2492 938 est
2524 882 2677 954 quod
2699 881 2769 936 ad
2799 881 3261 936 duodecinarium
3286 896 3596 935 numerum
3625 883 3849 950 aposto-

2197 977 2383 1031 lorum
2405 992 2535 1030 cum
2560 992 2770 1047 magna
2793 975 3012 1029 cautela
3046 975 3344 1030 collectum
3375 978 3475 1042 est,
3506 979 3565 1027 et
3607 972 3845 1027 creden-

2199 1069 2349 1124 tibus
2369 1069 2727 1141 adsignatum
2741 1077 2797 1139 σξη
2820 1069 2960 1133 Quia
2985 1068 3120 1122 ﬁdes
3152 1073 3473 1123 sanctarum
3500 1069 3617 1121 Deo
3645 1065 3714 1120 ad
3735 1066 3844 1119 ho-

2200 1163 2448 1217 minibus
2481 1163 2809 1217 nominibus
2847 1178 3056 1217 nomen
3093 1168 3178 1216 est
3218 1162 3358 1216 ﬁdes
3384 1159 3558 1214 divini
3586 1159 3847 1214 muneris

2199 1257 2357 1327 potio
2386 1260 2469 1311 est
2495 1273 2508 1310 :
2531 1256 2668 1311 ﬁdes
2696 1257 2808 1311 Deo
2835 1255 3129 1310 hominem
3150 1255 3342 1324 sociat,
3370 1253 3508 1309 ﬁdes
3536 1253 3845 1325 praesentia

2201 1355 2257 1404 et
2280 1350 2472 1404 futura
2500 1350 2820 1421 conjungit,
2844 1349 2984 1404 ﬁdes
3011 1349 3183 1404 etiam
3214 1365 3343 1421 quas
3378 1347 3678 1402 invisibllia
3711 1353 3849 1402 sunt

2199 1443 2331 1498 facit
2377 1443 2588 1511 videre,
2638 1443 2776 1498 ﬁdes
2815 1450 2942 1514 post
2985 1443 3313 1515 sepulcrum
3365 1440 3590 1514 generis
3638 1441 3844 1496 caelum

2201 1541 2370 1608 atque
2397 1553 2576 1608 regna
2601 1537 2867 1591 caelorum
2894 1537 3198 1609 promittit.
3231 1536 3471 1608 Ideoque
3514 1534 3614 1607 qui
3654 1534 3713 1588 in
3741 1533 3845 1588 tali

2201 1629 2548 1685 confessione
2575 1631 2968 1702 permanserit,
2997 1647 3029 1685 a
3055 1629 3486 1702 superveniente
3512 1628 3595 1683 ira
3639 1628 3844 1682 timere

2201 1739 2316 1779 non
2346 1727 2530 1795 potest
2550 1728 2607 1790 +.

2275 1946 2302 1986 δ
2331 1946 2495 2016 Apud
2519 1945 2868 2018 Cyprianum
2900 1964 2912 2000 ε
2947 1947 3325 2018 Remissionem
3362 1950 3709 2018 peccatorum
3745 1961 3847 2018 per

2202 2022 2446 2143 iamiam
2475 2017 2788 2081 Ecclesium,
2813 2018 2871 2072 in
2897 2017 3146 2088 epistolis
3171 2017 3241 2070 ad
3271 2018 3536 2087 Magnum
3567 2021 3624 2070 et
3649 2017 3719 2071 ad
3752 2017 3842 2071 Li-

2243 2105 2338 2144 era
2361 2105 2470 2143 em.

1124 2375 1379 2430 .INCIPIT
1421 2375 1756 2421 CAPITL'LUS
1921 2377 2164 2422 VETERE
2205 2359 2664 2441 [TESTAMENTO]
2712 2380 3164 2424 CANONIZATUS.
3209 2421 3214 2426 .

1134 2549 1205 2602 De
1235 2547 1440 2602 Vetere.

544 2636 708 2695 Liber
726 2635 970 2710 Genesis,
994 2639 1625 2710 Exodum,Leviticum,
1670 2638 1921 2709 Numeri,
1967 2641 2107 2696 Deu-

470 2733 870 2800 teronomium,
903 2735 1087 2803 Josue,
1111 2734 1392 2788 Judicum.

539 2827 689 2881 Libri
713 2827 1020 2882 mulierum
1050 2829 1221 2897 Ruth,
1252 2827 1436 2897 Stcrh,
1469 2832 1524 2882 et
1549 2826 1764 2883 Judith.

542 2920 961 2976 Maccabeorum
989 2922 1117 2976 libri
1143 2921 1274 2991 duo,
1303 2921 1403 2976 Job
1434 2925 1490 2976 et
1517 2921 1779 2988 Thobias,
1812 2919 1941 2975 libri
1987 2922 2102 2977 sin-

473 3014 611 3087 guli.
638 3016 860 3087 Regum
885 3020 1170 3088 quattuor.
1203 3015 1616 3087 Prophetarum
1635 3015 1765 3069 libri
1796 3015 2103 3071 sexdecim.

475 3107 785 3164 Daviticum
812 3110 1064 3182 quinque
1090 3109 1136 3165 ¹.
1180 3109 1441 3165 Salomon
1478 3115 1612 3165 tres.
1643 3109 2102 3178 Proverbiorum,

471 3202 846 3271 Ecclesiastes,
892 3207 948 3257 et
989 3203 1213 3258 Cantica
1250 3203 1597 3258 canticorum
1623 3203 1670 3273 δ,
1715 3205 1887 3258 Esdra
1937 3221 2102 3259 unus.

473 3295 640 3350 Fiunt
666 3295 794 3349 libri
818 3296 1026 3351 Veteris
1050 3313 1290 3352 numero
1315 3297 1694 3368 quadraginta
1720 3303 1986 3368 quatuor.

547 3419 570 3492 ξ
607 3419 753 3476 Olim
798 3422 947 3492 apud
1001 3427 1214 3476 veteres
1261 3422 1599 3477 Psalterium
1651 3423 2006 3478 dividebatur
2050 3423 2108 3478 in

475 3490 959 3573 quinquenpartes
999 3510 1097 3547 seu
1131 3494 1325 3573 libros,
1361 3495 1844 3573 .quorainsinguli
1882 3495 2102 3550 desine-

475 3563 617 3636 bant
638 3563 695 3636 in
721 3563 973 3636 Psalmis,
1007 3581 1252 3635 quorum
1277 3563 1402 3619 linis
1428 3570 1529 3620 est.
1561 3568 1685 3621 Fiat
1712 3563 1828 3636 ﬁat.

546 3634 573 3674 δ
604 3635 666 3688 Hi
693 3640 806 3689 tres
843 3634 972 3688 libri
1013 3634 1118 3688 alia
1155 3651 1348 3703 manu,
1392 3636 1489 3691 sed
1531 3634 1925 3707 antiquissima
1949 3637 2104 3707 adje-

476 3704 569 3778 cti,
600 3721 806 3778 nempe
834 3707 1151 3772 Proverbia,
1179 3707 1553 3775 Ecclesiastes,
1580 3704 1830 3777 Cantica,
1861 3704 2107 3763 erantin

2124 2567 2181 2638 B

2883 2553 2960 2604 De
2996 2551 3162 2605 Novo.

2275 2664 2673 2736 Apostolorum
2699 2664 2853 2732 libri,
2891 2665 3082 2738 [Pauli]
3115 2665 3541 2738 quatuordecim
3565 2664 3844 2736 Epistole;

2205 2758 2354 2813 Petri
2385 2759 2530 2828 duas,
2562 2759 2833 2814 Johannis
2879 2766 3013 2815 tres.
3057 2761 3248 2815 Jacobi
3287 2766 3346 2816 et
3382 2761 3539 2814 Iudae
3587 2759 3844 2831 singula,

2204 2851 2570 2923 Apocalypsis
2603 2868 2738 2921 uno,
2763 2856 2932 2908 Actus
2952 2855 3353 2925 Apostolorum
3377 2869 3512 2908 uno.
3543 2853 3846 2924 Evangelia

2204 2943 2332 2998 libri
2364 2950 2626 3015 quatuor.
2658 2946 3159 3003 Sacramentorum
3191 2964 3307 3002 uno
3353 2961 3394 3002 ο.
3425 2948 3503 3002 De
3530 2947 3687 3001 Novo
3725 2951 3853 3000 sunt

2205 3037 2337 3093 libri
2356 3038 2556 3110 viginti
2588 3044 2732 3095 octo.

2281 3168 2448 3224 Fiunt
2465 3169 2526 3223 in
2553 3187 2775 3225 summa
2804 3170 2933 3225 libri
2957 3172 3314 3243 septuaginta
3340 3171 3472 3227 duo.

2279 3299 2527 3355 Exrucn
2567 3317 2742 3356 connx
2782 3301 3086 3357 BOBIENSIS.

2206 3425 2382 3479 veteri
2416 3427 2638 3480 Canone
2666 3426 3056 3480 Hebraeorum.

2275 3508 2298 3536 ο
2331 3497 2574 3551 Observa
2611 3498 2703 3552 hic
2739 3498 2796 3551 in
2832 3514 3072 3552 numero
3101 3497 3379 3551 librorum
3419 3513 3711 3552 sacrorum
3761 3515 3853 3554 re-

2207 3568 2424 3640 censeri
2450 3568 2659 3622 librum
2685 3569 3177 3623 Sacramentorum
3199 3585 3212 3623 :
3232 3568 3613 3640 quonomine
3633 3576 3855 3626 veteres

2207 3652 2339 3710 eum
2366 3638 2576 3693 librum
2602 3639 2994 3710 designabant,
3029 3641 3127 3710 qui
3152 3638 3520 3695 Coll—ectiones
3553 3646 3612 3696 et
3637 3641 3851 3696 Praefa-

2207 3708 2390 3764 tiones
2413 3711 2483 3764 ad
2520 3711 2713 3765 missas
2735 3708 3078 3766 continebat.

1137 4064 3178 4271 ANTIPHONABIUM

883 4382 1937 4512 MONASTERII
2084 4387 3438 4518 BENCHORENSIS.

1221 4616 1642 4757 (Murat.
1699 4622 2055 4722 anecd.
2107 4638 2172 4722 t.
2231 4622 2404 4747 IV,
2436 4655 2553 4756 ρ.
2601 4625 2787 4726 121
2841 4621 3115 4762 sqq.)

1535 4832 2818 4885 ψ

907 4973 1065 5090 Ξη
1123 4973 1941 5131 antiphonatium
1995 4989 2587 5092 monasterii
2643 4977 3428 5094 ﬁwclwrmsis.

554 5193 636 5252 Ex
667 5188 868 5250 Codice
901 5207 1008 5248 ms.
1037 5189 1423 5246 Ambrosianae
1451 5190 1836 5258 Bibliotheca,
1865 5207 2026 5246 num.
2064 5195 2150 5259 l0,
2182 5191 2264 5247 lit.
2287 5193 2326 5248 C
2354 5191 2701 5264 descriptum
2729 5210 2829 5265 per
2855 5210 2949 5250 me
2968 5193 3079 5249 fuit
3104 5194 3209 5249 hoc
3237 5193 3596 5266 opusculum.
3628 5194 3858 5248 Mutuus

483 5292 567 5344 est
595 5286 737 5342 liber
762 5301 878 5340 non
904 5298 1017 5338 uno
1042 5282 1103 5337 in
1127 5283 1285 5350 loco;
1318 5286 1655 5336 vetustatem
1679 5286 1870 5336 autem
1900 5281 2048 5336 illius
2072 5283 2143 5338 ad
2187 5299 2365 5337 annos
2408 5299 2554 5354 pene
2590 5284 2745 5339 mille
2781 5286 3087 5341 ascendere
3133 5285 3368 5356 conjeci,
3411 5285 3743 5339 charactere
3787 5284 3856 5338 ad

483 5375 819 5432 Saxonieum
851 5373 1171 5442 accedente,
1211 5372 1529 5443 litterisque
1564 5372 1855 5427 nonnullis
1880 5372 2058 5427 minio
2102 5370 2397 5427 distinctis.
2435 5373 2665 5429 Celebre
2691 5380 2883 5430 autem
2912 5375 3050 5430 olim
3078 5376 3186 5430 fuit
3220 5376 3280 5430 in
3321 5375 3541 5430 Ultonia
3570 5373 3857 5428 Hiberniae

481 5465 771 5521 Provincia
797 5464 1205 5532 Benchorense,
1230 5462 1344 5516 sive
1370 5462 1764 5518 Benchorense
1787 5461 2196 5516 monasterium
2234 5455 2518 5518 diversum
2547 5463 2616 5518 ab
2643 5465 2819 5520 altero
2847 5465 3228 5520 Benchorensi
3269 5464 3522 5520 coenobio
3567 5464 3627 5519 in
3660 5463 3860 5517 Wallia

483 5555 703 5627 Anglia;
727 5554 1014 5626 provincia
1039 5554 1164 5608 sito.
1196 5552 1448 5608 Usserius
1474 5553 1534 5607 in
1562 5553 1937 5608 Britannicar.
1974 5553 2270 5609 Ecclesiar.
2301 5554 2767 5627 Antiquitatibus,
2802 5573 2933 5628 pag.
2965 5558 3068 5612 476
3100 5561 3156 5610 et
3194 5558 3316 5626 531,
3344 5556 3415 5611 ad
3459 5554 3858 5610 Benchorense

485 5645 850 5700 Hibernicum
895 5643 1215 5699 coenobium
1259 5643 1434 5698 refert
1463 5644 1650 5698 locum
1685 5642 2048 5713 desumptum
2099 5659 2129 5698 e
2172 5643 2273 5699 lib.
2307 5660 2365 5712 ιι,
2397 5661 2520 5717 cap.
2551 5648 2604 5712 2,
2632 5646 2773 5702 Hist.
2806 5647 3012 5702 Eccles.
3045 5646 3228 5714 Bedae,
3262 5646 3422 5718 cujus
3467 5643 3641 5699 verba
3678 5648 3854 5700 sunt:

472 5752 520 5792 ιιι
541 5734 715 5789 Erant
739 5736 930 5787 autem
957 5731 1196 5803 plurimi
1225 5746 1426 5786 eorum
1455 5732 1524 5786 de
1551 5730 1896 5786 monasterio
1919 5731 2181 5802 Bancor.,
2209 5733 2268 5788 in
2295 5749 2407 5806 quo
2432 5738 2622 5791 tantus
2656 5735 2840 5792 fertur
2886 5736 3058 5791 fuisse
3098 5751 3373 5792 numerus
3414 5734 3854 5799 monachorum,

489 5825 554 5877 ut
573 5834 701 5874 cum
723 5820 782 5873 in
811 5822 1027 5890 septem
1055 5819 1344 5890 portiones
1369 5825 1514 5876 esset
1535 5834 1664 5876 cum
1692 5821 2012 5894 praepositis
2039 5823 2144 5878 sibi
2189 5823 2498 5881 rectoribus
2525 5825 2930 5882 monasterium
2955 5826 3217 5898 divisum,
3250 5825 3406 5882 nulla
3436 5825 3638 5881 harum
3668 5823 3857 5896 portio
