4006 6228
130 284 213 336 581
952 267 1019 330 IN
1059 269 1613 330 ANTIPHONARIUM
1653 271 2056 328 MONASTERH
2096 272 2618 330 BENCHORENSIS.
3378 277 3477 333 3582

128 390 306 444 minus
332 401 501 458 quam
528 387 804 440 trecentos
831 383 1089 438 homines
1115 382 1369 448 haberet,
1398 381 1498 453 qui
1526 397 1721 435 omnes
1747 381 1814 436 de
1842 381 2035 435 labore
2062 398 2338 437 manuum
2373 399 2604 437 suarum
2639 382 2824 436 vivere
2867 381 3136 438 solebant.
3185 401 3214 436 »
3263 380 3483 440 Similia

124 478 282 533 habet
306 475 620 531 Cotselinus
644 473 959 528 monachus
985 472 1339 526 Bertinianus
1367 472 1427 526 in
1454 472 1576 526 Vita
1601 470 1776 526 sancti
1802 471 2108 542 Augustini
2141 475 2406 527 Cantuar.
2437 472 2606 543 episc.
2631 475 2699 526 At
2741 473 2863 526 haec
2895 472 3083 544 potius
3122 480 3371 544 spectare
3408 475 3479 528 ad

126 568 356 621 alterum
395 563 714 619 cceuobium
739 563 1129 618 Benchorense
1153 562 1213 616 in
1239 561 1456 632 Anglia:
1485 561 1779 633 provincia
1807 562 2002 615 Wallia
2026 561 2292 631 positum,
2323 567 2531 633 praeter
2568 561 2706 616 alios
2736 562 3073 617 clarissimos
3109 562 3256 618 viros
3297 563 3485 618 Mabil-

124 656 296 710 lonius
321 654 624 708 arbitratur
649 653 709 707 in
735 653 882 708 notis
912 653 982 707 ad
1009 652 1294 706 laudatam
1321 652 1504 705 Vitam
1546 651 1722 706 sancti
1758 651 2059 721 Augustini
2093 652 2359 722 scriptam
2403 669 2436 705 a
2473 651 2758 706 Gotselino
2799 653 3083 707 monacho
3130 653 3478 722 Bertiniano,

122 752 248 800 tom.
283 746 444 797 tAct.
479 747 657 796 sanet.
699 743 820 796 ord.
867 742 1044 796 sancti
1091 741 1396 796 Benedicti.
1449 742 1516 794 Et
1561 757 1752 796 revera
1791 740 2236 794 animadvertere
2277 741 2368 795 hic
2411 758 2728 812 possumus,
2771 742 3250 796 Benchorensium
3289 757 3480 796 mona-

126 835 348 888 chorum
375 832 592 885 cladem
617 832 782 906 _Bedae
808 835 1182 886 memoratam
1210 830 1267 883 in
1295 847 1361 883 eo
1392 830 1724 884 Monasterio
1753 829 2075 900 contigisse,
2110 829 2200 882 cui
2228 830 2531 900 praefuerat
2559 831 2796 885 Dinooth
2827 830 3018 901 abbas,
3051 832 3119 886 de
3150 848 3262 902 quo
3289 836 3479 886 tamen

127 923 327 976 nullam
354 920 704 976 mentionem
726 921 897 976 habet
907 921 1202 991 Catalogus
1223 919 1476 990 priorum
1501 919 1978 973 Benchorensium
1994 919 2053 972 in
2078 919 2342 972 Hibernia
2363 920 2652 988 abbatum,
2673 920 2841 992 quiin
2859 921 3266 992 Antiphonario
3286 926 3478 975 nostro

126 1011 371 1066 occurrit.
402 1017 470 1065 At
495 1011 698 1066 Usserii
725 1010 1064 1066 sententiam
1093 1010 1322 1064 roborat
1349 1010 1500 1062 locus
1519 1025 1548 1063 e
1580 1009 1705 1062 Vita
1742 1008 1919 1062 sancti
1952 1009 2224 1078 Comgalli
2264 1009 2594 1080 descriptus,
2634 1026 2805 1081 quem
2842 1011 2962 1083 ipse
2995 1011 3158 1065 affert
3192 1028 3324 1082 pag.
3351 1011 3481 1066 472.

127 1104 196 1156 Ita
223 1117 347 1155 vero
371 1100 562 1154 scribit
590 1101 711 1170 ejus
740 1101 880 1154 Vita:
905 1105 1100 1154 auctor
1129 1118 1142 1153 :
1179 1120 1205 1148 «
1237 1099 1296 1152 In
1327 1099 1560 1153 diversis
1590 1098 1946 1153 monasteriis
1972 1104 2027 1153 et
2057 1098 2213 1153 cellis
2237 1099 2347 1152 tria
2378 1099 2554 1152 millia
2574 1101 2984 1155 monachorum
3007 1101 3110 1156 sub
3136 1117 3270 1156 cura
3299 1101 3476 1154 sancti

125 1191 284 1245 Patris
309 1190 582 1261 Comgalli
608 1190 870 1258 fuerunt;
906 1191 998 1244 sed
1030 1189 1212 1259 major
1255 1194 1311 1243 et
1351 1188 1696 1243 nominatior
1729 1189 1950 1242 caeteris
1984 1189 2323 1259 praedictum
2369 1189 2781 1244 monasterium
2820 1192 3109 1246 Beanchor
3151 1197 3252 1261 est,
3297 1214 3324 1241 »
3370 1196 3475 1246 etc.

125 1281 341 1336 Sanctus
370 1279 564 1334 itidem
588 1279 902 1334 Bernardus
926 1278 1342 1334 Clarevallensis
1370 1278 1539 1332 abbas
1559 1279 1618 1332 in
1648 1279 1770 1332 Vita
1799 1278 1974 1332 sancti
1997 1278 2298 1347 Malachim,
2320 1295 2444 1348 cap.
2477 1282 2527 1345 6,
2554 1279 2749 1333 laudes
2766 1280 3045 1336 Hibernici
3075 1280 3480 1336 Benchorensis

123 1369 433 1424 monasterii
459 1369 840 1440 persequitur,
870 1369 1036 1440 eique
1067 1368 1292 1423 ascribit
1320 1384 1446 1440 quae
1468 1368 1787 1422 Britannico
1814 1367 2064 1422 tribuere
2091 1368 2313 1423 videtur
2338 1369 2485 1423 Beda
2509 1369 2628 1422 loco
2656 1369 2842 1424 citato.

185 1514 260 1567 Ad
291 1529 460 1568 usum
493 1514 682 1584 itaque
713 1513 950 1584 insignis
972 1514 1123 1567 illius
1153 1513 1483 1567 monasterii
1512 1512 1570 1566 in
1599 1512 1870 1566 Hibernia
1894 1512 1983 1567 siti
2025 1512 2131 1566 fuit
2157 1513 2634 1583 Antiphonarium
2661 1531 2812 1568 nunc
2859 1531 2891 1567 a
2930 1515 3091 1569 nobis
3133 1515 3476 1587 evulgatum.

122 1603 156 1658 Ε
179 1603 458 1671 Bobiensis
482 1607 672 1656 autem
695 1603 933 1656 coenobii
961 1603 1306 1656 Bibliotheca
1337 1602 1391 1656 in
1421 1602 1848 1656 Ambrosianam
1876 1601 2100 1656 transiit
2132 1602 2318 1656 Codex
2345 1619 2482 1656 cura
2505 1603 2832 1674 amplissimi
2876 1603 3175 1658 cardinalis
3215 1603 3479 1658 Friderici

122 1692 436 1758 Borromaai,
466 1692 558 1746 cui
590 1691 935 1746 Bibliotheca
962 1692 1056 1746 illa
1085 1709 1250 1746 suum
1278 1695 1469 1746 ortum
1498 1692 1684 1760 debet,
1721 1691 1874 1756 urbs,
1917 1696 1972 1745 et
1997 1691 2510 1763 archiepiSCOpatus
2545 1693 2984 1762 Mediolanensis,
3032 1710 3339 1765 omnesque
3384 1693 3478 1747 lit-

120 1781 270 1835 terati
295 1781 548 1852 plurima
572 1787 850 1836 aeternum
874 1781 1178 1836 debebunt.
1213 1782 1403 1852 Neque
1430 1780 1662 1849 mirum,
1687 1780 1837 1852 quod
1865 1781 1923 1833 in
1947 1780 2203 1835 Bobiensi
2233 1782 2485 1836 ccenobio
2499 1785 2936 1836 monumentum
2951 1783 3057 1836 hoc
3080 1787 3482 1840 asservaretur.

121 1870 474 1925 Celeberrimi
502 1872 671 1943 hujus
697 1871 1026 1926 monasterii
1052 1871 1338 1926 institutor
1362 1871 1471 1925 fuit
1497 1874 1722 1926 sanctus
1762 1871 2140 1925 Columbanus
2165 1871 2356 1940 abbas,
2403 1872 2498 1944 qui
2532 1877 2596 1926 ut
2637 1874 2804 1927 Jonas
2844 1873 3132 1927 Bobiensis
3169 1874 3484 1928 monachus

119 1958 171 2012 in
195 1961 312 2030 ejus
337 1961 466 2015 Vita
492 1966 704 2030 narrat,
728 1979 842 2015 non
864 1961 997 2015 alibi
1030 1961 1444 2015 monachorum
1471 1960 1597 2014 albo
1626 1976 1839 2014 nomen
1868 1960 2128 2031 primum
2159 1961 2414 2029 dederat,
2445 1979 2614 2032 quam
2645 1962 2703 2014 in
2735 1963 3094 2031 monasterio,
3143 1984 3170 2012 «
3209 1963 3370 2032 cujus
3404 1966 3486 2016 est

119 2049 445 2104 vocabulum
477 2051 747 2119 Banchor,
777 2074 805 2100 ››
839 2051 932 2104 illo
960 2067 1184 2122 nempe,
1219 2051 1367 2122 quod
1393 2051 1451 2104 in
1480 2049 1750 2104 Hibernia
1779 2049 1951 2103 situm
1977 2049 2149 2104 fuisse
2176 2050 2442 2105 diximus.
2479 2051 2716 2105 Proinde
2746 2051 2896 2105 inter
2925 2052 3223 2106 Bobienses
3249 2056 3305 2106 et
3334 2053 3481 2107 Ben-

119 2138 406 2194 chorenses
436 2141 743 2195 monachos
771 2157 978 2211 magna
1006 2141 1063 2194 in
1090 2145 1378 2210 posterum
1415 2155 1642 2211 quoque
1669 2139 2018 2194 necessitudo
2047 2138 2378 2208 intercessit,
2407 2156 2470 2193 ac
2504 2141 2714 2194 amoris
2740 2141 3166 2195 commercium.
3200 2141 3267 2194 Et
3294 2157 3478 2213 quan-

119 2244 282 2299 quam
319 2231 642 2300 excogitare
670 2247 786 2285 non
813 2231 1114 2301 possimus,
1146 2247 1208 2285 ac
1234 2229 1356 2301 ipso
1382 2235 1574 2284 sancto
1599 2229 1944 2284 Columbano
1971 2229 2221 2284 delatum
2242 2229 2301 2283 in
2334 2230 2549 2284 Italiam
2574 2230 3051 2300 Antiphonarium
3095 2231 3243 2286 istud
3284 2231 3482 2304 fuisse,

119 2332 237 2370 cum
261 2317 335 2371 ibi
366 2319 634 2390 quaedam
679 2320 994 2374 habeantur
1018 2336 1145 2391 quae
1181 2321 1398 2392 aliquot
1440 2320 1712 2374 duntaxat
1742 2324 1870 2390 post
1919 2319 2040 2389 ejus
2091 2317 2334 2374 mortem
2387 2319 2550 2373 annis
2589 2319 2907 2391 contigere;
2952 2325 3204 2376 attamen
3237 2321 3308 2376 ab
3359 2323 3482 2393 ejus

121 2412 413 2487 discipulis,
447 2419 788 2489 proximisve
820 2420 1237 2475 successoribus
1263 2420 1318 2473 id
1345 2419 1558 2474 factum
1584 2435 1698 2474 non
1724 2419 2012 2474 immerito
2037 2419 2258 2490 opinor.

181 2563 413 2626 Quando
434 2567 629 2618 autem
654 2565 713 2619 in
738 2581 844 2619 usu
861 2565 1347 2620 Benchorensium
1371 2565 1545 2619 fuerit
1564 2565 1734 2620 hocce
1759 2564 2255 2635 Antiphonarium,
2275 2564 2552 2636 conjicere
2571 2582 2870 2637 possumus
2896 2583 2966 2622 ex
2985 2566 3164 2638 ipsius
3185 2566 3483 2640 postremis

119 2651 287 2722 lineis,
318 2653 420 2707 ubi
448 2654 718 2708 Memoria
747 2655 1013 2709 abbatum
1040 2659 1365 2710 nostrorum
1399 2655 1719 2709 exhibetur.
1767 2655 1987 2708 Primus
2032 2655 2438 2709 Benchorensis
2467 2654 2794 2710 monasterii
2836 2656 3006 2711 abbas
3044 2658 3123 2712 ibi
3149 2662 3486 2714 numeratur

119 2747 330 2796 sanctus
359 2743 690 2815 Comgillus,
723 2744 822 2816 qui
846 2745 1024 2799 sancti
1052 2744 1386 2800 Columbani
1415 2745 1688 2816 magister
1714 2761 1776 2798 ac
1807 2744 1865 2798 in
1892 2744 2208 2800 eruditione
2232 2744 2453 2816 pietatis
2468 2750 2627 2816 pater
2639 2746 2767 2800 fuit.
2799 2747 2875 2800 lta
2902 2747 2970 2802 de
2999 2748 3347 2802 Columbano
3367 2748 3484 2803 lau-

119 2831 268 2886 datus
295 2834 468 2887 Jonas
497 2851 510 2888 τ
545 2852 570 2884 ‹‹
600 2835 764 2889 Dedit
789 2834 990 2889 deinde
1024 2851 1256 2906 Operam
1279 2841 1343 2889 ut
1366 2835 1777 2889 monachorum
1807 2839 2128 2889 necteretur
2153 2834 2420 2902 societati,
2452 2841 2506 2890 et
2536 2835 2960 2905 monasterium,
3005 2837 3164 2907 cujus
3192 2841 3277 2891 est
3319 2854 3484 2892 voca-

117 2918 302 2975 bulum
335 2923 616 2993 Banchor,
643 2925 824 2995 petiit,
855 2925 914 2980 in
936 2943 1051 2997 quo
1077 2926 1351 2980 virtutum
1376 2926 1583 2996 praesul
1611 2925 1868 2980 ubertate
1911 2923 2132 2978 cluehat
2168 2924 2363 2978 beatus
2397 2924 2835 2994 Commogellus,
2869 2926 3132 2996 egregius
3172 2927 3322 2981 inter
3357 2943 3494 2984 suos

118 3012 523 3067 monachorum
549 3017 726 3085 pater.
761 3015 1186 3079 »Quamobrem
1213 3020 1434 3070 sanctus
1473 3015 1784 3085 Comgillus
1813 3013 2004 3068 ﬂoruit
2034 3013 2258 3067 circiter
2282 3029 2497 3066 annum
2524 3013 2731 3068 Christi
2760 3017 2882 3083 580,
2913 3020 2969 3070 et
2996 3015 3180 3069 adhuc
3226 3017 3486 3071 Bencho-

119 3099 256 3153 rensi
285 3103 629 3156 monasterio
655 3110 915 3175 praeerat,
947 3121 1078 3159 cum
1105 3111 1334 3159 sanctus
1357 3104 1735 3158 Columbanus
1766 3119 1834 3158 ex
1858 3101 2120 3157 Hibernia
2144 3101 2203 3155 in
2230 3102 2434 3156 Gallias
2467 3103 2754 3172 processit,
2782 3121 2926 3158 nova
2962 3106 3303 3160 monasteria
3321 3106 3484 3161 insti-

118 3192 332 3246 tuturus
363 3209 376 3246 :
408 3194 566 3264 quod
594 3195 760 3266 paulo
787 3201 918 3250 ante
951 3211 1166 3250 annum
1186 3195 1391 3250 Christi
1429 3197 1530 3250 590
1555 3195 1818 3249 accidisse
1857 3192 2210 3248 Mabillonius
2249 3192 2537 3247 contendit
2579 3193 2639 3247 in
2685 3194 2834 3249 notis
2885 3193 2957 3248 ad
3008 3195 3267 3250 eamdem
3309 3195 3486 3251 sancti

116 3278 444 3336 Columbani
469 3283 650 3338 Vitam
682 3301 810 3339 saec.
842 3301 881 3340 ιι
911 3287 1034 3340 Act.
1061 3290 1236 3340 sanet.
1285 3285 1408 3340 ord.
1447 3285 1627 3338 sancti
1667 3282 1973 3340 Benedicti.
2022 3283 2240 3350 Baleus,
2279 3282 2508 3337 Centur.
2564 3299 2602 3351 ι,
2651 3299 2772 3353 cap.
2825 3285 2912 3353 54,
2958 3284 3162 3355 Script.
3211 3284 3485 3354 Britann,

117 3370 281 3424 sancti
307 3371 570 3443 Comgilli
589 3375 813 3428 aetatem
841 3373 1086 3429 nimium
1117 3375 1407 3446 anticipat,
1445 3389 1576 3428 cum
1607 3373 1770 3428 illum
1814 3371 2070 3427 coenobio
2115 3371 2486 3426 Benchorensi
2529 3373 2902 3443 praepositum
2938 3389 3088 3428 anno
3127 3373 3335 3430 Christi
3383 3378 3486 3430 530

116 3459 315 3530 scribit,
348 3461 520 3533 eique
547 3463 867 3534 regendum
905 3464 1311 3534 Britannicum,
1341 3480 1456 3518 non
1491 3479 1622 3518 vero
1659 3461 2047 3530 Hibernicum,
2098 3461 2486 3516 Beuchorense
2529 3463 2940 3518 monasterium
2975 3462 3194 3519 tribuit.
3235 3463 3488 3520 Usserius

117 3547 228 3619 ejus
250 3556 500 3606 mortem
528 3551 654 3623 ﬁgit
682 3553 740 3607 in
771 3570 920 3608 anno
945 3554 1154 3610 Christi
1181 3556 1306 3625 601,
1339 3570 1473 3625 pag.
1507 3553 1610 3608 494
1640 3553 1828 3624 Antiq.
1857 3552 2328 3611 Britannicarum.

187 3696 503 3752 Succedunt
526 3697 586 3752 in
612 3699 1019 3771 Antiphonario
1049 3700 1278 3756 abbates
1306 3701 1620 3772 Beognous,
1654 3699 1875 3766 JEdeus,
1905 3697 2208 3766 Simlanus,
2241 3695 2606 3767 Fintenanus,
2636 3695 3032 3766 Michlaisreus,
3066 3695 3338 3769 Seganus,
3386 3698 3489 3753 Be-

120 3801 332 3856 racnus,
361 3788 711 3860 Cumnenus,
741 3791 1032 3862 Columba,
1053 3791 1322 3863 Aldanus,
1357 3791 1712 3859 Bautherius,
1747 3790 2058 3857 Cronanus,
2090 3787 2368 3843 Camanus
2400 3791 2456 3856 et
2485 3787 2796 3843 Cronanus.
2831 3788 2905 3842 De
2932 3789 3216 3859 postremo
3250 3787 3374 3843 haec
3412 3787 3490 3842 ibi

121 3873 382 3947 leguntur
413 3897 429 3933 :

551 3977 756 4030 Christo
780 3993 920 4030 nunc
939 3980 1084 4045 sedet
1100 3995 1375 4045 supremus
2315 3977 2604 4045 Conservet
2628 3990 2760 4045 eum_
2775 3976 3042 4045 Dominus.

490 4040 723 4107 Hymnos
752 4057 946 4093 canens
969 4040 1334 4107 quindecimus
2313 4040 2452 4107 Quos
2477 4040 2786 4107 convocavit
2815 4041 3062 4107 Dominus

491 4101 630 4154 zoen
654 4109 711 4155 ut
734 4112 913 4170 carpat
934 4101 1221 4169 Cronanus,
2310 4104 2571 4153 leorum
2600 4104 2748 4167 regni
2781 4103 3008 4153 sedibus.

122 4241 249 4304 Quae
288 4260 422 4299 sane
463 4245 711 4302 indicare
759 4249 1044 4320 videntur,
1095 4251 1423 4305 Cronanum
1471 4253 1601 4305 tunc
1651 4248 1821 4304 etiam
1863 4245 2134 4318 temporis
2181 4245 2239 4300 in
2286 4245 2424 4301 vivis
2455 4246 2646 4317 fuisse,
2689 4264 2820 4303 cum
2868 4247 2919 4302 ei
2963 4245 3088 4320 Zoe,
3131 4243 3189 4305 id
3223 4250 3325 4320 est,
3362 4250 3496 4317 vita,

121 4333 355 4401 optetur,
386 4338 444 4388 et
469 4335 686 4391 dicatur
710 4340 1080 4394 conrocandus
1100 4340 1170 4394 ad
1197 4339 1480 4394 Coelorum
1521 4339 1683 4411 regni
1713 4337 1890 4393 sedes.
1922 4340 2182 4392 Attamen
2203 4352 2335 4391 cum
2363 4337 2641 4409 scriptum
2666 4337 2746 4392 ibi
2771 4338 2841 4393 sit
2862 4355 2995 4409 quos
3023 4341 3355 4406 convocabit,
3382 4358 3494 4398 non

122 4434 244 4475 vero
271 4438 430 4491 quem
454 4429 784 4491 convoca-bit,
815 4429 1120 4484 vehemens
1146 4429 1344 4484 oborta
1365 4429 1508 4483 mihi
1533 4427 1806 4483 dubitatio
1836 4430 1938 4494 est,
1969 4443 2040 4480 ne
2075 4426 2390 4481 convocabit
2415 4426 2566 4482 idem
2596 4427 2666 4482 sit
2697 4435 2865 4500 atque
2887 4432 3215 4495 convocavit,
3244 4431 3392 4502 quod
3440 4432 3498 4487 in

123 4512 504 4580 superioribus
531 4517 837 4588 repetitum
866 4518 1088 4590 videas;
1120 4524 1174 4574 et
1201 4519 1486 4591 praecipue
1511 4535 1641 4574 cum
1666 4523 1985 4590 postremus
2011 4516 2181 4572 etiam
2210 4533 2274 4572 ex
2304 4516 2392 4572 his
2419 4517 2718 4573 abbatibus
2744 4518 2894 4574 inter
2921 4523 3137 4574 sanctos
3163 4518 3500 4576 invocandos

125 4605 507 4659 enumeretur.

191 4745 347 4809 Quod
376 4748 422 4803 si
448 4763 645 4808 revera
666 4754 956 4811 Cronanus
985 4755 1162 4812 abbas
1187 4761 1323 4812 tunc
1353 4754 1598 4824 vivebat,
1632 4761 1863 4828 tempus
1891 4771 2004 4826 quo
2028 4748 2504 4826 Antiphonarium
2527 4753 2670 4808 illud
2709 4755 3109 4811 concinnatum
3151 4755 3260 4812 fuit
3307 4759 3404 4813 aut
3443 4753 3503 4814 in

124 4847 227 4888 usu
253 4843 395 4908 erat,
425 4840 679 4898 divinare
708 4845 946 4902 fortasse
975 4847 1189 4903 liceret.
1234 4849 1296 4902 In
1324 4847 1557 4920 antiquo
1587 4848 1842 4918 catalogo
1873 4849 2198 4900 sanctorum
2246 4843 2550 4914 Hiberniae,
2599 4859 2771 4914 quem
2810 4845 3064 4900 Usserius
3111 4845 3323 4919 publici
3355 4847 3504 4919 juris

118 4921 262 4994 fecit,
291 4945 428 5000 pag.
457 4932 558 4987 473
607 4934 816 4991 laudati
851 4938 1067 5009 Operis,
1115 4939 1408 4993 Cronanus
1449 4938 1636 4993 nescio
1673 4938 1801 5008 quis
1842 4936 2136 5008 presbyter
2182 4937 2407 4988 sanctus
2447 4937 2836 4989 enumeratur.
2878 4935 3010 4989 Tres
3046 4950 3176 4992 vero
3217 4938 3503 4994 Cronanos

133 5011 328 5101 deinde
355 5023 614 5090 agnoscit
640 5025 890 5081 Usserius
916 5027 1035 5099 ipse
1065 5045 1198 5101 pag.
1227 5031 1351 5084 502.
1385 5029 1605 5084 Primus
1637 5045 1787 5083 anno
1814 5026 2020 5083 Christi
2043 5026 2144 5080 640
2171 5024 2371 5079 vixisse
2409 5025 2467 5078 in
2496 5023 2758 5078 Hibernia
2784 5024 2984 5079 fertur.
3029 5027 3318 5083 Secundus
3354 5046 3504 5084 anno

132 5099 332 5160 Christi
360 5111 462 5164 665
490 5119 733 5169 mortem
761 5116 964 5173 obiisse
995 5099 1201 5174 dicitur
1225 5119 1284 5174 in
1316 5120 1629 5174 Hibernicis
1656 5111 1986 5174 Annalibus.
2020 5116 2240 5170 Tertius
2269 5114 2438 5169 abbas
2457 5114 2565 5168 fuit
2592 5115 2996 5186 magniﬁcique
3021 5118 3350 5172 monasterii
3369 5119 3500 5173 fun-

132 5189 287 5247 dator
312 5196 373 5251 in
393 5199 807 5273 Tipperariensi
841 5208 1134 5264 comitatu.
1167 5209 1451 5265 Videndus
1492 5209 1661 5265 etiam
1705 5208 2006 5263 Bollandus
2046 5206 2113 5260 ad
2157 5206 2305 5260 diem
2344 5205 2590 5276 primam
2635 5205 2910 5273 Januarii,
2960 5204 3056 5260 ubi
3107 5205 3277 5261 refert
3316 5208 3498 5263 Vitam

133 5285 304 5338 sancti
332 5288 606 5362 Mochuae,
625 5294 738 5350 sive
771 5296 1035 5365 Cronani,
1070 5316 1242 5370 quem
1269 5300 1401 5355 facit
1431 5299 1770 5371 discipulum
1798 5297 1974 5352 sancti
2013 5294 2294 5365 Comgilli,
2327 5298 2384 5348 et
2407 5293 2685 5349 abbatem.
2714 5296 2820 5349 Nos
2844 5295 2903 5349 in
2950 5294 3203 5366 catalogo
3245 5296 3502 5351 Benchoa

133 5375 384 5430 rensium
407 5379 673 5438 abbatum
693 5386 834 5441 duos
860 5388 1150 5444 Cronanos
1180 5390 1515 5461 reperimus.
1546 5393 1585 5444 A
1623 5405 1756 5444 vero
1781 5404 1895 5442 non
1936 5386 2204 5441 abhorret
2250 5384 2622 5438 recentiorem
2662 5384 2812 5439 inter
2854 5401 2946 5440 eos
2979 5384 3234 5439 ﬂoruisse
3286 5385 3506 5440 circiter

134 5474 346 5519 annum
375 5467 584 5526 Christi
615 5477 736 5542 660,
767 5493 1096 5549 quanquam
1126 5479 1172 5533 si
1201 5484 1348 5534 recte
1376 5479 1633 5548 memini,
1663 5478 1882 5533 Gabriel
1916 5475 2218 5530 Bucelinus
2244 5475 2302 5528 in
2329 5474 2474 5528 libro
2500 5473 2567 5528 de
2590 5474 2794 5528 sanctis
2823 5475 2967 5529 Viris
2991 5475 3113 5529 ord.
3143 5475 3316 5529 sancti
3335 5477 3510 5530 Bene-

136 5549 285 5621 dicti,
313 5571 490 5626 quem
512 5561 645 5615 olim
675 5564 807 5633 vidi,
837 5567 1049 5636 scribit,
1083 5569 1408 5623 Crononum
1438 5569 1887 5623 Benchorensem
1916 5566 2181 5620 abbatem
2209 5564 2412 5619 vixisse
2438 5563 2660 5618 circiter
2706 5579 2920 5618 annum
2965 5563 3172 5618 Christi
3209 5566 3333 5621 636.
3375 5565 3508 5630 Qum

137 5641 322 5696 tamen
344 5644 426 5698 ita
450 5648 594 5706 dicta
622 5640 901 5723 velim,vut
919 5673 1033 5710 non
1064 5663 1256 5728 putem
1278 5662 1582 5730 propterea
1613 5657 1875 5714 Codicem
1900 5657 2088 5727 ipsum
2135 5671 2248 5727 quo
2298 5671 2426 5708 sum
2467 5669 2606 5707 usus
2643 5653 2712 5708 ad
2752 5669 2878 5708 eam
2917 5653 3098 5724 ipsam
3122 5657 3348 5710 aetatem
3389 5669 3507 5710 esse

139 5730 522 5817 referendum,
552 5759 683 5798 cum
702 5745 993 5817 exemplar
1014 5747 1073 5802 in
1103 5748 1471 5804 Ambrosiana
1499 5752 1865 5817 asservatum,
1898 5751 1954 5802 et
1981 5750 2132 5802 certe
2164 5744 2626 5814 vetustissimum,
2659 5759 2725 5799 ex
2751 5742 3067 5817 antiquiore
3092 5746 3280 5799 tamen
3310 5741 3510 5810 Codice

142 5816 374 5880 describi
407 5828 638 5888 subinde
668 5850 772 5907 per
796 5816 1100 5892 monachos
1128 5839 1426 5894 Bobienses
1453 5838 1567 5894 sive
1598 5836 2041 5893 Benchorienses
2071 5835 2339 5910 potuerit.
