4006 6228
115 292 210 348 585

176 401 279 456 Dat
305 402 521 460 docens
550 414 834 481 praecepta
857 410 1018 484 legis,

110 489 208 543 Dat
236 490 505 549 divinum
532 496 824 568 Spiritum,

109 576 385 650 Spiritum
405 585 507 640 Dei
531 587 867 661 perfectum,

107 666 393 727 Trinitatis
422 674 738 734 vinculum.

173 768 441 842 Praecipit
460 777 643 830 totum
666 793 772 849 per
794 779 988 838 orbem

106 857 376 927 Baptizari
406 864 686 936 credulos,

104 945 314 1002 Nomen
343 951 531 1008 Patris
558 955 900 1032 invocantes,

103 1035 444 1095 Conﬁtentes
470 1043 694 1102 Filium.

167 1135 398 1206 Mystica
422 1139 536 1197 ﬁde
563 1146 773 1202 revelat

102 1224 315 1282 Tinctos
341 1235 543 1287 sancto
570 1234 782 1306 Spiritu
803 1280 816 1307 ,

101 1315 266 1372 Fonte
290 1318 506 1377 tinctos
528 1324 842 1396 innovatos,

101 1404 255 1460 Filios
278 1407 470 1466 factos
498 1412 619 1469 Dei.

164 1506 305 1561 Ante
324 1507 521 1567 lucem
541 1513 729 1570 turba.
811 1559 823 1571 .
905 1560 917 1573 .
1000 1562 1012 1576 .
1095 1564 1107 1577 .

101 1595 1110 1667 Concinit........

103 1815 116 1829 θ
163 1817 304 1920 Galli
329 1821 556 1939 cantus,
587 1825 969 1947 galliplausus
1001 1832 1015 1847 .
1094 1833 1109 1848 .

98 1954 425 2012 Proximum
452 1962 623 2017 sentit
647 1964 822 2035 diem,

96 2043 197 2097 Nos
225 2060 518 2117 canentes,
548 2055 604 2106 et
627 2061 924 2125 precantes

97 2133 223 2197 Quae
247 2134 448 2192 futura
468 2141 771 2198 credimus.

159 2233 619 2311 Majestatemque
646 2242 966 2300 inmensam

96 2321 506 2382 Concinnemus
529 2330 750 2402 uniter;

98 2416 226 2468 Ante
252 2415 449 2472 lucem
478 2420 807 2478 nuntiemus

96 2502 371 2560 Christum
399 2509 620 2581 Regem
649 2512 872 2568 saeculo.

157 2605 296 2659 Ante
324 2606 519 2661 lucem
545 2609 894 2681 nuntiemus,

98 2691 372 2750 Christum
400 2698 621 2769 Regem
646 2701 873 2755 saeculo.

98 2782 190 2846 Qui
215 2783 273 2838 in
298 2784 468 2841 illum
495 2792 648 2843 recte
675 2789 914 2845 credunt

97 2870 399 2943 Regnaturi
430 2893 561 2932 cum
588 2894 674 2934 eo.

159 2971 338 3027 Gloria
364 2975 519 3030 Patri
544 2977 818 3050 ingenito,

96 3058 268 3115 Gloria
295 3063 599 3136 unigenito

95 3147 261 3205 Simul
288 3169 424 3208 cum
454 3155 659 3212 Sancto
688 3157 897 3230 Spiritu

96 3238 149 3293 In
172 3241 516 3314 sempiterna
544 3246 768 3301 saecula.

290 3396 568 3465 Hymnum
591 3402 976 3470 apostolorum.

158 3510 457 3568 Precamur
481 3514 704 3571 Patrem

93 3597 292 3671 Regem
311 3602 788 3677 omnipotentem,

93 3684 153 3741 Et
174 3688 356 3745 Jesum
385 3692 697 3763 Christum,

95 3775 343 3836 Sanctum
368 3798 599 3855 quoque
629 3785 922 3858 Spiritum.

434 3875 693 3931 Alleluia.

160 3957 329 4016 Deum
352 3963 417 4018 in
444 3980 559 4019 una

94 4046 395 4111 Perfectum
421 4056 731 4114 substantia

154 4317 544 4378 Universorum

93 4400 263 4462 Fontis
280 4408 454 4480 jubar
479 4413 763 4469 luminum

92 4493 484 4573 Ethereorum,

92 4580 151 4637 Et
174 4585 288 4641 orbi
314 4588 648 4648 lucentium.

154 4682 242 4739 Hic
266 4688 417 4744 enim
446 4690 566 4746 dies

94 4755 240 4818 Velut
259 4768 674 4843 primogenitus

94 4847 212 4906 Coeli
239 4855 307 4911 ab
331 4874 459 4915 arce

93 4934 263 4997 Mundi
287 4944 421 5000 olim
445 4948 663 5006 micuit.

154 5036 232 5093 Sic
254 5043 487 5100 verbum
507 5062 636 5103 caro

97 5116 301 5183 Factum
327 5147 359 5185 a
381 5133 662 5207 principio

94 5208 286 5274 Lumen
313 5227 590 5280 aeternum

95 5298 297 5363 Missum
325 5312 486 5369 Patre
515 5316 740 5373 saeculo.

153 5402 346 5477 llleque
374 5416 538 5483 proto

96 5485 230 5547 Vires
253 5497 502 5557 adimens
525 5502 699 5572 Caho,

96 5575 218 5636 Tum
240 5584 538 5660 improviso

96 5661 301 5728 Noctem
326 5679 548 5750 pepulit
575 5683 813 5740 mundo.

158 5764 226 5821 Ita
244 5776 449 5831 aeterno

103 5849 191 5909 Iste
213 5854 364 5917 hoste
388 5864 618 5922 subacto

392 5963 663 6034 PATROL.
712 5968 950 6041 LXXII.

1284 419 1482 474 Polum
1509 423 1720 477 nodoso

1282 509 1451 566 Solvit
1477 514 1673 568 mortis
1692 514 1914 572 vinculo

1351 623 1621 678 Tenebrae
1653 643 1824 698 super

1273 712 1414 766 Ante
1443 719 1603 769 erant
1627 716 1913 788 abyssum,

1277 801 1459 866 Quam
1486 804 1734 861 radiaret

1278 891 1504 948 Primus
1529 895 1645 951 dies
1672 898 1916 954 dierum.

1349 1012 1475 1066 Haec
1497 1029 1670 1085 quam
1695 1016 1947 1086 prodiret

1279 1101 1419 1155 Vera
1445 1103 1542 1157 lux
1572 1106 1830 1161 mortalia

1276 1191 1537 1248 Contexit
1555 1195 1669 1249 alta

1192 1312 1202 1325 ο
1275 1280 1451 1337 Corda
1477 1283 1823 1355 ignorantia.

1344 1392 1557 1449 Eodem
1579 1395 1670 1451 die

1272 1482 1550 1553 Rubrum,
1580 1490 1645 1539 ut
1671 1485 1850 1557 ajunt,
1879 1504 2034 1543 mare

1270 1572 1404 1626 Post
1429 1577 1653 1646 tergum
1676 1575 1845 1648 liquit

1190 1654 1203 1669 ⁸
1274 1660 1563 1718 Liberatus
1592 1666 1825 1723 Israhel.

1342 1770 1447 1825 Per
1466 1772 1571 1827 hoc
1592 1773 1861 1830 docemur

1270 1859 1462 1915 Mundi
1485 1866 1606 1917 acta
1631 1881 1919 1936 spernere,

1270 1949 1338 2003 Et
1362 1949 1422 2004 in
1448 1950 1668 2008 deserto

1268 2039 1553 2097 Virtutum
1582 2046 1905 2104 consistere.

1339 2139 1661 2198 Summerso
1691 2162 1839 2200 saevo

1266 2228 1419 2285 Cicni
1445 2240 1656 2290 canunt
1682 2237 1908 2293 aemulo.

1265 2320 1533 2378 Certatim
1562 2324 1673 2381 Deo

1265 2410 1479 2469 Laudes
1510 2416 1649 2470 Duci
1680 2418 1869 2490 igneo.

1334 2502 1536 2575 Sicque
1562 2509 1742 2579 erepti

1264 2593 1514 2665 Nequam
1535 2596 1810 2667 jubemur
1834 2602 1995 2659 fretis

1262 2684 1513 2741 Laudare
1540 2689 1715 2746 Deum

1263 2775 1518 2849 Explosis
1542 2779 1803 2839 inimicis.

1334 2896 1401 2950 Et
1417 2896 1563 2952 sicut
1587 2900 1678 2956 ille

1260 2985 1424 3041 Lucis
1442 2988 1552 3045 fuit
1576 2991 1825 3065 initium,

1261 3076 1341 3131 lta
1364 3081 1420 3133 et
1442 3078 1534 3134 isti

1259 3165 1465 3223 Salutis
1495 3172 1813 3230 excrdium.

1327 3287 1612 3360 Loquatur
1639 3293 1863 3364 primus

1260 3378 1319 3432 ln
1349 3383 1546 3436 tenore
1575 3382 1688 3439 diei

1258 3468 1546 3526 Secundus
1570 3490 1700 3529 vero

1258 3559 1319 3614 In
1349 3562 1531 3619 calore
1560 3564 1712 3622 ﬁdei.

1328 3681 1388 3734 In
1412 3681 1525 3738 ﬁne
1551 3687 1752 3742 mundi

1253 3770 1382 3825 Post
1405 3775 1562 3827 tanta
1588 3778 1854 3847 mysteria

1252 3860 1422 3915 Adest
1443 3862 1692 3921 Salvator

1251 3950 1393 4007 Cum
1426 3956 1627 4025 grandi
1654 3958 1971 4020 clementia:

1324 4061 1572 4135 Tamque
1601 4074 1796 4138 aperte

1250 4150 1540 4209 Elementa
1563 4160 1948 4234 praetendunt,

1168 4281 1182 4297 .
1247 4243 1427 4307 Quam
1452 4252 1645 4304 vatum
1671 4251 1813 4307 hora

1248 4332 1454 4392 Lucide
1480 4342 1896 4400 concelebrant.

1318 4442 1490 4499 Natus
1522 4450 1585 4501 ut
1602 4448 1774 4505 homo

1246 4531 1466 4588 Mortali
1493 4534 1555 4591 in
1580 4540 1831 4610 tegmine

1248 4621 1370 4677 Non
1400 4624 1554 4682 deest
1577 4630 1714 4686 coelo

1158 4753 1160 4755 .
1247 4712 1475 4770 Manens
1498 4717 1561 4773 in
1588 4721 1878 4782 Trinitate.

1319 4823 1483 4895 Vagit
1510 4826 1569 4882 in
1594 4829 1816 4903 pannis,

1244 4913 1557 4973 Veneratur
1574 4936 1607 4974 a
1625 4924 1831 4996 magis,

1248 5004 1452 5079 Fulget
1474 5009 1534 5065 in
1561 5012 1750 5086 stellis,

1247 5097 1529 5155 Adoratur
1552 5101 1612 5157 in
1640 5105 1810 5161 ccelis.

1318 5216 1548 5275 Statura
1572 5222 1667 5277 vili

1246 5305 1579 5367 Continetur
1601 5312 1865 5388 praesepi,

1236 5395 1422 5468 “Cujus
1446 5402 1664 5473 pugillo

1249 5487 1437 5545 Potest
1464 5492 1616 5547 orbis
1645 5496 1927 5554 concludi.

1320 5606 1689 5681 Primumque
1716 5612 1947 5685 signum

1249 5695 1540 5752 Portendit
1574 5699 1860 5774 discipulis

1249 5787 1429 5859 Aquae
1456 5804 1742 5847 conversae

1253 5877 1315 5931 In
1344 5894 1543 5950 sapore
1564 5883 1821 5940 nectaris.

1024 307 1572 368 ANTIPHONARIUM
1614 314 2017 373 MONASTER"
2056 318 2579 378 BENCHORENSIS.

2488 433 2630 487 Tum
2657 450 2759 504 per
2782 436 3117 507 prophetam

2417 522 2744 595 Completur
2768 530 2831 581 ut
2853 527 3067 583 dictum
3097 546 3111 585 :

2418 612 2587 670 Saliet
2614 616 2846 672 claudus

2416 705 2486 758 Ut
2509 722 2704 762 cervus
2726 709 3052 779 perniciter.

2489 806 2766 879 Planaque
2793 808 2950 865 fatur

2413 895 2678 952 Absoluto
2702 898 2927 956 vinculo

2412 986 2631 1058 Lingua
2654 994 2961 1062 mutorum,

2347 1078 2357 1089 ’
2417 1076 2729 1149 lmperante
2758 1082 3022 1140 Domino.

2481 1178 2648 1233 Surdi
2678 1189 2970 1256 sanantur,

2409 1268 2576 1338 Creci,
2607 1276 2776 1344 atque
2799 1275 3030 1346 leprosi,

2409 1360 2563 1415 Fune
2588 1368 2804 1419 retroso

2409 1449 2761 1509 Suscitantur
2784 1458 3014 1513 mortui.

2479 1550 2733 1606 Totidem
2762 1571 2935 1624 panes

2407 1638 2670 1711 Quinque
2695 1641 2893 1698 dividit
2918 1645 3103 1702 virum

2407 1727 2752 1786 Saturaturis

2405 1818 2604 1874 Procul
2626 1821 2798 1878 dubio
2823 1826 3094 1884 millibus.

2474 1918 2605 1972 Post
2633 1924 2817 1976 tantas
2846 1926 3021 1981 moles

2404 2006 2617 2063 Divina:
2642 2011 2957 2070 clementiae

2404 2097 2620 2153 Exosus
2646 2100 2739 2155 ille

2403 2186 2640 2244 Stimulo
2664 2190 2911 2249 invidiae.

2471 2288 2578 2352 Qui
2603 2289 2858 2349 invidere
2902 2332 2907 2337 ι

2403 2378 2470 2431 Et
2492 2378 2650 2434 odire
2683 2382 2933 2439 animam

2400 2468 2507 2521 Pro
2533 2468 2777 2526 inimicis

2398 2558 3479 2636 Prorogans......'.'.‘

2466 2649 2746 2706 Adversus
2772 2669 2904 2709 eum

2401 2736 2580 2793 [nitur
2604 2741 2926 2814 consilium,

2396 2828 2503 2893 Qui
2530 2832 2728 2903 magni
2753 2834 2934 2890 dictus

2395 2919 2626 2976 Consilii
2657 2928 2740 2979 est
2765 2929 3019 2985 nuntius.

2467 3021 2755 3077 Accedunt
2782 3023 2835 3080 ei

2397 3110 2467 3166 Ut
2491 3112 2696 3168 latroni
2724 3132 2854 3173 cum
2882 3118 3084 3192 gladiis

2395 3202 2602 3258 Furem
2635 3211 2862 3265 aeternis

2392 3293 2676 3350 Tradituri
2701 3299 2930 3355 aestibus
2941 3342 2954 3355 .

2465 3395 2715 3452 Tandem
2738 3398 2992 3456 humano

2392 3484 2655 3540 Traditur
2672 3488 2886 3558 judicio

2390 3573 2607 3629 Mortali
2636 3593 2771 3649 rege

2392 3662 2704 3720 Damnatur
2725 3674 3056 3741 perpetuus.

2464 3761 2625 3818 Cruci
2650 3766 2903 3824 conﬁxus

2390 3852 2590 3908 Polum
2616 3855 2761 3912 mire
2788 3861 3055 3930 concutit,

2389 3945 2720 4020 Lumenque
2745 3950 2875 4006 solis

2388 4036 2586 4092 Tribus
2611 4038 2870 4097 obtondit
2888 4042 3062 4101 horis.

2461 4135 2602 4190 Saxa
2628 4147 2997 4212 rumpuntur,

2389 4225 2590 4282 Velum
2618 4229 2893 4288 scinditur
2915 4233 3137 4309 templi,

2388 4314 2508 4371 Vivi
2535 4329 2883 4394 consurgant

2389 4405 2467 4462 De
2492 4410 2807 4481 sepulchris
2836 4417 3068 4475 mortui.

2459 4508 2771 4567 Conrosum
2799 4516 2963 4572 nodis

2386 4598 2578 4653 Annos
2601 4600 2719 4656 fere
2744 4603 2995 4661 millibus

2386 4685 2630 4743 Extricat
2656 4691 2803 4744 senis

2384 4773 2595 4831 Inferni
2622 4778 2890 4837 feralibus

2554 4915 2569 4931 .
2651 4919 2663 4932 .
2703 4880 3089 4951 to-plaustum

2394 5002 2407 5017 .
2491 5006 2503 5020 .
2585 5008 2597 5021 .
2639 4984 2735 5023 osa
2765 4970 3003 5045 soboles,

2388 5054 2490 5127 Abj
2499 5061 2619 5113 ecta
2642 5060 2778 5116 mali
2806 5068 2989 5118 morte

2391 5146 2544 5203 Swva
2562 5149 2784 5207 ultrice.

2462 5248 2756 5322 Quemque
2784 5251 3083 5325 antiquum

2391 5338 2657 5394 Paradiso
2688 5339 2935 5397 incolam

2390 5427 2647 5485 Recursu
2672 5447 2775 5486 suo

2390 5516 2710 5575 Clementer
2733 5522 2999 5579 restituit.

2466 5619 2726 5675 Exaltans
2752 5630 2920 5696 caput

2395 5707 2649 5765 Universi
2676 5715 2944 5787 corporis,

2400 5799 2460 5853 In
2485 5800 2757 5860 Trinitate

2399 5889 2623 5948 Locavit
2643 5894 2921 5954 Ecclesiae.

3071 6002 3146 6061 19

3382 335 3483 389 586
