4006 6228
508 298 608 353 587
1383 274 1715 335 APPENDIX
1751 272 1839 327 AD
1875 266 2099 325 OPERA
2135 264 2192 318 S.
2230 256 2533 318 GERMANI
2570 244 2999 311 PARISIENSIS.
3792 226 3889 283 388

581 405 644 457 In
670 401 778 455 hoc
804 394 1021 451 caelitus

508 494 674 550 Jubet
701 491 890 561 portas
917 482 1202 558 principes

512 582 656 653 Regi
684 594 818 634 cum
847 574 1007 631 sociis

513 670 797 728 Eternales
826 665 1098 739 pandere.

585 771 879 825 Errantem
915 759 1159 835 propriis

512 860 769 916 Evehens
795 851 1164 908 certissimam

517 946 785 1020 Supernis
812 958 976 998 ovem

518 1036 779 1094 Humeris
807 1032 1066 1088 ovilibus.

588 1138 768 1200 Quem
795 1136 1158 1203 expectamus

518 1227 861 1284 Adfuturum
885 1222 1141 1278 Judicem

519 1320 545 1374 ,Ι
552 1321 745 1372 ustum
770 1313 973 1385 cuique

521 1410 674 1481 Opus
698 1421 866 1461 suum
897 1401 1160 1458 reddere.

594 1508 757 1577 Rogo
782 1518 961 1575 quam
984 1499 1156 1555 tantis

526 1596 870 1665 Talibusque
900 1588 1145 1647 donariis

530 1686 720 1743 Vicem
740 1680 1017 1751 condigne

529 1779 833 1831 Possumus
858 1768 1171 1842 rependere
1186 1767 1213 1821 Ἰ

603 1873 748 1939 Quid
773 1874 893 1925 tam
922 1866 1186 1924 mortales

532 1966 895 2036 Temptamus
924 1954 1217 2026 micrologi

536 2058 793 2121 Narrare,
825 2049 1006 2123 quivit

537 2150 673 2213 Quae
700 2145 890 2200 nullus
916 2139 1172 2196 edicere?

612 2245 804 2302 Solum
829 2252 1058 2295 oramus

542 2338 677 2406 Hoc,
704 2334 971 2403 idemque
989 2324 1306 2383 maximum
1342 2339 1357 2378 :

543 2426 729 2484 Nostri
757 2428 968 2479 aeterne

524 2520 827 2601 ,Miserere,
854 2509 1112 2568 Domine.
1141 2504 1398 2577 Alleluia.

693 2652 976 2708 Canticum
1007 2643 1184 2700 sancti
1218 2639 1512 2696 Zachariae.

624 2760 954 2819 Benedictus

552 2853 733 2923 rahel,
757 2853 864 2907 etc.

958 2934 1259 2991 Canticum.

625 3053 929 3106 Cantemus
954 3040 1219 3111 Domino,
1251 3036 1491 3110 gloriose
1509 3032 1662 3091 enim

556 3138 980 3204 honoriﬁcatus,
1011 3138 1117 3189 etc.

702 3271 1009 3331 Benedictio
1036 3269 1202 3324 trium
1220 3277 1533 3335 puerorum.

634 3388 958 3448 Benedicite
1000 3382 1193 3440 omnia
1234 3395 1406 3452 opera
1443 3373 1670 3431 Domini

564 3442 890 3550 Dominum,
927 3477 1210 3550 hymnum
1247 3442 1414 3526 dicite
1434 3510 1449 3539 ,
1480 3470 1537 3522 et
1573 3482 1669 3520 su-
1733 3455 1977 3525 Corpore
2003 3451 2061 3550 et
2087 3442 2380 3548 sanguine,

565 3573 914 3648 perexaltate
940 3583 1075 3624 eum
1097 3565 1157 3620 in
1182 3560 1402 3628 saecula,
1432 3563 1539 3614 etc.

727 3706 1002 3779 Hymnum
1027 3704 1088 3757 in
1111 3701 1199 3757 die
1221 3697 1517 3754 Dominico.

639 3823 908 3890 Laudate,
952 3814 1136 3891 pueri,
1183 3810 1510 3878 Dominum,
1550 3807 1673 3863 lau-
1740 3820 2001 3894 Corporis
2031 3823 2087 3875 et
2111 3812 2425 3888 sanguinis,

572 3918 699 3973 date
725 3926 938 3969 nomen
964 3902 1213 3961 Domini.
1249 3903 1323 3957 Te
1348 3902 1527 3956 Deum
1552 3899 1675 3954 lau-
1743 3914 1952 3970 omnes
1980 3907 2137 3966 exuti

573 4007 794 4072 damus,
820 4006 876 4057 te
896 3996 1202 4053 Dominum
1233 3991 1589 4047 conﬁtemur.

645 4104 720 4157 Te
747 4102 1028 4154 aeternum
1065 4094 1290 4147 Patrem
1322 4088 1507 4144 omnis
1531 4091 1681 4143 terra

574 4191 897 4249 veneratur.
932 4183 1059 4239 Tibi
1091 4196 1291 4237 omnes
1327 4177 1537 4250 angeli,
1580 4175 1683 4232 tibi
1745 4191 1998 4248 Christus
2024 4189 2197 4244 Filius
2226 4184 2322 4242 Dei

579 4281 723 4352 coeli,
753 4282 810 4334 et
831 4275 1109 4332 universae
1136 4274 1458 4344 potestates.

649 4377 771 4435 Tibi
794 4372 1071 4431 cherubin
1087 4413 1102 4443 ,
1129 4375 1187 4426 et
1209 4368 1476 4442 seraphin
1498 4367 1683 4424 inces-
1747 4375 1855 4429 Per
1879 4380 2125 4440 crucem;
2154 4370 2211 4425 et
2235 4363 2591 4439 sanguinem.

579 4469 743 4528 sabili
793 4482 929 4523 voce
979 4462 1334 4537 proclamant
1370 4477 1384 4516 :
1429 4460 1683 4529 Sanctus,

578 4565 817 4623 Sanctus
831 4601 845 4630 ,
912 4557 1145 4613 Sanctus
1204 4551 1476 4608 Dominus
1539 4551 1689 4606 Deus
1754 4563 2078 4620 Immolams
2105 4558 2377 4615 Dominus

579 4651 845 4712 Sabaoth.

652 4749 813 4807 Pleni
849 4749 985 4803 sunt
1019 4744 1147 4801 coeli
1172 4746 1229 4801 et
1250 4742 1514 4800 universa
1539 4744 1692 4798 terra
1755 4744 1954 4801 Existit
1976 4748 2032 4800 et
2059 4742 2261 4799 hostia.

581 4844 803 4901 honore
830 4837 1029 4911 gloriae
1050 4840 1189 4893 tuae.

656 4942 732 4996 Te
784 4936 1060 5011 gloriosus
1112 4934 1499 5007 apostolorum
1555 4930 1692 4986 cho-
1760 4934 2045 4991 Immolari
2070 4933 2307 5001 hostias,

586 5046 707 5099 rus,
735 5032 793 5085 te
815 5026 1229 5101 prophetarum
1255 5021 1559 5081 laudabilis
1581 5036 1693 5077 nu-
1757 5029 1879 5093 Qua
1903 5026 2315 5083 adumbrantur

590 5136 804 5180 merus.

658 5222 735 5277 Te
779 5219 1100 5288 martyrum
1138 5211 1465 5269 candidatus
1507 5211 1701 5267 laudet

590 5308 892 5369 exercitus.
936 5307 1011 5361 Te
1049 5321 1154 5377 per
1191 5304 1388 5360 orbem
1417 5308 1700 5359 terrarum

593 5404 785 5457 sancta
810 5397 1113 5453 conﬁtetur
1138 5394 1398 5453 Ecclesia.

664 5502 890 5556 Patrem
914 5495 1209 5551 immensae
1236 5493 1562 5566 majestatis.
1596 5495 1700 5549 Ve-

594 5588 914 5645 nerandum
951 5590 1119 5641 tuum
1166 5601 1386 5657 verum,
1432 5583 1700 5656 unigeni-

598 5684 723 5735 tum
750 5676 977 5732 Filium.

668 5778 940 5834 Sanctum
963 5790 1189 5846 quoque
1214 5772 1552 5830 Paraclitum
1578 5770 1704 5844 Spi-

602 5868 798 5935 ritum,
825 5865 909 5918 Tu
935 5865 1048 5917 Rex
1081 5863 1294 5934 gloriae,
1322 5862 1561 5918 Christe.

1017 2750 1289 2809 Dominus
1354 2748 1502 2802 Deus
1578 2746 1657 2800 Is-

1748 381 1831 435 Tu
1853 375 2032 433 Patris
2057 370 2444 444 sempiternus
2465 382 2527 422 es
2554 364 2748 419 Filius.
2888 357 3225 413 Sanctorum
3248 350 3434 404 custos

1678 472 1761 526 Tu
1786 469 1857 524 ad
1880 436 2239 522 liberandum
2265 457 2549 515 mundum
2573 468 2754 511 susce-
2816 451 3021 505 Rector
3048 457 3278 518 quoque
3302 436 3577 494 Dominus

1680 559 1812 633 pisti
1840 557 2158 614 hominem.
2820 540 2957 595 Vitae
2978 532 3247 609 perennis

1755 659 1877 713 Non
1904 653 2177 711 horruisti
2207 649 2450 722 Virginis
2500 651 2752 702 uterum.
2818 629 3081 702 Largitur
3108 620 3485 680 credentibus-

1684 751 1767 805 Tu
1799 747 2012 804 devicto
2042 742 2241 799 mortis
2266 740 2461 797 aculeo
2487 733 2757 811 aperuisti
2892 732 3189 788 Coelestem
3214 739 3423 798 panem

1686 836 2046 894 credentibus
2074 849 2251 907 regna
2276 830 2568 885 caelorum.
2822 833 2924 886 Dat
2950 820 3329 883 esurientibus

1757 939 1839 992 Tu
1883 936 1955 991 ad
1998 934 2292 989 dexteram
2331 928 2427 983 Dei
2473 926 2669 981 sedens
2700 922 2761 976 in
2826 923 2904 977 De
2931 918 3086 973 fonte
3109 913 3234 969 vivo

1693 1028 1872 1101 gloria
1916 1024 2092 1081 Patris
2131 1022 2311 1094 judex
2362 1016 2605 1073 crederis
2642 1028 2762 1069 esse
2824 1009 3043 1069 Praebet
3065 1000 3404 1060 sitientibus.

1691 1124 1982 1175 venturus.
2900 1107 3083 1180 Alpha
3106 1109 3163 1160 et
3190 1115 3395 1171 omega

1764 1220 1839 1273 Te
1892 1232 2030 1288 ergo
2080 1226 2411 1285 quaesumus
2452 1206 2617 1263 nobis
2655 1202 2767 1260 tuis
2829 1203 2951 1273 lpse
2976 1194 3232 1253 Christus
3255 1187 3530 1245 Dominus

1695 1308 1924 1365 famulis
1983 1303 2220 1361 subveni
2242 1344 2259 1370 ,
2321 1316 2464 1373 quos
2524 1294 2769 1368 pretioso
2830 1291 2997 1347 Venit
3018 1291 3287 1343 venturus

1700 1398 1975 1471 sanguine
1997 1391 2309 1452 redemisti.
2834 1381 3094 1438 Judicare
3119 1376 3406 1433 homines.

1771 1499 2000 1551 Alterna
2041 1476 2127 1548 fac
2170 1506 2303 1546 cum
2337 1484 2543 1543 sanctis
2594 1479 2775 1553 gloria

1703 1585 2012 1646 munerari.

1775 1688 2000 1743 Salvum
2025 1682 2113 1737 fac
2136 1678 2415 1752 populum
2444 1678 2632 1737 tuum,
2662 1669 2774 1723 Do-
2915 1663 3065 1736 Ignis
3092 1660 3323 1715 Creator
3350 1653 3554 1724 igneus

1705 1740 1879 1845 mine,
1907 1740 1964 1831 et
1979 1740 2545 1829 benedic‘hereditati
2570 1766 2703 1829 tum,
2722 1760 2780 1812 et
2840 1758 3059 1811 Lumen
3083 1750 3324 1805 donator
3348 1740 3603 1808 luminis,

1705 1832 1839 1941 rege
1865 1832 1981 1936 eos,
2023 1866 2081 1919 et
2118 1859 2321 1917 extolle
2345 1856 2471 1912 illos
2496 1865 2677 1923 usque
2718 1847 2779 1901 in
2841 1847 3082 1915 Vitaque
3103 1839 3233 1895 vitae
3256 1832 3533 1899 conditor,

1705 1921 1994 2017 saeculime
2583 1921 2603 1923 _
2844 1939 3013 1992 Dator
3042 1929 3258 1997 salutis,
3291 1929 3347 1979 et
3372 1921 3538 1976 salus.

1777 2061 1885 2115 Per
1925 2052 2179 2127 singulos
2230 2048 2349 2105 dies
2397 2039 2783 2100 benedicimus
2916 2036 3029 2089 Nec
3055 2027 3237 2085 noctis
3265 2023 3439 2094 hujus
3467 2018 3673 2092 gaudia

1708 2156 1786 2221 te,
1829 2151 1888 2204 et
1938 2114 2236 2200 lauvdamus
2284 2151 2495 2194 nomen
2533 2137 2697 2187 tuum
2724 2128 2785 2183 in
2848 2124 2993 2197 Vigil
3020 2123 3253 2177 lucerna
3281 2114 3523 2175 deserat,

1714 2197 1786 2221 η,
1833 2197 1886 2204 --
2184 2197 2187 2198 ν

1713 2246 2012 2307 aeternum,
2068 2237 2125 2291 et
2161 2233 2222 2288 in
2260 2227 2532 2286 saeculum
2570 2219 2783 2278 saeculi.
2850 2216 2956 2283 Qui
2985 2210 3279 2268 hominem
3306 2220 3423 2259 non
3443 2201 3528 2256 vis
3554 2197 3719 2268 mori,

1714 2335 1912 2388 Amen.
2852 2311 2932 2364 Da
2968 2307 3159 2361 nostro
3184 2301 3382 2355 lumen
3407 2291 3642 2367 pectori.

1789 2429 1929 2497 Fiat,
1968 2423 2226 2490 Domine,
2271 2412 2654 2475 misericordia
2692 2414 2791 2465 tua
2928 2406 3007 2460 Ex
3037 2401 3278 2472 Egypto
3301 2390 3681 2464 migrantibus

1719 2538 1890 2595 super
1929 2538 2054 2591 nos,
2081 2511 2573 2593 quemadmodum
2598 2520 2789 2579 spera-
2858 2496 3119 2566 lndulges
3151 2487 3441 2562 geminam
3472 2481 3728 2555 gratiam,

2860 2592 2900 2595 __
2947 2586 3001 2595 _.
3125 2581 3139 2595 ,
3276 2594 3301 2595 η
3352 2574 3573 2595 “in”

1721 2574 1883 2595 "‘1'"
1931 2574 1994 2577 π
2039 2574 2053 2591 ι
2094 2574 2185 2593 ιη
2627 2574 2647 2579 _

1721 2614 1906 2669 vimus
1930 2612 1990 2666 in
2014 2614 2091 2666 te.
2858 2586 3034 2646 Nubis
3057 2581 3315 2638 velamen
3342 2574 3597 2641 exhibes,

2859 2682 3211 2737 Nocturnum
3231 2670 3429 2725 liunen
3455 2661 3718 2738 porrigis.

2837 1550 3111 1618 Hymnum
3129 1537 3349 1612 quando
3367 1534 3529 1589 cam'a
3561 1529 3903 1585 benedicitur.

1741 2787 2015 2853 Hymnum
2040 2776 2269 2853 quando
2287 2768 2742 2853 communicarent

2081 2776 2258 2833 nando
2287 2768 2742 2829 communicarent
2932 2778 3109 2837 Nabis
3135 2774 3439 2844 calumpna
3462 2783 3568 2840 per
3593 2764 3738 2821 diem

2081 2848 2401 2906 sacerdotes.
2861 2872 3189 2906 mmnmmm
3221 2862 3440 2906 niphpm
3480 2854 3732 2906 nrotecis

2861 2872 3195 2930 Venientem
3221 2862 3445 2936 plebem
3480 2854 3752 2930 protegis,

2866 2963 3019 3039 Ignis
3044 2957 3348 3027 columpna
3366 2951 3436 3007 ad
3463 2959 3761 3019 vesperum

2865 3038 3098 3113 Noctem
3122 3044 3359 3118 depellis
3380 3038 3620 3097 lumine.

2937 3156 2980 3211 E
3006 3153 3237 3207 ﬂamma
3269 3139 3551 3198 famulum
3577 3146 3853 3209 provocas,

1800 2992 1987 3051 Sancti
2013 2988 2219 3055 venite,

1727 3084 1934 3143 Christi
1958 3096 2162 3152 corpus
2185 3074 2413 3139 sumite,

1728 3178 1998 3234 Sanctum
2021 3171 2298 3233 bibentes,

1728 3226 2178 3332 DEC—D‘ietiempti,
2208 3226 2566 3326 sanguinem
2868 3245 3099 3305 Rubum
3126 3252 3244 3293 non
3266 3229 3486 3304 spernis
3511 3226 3761 3299 spineam

2869 3341 2937 3396 Et
2959 3349 3093 3391 cum
3116 3328 3192 3385 sis
3224 3321 3374 3397 ignis
3400 3330 3761 3375 concremans

2867 3433 2992 3487 Non
3016 3421 3136 3480 uris
3159 3414 3315 3490 quod
3344 3409 3671 3467 inluminas.

2943 3528 3118 3583 Fusco
3146 3517 3379 3589 depasto
3398 3509 3595 3566 nubilo

2875 3621 3117 3687 Tempus
3142 3603 3385 3664 decoctis
3411 3597 3677 3656 sordibus

2878 3705 3150 3766 Fervente
3174 3698 3364 3754 sancto
3391 3689 3607 3764 Spiritu

2877 3803 3117 3857 Carnem
3142 3791 3334 3846 lucere
3363 3794 3604 3839 caream.

2950 3891 3187 3955 Secretis
3208 3888 3332 3960 jam
3360 3879 3554 3938 condis
3579 3874 3692 3933 favi

2879 3987 3063 4048 Divini
3088 3978 3273 4039 mellis
3302 3975 3494 4042 alitus,

2828 4152 2837 4162 ν
2881 4078 3073 4136 Cordis
3098 4082 3416 4145 repurgans
3441 4060 3669 4118 intimas

2882 4171 3064 4245 Verbo
3089 4159 3318 4237 replesti
3339 4154 3590 4213 cellulas.

2957 4274 3208 4328 Examen
3230 4264 3298 4316 ut
3315 4259 3483 4313 foetus
3500 4248 3630 4307 novi

2886 4368 2994 4424 Ore
3018 4356 3369 4435 praelectum,
3398 4341 3607 4435 spiritu

2890 4427 3181 4513 Relectum
3205 4441 3411 4499 coelum
3440 4427 3675 4490 sarcinis

2889 4545 3118 4613 Quzerat
3146 4531 3356 4593 securis
3378 4520 3650 4600 pinnulis.

2961 4640 3147 4701 Gloria
3173 4631 3327 4692 Patri
3350 4621 3608 4699 ingenito
3625 4659 3641 4690 ,

2894 4735 3086 4796 Gloria
3108 4721 3430 4798 Unigenito,

2895 4825 3075 4888 Simul
3099 4835 3231 4878 cum
3251 4814 3445 4870 sancto
3469 4801 3684 4877 Spiritu

2898 4924 2964 4979 In
2989 4912 3329 4987 sempiterna
3352 4897 3576 4959 88301118..

1804 3360 2006 3419 Salvati
2024 3354 2232 3414 Christi

1736 3546 1781 3600 A
1810 3558 1922 3616 quo
1946 3537 2144 3595 refecti

1737 3634 1957 3690 Laudes
1981 3631 2238 3686 dicamus
2262 3627 2398 3681 Deo.

1812 3734 1923 3789 Hoc
1948 3729 2299 3786 sacramento

1743 4004 1826 4060 Ab
1852 4001 2061 4058 inferni
2086 3996 2363 4055 faucibus.

1816 4102 1984 4156 Dator
2012 4098 2207 4155 salutis

1746 4282 2020 4339 Mundum
2043 4277 2280 4335 salvavit

1819 4475 1925 4528 Pro
1944 4468 2224 4527 universis

1752 4657 1873 4726 Ipse
1898 4651 2158 4709 sacerdos

1826 4844 1977 4916 Lege
2002 4843 2353 4915 praeceptum

3080 5067 3327 5135 Hymnus
3356 5053 3545 5113 mediae
3562 5044 3751 5104 noctis.

2970 5187 3163 5249 Mediae
3187 5177 3367 5239 noctis
3400 5178 3629 5241 tempus
3654 5164 3755 5230 θεῖν

2902 5275 3232 5353 Prophetica
3258 5284 3369 5326 vox
3390 5259 3692 5325 admonet,

2903 5372 3163 5430 Dicamus
3189 5359 3386 5420 laudes
3410 5354 3527 5409 Deo

2906 5462 3058 5523 Patri
3083 5468 3329 5527 semper,
3361 5463 3425 5503 ac
3455 5438 3618 5506 Filio,

1760 5118 1958 5175 Divina
1975 5116 2261 5190 mysteria.

1833 5219 1996 5276 Lucis
2018 5216 2273 5273 indultor

1765 5312 1833 5366 Et
1855 5310 2103 5366 Salvator
2129 5301 2388 5360 omnium

1766 5401 2099 5457 Praeclaram
2124 5392 2330 5450 sanctis

1768 5490 2027 5571 Largitus
2055 5490 2139 5543 est
2165 5483 2425 5558 gratiam.

1838 5534 2119 5645 AZcedant
2142 5534 2340 5640 oinnes
2976 5562 3174 5619 Sancto
3199 5534 3717 5645 quoquespiritui;

1768 5683 1918 5737 Pura
1942 5681 2135 5734 mente
2163 5672 2398 5742 creduli,
2907 5653 3156 5714 Perfecta
3184 5642 3337 5701 enim
3354 5632 3620 5734 Trinitas,

1770 5723 2398 5828 Sumantvzeteriiamw,
2908 5744 3196 5813 Uniusque
3222 5723 3551 5828 substantiae

1774 5862 1977 5919 Salutis
2005 5860 2335 5917 custodiam.
2910 5830 3214 5896 Laudanda
3234 5821 3397 5881 nobis
3417 5826 3642 5886 semper
3665 5809 3762 5865 est.
