4006 6228
244 307 346 358 589
1160 315 1709 374 ANTIPI-IONARIL'M
1750 322 2151 380 MONASTERII
2193 327 2717 390 BENCHORENSIS.

303 413 604 469 Terrorem
630 419 853 488 tempus
883 418 990 474 hoc
1016 421 1205 488 habet,

231 501 493 564 Quocum
524 510 770 560 vastator
791 511 1028 579 angelus

228 591 474 662 Egypto
506 597 753 650 mortem
777 597 986 666 intulit,

198 734 202 740 ,
229 679 447 737 Delevit
471 685 874 756 primogenita.

294 773 426 827 Haec
448 775 621 845 justis
645 777 788 833 hora
812 781 958 835 salus
984 787 1086 853 est,

227 862 292 916 Et
317 879 462 934 quos
489 866 646 921 idem
676 873 808 925 tunc
835 874 1070 944 angelus

223 955 404 1007 Ausus
432 957 642 1026 punire
667 975 783 1014 non
812 965 935 1016 erat

222 1041 462 1113 Signum
486 1046 799 1104 formidans
826 1054 1138 1123 sanguinis.

287 1134 569 1205 [Egyptus
599 1138 768 1194 ﬂebat
789 1141 1012 1198 fortiter

218 1221 530 1296 Tantorum
560 1227 682 1282 diro
710 1231 940 1302 funere;

215 1312 378 1369 Solus
411 1319 696 1386 gaudebat
723 1323 930 1378 Israhel

215 1405 362 1476 Agni
382 1413 674 1478 protectus
697 1414 994 1483 sanguine.

283 1501 392 1554 Nos
422 1518 559 1558 vero
591 1506 797 1561 Israhel
825 1525 1040 1578 sumus,

215 1588 502 1648 Lmtamur
526 1594 587 1649 in
615 1600 691 1663 te,
721 1599 980 1670 Domine,

213 1680 439 1736 Hostem
469 1693 798 1755 spernentes
829 1694 885 1745 et
911 1693 1146 1764 malum,

209 1768 414 1826 Christi
443 1774 662 1831 defensi
690 1782 988 1852 sanguine.

276 1861 467 1930 Ipsum
493 1866 744 1935 profecto
772 1875 998 1943 tempus
1025 1880 1108 1930 est

206 1949 322 2014 Quo
345 1969 480 2010 voce
509 1958 849 2030 Euangelica

207 2041 488 2100 Venturus
517 2048 767 2118 Sponsus
792 2055 1062 2126 creditur,

208 2131 386 2204 Regni
417 2138 659 2194 caelestis
687 2145 965 2202 conditor.

276 2222 598 2283 Occurrunt
624 2239 828 2289 sanctae
854 2237 1101 2309 virgines

203 2312 434 2371 Obviam
464 2324 604 2376 tunc
633 2324 917 2398 adventui,

205 2403 492 2464 Gestantes
518 2412 698 2468 claras
724 2416 1014 2490 lampades

202 2493 397 2566 Magno
421 2499 682 2558 laetantes
709 2509 934 2576 gaudio.

270 2585 465 2643 Stulta:
491 2607 626 2646 vero
653 2606 978 2671 remanent,

199 2675 328 2739 Quae
360 2681 633 2738 extinctas
657 2686 867 2743 habent
885 2691 1194 2765 lampades,

167 2775 170 2778 ’
199 2767 421 2826 Frustra
447 2776 738 2845 pulsantes
753 2782 959 2852 januas

195 2859 404 2917 Clausae
425 2865 552 2936 jam
579 2871 745 2941 regni
774 2875 966 2945 regiae.

259 2953 444 3017 Quare
471 2957 781 3029 vigilemus
809 2965 979 3020 sobrii

194 3042 478 3103 Gestantes
507 3057 725 3108 mentes
751 3055 1087 3126 splendidas,

192 3134 462 3193 Adventui
497 3144 561 3194 ut
583 3144 712 3198 Jesu

193 3222 364 3297 Digne
392 3245 693 3288 curramus
728 3235 947 3291 obviam
960 3280 972 3292 .

259 3318 558 3394 Noctisque
582 3325 772 3380 medio
791 3331 1045 3400 tempore

191 3405 384 3464 Paulus
409 3429 640 3484 quoque
670 3421 726 3471 et
751 3416 925 3473 Sileas

189 3497 468 3559 Christum
495 3505 668 3561 vincti
695 3507 755 3562 in
783 3526 1003 3566 carcere

189 3589 597 3652 Conlaudantes
625 3600 792 3656 soluti
817 3607 967 3658 sunt.

253 3681 414 3739 Nobis
442 3689 696 3744 mundus
727 3692 818 3747 hic
844 3711 1033 3752 carcer
1062 3702 1165 3754 est.

191 3769 257 3826 Te
285 3773 600 3851 laudamus,
624 3781 841 3839 Christe
872 3786 1036 3860 Deus,

187 3861 334 3919 Solve
361 3868 544 3924 vincla
570 3879 932 3943 peccatorum

184 3953 238 4009 In
273 3961 324 4013 te
345 3965 536 4016 sancte
564 3965 938 4026 credentium.

249 4047 454 4121 Dignos
484 4070 590 4109 nos
615 4056 722 4128 fac,
756 4060 872 4115 Rex
899 4061 1047 4134 agie,

183 4135 368 4195 Futuri
392 4146 560 4217 regni
585 4148 783 4219 gloriae

181 4229 411 4290 .‘Eternis
438 4241 505 4292 ut
527 4258 852 4300 mereamur

180 4325 246 4381 Te
271 4329 532 4389 laudibus
557 4338 872 4396 concinere.

247 4420 428 4478 Gloria
461 4427 610 4481 Patri
639 4428 915 4500 ingenito,

182 4505 354 4566 Gloria
381 4515 708 4588 Unigenito,

179 4597 345 4656 Simul
370 4621 503 4661 cum
529 4608 730 4664 Sancto
755 4612 969 4684 Spiritu

180 4688 234 4744 In
258 4697 598 4769 sempiterna
624 4705 841 4760 saecula.

1416 427 1758 496 Angelorum
1785 431 1863 484 ibi
1893 437 1948 487 et
1973 437 2286 506 martyrum

1415 516 1657 587 Fulgens
1687 521 1913 591 chorus,

1411 605 1532 660 Tibi
1557 611 1733 664 sancti
1759 613 2128 681 proclamant.

1478 705 1765 777 Magniﬁce
1793 715 1855 764 tu
1880 713 2037 782 prior

1407 792 1676 851 Omnium
1695 816 1889 868 passus
1914 819 2140 859 crucem

1404 883 1508 946 Qui
1535 886 1751 943 devicta
1778 895 1962 946 morte
1991 894 2252 949 refulsisti

1400 975 1630 1048 Mundo,
1660 983 1956 1039 ascendisti
1982 987 2053 1040 ad
2079 987 2267 1056 caelos,

1400 1065 1483 1119 Ad
1512 1067 1801 1126 dexteram
1827 1074 1928 1128 Dei

1397 1154 1518 1209 Tibi
1549 1160 1722 1214 sancti
1748 1163 2114 1232 proclamant.

1465 1257 1650 1311 Armis
1678 1261 2020 1329 spiritalibus

1395 1345 1605 1402 Munita
1628 1354 1818 1406 mente
1843 1356 2077 1424 apostoli

1395 1434 1579 1492 Sancti
1609 1443 1664 1494 te
1692 1446 1826 1496 sunt
1851 1445 2046 1514 secuti,

1391 1525 1498 1588 Qui
1527 1545 1657 1583 cum
1685 1530 1807 1602 ipsa
1832 1535 2011 1588 crucis

1392 1617 1725 1676 Paterentur
1753 1629 1934 1678 morte

1388 1706 1508 1761 Tibi
1534 1712 1710 1765 sancti
1737 1714 2034 1771 canebant.

1457 1808 1674 1865 Christe
1699 1819 2017 1884 martyrum
2055 1821 2119 1871 tu
2146 1835 2204 1873 es
2293 1865 2300 1874 .

1385 1897 1622 1968 Adjutor
1647 1908 1846 1972 potens
1876 1907 2276 1979 prmliantium,

1384 1988 1582 2044 Sancta
1606 2009 1708 2061 pro
1735 1997 1832 2047 tua
1858 1996 2058 2066 gloria,

1382 2079 1488 2141 Qui
1515 2097 1645 2134 cum
1666 2082 1903 2139 victores

1383 2168 1611 2224 Exirent
1640 2172 1708 2227 de
1737 2174 1846 2228 hoc
1873 2178 2095 2248 saeculo,

1381 2258 1502 2312 Tibi
1525 2262 1702 2316 sancti
1729 2265 2023 2322 canebant.

1454 2359 1682 2415 lllustris
1708 2367 1822 2433 tua,
1849 2365 2102 2434 Domine,

2549 441 2927 516 Sanctumun
2955 448 3222 519 Spiritum

2551 532 2610 587 In
2635 550 2752 589 una
2781 536 3109 609 substantia,

2725 626 2976 698 Respice.

2617 714 2968 787 Unigenitus,
2994 724 3049 776 et
3073 723 3506 799 primogenitus,

2542 804 2586 857 A
2617 807 2671 858 te
2698 806 3021 866 obtinemus

2543 894 3012 968 Redemptionem
3041 911 3310 966 nostram.

2720 991 2972 1064 Respice.

2611 1078 2783 1135 Natus
2811 1099 2869 1137 es
2896 1085 3108 1156 Spiritu
3137 1090 3359 1162 Sancto,

2539 1167 2618 1221 Ex
2644 1169 2814 1226 Maria
2841 1175 3093 1247 virgine;

2535 1256 2595 1310 In
2621 1257 2868 1330 idipsum
2893 1265 2951 1320 in
2977 1268 3339 1342 adoptionem

2536 1346 2826 1422 Filiorum,
2857 1358 2956 1426 qui
2980 1357 3083 1413 tibi

2534 1437 2814 1496 Procreati
2843 1461 2912 1499 ex
2940 1447 3097 1504 fonte
3125 1453 3337 1509 vivunt.

2711 1533 2966 1605 Respice.

2604 1627 2862 1684 Haeredes
2884 1637 2940 1687 et
2965 1635 3333 1705 quohaeredes

2528 1715 2735 1772 Christi
2761 1721 2864 1786 tui,
2893 1723 2952 1777 in
2973 1741 3168 1796 quem,

2529 1806 2595 1860 Et
2621 1824 2724 1878 per
2749 1827 2919 1881 quem
2951 1822 3153 1871 cuncta
3180 1823 3402 1892 creasti,

2521 1895 2660 1958 Quia
2688 1899 2748 1953 in
2777 1904 3275 1972 praedestinatione

2520 1989 2564 2040 Α
2591 1991 2810 2047 saeculis
2833 1994 2995 2049 nobis
3024 2002 3108 2052 est

2521 2075 2666 2132 Deus
2689 2080 2864 2152 Jesus,
2895 2086 2993 2155 qui
3022 2103 3173 2143 nunc
3203 2093 3388 2164 coepit.

2699 2171 2952 2242 Respice.

2589 2267 2888 2339 Unigenito
2915 2289 2984 2328 ex
3012 2280 3252 2333 mortuis

2517 2356 2625 2409 Deo
2650 2359 2907 2415 obtinens
2935 2380 3156 2438 corpus,

1379 2448 1678 2506 Landanda
1713 2454 1912 2525 virtus,
1961 2474 2089 2528 qua;
2127 2476 2228 2532 per
2271 2463 2445 2535 5pm-
2513 2445 2837 2504 Claritatem
2869 2453 2983 2523 Dei,
3015 2473 3248 2516 manens

1445 2545 1567 2596 tum

1373 2631 1638 2688 Sanctum
1665 2634 1907 2694 ﬁrmavit
1933 2646 2228 2714 martyres,

1369 2723 1473 2786 Qui
1494 2729 1916 2786 consternerent
1933 2734 2225 2808 Zabulum,

1370 2815 1437 2868 Et
1465 2821 1708 2872 mortem
1736 2819 2042 2881 vincerent.

1370 2905 1490 2960 Tibi
1513 2910 1688 2964 sancti
1714 2914 2008 2971 canebant.

1438 3009 1604 3064 Manu
1631 3012 1728 3068 Dei
1759 3017 1974 3073 excelsa

1365 3099 1605 3156 Protecti
1630 3109 1824 3160 contra
1845 3109 2132 3168 diabolum

1365 3189 1653 3248 Steterunt
1677 3194 1904 3269 ﬁrmati,

1361 3280 1598 3354 Semper
1623 3285 1879 3344 Trinitati
1909 3291 2081 3348 fidem

1359 3371 1494 3426 Toto
1521 3375 1687 3430 corde
1716 3385 2019 3439 servantes.

1358 3463 1478 3519 Tibi
1505 3467 1680 3522 sancti
1706 3471 2002 3529 canebant.

1430 3566 1567 3620 Vere
1592 3575 1895 3639 regnantes
1925 3578 2090 3629 erant

1356 3655 1583 3724 Tecum,
1612 3658 1832 3714 Christe
1856 3662 2022 3733 Deus,

1353 3745 1456 3810 Qui
1484 3748 1763 3819 passionis
1792 3752 1995 3808 merito
2025 3771 2260 3812 coronas

1354 3836 1592 3908 Habent,
1626 3843 1682 3893 et
1710 3843 2030 3899 centenario

1352 3927 1560 3982 Fructu
1587 3931 1786 4002 repleti
1817 3935 2085 4004 gaudent.
2185 4000 2188 4002 γ

1349 4019 1469 4073 Tibi
1497 4021 1673 4076 sancti
1692 4024 2062 4094 proclamant.

1420 4119 1628 4175 Christi
1652 4122 1750 4176 Dei
1777 4125 2016 4195 gratiam

1348 4211 1632 4283 Supplices
1658 4214 2037 4281 Obsecremus,

1345 4303 1414 4358 Ut
1437 4305 1496 4358 in
1521 4305 1696 4377 ipsius
1723 4307 1964 4378 gloriam

1345 4401 1836 4469 Consummemur,
1862 4403 1920 4454 et
1944 4399 2004 4456 in
2031 4405 2284 4459 sanctam

1344 4489 1689 4545 Hierusalam
1719 4487 2008 4546 civitatem
2028 4491 2126 4547 Dei

1341 4581 1597 4637 Trinitati
1623 4597 1755 4635 cum
1780 4583 1984 4637 sanctis

1544 4671 1804 4727 Dicamus
1831 4672 2072 4742 alleluja.

2513 2536 2575 2589 In
2601 2540 2810 2594 saecula
2837 2546 3171 2604 saeculorum

2512 2626 2628 2682 Rex
2651 2633 3013 2690 aaternorum.

2686 2722 2939 2794 Respice.

2578 2819 2719 2882 Quia
2747 2839 2898 2879 nunc
2929 2829 3095 2900 cepit,
3124 2833 3221 2903 qui
3248 2851 3476 2910 semper

2508 2907 2634 2964 Fuit
2656 2917 2874 2969 naturae
2901 2921 3015 2973 tuae
3046 2921 3234 2994 Filius,

2505 2997 2716 3055 Divina:
2742 3003 2881 3059 lucis
2908 3009 3100 3079 gloriae
3131 3017 3263 3085 tum,

2501 3089 2608 3152 Qui
2637 3096 2721 3147 est
2742 3095 2924 3152 forma
2951 3104 3006 3155 et
3029 3103 3325 3173 plenitudo

2503 3179 2817 3240 Divinitatis
2847 3191 2962 3244 tuae
2984 3191 3275 3266 frequens.

2683 3273 2935 3348 Respice.

2569 3377 2813 3434 Persona
2834 3383 2938 3437 Uni
2945 3386 3145 3456 geniti,

2499 3466 2566 3520 Et
2601 3469 2990 3545 primogeniti,

2496 3557 2602 3619 Qui
2632 3565 2713 3614 est
2736 3565 2887 3618 totus
2914 3583 2947 3619 a
2979 3571 3096 3623 toto

2495 3645 2749 3705 Diximus
2776 3653 2874 3709 lux
2900 3656 2969 3711 de
2997 3658 3233 3718 lumine.

2672 3753 2924 3824 Respice.

2565 3841 2630 3896 Et
2654 3843 2833 3899 Deum
2863 3862 3060 3903 verum
3087 3868 3119 3904 a
3145 3851 3260 3908 Deo
3290 3871 3420 3912 vero

2490 3931 2723 4005 Semper
2757 3953 2982 4012 semper
3017 3943 3379 4017 confitemur,

2486 4023 2685 4081 Tribus
2715 4033 2966 4100 personis

2488 4115 2549 4169 In
2577 4133 2692 4175 una
2718 4121 3049 4183 substantia.

2664 4213 2921 4288 Respice.

2506 4360 2778 4429 Hymnum
2803 4367 2980 4444 salicti
3001 4368 3226 4425 Patritz‘z’
3246 4377 3498 4444 magistri

2848 4438 3143 4496 Scotorum.

2436 4589 2439 4596 ,
2549 4547 2774 4619 Audite,
2802 4565 2999 4606 omnes
3027 4561 3280 4613 amantes

2476 4635 2676 4704 Deum,
2701 4646 2891 4696 sancta
2917 4645 3119 4699 merita

2476 4723 2588 4778 Viri
2614 4725 2674 4780 in
2703 4727 2922 4785 Christo
2943 4733 3091 4790 beati

2471 4814 2675 4868 Patrici
2701 4817 2948 4893 episc0pi

3521 357 3623 407 590

1441 4850 1713 4917 Hymnum
1741 4846 1816 4902 ad
1840 4847 2168 4903 Matutinam
2204 4848 2263 4900 in

207 4867 561 4976 Ηνωηέίϊίλίτὶ
581 4880 1124 4976 “sittant/"um:
1152 4887 1236 4942 υθί
1441 4867 1997 4976 ¹¹⁹⁷¹²⁷⁸¹ί⁷ηυ⁶ἑξ⁶ἒιὲξέἓὲἷ

2469 4905 2758 4968 Quomodo
2784 4911 2998 4970 bonum
3029 4917 3101 4972 ob
3127 4925 3318 4980 actum

359 4945 592 5003 Sabbato
625 4951 699 5005 ad
721 4945 1070 5011 Matutiﬁam.

2469 4994 2758 5054 Similatur
2784 5005 3019 5076 angelis,

2469 5089 2894 5166 Perfectamque
2922 5104 3157 5171 propter
3188 5103 3360 5158 vitam

2468 5182 2742 5255 Equatur
2763 5190 3050 5259 apostolis.

2541 5277 2708 5331 Beata
2728 5278 2933 5336 Christi
2959 5285 3201 5341 custodit

2464 5368 2718 5425 Mandata
2742 5371 2802 5426 in
2826 5375 3086 5432 omnibus

2462 5462 2636 5534 Cujus
2659 5481 2830 5536 opera
2852 5468 3136 5540 refulgent

2457 5553 2615 5608 Clara
2639 5555 2787 5612 inter
2812 5557 3071 5614 homines

2460 5645 2837 5717 Sanctamque
2865 5648 3025 5719 cujus
3050 5655 3367 5723 sequuntur

2458 5734 2796 5806 Exemplum
2822 5736 3152 5811 miriﬁcum,

2459 5825 2615 5881 Unde
2642 5831 2699 5883 et
2722 5827 2782 5883 in
2807 5828 2960 5885 caelis
2984 5833 3208 5888 Patrem

2457 5915 2814 5990 Magnificam
2837 5920 3164 5981 Dominum.

262 5090 628 5151 Sacratissimi
702 5105 977 5174 martyres
1055 5106 1266 5161 summi
1331 5172 1352 5181 ν
1405 5076 1874 5181 ΞΡΠἸξυειὼνωθθ

1130 5203 1265 5276 mei,
1324 5171 1492 5240 Lucis
1517 5171 1734 5242 gloriae,

172 5251 454 5317 Bellatores
479 5263 788 5339 fortissimi,
1131 5249 1145 5276 ί
1195 5249 1265 5277 w’
1332 5263 1564 5336 Respice
1590 5261 1650 5316 in
1676 5275 1787 5327 me,

169 5344 359 5404 Christi
384 5353 552 5426 Regis
575 5361 949 5428 potentissimi

170 5432 332 5492 Duces
357 5447 633 5502 exercitus
661 5451 776 5521 Dei,

171 5522 399 5585 Victores
424 5532 482 5589 in
507 5537 658 5593 caelis

171 5609 272 5668 Deo
297 5629 574 5681 canentes.
603 5629 858 5703 Alleluja.

233 5705 604 5772 Excelsissime
631 5720 865 5794 Christe,

168 5791 433 5886 Coerlorum
458 5805 602 5863 Deus
624 5791 920 5886 cherubin,

170 5880 260 5940 Cui
285 5891 434 5949 sedes
459 5912 589 5952 cum
613 5901 775 5959 Patre
805 5921 982 5963 sacra.

1401 5353 1656 5423 Domine,

1397 5449 1542 5501 Deus
1564 5439 1832 5509 veritatis,

1323 5535 1597 5591 Dominus
1627 5535 1772 5588 Deus
1797 5528 2060 5602 Sabaoth,

1321 5627 1469 5682 Deus
1495 5624 1722 5693 Israhel,

1390 5714 1642 5785 Respice.

1387 5822 1605 5880 Lumen
1635 5823 1705 5880 de
1734 5822 1948 5879 lumine

1318 5912 1646 5970 Referemus
1672 5913 1874 5970 Filium
1904 5914 2099 5985 Patris,
