4006 6238
389 337 481 409 ξςθὶ
1183 328 1514 392 APPENDIX
1552 323 1639 382 AD
1675 317 1897 376 OPERA
1935 307 2167 368 SANCTI
2205 300 2504 361 GERMANI
2544 282 2970 352 PARISIENSIS.

463 463 732 516 Constans
761 453 821 509 in
850 453 948 510 Dei
972 452 1176 508 timore

388 553 458 608 Et
481 551 591 605 ﬁde
617 545 906 602 inmobilis

393 641 572 711 Super
597 654 725 709 quae
755 635 1082 702 aediﬁcatur,

392 731 462 785 Ut
486 731 719 783 Petrum
746 724 988 780 Ecclesia

393 819 677 889 Cujusque
698 813 1074 886 apostolatum

393 913 434 965 Α
466 911 578 964 Deo
604 907 835 962 sortitus
862 909 964 972 est,

396 1001 457 1054 ln
485 999 644 1069 cujus
668 1000 846 1067 porta:
873 993 1170 1047 adversum

399 1087 608 1143 Inferni
635 1102 748 1139 non
776 1081 1103 1154 praevalent.

466 1203 740 1260 Dominus
766 1201 927 1255 illum
955 1197 1125 1268 elegit

397 1298 467 1352 Ut
491 1296 715 1350 doceret
733 1292 1005 1346 barbaras

395 1387 679 1453 Nationes,
713 1387 770 1438 et
792 1381 1034 1453 piscaret

397 1481 504 1535 Per
533 1474 803 1532 doctrinae
834 1471 994 1540 retia,

400 1572 469 1626 Et
495 1569 563 1623 de
591 1565 794 1621 saeculo
825 1563 1118 1618 credentes

400 1660 671 1716 Traheret
694 1657 765 1711 ad
792 1653 1030 1726 gratiam

399 1749 710 1805 Dominum
737 1744 836 1816 qui
865 1742 1236 1814 sequerentur

403 1840 606 1896 Sedem
632 1837 703 1892 ad
729 1834 1058 1890 aetheream.

475 1957 663 2011 Electa
684 1951 888 2008 Christi
911 1949 1122 2004 talenta

404 2045 605 2101 Vendit
630 2040 978 2112 euangelica,

404 2138 542 2208 Quae
569 2134 839 2188 Hibernas
876 2130 1026 2183 inter
1053 2128 1248 2198 gentes

405 2226 547 2281 Cum
576 2222 764 2277 usuris
788 2219 985 2290 exigit,

406 2313 652 2384 Navigiis
675 2309 846 2381 hujus
872 2308 1078 2363 laboris

406 2408 551 2462 Tum
576 2419 764 2475 operm
792 2401 1039 2472 pretium

407 2500 552 2554 Cum
578 2494 802 2550 Christo
830 2491 996 2563 regni
1023 2487 1258 2544 cmlestis

409 2590 770 2642 Possessurus
793 2581 1086 2654 gaudium.

484 2701 688 2758 Fidelis
715 2699 814 2755 Dei
839 2697 1120 2764 minister,

414 2792 771 2864 lnsignisque
796 2788 1031 2843 nuntius

415 2881 806 2955 Apostolicum
832 2877 1186 2948 exemplum,

416 2974 794 3042 Formamque
819 2968 1037 3040 praebet
1062 2965 1246 3030 bonis,

418 3062 525 3126 Qui
556 3068 672 3117 tam
700 3060 884 3115 verbis
914 3074 1088 3130 quam
1112 3061 1168 3112 et
1191 3053 1352 3110 factis

419 3153 577 3208 Plebi
605 3151 878 3224 pradicet
905 3150 1027 3215 Dei,

422 3246 492 3300 Ut
517 3259 691 3314 quem
719 3241 880 3296 dictis
900 3256 1018 3294 non
1045 3235 1320 3293 convertit

425 3334 633 3388 Fructu
659 3334 926 3402 provocet
947 3330 1116 3383 bono.

498 3449 745 3504 Gloriam
773 3447 947 3502 habet
971 3461 1102 3501 cum
1127 3441 1368 3509 Christo,

430 3543 717 3598 Honorem
746 3540 805 3594 in
831 3538 1033 3594 saeculo

431 3631 539 3696 Qui
564 3632 633 3685 ab
661 3629 945 3696 omnibus,
975 3631 1041 3682 ut
1069 3627 1164 3680 Dei

433 3723 753 3777 Veneratur
779 3719 1034 3791 angelus'

436 3815 618 3878 Quem
642 3813 786 3867 Deus
811 3810 967 3864 misit
990 3812 1054 3863 ut
1080 3805 1319 3862 Paulum

437 3905 524 3959 Ad
552 3908 746 3974 gentes
771 3901 1109 3972 apostolum,

440 3996 512 4049 Ut
539 3991 868 4048 hominibus
896 3991 1164 4044 ducatum

444 4083 731 4138 Praeberet
758 4096 934 4150 regno
965 4078 1085 4132 Dei.

519 4201 758 4258 Humilis
787 4201 887 4255 Dei
911 4201 982 4255 ob
1018 4203 1236 4255 metum

450 4293 664 4368 Spiritu
691 4297 747 4347 et
764 4307 1021 4363 corpore,

453 4388 635 4458 Super
660 4401 832 4457 quem
862 4385 1078 4438 bonum
1104 4381 1175 4436 ob
1196 4383 1385 4436 actum

453 4476 776 4548 Requiescit
803 4475 1098 4542 Dominus,

459 4568 744 4639 Cujusque
767 4567 922 4638 justa
951 4565 1011 4619 in
1043 4579 1208 4618 carne

461 4657 667 4713 Christi
695 4661 883 4728 portat
904 4657 1189 4727 stigmata,

508 4762 534 4813 t
558 4754 718 4824 cujus
747 4748 861 4803 sola
887 4750 1207 4802 sustentans

468 4846 750 4904 Gloriatur
774 4840 836 4894 in
861 4853 1046 4892 cruce.

543 4962 790 5035 impiger
815 4957 1105 5011 credentes
1131 4951 1308 5025 pascit

470 5054 720 5128 Dapibus
742 5045 1056 5105 cmlestibus

470 5149 551 5205 Ne
579 5143 678 5217 qui
705 5140 970 5195 videntur
994 5151 1124 5190 cum
1148 5131 1366 5187 Christo

475 5242 539 5297 In
561 5237 652 5291 via
677 5230 958 5298 deficiant,

476 5327 689 5395 Quibus
717 5323 914 5392 erogat
943 5322 1005 5372 ut
1031 5330 1204 5388 panes

477 5418 659 5474 Verba
684 5409 1029 5484 euangelica,

478 5513 546 5567 Et
572 5508 732 5579 cujus
755 5501 1207 5574 multiplicantur

484 5603 554 5656 Ut
578 5613 786 5654 manna
812 5595 868 5648 in
902 5591 1183 5646 manibus.

561 5725 782 5778 Kastam
811 5717 908 5788 qui
934 5712 1178 5768 custodit
1203 5724 1430 5764 carnem

490 5814 574 5868 0b
599 5825 851 5866 amorem
879 5804 1124 5871 Domini,

495 5907 672 5968 Quam
699 5912 922 5951 carnem
951 5893 1228 5962 templum
1257 5890 1469 5960 paravit

1562 440 1876 503 Sanctoque
1902 423 2155 498 Spiritui,

1561 531 1603 582 Α
1631 540 1744 597 quo
1773 520 2094 575 constanter
2123 526 2254 566 cum
2281 504 2510 561 mundis

1563 613 1884 672 Possidetur
1904 605 2137 668 actibus,

1562 708 1742 770 Quam
1762 705 1818 756 et
1836 696 2080 754 hostiam
2103 692 2421 764 placentem

1563 796 1756 850 Vivam
1784 789 1948 845 offert
1973 783 2232 839 Domino.

1638 916 1965 980 Lumenque
1991 904 2192 960 mundi
2217 913 2514 956 accensum

1569 1007 1771 1076 Ingens
1797 998 2212 1070 euangelicum,

1569 1097 1632 1149 In
1661 1091 1992 1146 candelabro
2015 1089 2265 1142 levatum

1570 1187 1708 1239 Toto
1733 1182 1958 1251 fulgens
1983 1177 2210 1243 smculo,

1571 1273 1715 1328 Civis
1739 1271 1890 1342 regis
1914 1268 2134 1323 munita

1573 1364 1753 1434 Supra
1777 1363 2033 1415 montem
2059 1356 2260 1429 posita,

1573 1452 1742 1522 Copia
1765 1451 1826 1505 in
1853 1466 1966 1520 qua
1993 1452 2078 1503 est
2104 1445 2302 1513 multa,

1573 1543 1753 1605 Quam
1779 1539 2051 1594 Dominus
2076 1535 2340 1607 possidet.

1645 1661 1919 1718 Maximus
1943 1674 2191 1730 namque
2217 1657 2277 1710 in
2305 1670 2482 1726 regno

1576 1751 1860 1806 Caelorum
1883 1749 2191 1816 vocabitur,

1578 1843 1683 1907 Qui
1708 1842 1858 1913 quod
1883 1839 2066 1894 verbis
2093 1838 2255 1892 docet
2280 1833 2468 1901 sacris,

1579 1932 1761 1988 Factis
1786 1931 2061 2000 adimplet
2084 1927 2269 1994 bonis,

1581 2027 1735 2080 Bono
1762 2020 2032 2094 praecedit
2058 2019 2341 2090 exemplo,

1582 2116 1955 2184 Formamque
1979 2110 2234 2165 ﬁdelium

1580 2205 1899 2275 Mundoque
1919 2202 1978 2256 in
2005 2200 2170 2255 corde
2202 2197 2373 2253 habet

1583 2295 1666 2349 Ad
1689 2296 1868 2348 Deum
1887 2290 2174 2346 fiduciam.

1656 2415 1873 2468 Nomen
1897 2411 1994 2465 Dei
2021 2411 2295 2465 audenter

1584 2503 1895 2560 Adnuntiat
1925 2501 2208 2573 gentibus,

1584 2594 1796 2659 Quibus
1822 2592 2055 2646 lavacris
2078 2590 2270 2645 salutis

1590 2687 1875 2740 zEternam
1911 2683 2007 2737 dat
2038 2681 2302 2752 gratiam,

1589 2779 1694 2830 Pro
1719 2790 1965 2847 quorum
1994 2777 2120 2827 orat
2144 2770 2365 2827 delictis

1589 2867 1673 2922 Ad
1700 2867 1878 2920 Deum
1907 2863 2135 2932 cotidie,

1591 2960 1697 3014 Pro
1724 2956 1929 3028 quibus
1951 2959 2017 3009 ut
2044 2955 2157 3007 Deo
2183 2952 2382 3022 dignas

1597 3047 1970 3117 lmmolatque
1995 3043 2228 3098 hostias.

1667 3171 1907 3224 Omnem
1931 3183 2036 3238 pro
2064 3165 2254 3220 divina
2282 3164 2408 3235 lege

1598 3258 1788 3315 Mundi
1815 3273 1981 3327 sporn
1989 3257 2031 3311 it
2058 3255 2319 3327 gloriam,

1599 3349 1705 3413 Qui
1731 3352 1933 3402 cuncta
1959 3346 2031 3401 ad
2060 3345 2221 3415 cujus
2261 3358 2517 3398 mensam

1604 3439 1859 3494 Estimat
1878 3435 2198 3508 quisquilia,

1605 3531 1714 3584 Nec
1739 3527 2030 3598 ingruenti
2058 3529 2318 3580 movetur

1606 3618 1796 3676 Mundi
1819 3619 1987 3689 hujus
2012 3616 2273 3684 fulmine,

1610 3710 1715 3768 Sed
1748 3710 1806 3764 in
1832 3707 2078 3763 adversis
2102 3707 2346 3772 laetatur,

1610 3801 1753 3856 Cum
1777 3815 1881 3871 pro
1909 3797 2127 3853 Christo
2153 3794 2387 3867 patitur.

1686 3925 1878 3977 Pastor
1902 3921 2086 3974 bonus
2119 3922 2173 3972 et
2199 3914 2376 3971 ﬁdelis

1616 4013 1811 4083 Gregis
1838 4008 2174 4082 euangelici,

1617 4107 1798 4169 Quem
1824 4103 1970 4156 Deus
2006 4097 2102 4154 Dei
2133 4096 2304 4168 elegit

1620 4193 1912 4252 Custodire
1943 4189 2241 4262 populum,

1600 4288 1905 4354 ‘Suamque
1933 4295 2157 4353 pascere
2191 4275 2418 4349 plebem

1626 4375 1836 4433 Divinis
1859 4371 2235 4444 dogmatibus.

1628 4470 1734 4524 Pro
1763 4481 1874 4537 qua
1899 4463 1968 4518 ad
1998 4459 2207 4517 Christi
2231 4453 2558 4525 exemplum

1631 4559 1802 4615 Suam
1825 4554 1997 4610 tradit
2021 4550 2294 4607 animam.

1704 4681 1884 4743 Quem
1908 4689 2012 4748 pro
2041 4671 2258 4730 meritis
2287 4665 2541 4727 Salvator

1635 4769 1894 4826 Provexit
1917 4766 2266 4839 pontiﬁcem,

1639 4863 1710 4918 Ut
1733 4859 1792 4914 in
1821 4855 2036 4914 coelesti
2061 4857 2320 4911 moneret

1641 4951 1882 5006 Clericos
1911 4948 2134 5016 militia,

1645 5042 1940 5098 Coelestem
1968 5038 2176 5110 quibus
2203 5047 2487 5091 annonam

1647 5135 1854 5204 Erogat
1879 5145 2009 5185 cum
2030 5128 2294 5191 vestibus,

1649 5223 1809 5288 Quod
1832 5221 1893 5276 in
1920 5220 2125 5275 divinis
2149 5215 2444 5288 impletur,

1653 5313 1947 5385 Sacrisque
1975 5309 2258 5366 affatibus.

1724 5437 1894 5508 Regis
1917 5435 2150 5490 nuntius
2179 5429 2425 5484 invitans

1655 5528 1955 5586 Credentes
1977 5525 2049 5579 ad
2075 5521 2299 5592 nuptias

1657 5619 1760 5684 Qui
1785 5620 2020 5672 ornatur
2047 5613 2382 5668 vestimento

1658 5706 1901 5780 Nuptiali
1928 5705 2194 5772 indutus,

1659 5797 1765 5863 Qui
1792 5797 2017 5852 caeleste
2041 5793 2232 5849 haurit
2258 5791 2455 5846 vinum

1663 5890 1724 5943 In
1758 5888 1902 5944 vasis
1930 5884 2263 5954 coelestibus,

2695 401 3122 472 Propinansque
3150 390 3253 446 Dei
3278 385 3506 460 plebem

2697 487 2957 564 Spiritale
2988 482 3277 557 poculum.

2770 618 2998 672 Sacrum
3028 606 3248 664 invenit
3274 604 3608 658 thesaurum

2701 708 2877 762 Sacro
2906 705 2965 757 in
2989 698 3294 760 volumine,

2702 792 3112 862 Salvatorisque
3142 789 3202 841 in
3229 798 3397 839 carne

2703 886 2977 941 Deitatem
3003 877 3278 951 pervidet,

2702 980 2880 1043 Quem
2906 975 3242 1028 thesaurum
3275 962 3416 1019 emit
3442 957 3645 1014 sanctis

2705 1066 3080 1135 Perfectisque
3100 1057 3338 1124 meritis,

2709 1156 2917 1215 Israhel
2944 1157 3177 1208 vocatur
3202 1147 3376 1217 hujus

2708 1250 2910 1307 Anima
2933 1246 3128 1300 videns
3153 1242 3352 1295 Deum.

2780 1387 2957 1443 Testis
2977 1378 3199 1440 Domini
3224 1373 3405 1430 ﬁdelis

2713 1483 2775 1534 ln
2801 1479 2927 1548 lege
2955 1469 3249 1533 catholica,

2713 1571 2887 1641 Cujus
2918 1565 3089 1621 verba
3114 1562 3246 1615 sunt
3273 1551 3477 1610 divinis

2716 1657 2967 1717 Candida
2991 1649 3250 1716 oraculis,

2718 1755 2796 1808 Ne
2822 1751 3090 1805 humanae
3118 1740 3320 1812 putent
3343 1745 3541 1788 carnes

2717 1845 2980 1912 [Esseque
3001 1855 3033 1890 a
3052 1830 3362 1891 vermibus,

2720 1935 2830 1991 Sed
2857 1927 3068 1986 caelesti
3094 1924 3371 1978 alleantur

2721 2027 2932 2097 Sapore
2960 2020 3030 2074 ad
3057 2014 3365 2071 victimam.

2795 2153 2971 2205 Verus
2995 2143 3178 2198 cultor
3203 2141 3257 2192 et
3285 2128 3523 2203 insignis

2721 2239 2860 2312 Agri
2886 2229 3226 2303 euangelici,

2725 2332 2898 2403 Cujus
2922 2325 3135 2382 semina
3161 2319 3426 2374 videntur

2727 2419 2939 2480 Christi
2965 2411 3284 2484 euangelia,

2729 2517 2864 2580 Qua:
2891 2508 3081 2565 divino
3107 2502 3243 2558 serit
3271 2512 3367 2552 ore

2729 2610 2793 2661 In
2819 2617 2982 2658 aures
3010 2591 3380 2669 prudentium
3397 2627 3411 2650 ,

2731 2699 2986 2762 Quorum
3013 2699 3240 2759 quoque
3265 2677 3432 2735 corda
3463 2689 3528 2728 ac
3557 2669 3767 2726 mentes

2733 2790 2934 2845 Sancto
2955 2785 3079 2837 arat
3107 2775 3342 2848 Spiritu.
3411 2840 3426 2854 .

2806 2923 3061 2980 Christus
3085 2915 3247 2969 illum
3273 2907 3378 2964 sibi
3407 2902 3580 2974 elegit

2735 3020 2799 3073 1n
2832 3011 2998 3070 terris
3023 3004 3316 3069 vicarium,

2737 3106 2845 3172 Qui
2875 3104 2943 3158 de
2971 3097 3198 3171 gemino
3228 3087 3476 3160 captivos

2739 3195 2969 3251 Liberat
2999 3184 3246 3251 servitio,

2741 3286 3045 3354 Plerosque
3072 3279 3140 3332 de
3171 3271 3439 3328 servitute

2741 3381 2890 3444 Quos
2927 3371 3169 3429 redemit
3193 3364 3515 3428 hominum,

2745 3474 3080 3525 Innumeros
3105 3461 3173 3515 de
3199 3453 3394 3512 Zabuli

2748 3555 2996 3615 Absolvit
3015 3547 3285 3607 dominio.

2818 3695 3073 3763 Hymnos
3098 3699 3230 3740 cum
3260 3673 3596 3750 Apocalypsi

2751 3785 3111 3850 Psalmosque
3140 3776 3326 3830 cantat
3353 3769 3470 3837 Dei,

2753 3878 3012 3944 Quosque
3040 3868 3111 3923 ad
3137 3859 3533 3920 azditicandum

2754 3965 2855 4022 Dei
2874 3963 3080 4017 tractat
3105 3955 3403 4028 populum,

2755 4057 2938 4120 Quam
2962 4051 3151 4120 legem
3181 4046 3240 4098 in
3269 4040 3536 4096 Trinitate

2760 4144 2911 4201 Sacri
2937 4139 3114 4196 credit
3131 4134 3404 4202 nominis,

2761 4234 3074 4302 Tribusque
3099 4224 3357 4299 personis
3376 4235 3552 4276 unam
3580 4275 3583 4278 _

2763 4327 3043 4393 Docetque
3071 4313 3463 4372 substantiam.

2839 4462 2985 4515 Zona
3011 4452 3237 4511 Domini
3263 4447 3600 4523 praecinctus

2769 4543 2978 4608 Diebus
3002 4563 3065 4602 ac
3094 4542 3370 4608 noctibus,

2772 4643 2905 4699 Sine
2929 4633 3347 4694 intermissione

2775 4734 2954 4788 Deum
2980 4730 3102 4784 orat
3127 4722 3456 4789 Dominum,

2777 4823 2962 4893 Cujus-
2974 4815 3224 4889 ingentis
3253 4809 3459 4866 laboris

2779 4915 3152 4982 Percepturus
3179 4903 3484 4976 prmmium

2781 5005 2927 5061 Cum
2951 4996 3214 5072 apostolis
3240 4989 3504 5062 regnabit

2784 5096 3024 5152 Sanctus
3049 5102 3220 5160 super
3249 5080 3479 5139 Israhel.

2855 5233 3126 5292 Patricius
3152 5227 3446 5300 episcopus

2791 5330 2925 5385 Oret
2950 5341 3052 5398 pro
3077 5319 3237 5376 nobis
3267 5313 3551 5378 omnibus,

2791 5421 2862 5475 Ut
2885 5416 3176 5472 deleantur
3200 5406 3458 5480 protinus

2793 5511 3023 5565 Peccata
3047 5518 3173 5574 quae
3199 5493 3602 5554 commisimus.

2794 5595 3017 5656 Patricii
3037 5591 3230 5647 laudes

2796 5692 3029 5759 Semper
3055 5683 3325 5748 dicamus,

2796 5782 2867 5836 Ut
2890 5793 2992 5832 nos
3011 5788 3143 5829 cum
3168 5769 3266 5853 illo

2797 5871 3029 5939 Semper
3051 5863 3324 5918 vivamus.

3665 270 3770 321 39'2
