4006 6238
200 405 297 459 593

243 513 532 583 Hymnum
563 516 746 570 sancti
774 515 1024 586 Comgz’llz‘
1063 515 1276 571 abbatis
1355 516 1565 587 Pignus
1592 517 1864 588 praeclaro
1893 516 2083 572 animo

666 590 854 642 nostri.

261 694 671 750 Recordemur
691 695 929 767 justitiaa

198 784 383 839 Nostri
414 786 664 855 patroni
689 786 902 857 fulgide

197 875 466 946 Comgilli
498 877 684 930 sancti
709 878 940 932 nomine

197 965 569 1036 Refulgentis
595 968 654 1021 in
680 985 871 1040 opere.

199 1055 394 1126 Adjuti
428 1058 532 1112 Dei
561 1060 815 1116 Flaminc

201 1144 404 1199 Sancto
435 1147 707 1220 claroque
730 1151 966 1222 lumine,

197 1234 492 1291 Trinitatis
522 1240 853 1297 celsissimm

196 1326 413 1380 Cuncta
441 1331 712 1386 tenentes
737 1336 1018 1406 regmine,

195 1417 376 1480 Quem
410 1418 570 1473 Deus
589 1423 657 1476 ad
685 1425 932 1481 aetherea

198 1506 490 1562 Conduxit
518 1509 868 1582 habitacula,

196 1598 276 1652 Ab
306 1601 533 1670 angelis
557 1606 861 1675 custodita,

195 1689 578 1746 Permansura
607 1693 668 1748 in
692 1697 919 1753 saecula.

263 1806 474 1862 Audite
501 1814 705 1880 pantes
727 1818 782 1868 ta
801 1831 934 1886 erga

193 1895 358 1951 Allati
383 1898 456 1952 ad
485 1901 748 1969 angelica

194 1985 429 2041 Athletae
470 1988 572 2043 Dei
599 1990 792 2046 abdita

191 2077 552 2146 Ajuventute
580 2081 782 2137 ﬂorida

193 2170 365 2224 Aucta.
391 2169 454 2224 in
485 2172 630 2242 legis
656 2173 883 2244 pagina,

194 2259 314 2313 Alta
340 2261 524 2315 sancti
551 2278 657 2332 per
682 2263 894 2320 viscera

194 2352 332 2420 Apta
355 2349 471 2405 ﬁde
490 2352 738 2422 justitia,

196 2441 274 2494 Ad
300 2440 401 2495 Dei
432 2443 608 2496 ducta
636 2445 857 2514 gaudia,

196 2529 300 2584 Alti
325 2531 514 2586 adlata
543 2533 749 2588 merita

201 2619 424 2675 Aﬁ'atim
450 2623 878 2693 concordantia,

402 2711 488 2766 ΑΙ)
510 2712 753 2783 angelis.

268 2820 479 2874 Bonam
502 2821 700 2888 vitam,
727 2821 1027 2893 justitiam,

200 2909 620 2980 Benignitatem
641 2912 922 2982 ﬂoridam,

199 2999 500 3056 Caritatem
532 3003 938 3076 ﬁrmissimam,

198 3089 306 3144 Deo
333 3091 522 3160 primo
545 3093 878 3164 adhibitam,

198 3180 359 3233 Juxta
384 3184 724 3238 mandatum
749 3186 990 3243 solidam

200 3270 258 3322 In
282 3285 460 3340 regno
491 3275 1036 3348 prazstantissimam,

198 3360 471 3415 Proximis
502 3379 654 3434 saepe
682 3360 929 3420 debitam

199 3447 369 3504 Corde
400 3467 608 3505 sereno
634 3453 897 3522 placitam

201 3537 480 3594 Efﬁciebat
510 3543 802 3612 cognitam

203 3627 258 3680 In
285 3628 474 3684 futuro
500 3631 876 3702 fructiferam,

404 3721 591 3783 Quem
619 3721 784 3775 Deus.

268 3826 666 3900 Contemptum
693 3832 1069 3888 mundialium

201 3915 578 3987 Voluptatum,
616 3922 984 3992 praesentium

202 4003 465 4062 Vitiorum
499 4009 894 4068 ﬁrmissimum

204 4094 450 4152 lnﬁrmos
479 4101 746 4156 devastan
754 4104 901 4159 tium

203 4183 502 4244 Verborum
522 4190 935 4261 cogitaminum

201 4272 351 4329 Parte
382 4278 523 4333 laeva
559 4283 905 4338 versantium

201 4362 528 4425 Continebat
551 4388 656 4441 per
677 4373 958 4431 viscerum

202 4453 412 4514 Secreta
436 4462 800 4534 vigilantium

402 4550 484 4605 Ab
510 4552 747 4621 angelis.

271 4661 466 4720 Doctus
491 4668 554 4721 in
583 4668 684 4722 Dei
712 4669 934 4740 legibus

207 4747 405 4808 Divinis
431 4756 771 4812 dictionibus

207 4838 410 4896 Ditatus
436 4847 641 4902 sanctis
671 4847 891 4919 opibus,

209 4929 313 4986 Deo
332 4951 556 5008 semper
580 4938 950 5010 placentibus,

206 5019 489 5081 Dedicatus
514 5027 572 5081 in
597 5028 869 5096 moribus,

210 5109 298 5166 Dei
326 5115 638 5188 Stephanus
665 5119 825 5190 agius

210 5202 434 5263 Docebat
460 5210 537 5265 sic
563 5214 620 5265 et
644 5213 879 5265 creterus

211 5292 352 5351 Dicta
379 5300 537 5356 docta
559 5300 824 5374 operibus

409 5393 584 5456 Quem
608 5395 772 5448 Deus.

276 5509 452 5582 Elegit
475 5530 506 5567 a
531 5514 858 5586 primordio,

212 5597 360 5660 Quod
387 5609 502 5659 erat
529 5605 587 5660 in
611 5605 911 5677 principio,

220 5687 490 5747 Eternum
512 5695 758 5750 Verbum
784 5699 1022 5764 paterno

218 5775 526 5837 Eructatum
555 5783 906 5839 sanctissimo

220 5863 381 5922 Corde
403 5887 594 5928 verum
625 5872 897 5928 altissimo

223 5953 378 6015 Carus
404 5961 580 6024 eidem
605 5963 796 6024 lucido

1355 607 1626 664 Constans
1651 625 1822 680 opere
1845 608 2088 680 placido.

1569 699 1652 753 ΑΙ)
1683 699 1917 770 angelis.

1428 807 1700 877 Fulgebat
1727 806 1821 861 alti
1846 806 2065 877 fulgore

1357 899 1496 956 Solis
1521 899 1640 953 vice
1667 899 1726 952 in
1750 899 1957 952 vertice

1359 990 1663 1046 Hutilantis
1673 990 1814 1045 meri
1829 990 1918 1044 die

1357 1082 1508 1136 Fidei
1536 1080 1892 1146 claritudine,

1356 1172 1731 1228 Conﬁrmatus
1759 1186 1827 1224 ex
1853 1170 2065 1223 viscere

1358 1263 1416 1317 In
1436 1262 1534 1316 Dei
1560 1276 1783 1332 semper
1801 1259 1982 1313 sidere

1353 1352 1649 1406 Conﬁdens
1680 1347 2064 1403 sanctimoniae

1353 1441 1645 1513 Praecipuo
1671 1437 2010 1494 munimine.

1564 1532 1743 1594 Quem
1771 1529 1935 1583 Deus.

1422 1639 1702 1695 Gaudium
1729 1637 1904 1692 sancti
1935 1634 2175 1707 Spiritus

1349 1730 1594 1785 Habebat
1622 1728 1681 1782 in
1709 1726 2032 1793 visceribus,

1348 1823 1609 1891 Regnum
1637 1819 1792 1890 quod
1818 1823 1902 1873 est
1927 1815 2261 1871 sublimibus

1347 1911 1457 1965 Deo
1485 1909 1726 1980 dignum
1758 1913 1814 1963 et
1841 1907 2064 1962 fortius.

1343 2000 1601 2055 Gladium
1628 2015 1854 2071 quoque
1885 1997 2122 2068 Spiritus

1342 2093 1611 2145 Levatum
1637 2089 1709 2142 ad
1736 2087 2116 2160 nequissimus

1342 2181 1462 2244 Quo
1490 2183 1874 2251 prosterneret
1898 2177 2173 2248 superbus

1342 2271 1559 2326 Tenens
1585 2269 1785 2325 sanctis
1807 2269 1867 2323 in
1893 2267 2176 2324 manibus.

1554 2360 1636 2414 ΑΙ)
1663 2358 1896 2430 angelis.

1416 2468 1670 2538 Humilis,
1703 2471 1946 2534 sanctus,
1975 2465 2256 2538 benignus

1341 2559 1553 2614 Probus
1582 2559 1642 2613 in
1672 2559 1770 2613 Dei
1794 2557 2038 2630 legibus,

1340 2651 1649 2716 Humanus,
1675 2649 1879 2718 justus,
1910 2647 2261 2715 commodus,

1340 2737 1656 2794 Laudabilis
1680 2738 1742 2793 in
1770 2737 2045 2804 moribus,

1340 2829 1540 2886 Hilaris
1566 2828 1747 2895 vultu,
1778 2827 2019 2895 sobrius,

1340 2918 1598 2976 Caritatis
1625 2919 1685 2972 in
1711 2918 1968 2988 ﬂoribus,

1342 3011 1640 3065 Decoratus
1667 3008 1980 3078 ordinibus,

1341 3100 1542 3155 Factus
1568 3099 1752 3173 palam
1780 3099 2113 3154 mortalibus

1341 3193 1400 3245 In
1430 3191 1729 3264 Scripturis
1755 3189 2029 3258 eruditus,

1341 3281 1648 3353 lnspiratus
1678 3280 1968 3348 divinitus,

1339 3374 1400 3426 In
1426 3370 1785 3426 sacramentis
1809 3369 2096 3441 providus,

1337 3462 1627 3519 Canonicis
1654 3462 1912 3517 affatibus

1336 3553 1677 3608 Testamenti
1703 3550 2096 3624 prtefulgidus,

1338 3645 1579 3698 Fervens
1605 3642 1828 3714 spiritu,
1857 3640 2112 3712 placidus

1337 3735 1450 3802 Deo
1477 3749 1658 3799 carus,
1689 3734 1744 3786 et
1765 3729 2071 3802 piissimus.

1547 3823 1629 3877 Ab
1653 3820 1888 3892 angelis.

1407 3931 1652 3986 Kalcavit
1675 3929 1955 3984 mundum
1982 3924 2282 3981 subdolum

1337 4020 1598 4076 Karitatis
1625 4035 1729 4090 per
1757 4017 2008 4072 studium

1337 4110 1617 4166 Kastitatis
1634 4107 2046 4176 ﬁrmissimum,

1335 4203 1753 4270 Contempnens
1781 4214 1947 4252 omne
1977 4196 2199 4266 vitium,

1337 4295 1592 4347 lnserens
1623 4305 1828 4360 agrum
1851 4287 2140 4355 ﬂoridum,

1334 4385 1531 4439 Pectus
1559 4381 1842 4436 adornans
1867 4378 2141 4446 lucidum,

1336 4472 1598 4527 Divinum
1624 4468 2010 4525 habitaculum

1333 4563 1502 4618 Trino
1529 4559 1763 4615 nomine
1791 4559 2092 4613 sancitum.

1545 4652 1726 4715 Quem
1754 4651 1917 4704 Deus.

1402 4760 1746 4831 Lampadem
1774 4757 2063 4830 sapientiae

1331 4850 1633 4907 Constituit
1657 4849 1715 4904 in
1745 4852 1990 4920 pectore,

1335 4945 1395 4998 In
1420 4943 1688 4997 thesauro
1716 4939 2005 5011 sapientiae

1333 5032 1565 5087 Condito
1591 5030 1691 5085 Dei
1716 5045 1973 5094 munere,

1333 5125 1720 5180 Inﬂammatus
1745 5135 2090 5191 magnopere

1335 5215 1478 5269 Luce
1506 5229 1653 5267 verae
1676 5209 1931 5282 justitiae,

1335 5304 1618 5360 Exaltatus
1645 5299 1967 5355 munimine

1333 5393 1517 5465 Legis,
1549 5391 1798 5464 spiritus,
1827 5389 2029 5445 literaz.

1547 5499 1627 5554 ΑΙ)
1647 5497 1882 5570 angelis.

1405 5594 1674 5662 Magnum
1699 5587 2077 5659 adprehendit
2099 5583 2360 5641 bradium

1336 5685 1541 5738 Eterna
1566 5679 1678 5734 vita
1702 5678 2055 5750 condignum

1334 5773 1583 5842 Adeptus
1612 5771 1870 5822 sanctum
1900 5767 2206 5840 praemium

1335 5869 1468 5923 Post
1491 5864 1745 5919 laborem
1771 5861 2178 5923 ﬁrmissimum,

1345 5957 1514 6031 Cujus
1539 5953 1853 6032 perfectum
1876 5952 2145 6012 meritum

1035 445 1038 448 ~
1119 405 1670 463 ANTIPHONARIUM
1710 406 2110 464 MONASTERII
2149 403 2672 465 BENCHORENSIS.

2493 515 2766 569 Vocamus
2789 512 2849 568 in
2879 507 3180 582 auxilium,

2494 606 2563 659 Ut
2580 621 2904 660 mereamur
2932 606 3189 661 omnium

2492 694 2772 749 Vitiorum
2798 694 3114 750 excidium.

2704 785 2883 848 Quem
2911 786 3078 840 Deus.

2564 887 2736 942 Notus
2765 892 3093 944 sanctorum
3122 890 3360 946 coetibus

2492 976 2766 1031 Abbatem
2796 976 2855 1031 in
2882 977 3174 1034 ordinibus

2491 1067 2895 1122 Monachorum
2919 1069 3197 1125 militibus

2491 1157 2971 1215 Anachoretarum
2997 1162 3251 1218 sensibus

2491 1247 2780 1317 Synodum
2810 1249 3015 1303 sanctis
3045 1252 3304 1320 plebibus

2493 1338 2672 1391 lmmo
2700 1337 2786 1392 vir
2810 1341 3144 1410 apostolicus

2489 1427 2684 1482 Clarus
2708 1430 2925 1484 cunctis
2951 1430 3011 1487 in
3029 1433 3291 1504 sortibus,

2487 1517 2771 1574 Adauctus
2808 1521 2868 1574 in
2901 1522 3239 1582 sublimibus

2699 1610 2782 1664 Ab
2804 1613 3037 1686 angelis.

2558 1709 2602 1762 Ο
2632 1714 2852 1780 petram
2879 1714 3272 1774 solidissimam

2487 1799 2548 1852 ln
2574 1798 2946 1858 fundamento
2969 1806 3234 1876 positam,

2485 1887 2529 1942 Ο
2557 1892 3001 1963 contemptorem
3031 1899 3286 1954 omnium

2483 1979 2693 2035 Rerum
2723 1998 2972 2054 nequam
2997 1991 3386 2063 praesentium,

2480 2068 2524 2123 Ο
2553 2069 2754 2125 ducem
2777 2078 3034 2131 sanctum
3058 2077 3306 2136 militum

2482 2157 2720 2213 Domino
2747 2161 3073 2220 milantium

2480 2248 2524 2303 Ο
2552 2253 2811 2319 tyronem
2837 2253 3207 2314 fortissimum

2478 2340 2711 2396 Domino
2740 2347 2925 2400 totum
2956 2347 3230 2406 deditum.

2688 2433 2868 2496 Quem
2893 2435 3058 2493 Deus.

2545 2541 2763 2596 Positus
2789 2545 2941 2599 muri
2970 2546 3138 2602 ferrei

2475 2630 2604 2686 Vice
2624 2631 2686 2685 in
2711 2631 2835 2688 luce
2861 2636 3056 2706 populi

2473 2721 2770 2793 Dissipare,
2794 2724 3138 2797 disperdere,

2476 2813 2689 2867 Cuncta
2714 2815 2865 2869 mala
2891 2816 3200 2886 destruere,

2474 2903 2788 2975 JEdiﬁcare,
2819 2907 3071 2976 plantare

2477 2996 2627 3049 Bona
2656 2998 2772 3050 tota
2803 2996 2861 3050 in
2887 3013 3188 3054 commune

2473 3085 2623 3139 More
2649 3086 2828 3140 sancti
2854 3087 3150 3143 Hieremiae

2477 3174 2778 3230 Constituti
2802 3175 2872 3228 in'
2884 3176 3151 3233 culmine.

2688 3264 2772 3318 Ab
2799 3265 3037 3337 angelis.

2545 3364 2682 3428 Quis
2708 3367 3044 3438 contempsit
3070 3371 3371 3440 praesentia

2475 3455 2650 3526 Hujus
2668 3455 2780 3508 aevi
2805 3455 3045 3511 decidua
3059 3458 3087 3511 ?

2473 3544 2607 3608 Quis
2631 3545 2882 3600 ascendit
2905 3548 2977 3601 ad
3004 3564 3252 3619 superna

2472 3636 2608 3689 Toto
2632 3635 2820 3689 animo
2847 3637 3055 3706 gaudia
3073 3639 3101 3691 ‘P

2473 3725 2607 3791 Quis
2631 3725 2852 3780 volebat
2878 3726 2939 3781 in
2967 3727 3182 3783 aethera

2473 3817 2651 3872 Carne
2677 3817 2868 3872 volare
2893 3818 3116 3890 posita?

2473 3905 2721 3970 Qualiter
2747 3905 2848 3962 iste
2873 3907 3007 3962 talia

2473 3996 2722 4069 Adeptus
2752 4000 2946 4051 sancta
2971 3997 3193 4053 merita.

2684 4091 2865 4155 Quem
2896 4091 3041 4145 Deus

2541 4201 2707 4258 Rexit
2735 4205 2982 4257 sanctam
3005 4191 3309 4259 Ecclesiam

2469 4292 2814 4349 Catholicam
2838 4309 2942 4365 per
2969 4294 3249 4366 regulam,

2469 4385 2737 4441 Retinens
2762 4384 2933 4439 fidem
2962 4384 3201 4439 solidam

2467 4478 2666 4531 Malam
2692 4479 2886 4531 contra
2911 4475 3246 4546 nequitiam,

2468 4565 2642 4620 Suam
2668 4580 2936 4619 exercens
2961 4563 3211 4619 animam

2468 4654 2686 4710 Sancta:
2711 4652 2854 4724 legis
2879 4667 2983 4722 per
3006 4651 3301 4722 paginam,

2470 4745 2644 4816 Cujus
2673 4745 2876 4813 exopto
2903 4741 3143 4812 gratiam

2470 4834 2603 4891 Mihi
2629 4834 2867 4888 edomat
2893 4831 3164 4886 animam.

2689 4922 2773 4976 ΑΙ)
2801 4920 3038 4992 angelis.

2549 5032 2781 5105 Sapiens
2808 5046 2936 5085 suos
2963 5030 3215 5086 internos

2477 5127 2706 5182 Sanctos
2735 5122 2958 5179 elevans
2985 5121 3175 5175 oculos

2475 5212 2796 5271 Deducebat
2822 5212 2895 5267 ad
2921 5226 3152 5284 superos

2477 5306 2670 5379 Capite
2698 5308 2887 5360 sancto
2916 5303 3185 5368 intentos,

2476 5399 2640 5452 Parte
2666 5396 2858 5450 sancta
2882 5393 2943 5447 in
2971 5393 3201 5447 dextera

2476 5486 2765 5544 Collocans
2790 5501 2892 5539 sua
2917 5483 3128 5538 viscera

2475 5575 2836 5636 Centurionis
2865 5591 3035 5648 opera

2474 5669 2692 5725 Habens
2728 5669 2918 5720 sancta
2943 5680 3048 5736 per
3079 5658 3302 5720 studia!

2689 5756 2869 5820 Quem
2897 5754 3064 5808 Deus.

2549 5857 2697 5914 Tulit
2720 5872 2881 5911 suam
2911 5854 3249 5910 memoriam

2484 5950 2569 6010 Ad
2597 5947 2953 6008 mansionem
2981 5959 3288 6021 supernam

3487 399 3586 466 594
