4006 6238
111 378 197 430 597
997 368 1551 424 ANTIPI'IONARIUM
1592 367 1995 425 MONASTERII
2037 369 2560 428 BENCHORENSIS.

109 503 364 564 miracula
395 506 589 559 nostra
618 517 844 577 quoque
876 517 1076 558 eorum
1105 498 1426 558 imitatione
1455 500 1621 557 corda
1648 501 1731 558 in-
1751 488 1810 562 A

108 599 331 658 lumina.
360 597 469 665 Qui
495 614 720 670 regnas.

698 691 788 748 Ad
814 692 1208 761 Vespertinam.

171 771 493 844 Vespertina
519 771 698 828 oratio
721 775 914 827 nostra
939 771 1203 825 ascendat
1227 769 1296 824 ad
1332 785 1496 825 aures
1527 770 1732 826 divinas

111 867 399 939 majestatis
427 871 562 936 tum,
587 870 642 921 et
667 865 965 921 descendat
993 863 1310 920 benedictio
1331 866 1447 933 tua,
1469 864 1730 932 Domine,

111 978 264 1034 super
297 978 420 1023 nos,
465 960 956 1034 quemadmodum
994 958 1343 1031 speravimus
1397 957 1456 1014 in
1507 962 1580 1013 te.
1627 957 1734 1024 Qui

114 1072 317 1129 regnas.

629 1127 718 1183 Ad
749 1127 966 1181 initium
995 1127 1198 1183 Noctis.

174 1218 330 1283 Deus,
362 1215 463 1288 qui
491 1215 907 1271 inextricabiles
953 1214 1214 1270 tenebras
1254 1212 1565 1269 inluminas
1593 1230 1731 1269 noc-

115 1312 242 1366 tium
269 1310 632 1378 densitatem,
661 1309 926 1381 caliginis
946 1309 1236 1376 inlustras,
1259 1308 1428 1364 corda
1457 1311 1648 1364 nostra
1675 1307 1735 1363 in

117 1421 267 1477 opere
290 1405 693 1461 mandatorum
713 1408 966 1470 tuorum,
989 1407 1045 1458 te
1073 1419 1321 1473 oramus,
1358 1402 1614 1473 Domine,
1643 1418 1736 1458 cu-

117 1499 322 1555 stodias.
349 1499 456 1563 Qui
486 1515 713 1570 regnas.

639 1593 730 1649 Ad
758 1594 977 1647 initium
1003 1595 1193 1647 noctis.

177 1674 416 1730 Evolutis
441 1691 597 1729 nunc
624 1674 734 1729 diei
777 1673 1150 1745 temporibus,
1180 1671 1586 1744 nocturnisque
1606 1688 1733 1743 spa-

120 1769 197 1825 tiis
240 1769 788 1841 supervenientibus,
829 1768 930 1823 Dei
975 1766 1422 1822 misericordiam
1466 1766 1734 1838 deprece-

3360 375 3459 432 598

2251 481 2438 538 Oratio
2459 480 2751 537 communis
2771 478 3031 548 fratrum.

1901 573 1978 629 Ne
1997 573 2324 631 memineris
2340 573 2703 646 iniquitatum
2734 577 3057 632 nostrarum
3075 573 3458 648 antiquarum.

1829 667 1950 723 Cito
1979 668 2289 740 anticipent
2311 685 2415 724 nos
2463 669 2869 725 misericordiae
2898 672 3032 739 tuas,
3071 670 3204 743 quia
3245 688 3461 744 paupe-

1832 778 1921 816 res
1945 762 2076 817 facti
2101 779 2296 818 sumus
2323 762 2516 818 nimis.
2539 763 2638 834 Adj
2647 780 2753 818 uva
2770 780 2873 818 nos
2891 765 3034 820 Deus
3050 766 3312 821 salutaris
3327 783 3461 822 nos-

1831 861 1947 925 ter;
1981 861 2216 928 propter
2244 857 2487 928 gloriam
2526 857 2774 913 nominis
2811 857 2933 927 tui,
2981 859 3239 930 Domine,
3283 860 3466 916 libera

1833 967 1963 1018 nos;
1994 953 2050 1005 et
2074 950 2352 1022 propitius
2372 956 2490 1006 esto
2511 951 2752 1023 peccatis
2767 952 2972 1007 nostris
3000 957 3236 1026 propter
3254 971 3465 1011 nomen

1837 1048 2021 1100 tuum.
2069 1046 2146 1100 Ne
2186 1046 2376 1099 tradas
2409 1045 2600 1100 bestiis
2643 1046 2892 1101 animam
2931 1047 3297 1104 conﬁtentem
3339 1050 3463 1104 tibi.

1835 1138 2063 1193 Animas
2083 1155 2403 1210 pauperum
2431 1144 2662 1194 tuorum
2687 1156 2758 1195 ne
2787 1140 3129 1197 obliviscaris
3167 1143 3228 1196 in
3266 1142 3462 1199 ﬁnem.

1834 1233 2062 1304 Respice
2075 1233 2133 1286 in
2149 1237 2569 1301 testamentum,
2587 1233 2845 1290 Domine.
2866 1235 3032 1304 Deus,
3048 1235 3107 1290 in
3119 1236 3467 1308 adjutorium

1835 1343 2029 1381 meum
2056 1327 2319 1396 intende;
2349 1327 2694 1396 Domine,ad
2715 1327 3098 1398 adjuvandum
3125 1347 3218 1385 me
3237 1331 3464 1387 festina.

1835 1420 2078 1491 Festina,
2107 1420 2363 1492 Domine,
2404 1421 2647 1477 liberare
2686 1437 2789 1476 nos
2829 1437 2898 1478 ex
2926 1422 3190 1479 omnibus
3228 1426 3470 1498 peccatis

1836 1515 2066 1570 nostris.

2433 1590 2537 1641 Pro
2576 1588 2889 1659 baptizatis.

1908 1681 2136 1736 Salvum
2161 1680 2248 1734 fac
2297 1679 2580 1752 populum
2624 1685 2810 1748 tuum,
2846 1681 3104 1750 Domine,
3143 1685 3199 1736 et
3239 1682 3474 1737 benedic

1838 1774 2159 1830 haereditati
2181 1777 2315 1843 tuae,
2345 1778 2400 1829 et
2429 1790 2562 1846 rege
2589 1791 2703 1845 eos,
2735 1780 2792 1830 et
2815 1776 3038 1845 extolle,
3071 1775 3329 1844 Domine,
3352 1777 3478 1830 illos

118 1881 252 1932 mur,
272 1868 338 1920 ut
363 1863 613 1935 suppleti
641 1863 845 1918 divinis
874 1861 1151 1930 sensibuS,
1191 1860 1554 1916 tenebrarum
1600 1875 1735 1933 Ope-
1758 1867 1815 1938 B
1839 1885 2017 1940 usque
2047 1867 2105 1923 in
2135 1868 2429 1922 saeculum.
2451 1867 2710 1924 Miserere
2730 1869 2988 1924 Ecclesiae
3015 1873 3129 1924 tute
3153 1869 3475 1939 Catholicae,

117 1959 257 2014 ribus
286 1958 616 2014 renuntiare
645 1957 947 2030 possimus.
976 1955 1084 2020 Qui
1111 1971 1342 2027 regnas.

565 2053 656 2108 Ad
673 2067 863 2123 pacem
881 2050 1275 2106 celebrandam.

181 2134 382 2206 Induste
411 2133 660 2204 egimus.
689 2132 998 2188 Redemisti
1025 2147 1149 2197 nos,
1180 2129 1436 2196 Domine,
1469 2128 1616 2184 Deus
1641 2143 1738 2182 ve-

121 2228 300 2297 ritatis,
325 2227 387 2282 in
413 2232 512 2281 tuo
541 2231 730 2281 sancto
760 2225 1055 2296 sanguine,
1095 2240 1247 2278 nunc
1286 2222 1488 2278 adiuva
1532 2237 1640 2276 nos
1681 2220 1742 2276 in

122 2322 364 2377 omnibus
389 2322 526 2376 Jesu
551 2320 793 2389 Christe,
823 2319 923 2391 qui
948 2335 1178 2389 regnas.

182 2418 286 2470 Pax
305 2415 484 2470 multa
515 2413 901 2486 diligentibus,
925 2429 1036 2484 pax
1068 2416 1184 2480 tua,
1215 2410 1472 2479 Domine,
1500 2426 1602 2464 rex
1628 2425 1738 2464 coe-

122 2510 274 2578 lestis,
316 2514 649 2580 permaneat
685 2524 910 2578 semper
955 2506 1013 2560 in
1058 2505 1362 2561 visceribus
1409 2504 1635 2570 nostris,
1679 2509 1744 2559 ut

125 2621 226 2658 non
250 2603 553 2659 timeamus
590 2620 623 2658 a
647 2602 850 2657 timore
876 2605 1175 2656 nocturno.
1203 2599 1309 2664 Qui
1334 2614 1560 2670 regnas.

646 2699 844 2766 Incipit
869 2695 1200 2765 Symbolum.

185 2778 349 2834 Credo
378 2778 438 2832 in
463 2779 645 2832 Deum
671 2778 871 2831 Parem
896 2774 1350 2846 omnipotentem
1375 2773 1743 2840 invisibilem,

124 2872 362 2927 omnium
389 2875 779 2928 creaturarum
795 2869 1120 2937 visibilium,
1146 2872 1201 2924 et
1220 2867 1590 2924 invisibilium
1617 2884 1745 2923 con-

126 2967 366 3022 ditorem.

183 3061 354 3116 Credo
382 3065 436 3116 et
467 3061 528 3115 in
557 3062 750 3115 Iesum
774 3057 1063 3115 Christum
1093 3057 1299 3112 Filium
1344 3057 1466 3128 ejus
1512 3056 1747 3112 unicum

124 3154 411 3210 Dominum
450 3159 734 3220 nostrum,
775 3155 956 3209 Deum
1003 3151 1474 3222 omnipotentem,
1505 3166 1744 3222 concep-

124 3253 235 3303 tum
253 3250 320 3305 de
347 3248 559 3321 Spiritu
589 3248 809 3318 Sancto,
842 3251 1042 3302 natum
1071 3246 1140 3301 de
1168 3245 1338 3300 Maria
1356 3245 1602 3316 virgine,
1625 3261 1751 3317 pas-
1769 3243 1824 3318 ρ

125 3360 237 3398 sum
262 3343 363 3398 sub
399 3342 602 3397 Pontio
644 3342 857 3412 Pylato,
907 3340 1004 3412 qui
1036 3339 1359 3407 cruciﬁxus,
1400 3341 1457 3394 et
1499 3339 1751 3410 sepultus

123 3437 392 3493 descendit
414 3437 489 3492 ad
510 3435 738 3506 inferos,
771 3434 937 3490 tertia
961 3434 1050 3489 die
1079 3433 1390 3489 resurrexit
1428 3449 1462 3486 a
1485 3432 1748 3502 mortuis,

127 3537 358 3593 ascendit
383 3537 443 3592 in
491 3535 660 3604 caelis,
700 3534 952 3606 seditque
990 3534 1062 3588 ad
1097 3533 1389 3588 dexteram
1429 3531 1526 3588 Dei
1573 3531 1752 3586 Patris

127 3631 514 3703 omnipotentis
567 3629 771 3686 exinde
812 3632 1120 3683 venturum
1158 3627 1417 3699 judicare
1460 3626 1635 3696 vivos,
1687 3642 1751 3680 ac

127 3730 382 3781 mortuos.

192 3819 358 3875 Credo
385 3823 442 3875 et
471 3819 532 3873 in
570 3817 845 3890 Spiritum
879 3819 1136 3871 sanctum
1170 3816 1348 3871 Deum
1389 3813 1748 3887 omnipoten-

128 3918 231 3968 tem
256 3931 424 3969 unam
443 3913 754 3968 habentem
775 3910 1142 3965 substantiam
1172 3926 1303 3965 cum
1328 3911 1490 3965 Patre
1516 3913 1571 3964 et
1591 3907 1748 3979 Filio,

129 4007 370 4062 Sanctam
397 4023 520 4063 esse
551 4006 857 4061 Ecclesiam
885 4004 1242 4070 catholicam,
1281 4002 1591 4058 abremissa
1615 4018 1748 4074 pec-

129 4103 389 4171 catorum,
418 4105 748 4155 sanctorum
769 4096 1252 4166 communionem,
1272 4095 1454 4151 carnis
1475 4111 1754 4151 resurrec-

129 4195 374 4251 ctionem.
390 4195 570 4251 Credo
582 4195 759 4248 vitam
770 4197 896 4264 post
914 4196 1180 4260 mortem,
1199 4196 1254 4247 et
1276 4191 1451 4246 vitam
1477 4195 1753 4247 aeternam

128 4287 179 4342 in
208 4288 382 4362 gloria
402 4287 634 4344 Christi.
663 4288 792 4341 Haec
819 4285 1010 4341 omnia
1029 4285 1198 4341 credo
1228 4286 1289 4341 in
1313 4286 1512 4356 Deum.
1546 4287 1747 4340 Amen.

655 4383 841 4438 Oratio
879 4382 1178 4436 Dominica.

192 4479 348 4532 Pater
370 4480 587 4544 noster,
618 4481 725 4531 etc.

697 4569 787 4624 Ad
815 4572 1165 4626 Nocturnum.

1840 1978 2013 2034 quam
2041 1961 2102 2016 in
2130 1966 2227 2016 tuo
2255 1960 2531 2033 sanguine
2558 1961 2869 2016 redemisti.
2897 1962 3004 2026 Qui
3034 1978 3261 2033 regnas.

1914 2057 2160 2127 Exurge,
2199 2054 2455 2123 Domine,
2507 2054 2567 2109 in
2597 2055 2854 2127 requiem
2899 2061 3077 2110 tuam.
3125 2057 3208 2111 Tu
3251 2072 3309 2111 es
3353 2073 3480 2111 arca

1842 2148 2297 2204 sanctificationis
2327 2150 2461 2203 tuae.
2495 2148 2825 2205 Sacerdotes
2852 2148 2935 2204 tui
2963 2148 3274 2205 induantur
3309 2149 3479 2221 justi—

1840 2247 1998 2317 tiam,
2023 2251 2079 2301 et
2110 2247 2286 2301 sancti
2311 2245 2415 2314 tui,
2448 2250 2556 2302 etc.
2586 2247 2711 2316 Qui,
2743 2251 2850 2302 etc.

1914 2343 2197 2396 Laetentur
2224 2340 2282 2394 in
2303 2346 2379 2407 te,
2409 2339 2664 2410 Domine,
2689 2357 2886 2397 omnes
2913 2340 3089 2397 sancti
3115 2339 3218 2409 tui,
3240 2340 3338 2413 qui
3359 2358 3482 2413 spe-

1843 2440 1973 2492 rant
1997 2435 2057 2490 in
2082 2439 2138 2490 te
2163 2433 2224 2489 in
2253 2432 2411 2489 omni
2450 2433 2708 2501 veritate,

2482 2543 2588 2596 Pro
2616 2541 2829 2595 abbate.

1917 2635 2191 2692 Dominus
2219 2639 2511 2691 conservet
2539 2650 2694 2704 eum,
2725 2639 2782 2689 et
2807 2632 3051 2690 viviﬁcet
3082 2650 3234 2704 eum,
3269 2639 3327 2688 et
3357 2634 3486 2690 bea-

1844 2737 1969 2787 tum
2007 2729 2174 2784 faciat
2217 2745 2350 2783 eum
2385 2728 2445 2783 in
2483 2733 2656 2783 terra.
2704 2728 2981 2784 Dominus
3021 2728 3265 2784 custodit
3311 2733 3366 2784 te
3414 2730 3486 2784 ab

1846 2820 2003 2876 omni
2023 2819 2196 2885 malo,
2213 2817 2761 2873 custodiatanimam
2787 2821 2944 2872 tuam
2971 2817 3263 2872 Dominus.
3294 2817 3484 2872 Domi-

1846 2931 1954 2969 nus
1979 2912 2256 2968 custodiat
2285 2912 2587 2967 introitum
2617 2914 2780 2966 tuum
2827 2928 2896 2966 ex
2921 2910 3028 2967 hoc
3053 2927 3205 2966 nunc
3232 2916 3288 2966 et
3311 2927 3491 2984 usque

1848 3009 1908 3064 in
1933 3007 2223 3063 saeculum.

1919 3100 2142 3158 Custodi
2169 3117 2295 3169 nos,
2326 3099 2582 3167 Domine,
2614 3104 2678 3154 ut
2697 3099 2977 3172 pupillam
3005 3099 3175 3168 oculi,
3224 3098 3329 3155 sub
3361 3114 3486 3155 um-

1849 3199 1949 3253 bra
1973 3197 2192 3251 alarum
2222 3199 2452 3250 tuarum
2482 3197 2717 3266 protege
2745 3211 2869 3249 nos.

1919 3294 2220 3362 Protegere
2250 3293 2306 3344 et
2333 3276 2682 3344 sanctiﬁcare
2709 3287 2961 3361 digneris
3001 3289 3266 3345 omnibus
3308 3289 3486 3345 omni-

1850 3391 2068 3459 potens.
2101 3382 2205 3448 Qui
2228 3397 2452 3456 regnas,
2479 3386 2585 3438 etc.

2424 3479 2529 3532 Pro
2547 3477 2916 3544 fraternitate.

1921 3575 2022 3641 Tu,
2053 3571 2306 3639 Domine,
2330 3569 2575 3626 servabis
2603 3586 2727 3640 nos,
2758 3573 2817 3625 et
2842 3569 3123 3626 custodies
3142 3587 3243 3627 nos
3268 3587 3302 3627 a
3323 3587 3488 3645 gene-

1850 3668 2067 3725 ratione
2093 3666 2198 3721 hac
2224 3665 2284 3720 in
2315 3671 2616 3720 aeternum.

1921 3764 2134 3820 Exaudi
2160 3762 2436 3818 orationes
2463 3764 2687 3817 nostras
2715 3776 2819 3832 pro
2859 3760 3127 3818 fratribus
3166 3762 3395 3832 nostris,
3427 3769 3489 3820 ut

1851 3860 1959 3916 illis
1985 3861 2130 3915 Deus
2155 3854 2496 3912 miserearis.

2185 3963 2290 4016 Pro
2308 3974 2442 4030 pace
2459 3959 2807 4030 populorum,
2837 3962 2887 4013 et
2912 3973 3120 4028 regum.

1925 4053 2196 4110 Dominus
2221 4054 2490 4109 virtutem
2512 4053 2718 4125 populo
2744 4069 2844 4108 suo
2871 4052 3049 4109 dabit.
3078 4052 3349 4110 Dominus
3386 4055 3485 4112 be-

1852 4149 2074 4206 nedicet
2099 4149 2307 4221 populo
2334 4164 2435 4203 suo
2454 4147 2515 4203 in
2541 4162 2697 4219 pace.

1919 4245 2119 4300 Pacem
2168 4245 2441 4315 praestare
2487 4239 2740 4315 digneris
2791 4242 3074 4315 omnibus,
3131 4243 3488 4317 omnipotens

1853 4339 2016 4394 Deus.
2046 4336 2152 4403 Qui
2180 4353 2406 4410 regnas,
2432 4339 2540 4392 etc.

2361 4442 2424 4496 In
2445 4439 2957 4512 btasphemantibus.

1926 4533 2183 4604 Domine,
2216 4531 2604 4590 misericordia
2625 4537 2723 4589 tua
2745 4533 2806 4589 in
2833 4533 3127 4604 saeculum,
3155 4549 3326 4605 Opera
3362 4551 3486 4590 ma-

193 4653 293 4706 Per
315 4653 520 4708 horam
547 4649 750 4706 mediae
792 4649 973 4704 noctis
1011 4654 1146 4704 tunc
1185 4646 1361 4720 gavisi
1391 4652 1524 4703 sunt
1565 4648 1752 4720 angeli
1771 4621 1830 4694 D
1853 4643 2035 4684 unum
2065 4631 2286 4682 tuarum
2311 4624 2695 4720 ne_despi°ia3°

131 4743 194 4800 de
220 4746 505 4802 nativitate
544 4742 772 4800 Domini
806 4741 985 4797 nostri
1022 4743 1153 4798 Jesu
1188 4740 1414 4797 Christi.
1457 4742 1535 4797 Ita
1570 4745 1626 4797 et
1649 4758 1755 4797 nos

130 4838 299 4894 laetari
324 4840 596 4896 debemus
624 4839 686 4893 in
711 4842 810 4893 tua
837 4841 1027 4892 sancta
1050 4852 1188 4908 pace
1209 4835 1566 4908 omnipotens
1586 4837 1752 4907 Deus,

134 4932 222 5004 qui
246 4932 400 5004 vivis,
435 4938 540 4991 etc.

698 5004 790 5059 Ad
821 5005 1171 5060 Matutinum.

196 5095 272 5149 Tu
299 5111 377 5166 es,
403 5093 663 5162 Domine,
691 5089 1065 5146 inluminator
1100 5089 1432 5162 caliginum,
1477 5087 1757 5145 conditor-

136 5201 235 5255 que
257 5188 688 5255 elementorum,
720 5183 988 5240 remissor
1014 5183 1349 5253 criminum;
1372 5182 1758 5240 misericordia

137 5283 242 5351 tua,
270 5282 526 5353 Domine,
543 5295 757 5354 magna
778 5286 862 5336 est
887 5294 1058 5350 super
1087 5295 1182 5333 eos
1210 5277 1310 5350 qui
1338 5283 1393 5333 te
1427 5280 1546 5333 toto
1589 5278 1756 5334 corde

136 5375 438 5446 requirunt.
465 5377 568 5449 Maj
577 5381 722 5432 estas
740 5381 857 5446 tua,
874 5373 1132 5442 Domine,
1155 5388 1323 5427 mane
1343 5389 1448 5428 nos
1469 5372 1754 5440 exaudiat,

141 5470 190 5520 et
213 5467 390 5525 deleat
428 5471 629 5526 delicta
665 5475 876 5539 nostra,
924 5484 1053 5540 quae
1094 5467 1199 5522 tibi
1230 5483 1345 5522 non
1385 5471 1518 5523 sunt
1546 5465 1752 5521 abdita.

140 5560 234 5622 Qui
260 5580 482 5636 regnas,
513 5571 619 5621 etc.

631 5662 761 5715 Item
802 5658 876 5712 ad
902 5657 1256 5713 Matutinum.

205 5746 282 5800 Tu
307 5763 365 5802 es
386 5765 510 5820 spes
537 5751 594 5803 et
613 5747 782 5803 salus.
809 5747 889 5801 Tu
915 5761 975 5800 es
1002 5743 1120 5799 vita
1146 5748 1203 5799 et
1228 5742 1424 5797 virtus.
1452 5741 1535 5795 Tu
1574 5755 1632 5794 es
1655 5739 1756 5794 ad-

145 5835 284 5904 jutor
313 5841 372 5896 in
397 5839 875 5898 tribulationibus.
919 5840 1005 5894 Tu
1041 5854 1099 5893 es
1138 5837 1401 5893 defensor
1439 5833 1758 5888 animarum

154 5936 470 6013 nostrarum,
490 5938 637 5992 Deus
659 5933 865 5990 Israhel
887 5933 945 5989 in
967 5930 1252 5987 omnibus.
1280 5927 1387 5998 Qui
1405 5943 1627 5999 regnas,
1648 5931 1755 5986 etc.

1926 4721 2160 4776 Domine
2178 4721 2328 4799 Deus
2353 4718 2650 4789 virtutum,
2677 4733 2750 4775 ne
2781 4721 2992 4775 statuas
3017 4718 3128 4777 illis
3149 4720 3256 4776 hoc
3281 4718 3341 4776 in
3359 4737 3488 4794 pec-

1855 4818 2063 4872 catum.

1930 4935 1931 4938 η
2493 4886 2598 4941 Pro
2641 4885 2846 4955 impiis.

1926 4985 2120 5042 Judica
2147 4984 2295 5052 illos,
2323 4983 2490 5052 Deus,
2521 4981 2796 5038 decedant
2819 4999 2854 5038 a
2877 4983 3312 5055 cogitationibus
3337 4987 3484 5058 suis;

1855 5097 2035 5153 usque
2061 5079 2436 5136 inritaverunt
2459 5082 2535 5149 te,
2562 5076 2822 5133 Domine.

1926 5174 2352 5230 Confundantur
2375 5171 2479 5244 illi,
2509 5172 2607 5245 qui
2633 5171 2927 5228 conﬁdunt
2950 5170 3011 5228 in
3040 5189 3120 5242 se,
3146 5177 3203 5229 et
3220 5189 3336 5228 non
3362 5191 3486 5241 nos,

1856 5269 2112 5339 Domine,
2144 5267 2243 5340 qui
2269 5266 2608 5323 conﬁdimus
2633 5266 2694 5322 in
2718 5271 2796 5324 te.

2364 5363 2470 5417 Pro
2503 5363 2604 5418 iter
2632 5363 2975 5430 facientibus.

1931 5458 1974 5513 Ο
1995 5456 2254 5523 Domine,
2283 5454 2502 5511 salvum
2520 5456 2631 5526 fac,
2645 5473 2678 5510 ο
2697 5455 2952 5526 Domine,
2972 5456 3117 5511 bene
3132 5471 3486 5528 prosperare,

1858 5549 2294 5623 Prosperitatem
2319 5550 2540 5607 itineris
2564 5552 2775 5622 prmsta
2801 5549 3029 5605 famulis
3054 5549 3184 5605 tuis.
3226 5549 3353 5620 Qui,
3377 5556 3485 5606 etc.

1930 5645 2317 5702 Conﬁteantur
2345 5644 2469 5714 tibi,
2513 5644 2769 5713 Domine,
2803 5643 2996 5700 omnia
3041 5660 3213 5716 opera
3264 5647 3381 5713 tua,
3431 5648 3487 5699 et

1858 5741 2037 5796 sancti
2061 5739 2145 5796 tui
2169 5740 2546 5796 conﬁteantur
2570 5737 2692 5794 tibi.

1929 5833 2050 5888 Tibi
2074 5833 2279 5905 gratias
2318 5836 2500 5906 aglmt
2538 5832 2748 5888 animae
2786 5836 2998 5888 nostrae
3040 5847 3144 5907 pro
3169 5828 3485 5886 innumeris

1860 5926 2148 5985 beneﬁciis
2175 5927 2305 5983 tuis.
2323 5927 2430 5996 Qui
2449 5943 2676 6001 regnas,
2706 5931 2813 5984 etc.
