4006 6238
469 366 568 419 599

1005 476 1108 529 Pro
1128 474 1577 542 elecmosynariis.

545 565 836 641 Dispersit,
865 565 1020 623 dedit
1045 567 1406 639 pauperibus.
1433 564 1657 621 Justitia
1684 565 1806 635 ejus
1824 568 2015 620 manet
2040 563 2100 620 in

472 663 743 718 saeculum
769 663 980 733 saeculi,
1009 679 1183 716 cornu
1201 662 1320 731 ejus
1347 659 1684 716 cxaltabitur
1709 659 1769 714 in
1800 659 2001 730 gloria.

545 758 932 828 Eleemosynas
961 756 1301 811 facientibus
1336 755 1397 809 in
1441 755 1548 810 hoc
1586 755 1800 810 mundo
1827 753 2096 822 retribue,

473 852 727 920 Domine,
758 852 818 906 in
847 868 1024 922 regno
1053 855 1149 905 tuo
1177 854 1386 904 sancto.

1089 962 1192 1013 Pro
1227 960 1476 1026 inﬁrmis.

541 1056 1006 1111 Exclamaverunt
1033 1053 1102 1107 ad
1152 1052 1474 1121 Dominum,
1504 1068 1633 1105 cum
1669 1051 2097 1116 tribularentur,

468 1154 524 1204 et
543 1150 612 1204 de
642 1147 1063 1204 necessitatibus
1089 1164 1291 1202 eorum
1317 1145 1581 1201 liberabit
1609 1161 1723 1200 eos.

537 1243 758 1311 Tribue,
791 1238 1042 1311 Domine,
1065 1243 1177 1296 tuis
1217 1240 1444 1296 famulis
1465 1238 1762 1294 sanitatem
1789 1239 2014 1307 mentis,
2046 1243 2102 1292 et

467 1327 734 1398 corporis.

537 1424 786 1491 Exurge,
813 1421 1074 1487 Domine,
1107 1420 1312 1490 adjuva
1345 1434 1468 1487 nos,
1498 1422 1553 1474 et
1598 1416 1815 1471 redime
1839 1433 1941 1470 nos
1965 1433 2098 1488 pro-

469 1521 595 1589 pter
619 1531 829 1570 nomen
855 1519 1041 1570 tuum.

539 1610 896 1680 Adjutorium
919 1613 1179 1663 nostrum
1206 1608 1266 1661 in
1292 1607 1521 1662 nomine
1549 1605 1794 1660 Domini.

539 1703 761 1759 Salvere
785 1720 888 1757 nos
927 1702 1183 1772 digneris
1227 1718 1331 1774 per
1363 1701 1772 1756 invocationem
1807 1698 1982 1753 sancti
2019 1698 2100 1753 tui

465 1798 735 1867 nominis.
763 1797 870 1861 Qui
897 1813 1120 1867 regnas,
1153 1801 1260 1851 etc.

1253 362 1588 417 APPENDIX
1625 361 1714 416 AD
1751 359 1972 416 OPERA
2008 356 2240 414 SANCTI
2278 354 2577 411 GERMANI
2617 354 3046 410 PARISIENSIS.

2119 480 2180 552 A

3741 356 3847 410 600

2803 464 2894 519 Ad
2936 465 3220 534 martyres.

2271 561 2435 627 Deus,
2467 558 2566 630 qui
2584 561 2799 613 sanctos
2827 562 2951 612 tuos
2983 575 3115 613 cum
3145 574 3412 614 mensura
3457 558 3769 632 approbas,
3801 562 3866 616 et

2200 653 2319 708 sine
2367 669 2632 708 mensura
2661 649 2962 723 gloriﬁcas,
2994 652 3154 723 cujus
3198 659 3480 725 praecepta
3517 654 3698 710 ﬁnem
3735 654 3844 708 ha-

2199 749 2354 817 bent,
2385 751 2442 802 et
2477 746 2723 818 praemia
2752 747 3061 802 terminum
3091 764 3205 802 non
3243 748 3473 813 habent,
3505 748 3714 803 exaudi
3756 765 3864 819 per

2202 842 2430 896 illorum
2463 841 2668 896 merita
2720 857 2914 911 preces
2967 846 3207 912 nostras,
3238 847 3294 897 et
3332 843 3520 898 tribue
3561 846 3624 896 ut
3652 859 3864 898 eorum

2200 936 2515 1008 patrocinia
2549 935 2819 1005 adjuvent
2856 951 2958 989 nos
2986 937 3057 991 ad
3095 935 3226 992 ﬁdei
3265 936 3605 1009 profectum,
3639 937 3716 992 ad
3752 937 3862 992 bo-

2201 1047 2409 1084 norum
2462 1045 2701 1100 operum
2752 1028 3024 1098 fructum,
3079 1030 3150 1084 ad
3182 1030 3571 1102 prosperitatis
3603 1030 3858 1100 bonum,

2201 1125 2271 1178 ad
2298 1123 2637 1178 salubritatis
2667 1123 3058 1193 commodum,
3088 1124 3158 1178 ad
3189 1124 3480 1196 religionis
3511 1126 3763 1195 cultum,
3783 1126 3860 1180 ad

2203 1218 2377 1272 divini
2404 1217 2619 1272 timoris
2669 1221 3046 1288 augmentum
3086 1235 3189 1288 per
3231 1219 3537 1274 Dominum
3587 1224 3864 1274 nostrum

2202 1314 2393 1366 Jesum
2422 1311 2712 1366 Christum
2734 1311 2938 1365 Filium
2966 1315 3152 1381 tuum,
3176 1312 3273 1383 qui
3289 1317 3370 1367 est
3395 1315 3516 1367 Rex
3534 1329 3769 1385 regum,
3799 1317 3864 1368 et

2204 1406 2476 1460 Dominus
2521 1405 2960 1475 dominantium,
3021 1410 3076 1459 et
3123 1406 3301 1477 gloria
3354 1407 3708 1475 futurorum,
3770 1422 3861 1462 re-

2205 1516 2404 1569 gnans,
2445 1504 2500 1554 et
2523 1515 2868 1570 permanens
2896 1515 3008 1553 una
3043 1516 3176 1555 cum
3215 1505 3427 1556 aeterno
3455 1501 3674 1572 Spiritu
3717 1517 3861 1556 san-

2204 1599 2290 1647 cto
2319 1593 2376 1648 in
2398 1593 2601 1647 saecula
2627 1593 2985 1648 saaculorum.

2665 1697 2910 1751 Collectio
2933 1700 3057 1766 post
3082 1699 3372 1751 canticum.

2276 1790 2440 1858 Deus,
2475 1789 2572 1860 qui
2612 1789 2841 1844 exeunti
2880 1805 2946 1843 ex
2990 1791 3230 1861 Egypto
3271 1790 3478 1861 populo
3524 1794 3627 1845 tuo
3672 1792 3864 1846 maria

537 1893 704 1960 Deus,
737 1891 836 1962 qui
864 1891 1068 1944 sanctis
1090 1891 1432 1961 martyribus
1459 1893 1513 1944 et
1554 1887 1745 1943 electis
1789 1888 1900 1942 tuis
1939 1903 2098 1941 coro-
2123 1860 2178 1930 Β
2203 1883 2459 1952 divisisti,
2493 1888 2548 1937 et
2575 1883 2857 1953 suspensis
2885 1883 3150 1954 utrinque
3187 1885 3544 1955 marginibus
3570 1885 3633 1938 in
3660 1885 3856 1956 specie

465 2003 599 2041 nam
645 1985 902 2055 martyrii
951 1984 1284 2056 prtestitisti,
1339 1988 1393 2037 te
1430 1999 1677 2050 oramus,
1728 1981 1989 2050 Domine,
2044 1985 2102 2035 ut

465 2096 667 2135 eorum
693 2078 908 2132 meritis
937 2077 1292 2132 obtineamus
1318 2077 1561 2146 veniam,
1591 2076 1689 2148 qui
1732 2080 1947 2130 tantam
1978 2075 2099 2146 glo-

464 2173 608 2228 riam
633 2189 751 2227 non
777 2187 1087 2226 meremur.
1120 2171 1224 2235 Qui
1253 2187 1478 2242 regnas,
1508 2175 1614 2226 etc.

536 2267 619 2321 Ad
646 2270 720 2334 te,
768 2266 1028 2335 Domine,
1071 2265 1346 2319 clamabo.
1394 2267 1542 2319 Deus
1582 2281 1744 2319 meus
1773 2280 1844 2318 ne
1880 2262 2041 2317 sileas
2069 2280 2102 2316 a

466 2377 579 2416 me.
1435 2359 1445 2368 ⁸

537 2455 809 2510 Dominus
863 2454 1139 2508 virtutum
1210 2452 1525 2523 nobiscum,
1578 2456 1867 2524 susceptor
1915 2456 2104 2507 noster

467 2551 616 2605 Deus
635 2548 820 2602 Jacob.

538 2643 775 2713 Adjutor
798 2645 989 2697 noster
1001 2643 1144 2698 Deus
1159 2642 1325 2697 Jacob
1346 2642 1615 2697 miserere
1635 2641 1817 2709 nobis,
1844 2640 2099 2696 Domine.

467 2737 574 2802 Qui
604 2752 830 2808 regnas,
863 2738 967 2791 etc.

1087 2809 1177 2864 Ad
1210 2809 1474 2863 collectas.

540 2903 772 2957 Sanctus
799 2902 856 2956 in
884 2901 1106 2969 sanctis,
1153 2903 1352 2973 Agnus
1377 2901 1793 2970 immaculatus,
1828 2899 2104 2972 gloriosus

467 2998 527 3050 in
548 2995 719 3062 caalis,
754 2996 1028 3050 mirabilis
1053 2995 1110 3049 in
1141 2996 1326 3064 terris,
1374 3000 1581 3066 praesta
1617 2994 1803 3063 nobis,
1847 2995 2101 3066 Domine,

465 3090 777 3146 secundum
804 3107 1078 3161 magnam
1105 3089 1556 3144 misericordiam
1586 3093 1764 3159 tuam,
1787 3091 1954 3158 Deus,
1977 3106 2105 3162 quae

468 3187 523 3238 te
549 3183 794 3254 petimus
823 3187 878 3237 et
902 3200 1148 3238 oramus.
1189 3183 1295 3247 Qui
1325 3199 1548 3254 regnas.

1073 3290 1164 3344 Ad
1208 3274 1495 3357 martyres.

543 3386 834 3439 .Eternum
873 3383 1092 3436 virtutis
1130 3387 1245 3436 tuae
1291 3399 1506 3437 nomen
1560 3383 1919 3454 omnipotens
1961 3387 2104 3440 Deus

469 3493 716 3547 oramus,
763 3477 847 3531 uti
892 3492 994 3531 nos
1032 3481 1348 3548 martyrum
1390 3482 1446 3531 et
1483 3477 1742 3531 omnium
1782 3481 2104 3532 sanctorum

467 3577 697 3628 tuorum
720 3571 936 3626 meritis
961 3571 1140 3625 socios
1167 3571 1276 3625 ﬁde
1298 3588 1484 3642 pares,
1509 3571 1802 3626 devotione
1821 3575 2103 3641 strenuos,

467 3666 724 3739 passione
751 3664 1072 3720 consimiles
1102 3664 1161 3718 in
1199 3666 1612 3721 resurrectione
1637 3665 1890 3721 felicium
1935 3667 2106 3722 facias

471 3757 770 3832 coeequari.
799 3759 906 3824 Qui
925 3776 1148 3831 regnas,
1183 3764 1288 3814 etc.

541 3853 800 3910 Miserere
829 3853 963 3921 mei,
990 3854 1156 3923 Deus,
1191 3854 1502 3909 secundum
1532 3869 1822 3925 magnam,
1854 3858 1961 3909 etc.

542 3948 768 4016 Tribue,
796 3949 1051 4017 Domine,
1082 3948 1404 4019 petentibus
1443 3952 1498 4002 te
1541 3964 1609 4002 ex
1644 3947 1753 4002 ﬁde
1795 3948 2107 4002 secundum

475 4057 745 4113 magnam
762 4041 1209 4096 misericordiam
1229 4045 1410 4110 tuam,
1437 4043 1603 4110 Deus,
1636 4041 1733 4112 qui
1751 4057 1973 4113 regnas,
1999 4045 2105 4114 etc,

1061 4146 1149 4198 Ad
1177 4149 1528 4200 Nocturnum.

545 4236 724 4291 Media
747 4241 910 4291 nocte
941 4238 1186 4292 clamore
1215 4239 1382 4307 facto,
1405 4243 1470 4292 ut
1489 4254 1591 4293 nos
1621 4238 1976 4294 inveniamur
2006 4254 2106 4309 pa-

475 4330 582 4385 rati
606 4346 828 4401 sponso,
851 4331 949 4402 qui
981 4347 1218 4403 regnas,
1237 4337 1342 4386 etc.

1047 4443 1136 4496 Ad
1183 4443 1538 4498 Matutinum.

545 4537 692 4590 Deus
720 4536 866 4590 Deus
890 4539 1102 4605 noster,
1131 4536 1202 4589 ad
1233 4540 1287 4590 te
1317 4537 1386 4591 de
1415 4536 1537 4591 luce
1557 4535 1788 4606 vigilare
1815 4537 2104 4605 debemus,

2202 1977 2353 2031 muri
2379 1977 2524 2048 erigi
2553 1978 2766 2032 ﬂuenta
2783 1978 3020 2047 jussisti,
3050 1978 3268 2032 animas
3297 1995 3524 2050 quoque
3561 1984 3791 2033 nostras
3820 1997 3862 2032 a

2202 2071 2410 2125 diluvio
2440 2076 2800 2142 peccatorum
2833 2071 3074 2125 liberare
3105 2071 3374 2142 digneris,
3409 2077 3474 2128 ut
3503 2073 3751 2128 transire
3778 2072 3862 2125 vi-

2202 2165 2410 2219 tiorum
2438 2166 2725 2238 gurgitem
2752 2167 3036 2220 valeamus
3067 2166 3228 2220 hoste
3270 2171 3620 2238 contempto,
3663 2166 3860 2222 Salva-

2202 2263 2290 2312 tor
2325 2260 2546 2329 mundi,
2579 2260 2677 2330 qui
2714 2277 2845 2313 cum
2884 2267 3097 2314 aeterno
3127 2261 3289 2314 Patre
3337 2261 3497 2329 vivis,
3531 2260 3858 2315 dominaris

2202 2369 2264 2406 ac
2284 2369 2488 2424 regnas
2525 2369 2657 2407 cum
2697 2354 2914 2425 Spiritu
2940 2357 3130 2408 sancto
3158 2354 3217 2407 in
3244 2355 3448 2410 saecula
3479 2355 3853 2410 smeulorum.

2436 2466 2681 2522 Collectz‘o
2703 2470 2828 2536 post
2858 2465 3270 2520 benedictionem
3294 2483 3608 2537 puerorum.

2274 2559 2486 2614 Exaudi
2525 2575 2721 2630 preces
2747 2563 2985 2629 nostras,
3011 2559 3374 2631 omnipotens
3404 2562 3569 2631 Deus,
3605 2567 3659 2616 et
3687 2553 3876 2632 prae--

2204 2658 2288 2708 sta
2310 2657 2373 2708 ut
2392 2654 2534 2707 sicut
2561 2653 2622 2706 in
2651 2654 2942 2709 decantata
2973 2653 3188 2725 hymno
3233 2654 3395 2710 beata
3421 2671 3736 2725 puerorum
3759 2655 3852 2708 in-

2203 2748 2397 2802 stituta
2422 2751 2723 2815 sectamur,
2755 2747 2831 2802 ita
2853 2752 2950 2802 tuo
2979 2764 3215 2804 munere
3244 2752 3602 2819 peccatorum
3629 2749 3854 2820 laqueis

2203 2841 2443 2896 absoluti
2469 2842 2668 2896 aeterni
2692 2841 2841 2913 ignis
2879 2857 2993 2896 non
3040 2842 3364 2896 ambiamur
3405 2843 3677 2898 incendiis
3737 2843 3856 2898 Sal-

2206 2941 2361 2990 vator
2379 2936 2600 3007 mundi,
2631 2935 2729 3007 qui
2755 2951 2888 2990 cum
2913 2938 3074 2990 Patre
3103 2936 3263 3005 vivis,
3291 2941 3398 2991 etc.

2622 3049 2869 3106 Collectio
2883 3052 3006 3118 post
3035 3053 3138 3103 tres
3160 3049 3419 3118 psalmos.

2276 3144 2369 3211 Te,
2399 3142 2657 3212 Domine,
2698 3143 2768 3197 de
2806 3143 2955 3197 caelis
2993 3142 3310 3210 laudamus,
3337 3141 3441 3197 tibi
3464 3146 3530 3197 ut
3556 3143 3856 3198 canticum

2125 3236 2178 3309 ρ
2204 3253 2416 3291 novum
2450 3241 2676 3291 cantare
2703 3252 3048 3291 mereamur.
3076 3237 3150 3292 Te
3198 3235 3509 3291 Dominum
3547 3237 3607 3290 in
3635 3238 3854 3292 sanctis

2207 3331 2317 3385 tuis
2344 3331 2741 3386 venerabiliter
2761 3331 3152 3401 deprecamur,
3182 3334 3244 3384 ut
3275 3330 3466 3384 omnia
3502 3334 3698 3386 nostra
3719 3335 3859 3387 vota

2205 3424 2493 3496 suscipias,
2525 3428 2753 3495 peccata
2777 3423 3048 3492 dimittas,
3085 3424 3336 3478 Salvator
3362 3424 3583 3479 mundi.
3624 3424 3735 3489 Qui
3765 3441 3862 3481 re-

2209 3535 2369 3589 gnas,
2395 3522 2500 3573 etc.

2628 3589 2873 3647 Collectio
2893 3592 3016 3659 post
3042 3589 3422 3658 Euangelium.

2280 3683 2602 3737 Exultantes
2643 3682 2848 3753 gaudio
2894 3699 2998 3753 pro
3044 3682 3266 3737 reddita
3297 3682 3464 3736 nobis
3513 3683 3689 3754 hujus
3735 3685 3852 3740 diei

2208 3778 2332 3831 luce
2358 3776 2737 3847 omnipotenti
2763 3777 2878 3830 Deo
2908 3776 3101 3831 laudes
3140 3775 3462 3848 gratiasque
3509 3776 3852 3846 referamus,

2206 3871 2380 3941 ipsius
2403 3869 2846 3925 misericordiam
2875 3870 3253 3940 obsecrantes,
3277 3875 3338 3924 ut
3363 3870 3513 3924 diem
3544 3871 3855 3928 dominicae

2210 3963 2656 4021 Resurrectienis
2691 3964 2854 4019 nobis
2897 3964 3230 4020 solemniter
3274 3964 3716 4036 celebrantibus,
3748 3984 3853 4038 pa-

2209 4075 2332 4114 cem
2357 4064 2412 4113 et
2436 4058 2926 4129 tranquillitatem,
2963 4057 3218 4112 laetitiam
3249 4060 3525 4130 praestare
3555 4059 3853 4132 dignetur,

2208 4159 2319 4208 uta
2341 4152 2531 4224 vigilia
2547 4152 2824 4206 matutina
2838 4168 3020 4223 usque
3049 4152 3118 4206 ad
3137 4156 3366 4209 noctem
3393 4153 3715 4208 clementiae
3735 4172 3857 4209 sua:

2209 4250 2397 4303 favore
2423 4247 2682 4317 protecti,
2721 4246 3039 4301 exultantes
3066 4246 3262 4301 laetitia
3307 4252 3578 4318 perpetua
3613 4249 3860 4319 gaudea-

2208 4358 2337 4396 mus
2365 4357 2465 4412 per
2492 4340 2796 4396 Dominum
2825 4345 3082 4395 nostrum
3111 4341 3305 4396 Jesum
3325 4341 3636 4398 Christum.
3668 4347 3777 4397 etc.

2779 4444 2951 4512 Super
2992 4443 3269 4511 hymnum.

2280 4537 2478 4592 Sancte
2507 4535 2762 4605 Domine,
2793 4535 3174 4604 inluminatio,
3199 4540 3254 4591 et
3275 4536 3422 4590 salus
3444 4552 3578 4590 vera
3609 4537 3851 4592 creden-

474 4634 528 4684 et
555 4632 616 4683 tu
643 4629 820 4684 excita
849 4629 917 4684 de
946 4631 1100 4700 gravi
1129 4647 1346 4699 somno,
1377 4633 1434 4684 et
1459 4630 1633 4684 libera
1666 4630 1736 4684 de
1767 4645 1964 4701 sopore
1991 4631 2114 4685 ani-
2136 4618 2195 4690 D
2217 4629 2386 4699 tibus,
2418 4629 2772 4685 Resurrectio
2805 4629 3114 4684 Dominicae
3141 4630 3426 4699 claritatis,
3453 4630 3738 4685 inlumina
3760 4648 3857 4686 cor

476 4739 598 4776 mas
624 4726 864 4791 nostras,
897 4728 952 4778 et
981 4723 1040 4777 in
1069 4724 1353 4778 cubilibus
1393 4722 1598 4778 nostris
1637 4740 2110 4795 compungamur,

476 4820 538 4869 ut
557 4816 641 4869 tui
667 4831 783 4870 esse
809 4833 1092 4871 memores
1115 4834 1458 4872 mereamur.
1478 4816 1583 4880 Qui
1606 4833 1829 4888 regnas,
1864 4822 1970 4872 etc.

544 4910 626 4963 Tu
653 4926 710 4964 es
735 4925 861 4981 spes
882 4915 938 4965 et
964 4913 1133 4968 salus.
1162 4914 1245 4967 Tu
1273 4928 1330 4967 es
1359 4912 1471 4965 vita
1511 4915 1566 4966 et
1592 4911 1791 4968 virtus.
1822 4913 1903 4966 Tu
1931 4928 1988 4967 es
2013 4913 2111 4966 ad-

461 5004 630 5074 jutor
653 5003 712 5058 in
737 5004 1217 5060 tribulationibus.
1247 5007 1328 5060 Tu
1379 5022 1438 5060 es
1479 5004 1742 5059 defensor
1791 5005 2116 5061 animarum

472 5102 819 5167 nostrarum,
887 5100 1033 5153 Deus
1108 5099 1338 5166 Israhel,
1408 5099 1466 5152 in
1530 5099 1813 5155 omnibus.
1870 5100 1974 5164 Qui
2023 5117 2110 5156 re-

475 5207 634 5262 gnas,
667 5197 751 5247 etc
763 5233 776 5246 .

1057 5264 1147 5318 Ad
1173 5266 1527 5319 Matutinum.

546 5358 589 5410 Ο
623 5357 720 5428 qui
746 5358 806 5411 in
831 5357 958 5411 altis
988 5356 1231 5424 habitas,
1263 5360 1320 5411 et
1343 5357 1583 5412 humilia
1609 5359 1841 5430 respicis
1876 5359 1935 5413 in
1970 5360 2110 5414 caelo

474 5455 530 5504 et
554 5450 613 5504 in
643 5455 813 5520 terra,
844 5451 906 5505 in
930 5452 1075 5505 mari
1115 5455 1170 5506 et
1205 5452 1264 5505 in
1297 5453 1560 5506 omnibus
1599 5453 1832 5524 abyssis,
1872 5453 1940 5508 de
1977 5469 2109 5522 pro-

471 5542 648 5598 fundo
676 5546 860 5600 cordis
903 5550 959 5600 te
997 5545 1390 5617 deprecamur,
1419 5551 1485 5600 ut
1518 5546 1710 5601 ﬁrmes
1749 5562 1951 5600 manus
1979 5562 2108 5599 nos~

471 5640 584 5691 tras
614 5638 685 5691 ad
706 5639 988 5710 praelium,
1014 5639 1296 5711 etdigitos
1331 5644 1550 5694 nostros
1598 5639 1670 5694 ad
1718 5638 1952 5709 bellum,
1995 5656 2108 5712 quo

471 5747 780 5800 possumus
808 5733 868 5787 in
901 5735 1184 5790 matutino
1216 5735 1536 5790 interﬁcere
1566 5749 1763 5788 omnes
1787 5739 2110 5806 peccatores

471 5825 639 5878 terra:
666 5830 874 5880 nostrae
899 5843 962 5880 ac
992 5845 1094 5882 nos
1119 5829 1356 5884 indeﬁce
1385 5845 1708 5882 mereamur
1732 5833 1788 5884 et
1829 5829 2108 5900 templum

474 5919 727 5973 sanctum
749 5923 911 5974 tuum
940 5920 1177 5980 Christe.
1212 5922 1318 5987 Qui
1344 5938 1566 5995 regnas,
1597 5927 1702 5984 etc.

2215 4727 2498 4793 nostrum,
2513 4728 2576 4778 ut
2601 4723 2866 4778 trinitatis
2895 4723 3143 4790 scientia,
3173 4727 3232 4777 et
3252 4724 3481 4778 unitatis
3499 4725 3855 4795 cognitione,

2215 4816 2317 4872 ﬁlii
2336 4817 2494 4887 lucis,
2524 4821 2580 4872 et
2608 4816 2866 4872 membra
2891 4816 3117 4878 Christi,
3137 4833 3200 4870 ac
3217 4817 3498 4887 templum
3527 4818 3708 4873 sancti
3739 4818 3860 4890 Spi-

2216 4912 2359 4966 ritus
2385 4927 2503 4966 esse
2541 4926 2886 4981 mereamur,
2919 4909 3017 4982 qui
3043 4925 3252 4982 regnas
3291 4911 3352 4966 in
3398 4911 3604 4966 saecula
3629 4912 3859 4968 seculo-

2217 5021 2368 5060 rum.

2809 5079 2883 5131 De
2907 5077 3261 5146 martyribus.

2287 5170 2350 5224 Hi
2390 5173 2542 5238 sunt,
2585 5169 2846 5237 Domine,
2873 5170 2995 5242 qui,
3027 5170 3181 5224 felici
3210 5185 3412 5225 cruore
3450 5170 3690 5242 perfusi,
3718 5172 3853 5228 dum

2213 5263 2596 5319 blandientem
2633 5264 2832 5318 mundi
2881 5263 3052 5335 hujus
3076 5263 3418 5318 inlecebram
3446 5265 3697 5335 gloriosa
3725 5283 3850 5338 pas-

2215 5358 2369 5412 sione
2411 5357 2751 5428 despiciunt,
2783 5361 3026 5412 mortem
3058 5362 3244 5413 morte
3286 5357 3561 5428 vicerunt,
3603 5360 3852 5414 conside—

2215 5456 2513 5523 rantesque
2540 5451 2802 5506 tenebras
2832 5451 3002 5523 hujus
3028 5451 3340 5520 lucis_certo
3360 5452 3624 5519 termino,
3650 5470 3717 5507 ac
3743 5454 3852 5508 ﬁne

2212 5545 2474 5612 ruituras,
2522 5549 2886 5616 sumpserunt
2927 5546 2998 5600 de
3033 5561 3197 5616 poena
3235 5545 3431 5616 vitam,
3469 5551 3526 5601 et
3563 5547 3635 5602 de
3670 5553 3852 5602 morte

2211 5639 2521 5694 victoriam.
2551 5639 2840 5709 Rogamus
2877 5643 2954 5708 te,
2983 5638 3222 5709 Christe,
3251 5643 3316 5694 ut
3342 5655 3540 5694 eorum
3585 5642 3846 5712 precibus

2209 5733 2464 5804 adjuvari
2489 5749 2836 5803 mereamur,
2860 5750 3108 5805 quorum
3135 5738 3424 5789 consortes
3442 5751 3560 5790 esse
3582 5752 3702 5790 non
3726 5752 3846 5808 pos-

2210 5844 2406 5882 sumus
2434 5843 2537 5897 per
2565 5833 2640 5897 te,
2669 5827 3026 5900 Christe,fqui
3045 5844 3179 5884 cum
3205 5830 3364 5884 Patre
3392 5827 3552 5901 vivis,
3579 5829 3840 5884 domina-

2211 5921 2305 5992 ris,
2340 5925 2395 5977 et
2419 5935 2639 5993 regnas.
