4006 6238
128 367 213 420 601
1029 365 1580 423 ANTIPHONARIUM
1621 369 2021 428 MONASTERII
2063 375 2581 434 BENCHORENSIS.

1772 490 1831 564 A

396 472 573 544 Super
598 471 903 527 Cantemus
933 472 1170 527 Domino
1199 473 1462 543 gloriam.

190 570 348 635 Deus,
384 567 488 638 qui
528 565 732 622 cotidie
762 566 1043 639 populum
1090 572 1252 623 tuum
1287 569 1430 641 jugo
1473 569 1750 642 Egyptise

127 661 396 720 servitutis
423 661 684 731 absolvis,
719 666 772 716 et
800 679 905 733 per
930 662 1143 717 ﬂuenta
1168 662 1431 734 spiritalis
1456 663 1664 719 lavacri
1691 666 1750 720 in

128 765 324 814 terram
361 755 819 827 repromissionis
855 756 1071 812 devicto
1110 757 1269 812 hoste
1311 760 1643 814 transducis.
1675 761 1752 814 Da

127 852 273 908 nobis
302 851 371 906 de
421 851 692 906 vitiorum
732 851 1165 923 impugnatione
1209 851 1522 921 victoriam,
1561 858 1616 908 et
1659 853 1751 908 de-

127 947 270 1001 victis
296 945 550 1000 tenebris
578 945 786 1000 nostris
812 945 1057 1001 deducas
1091 946 1483 1001 hazreditatem
1509 947 1570 1002 in
1609 946 1746 1002 San-

125 1041 342 1111 ctuario,
385 1040 542 1112 quod
583 1045 1045 1111 praeparaverunt
1087 1057 1289 1095 manus
1331 1046 1462 1112 tute,
1501 1041 1751 1096 Salvator

125 1136 328 1205 mundi,
358 1135 460 1207 qui
491 1151 624 1189 cum
652 1139 887 1204 aeterno,
916 1138 1024 1190 etc.

356 1231 532 1300 Super
561 1229 971 1284 benedictionem
999 1231 1164 1283 trium
1187 1245 1496 1299 puerorum.

186 1325 382 1380 Sancte
413 1323 674 1388 Domine,
705 1327 761 1376 et
800 1322 1040 1392 gloriose
1080 1323 1430 1378 mirabilium
1473 1322 1749 1378 virtutum

125 1417 350 1484 effector,
383 1417 484 1487 qui
516 1417 697 1471 tribus
727 1416 920 1488 pueris
945 1417 1094 1472 inter
1120 1417 1395 1488 supplicia
1428 1417 1749 1472 constitutis

125 1512 350 1580 adsistis,
379 1511 472 1565 cui
502 1511 715 1566 factum
740 1511 902 1565 facile
932 1516 1016 1566 est
1041 1511 1266 1583 ignium
1296 1515 1614 1582 temperare
1639 1527 1742 1566 na-

125 1613 318 1673 turam,
347 1611 404 1662 et
439 1606 558 1660 vim
605 1605 1025 1677 quodammodo
1076 1604 1460 1660 exustantium
1491 1620 1748 1660 coercere

123 1700 492 1769 ﬂammarum,
522 1706 588 1754 ut
610 1699 760 1754 inter
784 1699 1045 1754 incendia
1081 1699 1290 1770 frigida
1330 1699 1610 1769 hymnum
1647 1697 1746 1753 tibi

125 1800 370 1849 canentes
409 1810 544 1848 cum
588 1809 797 1864 magna
839 1792 1068 1847 victoria
1111 1794 1449 1858 exultarent,
1489 1792 1746 1847 eamdem

3380 385 3482 440 602

2337 489 2468 542 Item
2486 491 2612 558 post
2655 487 2990 545 Benedicite.

1924 580 2092 646 Deus,
2125 580 2225 650 qui
2254 584 2366 636 tres
2392 598 2596 651 pueros
2621 582 2690 638 de
2715 583 2943 639 fornace
2969 583 3248 657 eripuisti,
3277 586 3355 642 sic
3381 604 3483 643 nos

1852 673 2056 743 eripias
2083 673 2152 728 de
2177 674 2468 745 suppliciis
2492 675 2718 747 inferni,
2741 677 2840 749 qui
2859 695 3065 750 regnas
3092 679 3154 734 in
3183 681 3408 737 saecula.

2158 775 2284 827 Post
2303 774 2546 830 Laudate
2574 777 2878 831 Dominum
2903 778 2972 833 de
2999 778 3168 834 caelis.

1921 867 1993 920 Te
2019 866 2335 935 laudamus,
2365 870 2620 938 Domine,
2656 887 2786 925 cum
2813 872 3017 926 sanctis
3042 873 3172 940 tuis,
3201 877 3265 928 ut
3288 889 3483 944 preces

1850 963 2069 1014 nostras
2094 961 2376 1031 suscipere
2405 963 2674 1033 digneris,
2706 965 2803 1036 qui
2828 982 3051 1037 regnas,
3083 970 3187 1021 etc.

2399 1058 2524 1112 Post
2550 1060 2927 1128 Euangelium.

1922 1149 2337 1220 Resurgentem
2372 1149 2432 1204 in
2458 1151 2564 1204 hoc
2591 1151 2840 1207 diluculo
2867 1153 3168 1209 Dominum
3212 1156 3479 1228 depreca-

1852 1257 2004 1309 mur,
2039 1247 2106 1296 ut
2148 1247 2203 1297 et
2239 1259 2341 1297 nos
2381 1243 2440 1298 in
2478 1244 2653 1299 vitam
2696 1251 2965 1304 aeternam
2991 1264 3357 1321 resurgamus
3381 1267 3484 1322 per

1851 1335 2046 1391 omnia
2070 1337 2272 1393 saecula
2296 1339 2656 1394 saeculorum.

2455 1435 2580 1488 Post
2604 1435 2881 1502 hymnum.

1920 1525 2405 1581 Resurrectionem
2461 1531 2640 1595 tuam,
2683 1527 2922 1597 Christe,
2969 1545 3325 1602 veneramur,
3381 1549 3483 1604 per

1848 1636 2020 1691 quam
2045 1620 2106 1674 in
2131 1623 2410 1676 internum
2438 1621 2642 1676 salvari
2671 1638 2996 1678 mereamur
3020 1640 3126 1696 per
3159 1625 3350 1681 omnia
3374 1643 3478 1682 sae-

1849 1714 1994 1768 cula.

1919 1808 2138 1864 Christe
2162 1809 2328 1878 Deus,
2359 1810 2456 1881 qui
2481 1810 2539 1864 in
2569 1810 2806 1865 salutem
2831 1811 3025 1882 populi
3048 1811 3132 1867 tui
3162 1812 3370 1868 lsmhel
3389 1814 3485 1870 ad-

124 1905 277 1956 nunc,
307 1887 572 1955 Domine,
610 1888 682 1942 ad
719 1886 1059 1955 liberandos,
1106 1903 1171 1940 ac
1225 1887 1604 1958 protegendos
1642 1901 1743 1941 nos

1874 1907 1996 1957 utor
2027 1906 2084 1957 et
2115 1907 2398 1973 protector
2422 1903 2598 1970 fuisti,
2631 1921 2801 1976 quem
2826 1921 2930 1976 per
2953 1906 3166 1960 siccum
3216 1923 3372 1962 mare
3411 1907 3482 1962 ab

124 1983 253 2036 dona
281 1982 572 2050 virtutem,
602 1981 852 2037 Salvator
875 1981 1098 2036 mundi.

389 2076 566 2146 Super
584 2076 828 2130 Laudate
856 2075 1161 2129 Dominum
1186 2074 1256 2129 de
1285 2073 1453 2129 caelis.

183 2173 353 2236 Quem
394 2173 599 2224 cuncta
630 2170 812 2224 canite
840 2170 1125 2224 elementa
1150 2169 1454 2224 Dominum
1487 2168 1739 2224 laudent.

125 2265 281 2335 Cujus
329 2263 604 2319 confessio
645 2279 801 2318 sacra
849 2263 1047 2318 eadem
1091 2263 1150 2317 in
1190 2263 1346 2332 coelo,
1393 2265 1450 2318 et
1487 2266 1656 2330 terra,
1687 2265 1743 2317 et

124 2359 345 2430 pignora
371 2357 504 2412 Sion
537 2374 747 2412 novum
771 2357 988 2412 tonanti
1018 2357 1183 2412 dicite
1210 2358 1518 2428 hymnum,
1538 2354 1743 2411 facturi

120 2453 376 2523 judicium
425 2451 707 2506 nefandiis
738 2450 797 2504 in
837 2451 948 2506 ﬁne
974 2451 1376 2522 conscriptum,
1409 2449 1742 2521 perstrepite

125 2546 337 2600 diversis
371 2544 652 2616 spiritales
679 2544 936 2598 melodiae
969 2544 1172 2611 modis,
1204 2547 1265 2599 ut
1295 2543 1583 2599 Christum
1606 2559 1738 2598 con-

125 2639 335 2695 laudent
370 2639 604 2710 spiritus
641 2655 746 2710 per
785 2637 947 2693 saecla
985 2654 1201 2708 omnes,
1250 2637 1351 2710 qui
1394 2653 1525 2692 cum
1575 2639 1739 2692 Patre

126 2732 260 2787 vivit.

675 2806 846 2874 Super
883 2805 1169 2858 canticum.

188 2889 322 2942 Deus
371 2887 470 2958 qui
505 2886 738 2958 impiam
764 2888 1070 2957 .Egyptum
1096 2884 1340 2940 dienniis
1365 2884 1736 2956 corruptioni-

126 2981 217 3035 bus
239 2982 460 3050 multas,
493 2985 551 3036 et
577 2980 753 3035 diviso
785 2996 942 3035 mare
967 2980 1202 3051 planum
1231 2980 1338 3034 iter
1365 2979 1573 3050 populo
1600 2995 1742 3050 prae-

126 3079 241 3145 stas,
266 3092 455 3147 preces
483 3075 712 3143 exaudi,
746 3090 1091 3146 quaesumus,
1123 3077 1367 3141 nostras,
1399 3077 1456 3127 et
1488 3089 1590 3127 nos
1632 3089 1734 3126 no-

128 3168 239 3222 stris
265 3170 443 3225 taliter
465 3169 724 3226 hostibus
761 3169 929 3238 salva,
963 3168 1209 3224 Salvator
1236 3166 1454 3222 mundi.
1498 3165 1604 3231 Qui
1647 3181 1738 3221 re-

129 3279 271 3332 gnas,
298 3268 402 3319 etc.

369 3361 494 3414 Post
526 3358 933 3413 benedictionem
958 3359 1122 3411 trium
1145 3371 1456 3425 puerorum.

189 3441 339 3505 Deus,
377 3442 478 3514 qui
527 3441 715 3513 pueris
761 3441 869 3496 ﬁde
906 3439 1251 3495 ferventibus
1293 3437 1538 3493 fornacis
1568 3437 1738 3493 ﬂam-

129 3552 265 3590 mam
291 3536 554 3609 frigidam
588 3535 741 3602 facis,
781 3538 836 3590 et
867 3535 1050 3591 tribus
1079 3533 1299 3588 invictis
1326 3536 1506 3588 morte
1532 3532 1748 3587 devicta

132 3632 342 3698 quartus
358 3630 598 3698 adsistis,
623 3645 924 3701 precamur
938 3628 1105 3683 nobis
1120 3627 1347 3681 aestibus
1373 3625 1559 3681 carnis
1573 3627 1745 3680 talem

129 3721 370 3777 virtutem
414 3728 647 3796 praestes
689 3722 902 3778 adustis
953 3738 1054 3794 per
1098 3725 1176 3790 te,
1224 3723 1352 3776 Jesu
1380 3720 1618 3789 Christe,
1645 3720 1745 3791 qui

132 3831 333 3886 regnas,
362 3821 466 3873 etc.

402 3916 528 3967 Post
553 3911 796 3966 Laudate
831 3910 1135 3964 Dominum
1165 3910 1235 3964 de
1267 3908 1439 3964 caelis.

195 3999 328 4054 Deus
353 4006 564 4070 noster,
587 4001 733 4054 Deus
758 3999 1015 4054 omnium
1056 3999 1401 4066 animarum,
1449 3999 1505 4052 te
1542 3995 1740 4050 adora-

133 4107 261 4161 mus,
290 4094 426 4149 utin
451 4095 563 4149 hac
591 4094 785 4165 vigilia
808 4093 1221 4165 solempnitatis
1241 4093 1313 4146 ad
1337 4091 1508 4146 missa
1536 4105 1736 4162 perve-

132 4184 238 4238 nire
277 4193 524 4257 prmstes,
561 4205 673 4259 quo
701 4203 883 4258 usque
917 4187 1166 4242 tenebrae
1196 4185 1514 4258 iniquitatis
1537 4187 1743 4239 nostra;

132 4286 508 4337 convertantur
531 4281 591 4336 in
624 4281 862 4349 lumine,
893 4280 1036 4335 sicut
1060 4282 1143 4335 sol
1170 4280 1230 4334 in
1268 4278 1508 4336 meridie
1549 4278 1740 4350 splen-

133 4371 306 4441 descit,
338 4375 588 4432 Salvator
609 4375 832 4444 mundi,
857 4374 955 4447 qui
979 4390 1210 4446 regnas,
1238 4378 1345 4430 etc.

661 4473 787 4526 Post
814 4470 1191 4540 Euangelium.

199 4557 554 4628 Dominicam,
576 4563 783 4614 nostra:
812 4557 1257 4614 Resurrectionis
1297 4555 1545 4622 initium,
1577 4571 1742 4611 vene-

1763 3247 1816 3321 C

1844 1998 2082 2068 .Egypto
2105 1996 2332 2065 duxisti,
2361 1997 2509 2051 salva
2533 2014 2634 2052 nos
2654 1997 2761 2052 hoc
2791 1999 2958 2053 modo
2987 1999 3057 2053 ab
3077 2000 3219 2071 jugo
3246 2001 3476 2072 peccati.

1842 2090 1948 2154 Qui
1972 2106 2176 2162 regnas
2205 2091 2265 2146 in
2295 2092 2516 2146 saecula.

2199 2188 2326 2240 Post
2349 2187 2609 2256 hymnum
2636 2190 2802 2242 trium
2820 2202 3134 2257 puerorum.

1914 2281 1987 2334 Te
2015 2280 2188 2348 enim,
2219 2281 2580 2352 omnipotens
2601 2282 2770 2352 Deus,
2795 2281 3180 2336 benedicimus
3198 2282 3349 2352 jure,
3384 2282 3482 2354 qui

1842 2379 1955 2429 tres
1980 2390 2184 2446 pueros
2209 2374 2459 2430 liberasti
2474 2375 2544 2429 ab
2568 2375 2722 2447 igne,
2746 2392 2849 2430 nos
2869 2391 3095 2447 quoque
3114 2376 3183 2431 de
3208 2376 3481 2449 supplicio

1841 2469 2038 2525 mortis
2080 2473 2307 2524 aeternae
2351 2474 2583 2541 propter
2618 2469 3066 2527 misericordiam
3108 2474 3267 2526 tuam
3304 2470 3479 2542 eripe,

1839 2564 1935 2635 qui
1965 2579 2187 2636 regnas,
2218 2568 2325 2619 etc.

2149 2660 2276 2713 Post
2296 2658 2541 2713 Laudate
2573 2657 2880 2713 Dominum
2909 2659 2979 2714 de
3004 2658 3175 2714 ccnlis.

1912 2752 2059 2806 Deus
2095 2750 2366 2806 altissime
2409 2754 2526 2808 Rex
2550 2794 2564 2821 ,
2611 2754 2948 2824 angelorum
2989 2754 3152 2821 Deus,
3195 2754 3316 2808 laus
3358 2770 3479 2808 om-

1839 2845 2000 2900 nium
2031 2846 2466 2912 elementorum,
2514 2848 2657 2902 Deus
2703 2847 2914 2918 gloria,
2953 2851 3009 2901 et
3047 2847 3318 2901 exultatio
3361 2863 3486 2901 san-

1839 2941 2083 3004 ctorum,
2109 2939 2327 2993 custodi
2357 2939 2576 2994 animas
2625 2956 2917 2995 servorum
2961 2942 3212 3008 tuorum,
3251 2939 3351 3012 qui
3387 2955 3476 2995 re-

1845 3049 1982 3105 gnas
2007 3031 2068 3088 in
2087 3032 2311 3088 saecula.

2395 3107 2524 3160 Post
2551 3107 2936 3175 Euangelium.

1915 3198 2155 3254 Canticis
2186 3198 2530 3270 spiritalibus
2555 3199 2875 3254 delectatim
2902 3215 3026 3269 nos,
3059 3197 3299 3265 Christe,
3343 3213 3480 3252 con-

1843 3297 2105 3348 sonantes
2143 3293 2396 3348 canimus
2437 3293 2561 3364 tibi,
2607 3293 2812 3365 quibus
2865 3297 2962 3348 tua
3011 3292 3264 3363 Majestas
3307 3290 3486 3363 possit

1846 3386 2080 3459 placari,
2113 3387 2296 3442 oblata
2330 3387 2510 3442 laudis
2542 3387 2725 3442 hostia
2757 3386 3013 3458 spiritali,
3058 3385 3157 3456 qui
3183 3389 3371 3440 tecum
3396 3383 3480 3438 vi-

1847 3481 1943 3548 vit,
1967 3484 2075 3536 etc.

2326 3555 2458 3608 Item
2476 3557 2601 3622 post
2628 3553 3006 3619 Euangelium.

1919 3645 2171 3701 Diluculo
2197 3645 2338 3699 lucis
2375 3647 2616 3700 Auctore
2654 3648 3006 3714 resurgente,
3059 3643 3380 3698 exultemus
3423 3642 3485 3698 in

1846 3740 2106 3807 Domino,
2130 3737 2346 3793 devicta
2362 3743 2565 3804 morte,
2593 3753 2706 3808 quo
2725 3741 2954 3808 peccata
2964 3737 3242 3807 possimus
3261 3751 3487 3807 semper

1845 3834 2021 3899 obire,
2069 3832 2312 3903 vitaeque
2357 3832 2712 3887 ambulemus
2744 3831 2804 3885 in
2846 3830 3113 3900 novitate,
3153 3829 3253 3901 qui
3294 3833 3485 3884 tecum

1844 3927 1996 3994 vivit,
2026 3930 2132 3982 etc.

2449 3999 2574 4052 Post
2593 3999 2870 4066 hymnum.

1913 4094 2034 4148 Lux
2079 4095 2202 4147 orta
2238 4094 2321 4147 est
2359 4090 2419 4145 in
2458 4091 2583 4146 luce
2611 4090 2819 4162 prima,
2848 4089 3078 4144 exordio
3103 4088 3325 4143 dierum
3347 4086 3488 4142 anti-

1843 4203 1955 4258 quo
2010 4186 2174 4252 facta,
2233 4183 2566 4255 Unigenitus
2603 4187 2754 4252 tuus,
2811 4182 3068 4249 Domine,
3133 4181 3232 4253 qui
3292 4183 3487 4235 nostra

1842 4281 2072 4336 abluere
2117 4279 2274 4336 venit
2313 4294 2417 4350 per
2463 4294 2694 4334 crucem
2738 4281 2988 4349 peccata,
3034 4275 3134 4348 qui
3172 4280 3360 4331 tecum
3401 4273 3484 4328 vi-

1842 4375 1942 4443 vit,
1973 4378 2082 4429 etc.

2415 4447 2489 4500 De
2534 4444 2890 4513 martyribus.

1914 4534 2369 4606 Triumphalium
2413 4548 2697 4588 memores
2736 4535 3056 4602 martyrum
3096 4533 3345 4596 tuorum,
3389 4528 3488 4599 qui

137 4655 320 4721 rantes,
347 4623 601 4707 Trinitati
629 4655 740 4707 Deo
767 4657 962 4708 nostro
989 4652 1206 4708 debitas
1231 4651 1445 4717 laudes,
1475 4654 1532 4704 et
1561 4653 1745 4720 grates
1764 4623 1822 4695 D
1847 4644 1948 4699 ΡΓο
1987 4633 2041 4683 te
2087 4629 2395 4721 mlemvem
2435 4625 2639 4721 lum“
2681 4624 3033 4694 Ρδδδίοηωην
3070 4639 3390 4721 Ρτθθεῗωυῖν
3423 4625 3488 4675 ut

137 4743 277 4798 unito
300 4747 610 4802 referamus
644 4746 869 4816 affectu,
910 4746 1265 4800 obsecrantes
1304 4742 1747 4798 misericordiam

137 4834 260 4906 ejus,
285 4842 348 4892 ut
372 4840 534 4895 nobis
560 4840 786 4895 Domini
817 4842 874 4894 et
899 4838 1195 4894 Salvatoris
1222 4837 1399 4892 nostri
1427 4837 1605 4891 beatae
1633 4837 1744 4890 Re-

139 4933 474 4988 surrectionis
490 4933 858 5006 participium
877 4936 993 4987 tam
1014 4933 1073 4987 in
1093 4932 1294 5004 spiritu
1313 4947 1488 5003 quam
1503 4929 1672 4986 etiam
1687 4929 1746 4985 in

137 5036 345 5094 corpore
363 5028 646 5098 concedat,
675 5027 776 5099 qui
805 5043 934 5082 cum
965 5028 1128 5081 Patre
1156 5026 1310 5095 vivit,
1342 5029 1449 5080 etc.

702 5124 825 5176 Post
863 5123 1142 5191 hymnum.

199 5201 434 5275 Respice,
464 5204 720 5274 Domine,
746 5205 816 5260 ad
841 5221 1036 5276 preces
1083 5207 1322 5272 nostras,
1362 5201 1460 5273 qui
1500 5199 1741 5258 inﬁrmi-

139 5295 262 5349 tates
290 5297 515 5356 visitasti
537 5300 839 5368 humanas,
864 5301 920 5355 et
947 5303 1105 5354 tuam
1148 5296 1312 5352 nobis
1352 5294 1743 5351 sanctiﬁcatio-

138 5401 254 5441 nem
297 5391 520 5464 largire,
567 5398 624 5448 et
663 5392 1173 5463 immortalitatem,
1220 5389 1461 5459 Christe,
1509 5388 1608 5461 qui
1651 5402 1742 5443 re-

140 5495 280 5550 gnas,
307 5489 407 5541 etc.

627 5563 761 5616 Item
780 5563 905 5630 post
933 5561 1217 5614 canticum.

194 5641 498 5704 Summerso
534 5649 594 5704 in
633 5648 782 5704 mari
837 5647 1129 5702 Pharaone
1180 5646 1454 5702 liberatur
1511 5641 1742 5698 lsrahel.

140 5729 231 5786 Νοε
254 5753 464 5812 quoque
488 5759 593 5814 per
616 5740 888 5812 baptismi
923 5740 1168 5812 gratiam
1216 5742 1272 5794 et
1313 5736 1494 5793 crucis
1535 5734 1742 5790 trium-

143 5824 300 5891 Phum
319 5833 384 5888 ab
401 5837 572 5892 ommi
597 5835 748 5891 malo
766 5850 1094 5907 quaesumus
1115 5831 1338 5891 liberari
1365 5834 1554 5903 perte,
1579 5825 1742 5883 Chri-

145 5920 235 5990 ste,
262 5927 359 5989 etc,

1845 4737 1949 4792 per
1987 4725 2181 4775 sancta
2210 4720 2411 4774 merita
2442 4719 2697 4790 ipsorum
2739 4720 3068 4772 nostrorum
3104 4716 3326 4772 veniam
3363 4731 3485 4771 me-

1846 4830 2078 4869 reamur
2101 4817 2484 4886 peccatorum.
2513 4812 2620 4875 Qui
2646 4826 2870 4880 regnas,
2904 4813 3010 4864 etc.

2419 4908 2545 4960 Post
2571 4904 2894 4959 Cantemus.

1873 5065 1880 5070 I
1918 5000 2076 5056 Plebs
2101 4999 2308 5055 Israhel
2334 4998 2392 5054 in
2419 4997 2663 5070 ﬁguram
2689 4995 2868 5050 nostri
2907 4995 3179 5050 liberatur
3213 4995 3274 5050 in
3311 4999 3491 5051 trans-

1846 5095 1929 5150 itu
1951 5095 2143 5150 maris.
2172 5095 2281 5148 Nos
2301 5109 2437 5164 ergo
2457 5108 2562 5164 per
2581 5089 2824 5163 gratiam
2842 5088 3107 5161 baptismi
3131 5088 3309 5143 libera
3335 5093 3396 5143 tu
3416 5089 3486 5142 ab

1848 5189 2033 5245 exitiis
2058 5188 2278 5244 mundi.
2308 5187 2415 5253 Qui
2436 5202 2664 5259 regnas,
2693 5186 2802 5241 etc.

2419 5285 2545 5337 Post
2573 5279 2914 5336 Benedicite.

1916 5379 1986 5432 Ut
2008 5381 2122 5432 tres
2147 5392 2354 5448 pueros
2378 5375 2440 5430 in
2469 5375 2702 5431 ﬂamma
2737 5372 2956 5429 salvasti
2984 5371 3255 5427 descensu
3284 5369 3344 5423 in
3363 5369 3485 5424 for-

1845 5487 2045 5527 nacem
2072 5471 2308 5525 ccelestis
2335 5469 2543 5539 nuntii,
2573 5469 2649 5523 sic
2686 5484 2788 5523 nos
2829 5483 2934 5538 per
2965 5464 3248 5536 Angelum
3293 5461 3488 5534 magni

1845 5564 2063 5622 consilii
2109 5565 2353 5619 liberare
2400 5562 2653 5634 digneris
2696 5561 2766 5615 ab
2806 5561 2939 5632 igne
2977 5559 3205 5615 inferni.
3255 5557 3360 5624 Qui
3404 5572 3488 5612 re-

1847 5677 2007 5731 gnas.
2154 5733 2279 5787 Post
2304 5729 2554 5784 Laudate
2575 5727 2879 5782 Dominum
2905 5725 2974 5780 de
3002 5723 3176 5779 cmlis.

1916 5825 2080 5891 Deus,
2125 5839 2299 5896 quem
2346 5821 2625 5877 exercitus
2669 5821 2819 5876 canit
2857 5819 3145 5884 cmlorum,
3197 5829 3486 5890 quemque

1843 5917 2082 5974 Ecclesia
2128 5918 2318 5975 laudat
2342 5921 2686 5988 sanctorum,
2727 5931 2897 5990 quem
2926 5911 3211 5989 hymnizat
3238 5906 3466 5983 spiritus
