4006 6238
493 381 592 442 603

481 605 634 662 rum,
656 591 756 665 qui
783 609 1006 666 regnas,
1028 598 1132 649 etc.

1038 677 1212 746 Super
1237 676 1560 731 Cantemus.

555 755 860 812 Cantemus
884 755 1006 824 tibi,
1037 755 1270 810 Domine
1297 755 1649 810 exercituum
1675 753 1913 823 Christe,
1945 769 2112 808 oran—

483 851 586 918 tes,
628 854 694 906 ut
733 849 1218 922 quemadmodum
1257 849 1514 904 exemisti
1544 849 1813 904 dilectum
1839 849 2114 919 populum

483 947 651 998 tuum
689 943 1020 1014 captivitatis
1063 943 1353 998 acerrimae
1367 943 1530 1015 jugo,
1560 943 1666 998 iter
1696 943 2116 998 demonstrante

484 1036 563 1092 eis
599 1036 766 1090 nubis
810 1037 1109 1108 columpna
1144 1053 1249 1109 per
1291 1037 1465 1107 diem,
1494 1039 1692 1094 eadem
1718 1038 1866 1109 ignis
1891 1053 2117 1109 quoque

482 1146 585 1201 per
602 1132 849 1186 noctem.
882 1129 1136 1186 Finditur
1155 1147 1292 1202 ergo
1320 1148 1477 1187 mare
1503 1132 1750 1202 dextera,
1781 1132 2032 1203 laevaque
2055 1131 2117 1186 in

481 1222 820 1295 abruptum;
869 1224 1098 1296 digestis
1138 1226 1442 1298 aggeribus
1488 1231 1718 1298 stupens
1734 1227 1888 1281 unda
1913 1225 2116 1280 solida-

481 1320 605 1385 tur;
635 1321 767 1373 tuus
796 1319 1040 1390 populus
1067 1319 1294 1391 navigat
1318 1321 1544 1392 plantis.
1567 1321 1701 1375 Mira
1720 1336 1809 1376 res
1832 1320 1846 1375 l
1870 1321 1978 1375 iter
1996 1320 2118 1391 ejus

479 1427 584 1467 nec
603 1428 774 1484 eques
804 1416 989 1483 potest
1017 1413 1194 1484 sequi,
1236 1431 1338 1469 nec
1379 1414 1532 1470 ratis.
1573 1414 1742 1469 Maria
1784 1418 2120 1486 tympanum

481 1506 682 1578 quatit,
727 1506 974 1578 hymnus
1016 1507 1120 1564 iste
1163 1508 1404 1578 canitur,
1453 1524 1592 1580 grex
1625 1507 1879 1580 peculius
1906 1511 2117 1562 tuetur.

483 1600 566 1659 Ita
596 1604 652 1655 et
669 1617 774 1656 nos
796 1600 865 1655 ab
897 1601 1259 1659 insectatione
1285 1602 1487 1657 veteris
1514 1602 1749 1672 inimici,
1778 1607 1833 1657 et
1861 1602 1931 1656 ab
1961 1600 2122 1657 omni

480 1693 732 1765 periculo
770 1695 970 1750 mundi
996 1695 1236 1754 liberare
1288 1696 1557 1767 digneris,
1603 1697 1857 1751 Salvator
1899 1695 2119 1765 mundi,

1279 385 1609 444 APPENDIX
1647 384 1734 439 ΑΙ)
1770 381 1992 439 ΟΡΕΒΑ
2029 377 2260 436 SANCTI
2299 374 2597 434 GERMANI
2637 373 3060 432 PARISIENSIS.

482 493 899 562 universorum,
952 495 1240 568 miserere,
1289 497 1536 566 obsecro,
1584 493 1844 552 omnium
1889 496 2109 550 nostro-
2134 501 2194 576 Α

3754 371 3849 429 604

2523 490 2648 544 Post
2662 487 2905 543 Laudate
2933 485 3237 543 Dominum
3268 483 3337 542 de
3363 482 3538 542 caelis.

2283 583 2538 639 Laudent
2558 586 2633 652 te,
2667 582 2927 650 Domine,
2958 582 3170 654 angeli,
3198 580 3453 648 virtutes,
3482 577 3715 652 sydera,
3748 591 3850 649 po-

2215 681 2456 747 testates,
2501 680 2558 733 et
2597 693 2726 749 quae
2767 681 2955 732 ortum
2981 693 3150 732 suum
3169 676 3273 730 tibi
3295 675 3502 730 debent
3529 672 3722 729 ofﬁcio
3747 677 3854 728 tuae

2214 771 2546 828 laudationis
2579 771 2851 841 exultent,
2885 775 2949 825 ut
2975 787 3076 842 per
3118 768 3495 825 universitatis
3532 766 3855 822 armoniam

2215 866 2438 922 tibimet
2464 865 2896 921 concinnentem
2921 863 3036 935 ﬁat,
3065 869 3129 919 ut
3158 865 3219 918 in
3242 863 3401 932 coelo,
3430 862 3510 916 ita
3530 866 3588 916 et
3612 861 3677 914 in
3711 864 3857 915 terra

2215 960 2470 1016 voluntas
2491 966 2608 1015 tua.
2638 959 2720 1015 Sit
2743 958 2865 1028 tibi,
2886 975 3206 1031 precamur,
3240 956 3500 1025 Domine,
3530 954 3854 1025 beneplaci-

2217 1059 2339 1110 tum
2365 1055 2423 1109 in
2451 1053 2665 1126 populo
2695 1058 2813 1123 tuo,
2850 1058 2915 1108 ut
2939 1069 3042 1124 per
3065 1051 3424 1107 exaltationes
3468 1053 3595 1104 tuas
3641 1049 3706 1102 in
3745 1048 3860 1118 ejus

2216 1148 2472 1204 faucibus
2518 1148 2827 1217 collocatas,
2876 1151 3105 1202 maneat
3131 1147 3193 1200 in
3229 1144 3467 1216 singulis
3495 1147 3552 1199 et
3578 1142 3744 1198 verbi
3782 1143 3861 1196 tui

2217 1247 2523 1312 armatura,
2577 1258 2691 1312 qua
2737 1241 2957 1308 doceas,
3001 1244 3057 1294 et
3080 1240 3210 1295 vitae
3233 1243 3443 1294 nostra:
3475 1238 3713 1306 veritas,
3752 1252 3860 1308 qua

2219 1352 2444 1408 semper
2487 1335 2741 1406 aspicias,
2783 1339 2839 1390 et
2886 1333 3054 1402 salus,
3105 1350 3215 1406 qua
3257 1338 3581 1388 mansuetos
3627 1330 3860 1394 exaltes,

2220 1431 2355 1502 quia
2390 1429 2704 1484 secundum
2741 1429 3170 1484 multitudinem
3213 1426 3624 1500 magnitudinis
3672 1430 3788 1480 tuae
3813 1430 3863 1480 te

2220 1524 2538 1593 laudamus,
2574 1522 2829 1592 Domine,
2878 1522 3058 1594 gratia
3081 1522 3419 1577 laudationis
3445 1524 3710 1590 ostensa,
3754 1519 3862 1574 im-

2220 1617 2525 1673 molatione
2545 1632 2648 1688 per
2672 1616 3025 1688 psalterium,
3058 1615 3490 1671 mortiﬁcatione
3509 1631 3616 1686 per
3640 1618 3865 1686 tympa-

2221 1728 2387 1779 num,
2430 1710 2868 1782 congregatione
2919 1727 3023 1782 per
3071 1711 3331 1779 chorum,
3377 1708 3729 1764 exultatione
3771 1724 3868 1779 per

483 1787 583 1859 qui
611 1804 741 1842 cum
761 1792 974 1844 aeterno
998 1792 1156 1845 Patre
1185 1790 1341 1861 ViViS,
1363 1790 1668 1845 dominaris
1695 1807 1758 1845 ac
1785 1805 1986 1861 regnas
2009 1805 2126 1844 una
2144 1876 2180 1878 ᾼ
2225 1821 2525 1878 organum,
2548 1805 2883 1876 jubilatione
2910 1821 3014 1876 per
3042 1804 3387 1875 cymbalum,
3415 1807 3482 1858 ut
3501 1819 3736 1875 semper
3762 1801 3865 1856 mi-

485 1898 617 1938 cum
643 1885 854 1938 aeterno
882 1884 1093 1955 Spiritu
1115 1888 1306 1939 sancto
1334 1885 1392 1938 in
1423 1886 1624 1941 saecula
1645 1885 2002 1941 saeculorum.

731 1970 904 2038 Super
929 1969 1338 2024 benedictionem
1365 1971 1529 2024 trium
1556 1985 1870 2040 puerorum.

555 2048 689 2103 Tres
715 2047 917 2102 Hebrei
945 2049 1292 2104 venerabiles
1323 2066 1586 2120 numero,
1620 2054 1969 2106 sacramento
1996 2067 2122 2106 mu-

485 2141 610 2210 niti,
643 2145 804 2197 aetate
831 2143 1032 2210 teneri,
1062 2143 1158 2198 sed
1185 2143 1317 2197 ﬁdei
1349 2144 1633 2200 soliditate
1658 2145 1900 2213 robusti,
1933 2161 2127 2201 amore

484 2235 689 2290 divinae
704 2234 994 2307 religionis
1017 2236 1186 2308 Regis
1201 2237 1434 2293 adorare
1453 2237 1762 2310 imaginem
1781 2241 2129 2311 contempse-

485 2334 641 2396 runt,
655 2332 851 2401 utpote
873 2329 971 2402 qui
989 2329 1177 2402 ipsum
1191 2335 1650 2404 contempserant
1667 2334 1906 2404 Regem,
1929 2332 2028 2404 qui
2047 2332 2126 2386 ira

486 2423 741 2479 sufﬂatus
753 2423 915 2479 solito
932 2424 1135 2495 septies
1148 2426 1394 2497 amplius
1407 2426 1695 2480 caminum
1703 2426 1724 2496 j
1734 2427 1871 2480 ussit
1882 2426 2126 2495 incendi,

490 2533 554 2571 ac
567 2517 692 2588 pice
707 2520 764 2571 et
779 2521 945 2588 stupa
958 2521 1244 2572 armatum
1257 2519 1415 2572 citari
1426 2520 1750 2574 incendium
1763 2520 2130 2575 aestuantibus

493 2611 693 2680 globis.
713 2610 1002 2666 Erubescit
1013 2628 1236 2684 quoque
1252 2612 1439 2684 ipsum
1453 2614 1650 2669 alienis
1662 2614 1888 2686 ignibus
1901 2615 2126 2669 coelum.

489 2703 589 2784 Illo
634 2703 1062 2775 praecipitantur
1097 2704 1363 2777 insontes,
1408 2706 1732 2779 ibidemque
1780 2712 1858 2776 te,
1899 2712 2132 2780 propter

493 2813 666 2868 quem
709 2797 1156 2869 pracipitantur,
1203 2799 1518 2867 inveniunt,
1563 2800 1801 2856 Christe.
1846 2801 2050 2855 Taliter
2075 2806 2132 2855 et

491 2908 597 2946 nos
639 2907 708 2946 ex
753 2892 981 2963 tyranni
1019 2893 1415 2950 intellectualis
1447 2895 1659 2963 furore,
1689 2899 1745 2949 et
1772 2895 1841 2949 ab
1872 2895 2129 2968 ingenito

493 2985 615 3056 igni
667 2985 918 3057 digneris
967 2985 1223 3056 liberare,
1285 2988 1532 3044 Salvator
1580 2989 1802 3060 mundi,
1856 2988 1953 3061 qui
2000 3005 2130 3043 cum

494 3084 705 3135 aeterno
730 3080 892 3134 Patre
918 3080 1077 3150 vivis,
1106 3085 1210 3136 etc.

634 3205 905 3261 Versiculi
927 3206 1159 3271 familia
1183 3207 1466 3262 Benchuir.

569 3295 850 3350 Benchuir
872 3295 1018 3350 bona
1036 3297 1255 3367 regula,

498 3387 690 3453 Recta,
722 3389 893 3457 atque
915 3386 1134 3455 divina;

499 3477 722 3547 Stricta,
746 3482 955 3546 sancta,
985 3477 1196 3545 sedula,

500 3567 732 3621 Summa
749 3567 924 3636 justa,
957 3583 1021 3621 ac
1046 3566 1210 3621 mira.

571 3657 835 3712 Munther
866 3656 1145 3712 Benchuir
1167 3656 1329 3713 beata

498 3747 631 3802 Fide
655 3746 889 3802 fundata
914 3751 1084 3815 certa,
1628 3749 1809 3821 Supra
1836 3752 2089 3804 montem
2111 3749 2315 3821 posita.

501 3837 611 3908 Spe
633 3837 830 3893 salutis
855 3842 1074 3907 ornata,
1697 3842 1841 3894 Area
1867 3839 2142 3895 cherubin
2168 3843 2331 3908 tecta,

499 3928 738 3983 Caritate
763 3928 1030 3999 perfecta.
1629 3929 1796 3984 Omni
1820 3935 1976 4002 parte
2001 3934 2216 4000 aurata,

567 4019 732 4073 Navis
751 4035 1068 4090 numquam
1094 4019 1334 4088 turbata,

498 4107 761 4172 Quamvis
785 4107 1050 4163 ﬂuctibus
1075 4113 1257 4175 tonsa,

497 4197 716 4268 Nuptiis
741 4214 962 4269 quaque
981 4201 1177 4269 parata

501 4287 643 4359 Regi
668 4287 908 4342 Domino
935 4304 1162 4359 sponsa.

568 4380 774 4435 Domus
801 4379 1009 4435 deliciis
1035 4380 1222 4451 plena.

642 4533 887 4590 ϐοηθειίο
911 4548 1074 4604 super
1097 4533 1358 4588 hominem
1384 4535 1480 4604 qui
1504 4533 1665 4588 habet
1691 4532 1986 4587 diabolum.

568 4637 807 4692 Domine
852 4642 1040 4692 sancte
1086 4639 1251 4693 Pater
1291 4638 1652 4709 omnipotens
1706 4639 1917 4691 aeterne
1967 4637 2132 4704 Deus,

500 4731 715 4801 expelle
747 4730 1056 4802 diabolum,
1086 4735 1141 4785 et
1167 4731 1546 4802 gentilitatem
1573 4730 1645 4786 ab
1671 4729 1904 4785 homine
1929 4729 2035 4784 isto
2066 4729 2136 4785 de

499 4824 702 4895 capite,
731 4825 799 4880 de
819 4825 1050 4896 capillis,
1081 4825 1151 4880 de
1177 4826 1428 4896 cerebro,
1456 4829 1563 4880 etc.

988 4932 1174 4988 Oratio
1201 4932 1266 4987 de
1292 4933 1649 5002 Martyribus.

572 5021 739 5090 Deus,
772 5020 869 5093 qui
895 5022 1237 5094 martyribus
1257 5021 1368 5077 tuis
1395 5021 1634 5094 largitus
1656 5037 1713 5076 es
1744 5036 2012 5093 regnum,
2041 5035 2138 5076 no-

497 5113 583 5169 bis
617 5118 808 5170 autem
849 5116 1234 5186 peccatoribus
1286 5115 1512 5171 veniam
1556 5119 1824 5186 praestare
1867 5112 2136 5187 digneris.

501 5210 565 5264 Hi
610 5225 879 5265 coronam
917 5226 1078 5264 suam
1114 5209 1374 5282 passione
1416 5225 1520 5281 per
1553 5209 1727 5264 ﬁdem
1755 5214 2135 5280 meruerunt;

499 5320 602 5358 nos
641 5320 772 5360 vero
817 5321 922 5376 pro
965 5303 1360 5376 iniquitatibus
1386 5307 1442 5358 et
1468 5303 2020 5375 praevaricationibus
2044 5320 2140 5359 no-

498 5397 626 5454 stris
653 5397 1047 5454 remissionem
1071 5401 1179 5453 ate
1208 5401 1264 5453 et
1291 5397 1736 5454 misericordiam
1762 5396 2135 5469 postulamus,

497 5509 602 5562 per
627 5495 700 5563 te,
728 5495 858 5548 Jesu
889 5493 1130 5548 Christe.

571 5602 764 5670 Incipit
788 5601 1088 5670 antiphona
1109 5601 1168 5654 in
1194 5601 1395 5659 Natale

939 5671 1247 5742 refugium,
1276 5671 1350 5725 ad
1375 5670 1696 5727 Secundam.

574 5759 655 5812 Ab
676 5758 954 5812 hodierno
977 5760 1067 5813 die
1084 5775 1196 5813 nox
1218 5757 1518 5827 minuitur,
1547 5756 1665 5812 dies
1691 5756 1914 5827 crescit,
1942 5771 2141 5819 concu-

507 5850 727 5903 tiuntur
754 5850 1022 5919 tenebrae,
1062 5853 1255 5906 lumen
1297 5855 1558 5922 augetur,
1600 5854 1656 5904 et
1700 5849 1758 5904 in
1806 5851 1963 5906 lucro
2003 5849 2142 5905 lucis

510 5945 801 5994 nocturnae
831 5941 1123 6013 dispendia
1147 5945 1580 5999 transferentur.

1626 3207 1810 3277 Super
1835 3209 2058 3277 petram
2085 3209 2420 3277 constructa,

1624 3298 1735 3351 Nec
1762 3313 1879 3351 non
1902 3296 2065 3351 vinea
2090 3312 2222 3352 vera

1626 3387 1707 3441 Ex
1734 3388 1973 3458 Egypto
1997 3386 2338 3458 transducta,

1695 3477 1854 3531 Certe
1879 3475 2070 3530 civitas
2096 3476 2281 3544 ﬁrma,

1630 3566 1833 3636 Fortis,
1863 3569 2032 3638 atque
2061 3567 2302 3638 munita,

1626 3656 1893 3725 Gloriosa,
1925 3673 1989 3712 ac
2017 3657 2208 3729 digna,

1626 4021 2002 4076 Sacrosanctis
2026 4020 2252 4089 referta,

1625 4111 1769 4165 Viris
1794 4114 2038 4184 quatuor
2061 4113 2302 4182 portata.

1696 4200 1916 4256 Christo
1943 4201 2140 4271 regina
2163 4204 2293 4272 apta

1626 4290 1766 4347 Solis
1803 4291 1927 4346 luce
1955 4291 2161 4344 amicta

1625 4379 1897 4452 Simplex,
1920 4379 2199 4453 simulque
2226 4380 2407 4450 docta,

2141 1876 2197 1949 B
2222 1899 2582 1956 sericordiam
2624 1903 2787 1954 tuam
2823 1899 3033 1954 habere
3054 1914 3400 1967 mereamur,
3430 1898 3654 1953 Christe
3683 1896 3865 1954 Salva-

2223 1999 2313 2051 tor
2331 1994 2550 2066 mundi,
2579 1993 2830 2066 quicum
2861 1996 3072 2048 aeterno
3096 1994 3258 2048 Patre
3284 1992 3441 2063 vivis,
3465 1996 3566 2046 ctc.

2655 2131 2827 2202 Super
2849 2129 3155 2184 Cantemus
3178 2128 3438 2184 Domino.

2299 2237 2554 2310 Domine,
2595 2237 2693 2309 qui
2730 2236 3020 2291 Cinchrim
3063 2236 3346 2308 fugientes
3385 2234 3561 2291 tueris
3596 2234 3688 2290 bis
3717 2250 3870 2290 senas

2227 2349 2332 2404 per
2374 2331 2551 2386 invisa
2577 2331 2758 2386 tribus
2783 2331 3058 2385 ramulum
3085 2331 3308 2399 itinera,
3336 2330 3494 2401 prius
3524 2328 3792 2384 ﬂuctibus
3814 2329 3869 2384 in

2227 2426 2376 2481 binis
2401 2426 2686 2480 montium
2696 2424 2990 2496 utrimque
3008 2424 3251 2479 redactis
3278 2424 3574 2492 celsorum,
3598 2439 3710 2478 ceu
3723 2423 3869 2493 jugis

2230 2520 2467 2591 abrupte
2495 2519 2784 2574 arentibus
2809 2518 2932 2573 talis
2956 2534 3183 2590 aequore
3224 2533 3457 2572 murum
3503 2516 3668 2588 quasi
3709 2521 3767 2572 et
3807 2517 3868 2570 de

2229 2617 2388 2685 petra
2424 2613 2692 2686 lymphas
2728 2613 3081 2684 producens;
3126 2616 3415 2683 mergatur
3459 2627 3594 2681 ergo
3645 2615 3710 2665 ut
3747 2610 3869 2664 olim

2227 2707 2453 2780 piorum
2479 2705 2824 2777 supplicium
2852 2706 3028 2760 hostis
3064 2704 3283 2774 aeterni,
3315 2721 3672 2776 quaesumus,
3705 2709 3868 2758 διδω-

2230 2817 2318 2856 res
2359 2817 2609 2867 currum,
2657 2800 2809 2871 quod
2855 2804 2938 2854 est
2984 2800 3144 2870 cujus
3192 2799 3409 2868 affatus,
3449 2801 3724 2869 actusque
3750 2814 3868 2852 cum

2231 2895 2486 2965 cogitatu
2512 2893 2678 2949 celeri
2708 2909 2957 2965 nequam
2993 2893 3064 2948 sit
3096 2893 3376 2948 Pharaoni
3413 2894 3532 2948 Rex
3572 2892 3869 2946 Israhelem

2231 3004 2448 3058 verum,
2480 3005 2609 3059 quae
2633 2987 2787 3042 unda
2811 2987 3004 3056 salvat,
3028 2992 3093 3042 ut
3134 2987 3355 3042 Christo
3395 2984 3650 3041 carmina
3694 2986 3868 3050 canat,

2231 3097 2334 3153 per
2359 3081 2544 3152 saecla,
2575 3081 2674 3154 qui
2700 3098 2830 3137 cum
2851 3083 3012 3136 Patre
3037 3080 3189 3136 vivit.

2765 3205 3169 3277 Undecumque
3194 3203 3418 3272 invicta,

2835 3299 2974 3352 Vere
3003 3295 3208 3367 regalis
3239 3295 3386 3364 aula,

2764 3386 2942 3441 Variis
2971 3385 3211 3458 gemmis
3236 3388 3454 3451 ornata,

2764 3477 3071 3548 Grcgisque
3102 3475 3309 3531 Christi
3329 3475 3507 3541 caula,

2764 3569 2924 3622 Patre
2949 3582 3173 3620 summo
3201 3569 3432 3634 servata,

2837 3657 3006 3729 Virgo
3033 3657 3196 3710 valde
3225 3655 3503 3725 foecunda,

2768 3750 2896 3803 Haec
2920 3752 2976 3802 et
3003 3751 3185 3801 mater
3216 3745 3442 3816 intacta,

2768 3840 2936 3907 Laeta,
2965 3853 3028 3891 ac
3057 3836 3448 3906 tremebunda,

2767 3927 2948 3983 Verbo
2967 3926 3064 3982 Dei
3093 3927 3340 3981 subacta.

2835 4017 2937 4072 Cui
2965 4016 3080 4070 vita
3105 4017 3270 4070 beata

2763 4108 2903 4162 Cum
2927 4105 3191 4177 perfectis
3220 4107 3432 4174 futura,

2761 4199 2873 4252 Deo
2898 4199 3059 4251 Patre
3085 4201 3298 4267 parata,

2759 4287 2888 4343 Sine
2915 4286 3025 4342 ﬁde
3051 4303 3337 4342 mansura.

2833 4377 3116 4434 Benchuir
3139 4377 3288 4433 bona
3315 4378 3535 4449 regula.

2152 4545 2206 4619 ρ
2265 4533 2534 4602 Incipiunt
2564 4531 2871 4602 antiphonw
2901 4544 3062 4600 super
3089 4529 3392 4584 Cantemus
3419 4534 3469 4585 et
3501 4531 3842 4587 Benedicite.

2307 4625 2504 4682 Educti
2532 4641 2602 4680 ex
2629 4626 2867 4697 [Egypto
2898 4625 3090 4679 Patres
3115 4622 3294 4678 nostri
3321 4627 3378 4678 et
3427 4625 3874 4695 pertransierunt

2235 4719 2473 4792 pedibus
2498 4719 2757 4776 Rubrum
2784 4734 2959 4784 mare,
2988 4717 3367 4790 dixeruntque
3391 4717 3622 4773 laudem
3649 4719 3875 4775 Domino

2237 4817 2448 4869 nostro.

2307 4910 2439 4964 Tres
2473 4907 2636 4979 pueri
2677 4906 2738 4962 in
2783 4905 3002 4960 camino
3032 4905 3191 4959 missi
3221 4910 3372 4975 sunt,
3418 4909 3476 4960 et
3521 4921 3640 4960 non
3681 4906 3876 4961 timue-

2236 5008 2373 5059 runt
2414 5002 2705 5058 ﬂammam
2745 4999 2916 5073 ignis,
2963 4999 3344 5072 dixeruntque
3387 4999 3621 5056 laudem
3646 5000 3876 5058 Domino

2237 5102 2448 5154 nostro.

2310 5189 2434 5246 Filii
2462 5189 2828 5244 Hebraeorum
2861 5191 3324 5259 penetraverunt,
3361 5188 3668 5245 Israhelitae
3696 5189 3874 5262 plebes

2238 5283 2586 5340 transierunt
2609 5298 2713 5354 per
2737 5282 2948 5336 siccum
2969 5285 3146 5350 mare,
3179 5281 3520 5353 laudemque
3549 5283 3834 5339 dixerunt.

2307 5379 2440 5434 Tres
2467 5375 2630 5449 pueri
2650 5380 2706 5431 te
2733 5375 2970 5430 orabant
2997 5374 3066 5430 de
3091 5375 3280 5430 medio
3307 5375 3476 5446 ignis,
3499 5375 3573 5431 ad
3603 5381 3661 5433 te
3686 5379 3873 5432 clama-

2236 5473 2373 5529 bant
2393 5488 2463 5526 ex
2493 5488 2607 5526 una
2631 5485 2785 5538 voce,
2817 5470 3216 5540 hymnumque
3243 5468 3526 5524 dicebant.

1419 5601 1634 5654 Domini
1658 5612 1820 5669 super
1838 5595 2074 5652 nomine
2165 5577 2222 5648 D
2313 5566 2594 5621 Gloriosus
2621 5564 2682 5619 in
2711 5563 2946 5633 Sanctis,
2977 5562 3254 5618 mirabilis
3273 5561 3332 5617 in
3357 5561 3774 5633 majestatibus,
3802 5566 3869 5618 fa-

2241 5659 2392 5715 ciens
2414 5659 2693 5731 prodigia.

2314 5753 2715 5809 Bcnedicamus
2741 5752 2926 5807 Deum
2952 5753 3180 5806 Patrem
3199 5754 3255 5806 et
3281 5749 3505 5820 Filium,
3530 5753 3585 5806 et
3609 5751 3868 5824 Spiritum

2243 5851 2501 5903 sanctum
2524 5846 2846 5900 Dominum.

2316 5941 2599 6012 Dextram,
2630 5939 2942 6012 laevamque
2969 5939 3180 6014 Moyses
3205 5937 3421 6013 aspexit
3442 5937 3592 5995 viam
3613 5939 3870 6013 regalem.
