4006 6238
49 400 112 448 ιῡὸ
895 399 1445 455 ANTIPHONABIUM
1485 400 1887 460 MONASTERII
1928 404 2447 463 BENCIIORENSIS.
3253 413 3354 469 606

50 507 193 562 mlum
223 502 381 576 [forte
397 505 695 580 populum]
731 507 944 580 eduxit,
973 509 1043 564 ad
1063 508 1220 565 littus
1245 509 1420 566 maris
1446 526 1624 584 usque
1645 524 1705 599 Α
2278 519 2370 574 Ad
2396 519 2803 575 communicare.

50 599 278 657 terduxit.
1791 611 2008 682 Corpus
2034 611 2258 666 Domini
2281 613 2619 684 accepimus,
2643 617 2699 668 et
2723 613 3000 685 sanguine
3029 615 3150 686 ejus
3177 618 3352 688 potati

85 693 321 750 Fornacis
358 694 623 752 ﬂammas
666 697 830 768 pueri
875 701 1355 770 contempserunt,
1399 699 1622 756 Christo
1723 722 1938 775 sumus,
1967 706 2037 762 ab
2065 707 2222 762 omni
2250 707 2399 763 malo
2419 724 2537 764 non
2558 707 2904 777 timebimus,
2927 709 3061 782 quia
3080 711 3349 768 Dominus

48 789 204 862 ugiter
224 789 690 859 immolaverunt,
719 791 867 847 viam
889 792 1142 865 iniquam
1172 794 1620 867 dereliquerunt.
1721 799 2016 856 nobiscum
2043 805 2147 855 est.

260 887 435 955 Super
461 885 709 942 Laudate
739 887 1041 943 Dominum
1068 889 1136 944 de
1163 889 1336 944 caelis.
2391 877 2522 930 Ιίθπη
2544 875 2679 929 alia.

83 971 146 1023 De
171 968 311 1023 caelis
331 969 647 1024 Dominum
675 970 920 1041 laudate,
954 973 1285 1044 psalterium
1305 973 1621 1044 jocundum
1793 968 1854 1019 ΙΙΙ
1881 965 2040 1020 labiis
2067 967 2209 1022 meis
2234 967 2553 1023 meditabor
2578 969 2879 1040 hymnum:
2909 970 3171 1042 alleluia;
3218 988 3351 1026 cum

48 1064 291 1131 mmolate,
319 1064 550 1121 laudate
575 1081 708 1120 eum
738 1066 799 1121 in
825 1083 962 1121 sono
990 1067 1160 1122 tuba},
1722 1058 1980 1115 docueris
2003 1077 2115 1131 me,
2140 1077 2247 1132 ego
2264 1061 2512 1132 justitias
2536 1064 2887 1134 respondebo
2915 1080 2928 1118 :
2957 1065 3213 1136 Alleluja.

83 1159 271 1212 Pharao
314 1157 609 1215 demersus
645 1164 730 1216 est
769 1160 829 1215 in
870 1161 1131 1217 Rubrum
1172 1177 1350 1216 mare.
1407 1163 1621 1234 Moyses
2391 1159 2520 1212 Item
2546 1157 2681 1212 alia.

46 1252 290 1308 )ertransit
317 1252 378 1308 in
408 1253 557 1309 sicco
582 1255 725 1326 pede
754 1255 956 1324 maria,
980 1255 1124 1311 dixit
1147 1257 1258 1312 Deo
1284 1260 1522 1313 cantate,
1792 1249 2020 1304 Gustate
2055 1253 2111 1304 et
2134 1248 2338 1320 videte,
2367 1250 2612 1322 alleluja,
2644 1267 2818 1324 quam
2845 1252 3031 1308 suavis
3050 1257 3133 1308 est
3161 1253 3350 1308 Domi-

575 1353 649 1404 De
673 1350 1026 1418 martyribus.
1721 1358 1847 1409 nus,
1875 1343 2117 1415 alleluia.
2484 1418 2558 1428 η,

83 1435 192 1486 Post
219 1431 375 1504 ignes
405 1437 462 1488 et
488 1433 750 1504 laminas,
773 1450 986 1504 cruces,
1015 1438 1185 1505 atque
1213 1433 1422 1489 bestias
1447 1435 1622 1489 sancti
1793 1512 1837 1521 η
2445 1418 2611 1521 filia:
2651 1509 2663 1521 ο
2749 1515 2758 1521 _
2853 1511 2868 1521 ,
2951 1516 2960 1521 _
3038 1512 3048 1521 ,
3083 1505 3088 1515 ,

46 1543 130 1579 um
152 1543 352 1598 magno
380 1527 677 1600 triumpho
716 1528 1002 1583 vehuntur
1035 1528 1095 1582 in
1138 1544 1316 1600 regno
1354 1533 1410 1584 et
1449 1528 1508 1584 in
1538 1545 1622 1585 re,
1793 1512 1906 1565 Hoc
1932 1527 2156 1565 sacrum
2202 1527 2407 1583 corpus
2445 1511 2667 1566 Domini
2711 1515 2766 1566 et
2793 1511 3082 1568 salvatoris
3121 1512 3351 1586 sangui-

46 1620 236 1690 riga-io.
1723 1620 1858 1660 nem
1885 1603 2091 1660 sumite
2120 1603 2276 1659 vobis
2301 1603 2360 1659 in
2386 1603 2560 1659 vitam
2587 1620 2919 1676 perennem.
2951 1606 3206 1679 Alleluja.

81 1716 128 1767 In
172 1713 518 1770 invocatione
585 1721 907 1772 sanctorum
968 1717 1276 1788 Martyrum
1332 1716 1618 1788 miserere,
2384 1702 2518 1753 Ῑεθηι
2544 1699 2680 1753 alia-

44 1810 140 1861 »ωε
168 1808 485 1880 supplicum
512 1814 767 1866 tuorum.
1793 1795 1973 1860 Quam
2001 1793 2187 1849 dulcia
2215 1791 2470 1850 faucibus
2509 1793 2653 1847 meis
2681 1793 2906 1866 eloquia
2937 1798 3056 1864 tua,
3095 1795 3349 1852 Domine.

103 1905 258 1972 Super
285 1903 531 1959 Domine
562 1905 871 1977 refugium,
899 1907 958 1959 in
986 1906 1382 1961 Dominicorum
1401 1905 1506 1959 die.
1639 1906 1695 1978 Β
1985 1985 1993 1990 _
2155 1982 2165 1990 _
2277 1981 2287 1990 _
2387 1894 2516 1946 1⁸⁸⁷⁷⁸
2536 1893 2679 1990 ,αίξαο

80 1996 410 2067 convertere,
441 1999 702 2070 nomine,
733 2015 1045 2072 usquequo’
1079 2004 1134 2054 et
1153 1998 1518 2070 deprecabms
1542 2015 1623 2055 es.
1796 1983 1894 2038 Hic
1919 1985 2004 2038 est
2035 1982 2198 2054 panis
2240 1981 2414 2050 vivus,
2453 1981 2553 2052 qui
2599 1981 2667 2036 de
2695 1982 2832 2037 cozlo
2864 1983 3172 2039 descendit.
3202 1986 3352 2040 Alle-

44 2107 67 2141 ο
90 2107 238 2162 super
256 2107 441 2148 εει-νος,
472 2097 619 2148 tuos.
1722 2078 1858 2148 luja.
1888 2077 1994 2142 Qui
2023 2076 2324 2132 manducat
2359 2091 2428 2131 ex
2469 2092 2554 2145 eo,
2598 2075 2744 2130 vivet
2772 2076 2832 2131 in
2870 2081 3169 2133 aeternum.
3198 2079 3350 2134 Alle-

648 2185 780 2239 Item
816 2184 950 2239 alia.
1721 2172 1854 2243 luja-
2391 2243 2431 2254 ,,
2595 2241 2633 2254 ..

81 2265 289 2336 Respice
317 2264 374 2320 in
405 2283 601 2322 servos
630 2272 756 2322 tuos
777 2272 832 2322 et
854 2267 912 2322 in
939 2284 1111 2340 opera
1137 2273 1253 2338 tua,
1286 2266 1544 2323 Domine.
1794 2339 1833 2348 ﬁ
1882 2337 1902 2348 Δ
1968 2336 2002 2348 η
2037 2337 2088 2348 Μ
2150 2335 2160 2345 ο
2199 2335 2233 2348 ι.
2384 2243 2518 2296 "em
2551 2241 2686 2348 αιῖία·
2827 2334 2838 2345 θ
3055 2336 3065 2348 ,

653 2364 787 2417 Item
814 2363 948 2417 ίιιία,
974 2337 993 2340 ’
1794 2337 2005 2393 Refecti
2031 2337 2237 2392 Christi
2266 2351 2504 2406 corpore
2547 2338 2603 2390 et
2642 2337 2936 2406 sanguine,
2964 2337 3070 2392 tibi
3107 2353 3350 2411 semper,

82 2443 273 2514 Repleti
298 2460 496 2499 sumus
526 2462 692 2501 mane
717 2446 1106 2501 misericordia
1131 2450 1245 2501 tua.
1722 2431 1978 2500 nomine,
2002 2431 2261 2486 dicamus
2294 2446 2306 2484 ε
2340 2429 2596 2500 Alleluia-

575 2541 704 2595 Alia
725 2542 1023 2595 cotidiana.
2059 2526 2148 2580 Ad
2178 2527 2469 2595 Vesperum
2495 2528 2547 2578 et
2572 2525 2646 2578 ad
2667 2525 3018 2580 Matutinam.

81 2620 146 2674 Sit
172 2621 431 2692 splendor
458 2621 686 2677 Domini
719 2622 816 2677 Dei
845 2623 1023 2678 nostri
1048 2639 1222 2696 super
1246 2640 1368 2678 nos.
1793 2620 1976 2675 Gloria
2000 2619 2062 2674 in
2082 2619 2323 2674 Excelsis
2349 2620 2483 2686 Deo,
2512 2622 2566 2673 et
2593 2618 2652 2672 in
2679 2622 2831 2673 terra
2855 2613 2986 2690 pax,
3016 2622 3125 2675 etc.

100 2777 334 2830 Memoria
370 2777 632 2831 abbatum
666 2783 990 2834 nostrorum.
1157 2781 1455 2834 Famosum
1482 2775 1684 2832 mundi
1703 2775 2061 2846 magistrum,
2351 2773 2540 2828 Tantis
2565 2773 2831 2828 successit
2855 2773 3133 2828 Camanus

79 2863 252 2918 Sancta
272 2871 598 2920 sanctorum
625 2884 795 2938 opera
1157 2870 1326 2933 Quos.
2282 2861 2377 2916 Vir
2395 2862 2742 2917 admirabilis
2770 2863 3053 2917 omnibus.

40 2954 234 3020 Patmm,
259 2954 483 3026 fratres,
515 2956 817 3012 fortissima
1229 2959 1461 3013 Gratum
1489 2954 1622 3011 fecit
1649 2955 2047 3021 Fintenanum,
2283 2951 2503 3007 Christo
2523 2969 2674 3007 nunc
2701 2952 2856 3007 sedet
2883 2969 3203 3023 supremus,

38 3043 358 3099 Benchorensi
382 3044 441 3099 in
470 3045 684 3116 optima
1157 3047 1450 3115 Heredem,
1484 3047 1721 3113 almum,
1761 3045 2058 3117 inclytum,
2283 3043 2532 3112 Hymnos
2557 3057 2762 3096 canens
2788 3041 3199 3113 quindecimus,

37 3132 368 3189 Fundatorum
397 3135 661 3204 Ecclesia,
1160 3135 1458 3191 lllustravit
1480 3135 1922 3205 Machlaisreum,
2283 3133 2432 3187 Zoen
2460 3135 2522 3185 ut
2547 3135 2737 3202 carpat
2757 3132 3072 3201 Cronanus,

38 3222 268 3277 ibbatum
293 3223 606 3280 eminentia
1161 3228 1342 3297 Kaput
1365 3225 1640 3280 abbatum
1671 3225 1948 3294 omnium,
2282 3224 2583 3278 Conservet
2605 3237 2738 3277 eum
2759 3220 3047 3276 Dominus.

37 3309 320 3381 \‘umerum,
352 3319 633 3385 tempora,
661 3315 911 3372 nomina.
1158 3315 1437 3385 Lampade
1466 3331 1621 3369 sacra
1645 3316 1930 3386 Seganum
2281 3313 2448 3377 Quos.

37 3399 127 3454 Sine
149 3400 251 3456 ﬁne
277 3402 574 3474 fulgentia,
1161 3406 1424 3475 Magnum
1451 3405 1755 3476 Scriptura:
1780 3405 2084 3460 medicum.

37 3489 190 3544 ludite
215 3507 416 3564 magna
441 3493 666 3562 merita,
1160 3496 1326 3559 Quos.
2360 3498 2575 3550 Horum
2600 3499 2923 3550 sanctorum
2952 3496 3155 3553 merita

37 3577 143 3639 )uos
169 3583 484 3637 convocavit
504 3584 774 3639 Dominus
1162 3586 1334 3638 Notus
1361 3582 1447 3636 vir
1476 3585 1595 3638 erat
1622 3583 1921 3648 Beracnus,
2287 3585 2569 3640 Abbatum
2592 3584 2912 3640 ﬁdelissima

38 3666 267 3724 Ioelorum
289 3673 450 3744 regni
482 3674 724 3728 sedibus.
1163 3675 1404 3728 Ornatus
1429 3675 1485 3727 et
1507 3673 1850 3738 Cumnenus,
2288 3675 2434 3744 Erga
2455 3673 2798 3745 Comgillum
2827 3691 3076 3746 congrua

77 3759 279 3812 Amavit
299 3762 552 3816 Christus
577 3763 914 3834 Comgillum
1161 3765 1352 3818 Pastor
1377 3762 1648 3817 Columba
1675 3777 1980 3833 congruas,
2290 3763 2615 3816 lnvocamus
2637 3762 2926 3831 altissima,

38 3848 146 3903 3ene
169 3854 220 3902 et
243 3849 355 3920 ipse
385 3851 718 3922 Dominum,
1162 3853 1399 3917 Querela
1426 3851 1635 3923 absque
1656 3851 1925 3919 Aidanus,
2287 3850 2374 3906 Uti
2400 3851 2678 3922 possimus
2702 3853 2894 3906 omnia

38 3935 193 3991 larum
221 3939 414 3995 habuit
448 3942 802 4013 Beognoum,
1161 3943 1362 3996 Rector
1383 3941 1566 3996 bonus
1592 3940 1948 4010 Bautherius,
2288 3942 2484 3994 Nostra
2508 3941 2694 3997 delere
2719 3941 2956 3996 crimina

38 4025 269 4082 )omnum
293 4031 513 4085 ornavit
537 4031 793 4086 Edeum.
1162 4030 1430 4086 Summus
1454 4030 1684 4087 antistes
1712 4031 2020 4086 Cronanus.
2287 4032 2392 4084 Per
2415 4032 2606 4086 Jesum
2625 4031 2910 4086 Christum
2938 4035 3148 4087 aelema

38 4114 177 4188 Elegit
202 4125 457 4176 sanctum
482 4120 801 4176 Simlanum
1161 4121 1330 4186 Quos.
2288 4121 2643 4191 Regnantem
2668 4121 2727 4176 in
2753 4121 2975 4176 saecula.

37 4281 3364 4326 ὴ

1406 4473 2008 4604 ORIGO

435 4675 949 4750 CANTUUM
1033 4675 1170 4748 ET
1255 4675 1758 4751 CURSUUM
1839 4675 2890 4752 ECCLESIASTICORUM
2912 4727 2936 4770 ,

1044 4853 1049 4860 -
1146 4816 1250 4882 EX
1293 4817 1568 4884 CODICE
1610 4816 2209 4884 VETUSTISSIMO.

1025 4946 1389 5028 (Spelman.
1442 4947 1690 5014 Concz'l.
1737 4947 1992 5030 Anglic.
2042 4954 2196 5010 tom.
2245 4945 2328 5027 Ι.)

81 5177 126 5230 Si
163 5180 346 5237 sedulo
391 5181 757 5254 inspiciamus
803 5198 1001 5238 cursus
1039 5186 1316 5253 auctores,
1359 5183 1420 5238 in
1457 5199 1623 5238 exor-
1649 5196 1704 5271 ρ
1801 5183 1934 5240 Inde
1954 5187 2153 5256 postea
2178 5183 2450 5240 relatione
2478 5181 2628 5238 beati
2653 5181 2877 5238 Photini
2914 5181 3199 5254 martyris,
3229 5197 3361 5238 cum

38 5267 158 5326 lium
182 5276 494 5346 reperimus
520 5277 885 5333 decantatum
913 5277 1106 5347 fuisse,
1133 5293 1253 5332 non
1280 5276 1424 5332 sicut
1451 5277 1627 5350 aliqui
1668 5267 1703 5271 ἡ
1729 5278 2105 5353 quadraginta
2129 5283 2186 5334 et
2211 5283 2334 5334 octo
2371 5277 2735 5349 martyribus,
2759 5276 2963 5333 retrusi
2989 5274 3360 5348 ergastulum,

44 5366 239 5434 mperiti
285 5369 476 5441 fuisse,
515 5370 601 5424 vel
646 5370 797 5426 varie
844 5370 1185 5443 objectiones
1243 5371 1625 5443 pertulerunt,
1729 5374 1998 5430 relatione
2026 5373 2096 5428 ad
2121 5373 2354 5428 beatum
2390 5373 2741 5428 Clementem
2782 5373 2846 5426 ιν
2883 5371 2993 5426 1οοὶ
3030 5370 3363 5426 successoris

38 5455 179 5514 idhuc
202 5464 361 5519 multi
383 5468 659 5520 conantur
681 5465 824 5520 fore.
1729 5468 1881 5525 Petri
1906 5467 2144 5539 apostoli
2170 5468 2637 5539 deportaverunt,
2670 5469 2726 5520 et
2762 5466 2991 5522 beatum
3035 5463 3361 5520 lnerenium

85 5551 264 5611 Beatus
286 5559 573 5615 Trosimus
601 5559 900 5631 episcopus
925 5558 1286 5628 Arelatensis,
1321 5562 1378 5614 et
1405 5561 1629 5612 sanctus
1730 5563 2060 5635 episcopum
2099 5563 2296 5618 beatus
2334 5561 2592 5617 Clemens
2629 5559 2924 5614 ordinavit.
2970 5560 3081 5615 Hoc
3121 5559 3182 5614 in
3219 5558 3365 5614 libro

38 5651 260 5714 9hotinus
287 5667 501 5735 martyr
524 5668 581 5719 et
609 5661 907 5735 episcopus
934 5661 1328 5734 Lugdunensis
1376 5660 1628 5731 discipu-
1733 5657 1908 5711 sancti
1937 5657 2115 5728 ipsius
2147 5656 2388 5712 lnerenii
2415 5655 2664 5726 episcopi
2689 5658 2746 5710 et
2771 5654 3038 5725 martyris
3086 5652 3356 5725 reperies.

38 5763 98 5799 iis
117 5755 278 5808 sancti
303 5757 448 5812 Petri
476 5758 739 5830 apostoli,
770 5757 917 5812 sicut
941 5761 996 5813 et
1022 5756 1197 5812 refert
1244 5755 1523 5827 Josephus
1572 5757 1628 5809 et
1730 5750 1970 5805 Edoctus
1995 5768 2028 5804 a
2052 5751 2218 5807 beato
2238 5750 2543 5822 Polycarpo
2560 5747 3008 5803 Hismerniorum
3033 5747 3362 5819 episcopum

37 5839 262 5902 Eusebius
288 5850 638 5908 Caesariensis
681 5852 999 5924 episcopus,
1033 5865 1266 5910 cursum
1306 5851 1628 5906 Romanum
1731 5849 1788 5900 et
1814 5848 2144 5916 martyrem,
2175 5844 2274 5917 qui
2301 5843 2410 5900 fuit
2435 5842 2744 5915 discipulus
2784 5841 3058 5898 Johannis
3099 5837 3357 5912 apostoli,

37 5936 77 5992 in
102 5942 282 6001 Galleis
307 5950 674 6009 tradiderunt.
