2003 3119
297 199 348 231 ΒΟἹ

692 205 857 232 APPENDlX
877 205 920 232 ΑΙ)
938 204 1048 232 OPERA
1068 204 1184 233 SANCTI
1203 203 1352 232 GERMAN]
1372 204 1585 232 PARISIENSIS.

1938 202 1986 231 608

296 258 368 286 sicut
386 258 473 286 refert
496 259 721 296 historiograffus
747 260 883 295 Josephus
907 263 935 288 et
960 260 1112 289 Hiereneus
1123 264 1153 301 Α
1163 258 1213 286 dra
1228 259 1332 286 summi
1342 258 1465 293 honoris,
1481 267 1534 295 pro
1549 257 1707 288 reverentia
1720 256 1883 287 sanctitatis
1890 264 1986 285 eorum

298 305 421 342 episcopi
434 307 463 334 in
478 315 527 334 suo
538 308 619 334 libro.

331 353 472 381 Iohannes
493 353 664 389 evangelista
687 353 814 389 primum
837 362 951 381 cursum
967 354 1111 382 Gallorum

296 398 467 435 decantavit;
483 401 548 428 inde
562 403 659 436 postea
670 402 839 437 Polycarpus
855 401 1010 437 discipulus
1024 402 1111 429 sancti

296 447 446 482 Johannis;
464 447 528 474 inde
543 450 638 483 postea
658 448 810 476 Hiereneus
822 449 872 484 qui
893 448 946 475 fuit
963 448 1112 484 episcopus

298 494 491 529 Lugdunensis
504 494 601 522 Gallei.
621 496 732 523 Tertius
753 496 813 531 ipse
826 496 920 532 ipsum
933 504 1048 522 cursum
1061 496 1110 523 de-

298 541 419 568 cantavit
430 541 461 568 in
475 541 585 569 Galleis.

332 587 399 614 Inde
414 588 666 623 modulationibus,
681 589 766 616 series
777 589 986 625 Scripturarum
1000 590 1068 617 Novi
1080 599 1112 618 ac

296 634 403 661 Veteris
412 636 591 670 Testamenti,
603 636 777 663 diversorum
783 637 967 672 prudentium
985 637 1111 664 virorum

297 681 419 716 paginis,
435 690 492 709 non
506 690 541 709 ne
554 682 686 717 propriis,
698 683 746 710 sed
761 683 794 710 de
804 683 890 710 sacris
905 683 1056 718 Scripturis
1070 691 1112 711 re-

296 728 424 764 ciperent
440 727 626 765 [receperunt]
642 729 820 764 antiphonias
831 732 858 757 et
867 731 1111 766 responsoria,seu

296 783 391 808 sonus,
408 777 436 803 et
447 776 581 803 Alleluz‘as
593 778 824 811 composuerunt,
839 779 867 804 et
879 785 930 812 per
948 777 1113 805 universum

297 821 395 848 orbem
414 823 565 856 terrarum,
580 823 648 850 ordo
664 831 762 850 cursus
782 826 831 851 est.
856 824 916 851 Non
939 824 1012 851 sicut
1030 824 1112 851 multi

297 868 459 904 opinantur,
475 871 506 896 ut
519 869 674 897 Gallicanus
687 870 803 905 quidam
816 870 933 898 clericus
948 871 1035 898 Britto
1051 879 1110 897 mo-

297 915 440 943 dulatione
459 916 571 943 deditus
590 917 665 952 quod
681 917 774 952 ipsum
799 917 940 952 edidisset,
956 918 1031 953 quod
1053 926 1112 945 non

297 962 364 989 facit
376 962 451 997 quod
472 963 570 990 beatus
589 963 775 999 Hieronymus
787 964 943 999 presbyter,
959 964 1115 992 Germanus
1124 956 1152 992 B

298 1010 326 1035 et
339 1009 432 1044 Lupus
446 1009 577 1045 episcopi,
592 1010 771 1045 Pelagianam
784 1010 927 1045 haeresim,
951 1011 994 1037 vel
1013 1011 1112 1038 Gallia-

297 1063 364 1082 nam
379 1055 451 1091 (quae
464 1064 569 1083 nomen
584 1056 672 1092 ipsius
695 1057 834 1091 titulatur)
858 1065 892 1084 ex
914 1057 1066 1085 Britanniis
1086 1060 1114 1085 et

297 1101 408 1129 Scottiis
424 1103 574 1138 provinciis
592 1103 772 1139 expulerunt,
791 1104 865 1131 unde
886 1104 973 1131 alium
999 1113 1113 1131 cursum

297 1149 346 1184 qui
360 1149 463 1177 dicitur
476 1152 614 1185 praesente
632 1152 758 1186 tempore
773 1150 944 1184 Scottorum,
960 1159 1015 1187 que
1083 1160 1114 1179 sa

297 1195 428 1231 opinione
436 1196 569 1231 jactatur,

334 1242 387 1269 Sed
399 1243 498 1269 beatus
511 1243 617 1270 Marcus
630 1243 811 1279 evangelista,
832 1244 904 1271 sicut
921 1244 1009 1272 refert
1032 1246 1109 1272 Jose-

297 1288 372 1323 phus
382 1291 409 1316 et
422 1289 558 1317 Eusebius
570 1289 599 1316 in
611 1289 683 1317 libro
692 1298 728 1325 iv,
742 1292 831 1317 totam
839 1292 992 1326 Egyptum
1005 1291 1048 1318 vel
1063 1292 1113 1319 [ta-

297 1335 364 1362 liam
379 1335 473 1363 taliter
493 1337 727 1371 praedicaverunt,
744 1337 816 1364 sicut
839 1346 927 1364 unum
950 1338 1111 1371 Ecclesiam,

298 1383 331 1409 ut
347 1382 439 1409 omnis
453 1385 574 1416 sanctus,
589 1384 631 1411 vel
645 1385 737 1412 Gloria
751 1385 780 1410 in
794 1385 903 1412 excelsis
916 1386 978 1416 Deo,
992 1385 1036 1412 vel
1048 1393 1111 1412 ora-

298 1429 373 1457 tione
388 1431 544 1465 Dominica,
557 1434 585 1459 et
596 1433 682 1459 Amen
695 1432 818 1459 universi
833 1434 891 1460 tam
904 1432 955 1459 viri
969 1441 1054 1468 quam
1069 1433 1112 1461 fe-

296 1476 382 1504 minas
397 1477 587 1506 decantarent.
601 1479 686 1506 Tanta
700 1479 755 1506 fuit
768 1488 818 1506 sua
832 1479 998 1515 prmdicatio
1021 1481 1110 1515 unita,

297 1526 325 1551 et
338 1525 435 1559 postea
454 1525 638 1560 Evangelium
665 1534 699 1553 ex
722 1535 769 1554 ore
793 1526 868 1554 Petri
882 1526 1000 1562 apostoli
1015 1527 1111 1554 edidit.

334 1571 434 1598 Beatus
442 1571 629 1607 Hieronymus
641 1573 771 1600 adfirmat
785 1573 877 1609 ipsum
887 1582 1001 1600 cursum
1013 1574 1061 1609 qui
1073 1574 1114 1601 di-

296 1617 371 1644 citur
392 1620 530 1652 prasente
551 1621 680 1655 tempore
700 1620 867 1653 Scottorum,
887 1620 985 1647 beatus
1005 1621 1113 1648 Marcus

297 1663 465 1699 decantavit,
483 1667 510 1692 et
535 1668 597 1701 post
621 1666 713 1701 ipsum
739 1667 889 1702 Gregorius
903 1667 1111 1702 Nanzenzenus,

298 1718 383 1746 quem
398 1711 585 1747 Hieronymus
605 1721 690 1740 suum
711 1713 878 1749 magistmm
894 1722 954 1741 esse
974 1714 1113 1742 adﬁrmat.

1123 1642 1151 1679 C

300 1757 333 1784 Et
346 1757 443 1785 beatus
461 1759 577 1787 Basilius
593 1760 679 1787 frater
698 1760 786 1796 ipsius
805 1761 893 1788 sancti
907 1761 1044 1797 Gregorii,
1056 1762 1112 1788 An-

297 1804 400 1838 tonius,
425 1806 536 1840 Paulus,
553 1807 719 1842 Macharius,
734 1807 777 1834 vel
794 1808 933 1835 Iohannes
953 1810 981 1835 et
992 1808 1114 1835 Malchus

297 1852 452 1879 secundum
462 1853 591 1881 ordinem
604 1855 719 1881 Patrum
734 1855 961 1882 decantaverunt.

334 1899 400 1926 Inde
416 1902 512 1935 postea
525 1900 704 1928 beatissimus
721 1901 877 1935 Cassianus,
893 1901 942 1937 qui
967 1901 1114 1929 Livorense

299 1946 469 1974 monasterio
481 1947 597 1975 beatum
610 1948 764 1975 Honorium
778 1948 877 1975 habuit
895 1957 1068 1983 comparem.
1082 1949 1115 1976 Et

297 1994 360 2027 post
371 1993 464 2028 ipsum
486 1994 583 2022 beatus
608 1996 765 2022 Honoratus
777 1995 887 2031 primus
911 1995 996 2022 abbas
1010 1998 1037 2022 et
1047 2003 1113 2022 san-

298 2041 359 2065 ctus
372 2039 506 2066 Caesarius
519 2042 667 2076 episcopus
680 2042 728 2077 qui
738 2042 792 2069 fuit
806 2043 836 2070 in
852 2042 963 2069 Arelata
977 2044 1004 2069 et
1017 2042 1114 2069 beatus

298 2085 443 2112 Porcarius
462 2086 546 2113 abbas
566 2087 615 2122 qui
627 2087 657 2114 in
671 2088 732 2123 ipso
748 2089 920 2116 monasterio
937 2088 1000 2122 fuit,
1017 2088 1112 2123 ipsum

298 2139 413 2158 cursum
425 2133 654 2168 decantaverunt,
665 2135 715 2169 qui
723 2135 838 2162 beatum
848 2136 955 2170 Lopum
965 2135 1113 2163 etbeatum

298 2178 470 2206 Germanum
492 2180 648 2207 monachus
660 2181 690 2207 in
709 2189 809 2208 eorum
827 2181 996 2209 monasterio
1008 2182 1113 2210 habue-

298 2227 374 2252 runt.
391 2226 423 2252 Et
438 2225 491 2261 ipsi
500 2226 551 2253 sub
565 2235 697 2254 normam
709 2228 801 2263 reguli
817 2228 910 2264 ipsum
925 2236 1040 2255 cursum
1058 2229 1111 2256 ibi-

297 2271 362 2299 dem
377 2272 648 2308 decantaverunt,'et
662 2276 759 2309 postea
772 2275 801 2302 in
816 2275 992 2311 episcopatus
1015 2276 1111 2302 cathe-

1162 307 1227 333 sunt
1242 306 1347 341 adepti.

1197 353 1230 380 Et
1242 355 1338 388 postea
1350 353 1380 379 in
1393 352 1544 380 Britanniis
1559 353 1601 380 vel
1616 352 1727 380 Scottiis
1742 352 1986 388 praedicaverunt,

1162 408 1225 435 quin
1238 400 1300 427 Vita
1315 399 1446 426 Germani
1463 399 1591 436 episcopi
1609 399 1861 433 Antisiodorensis,
1884 402 1913 426 et
1932 399 1988 425 Vita

1162 446 1235 473 beati
1250 446 1322 482 Lupi
1337 446 1477 481 adﬁrmat,
1493 447 1542 482 qui
1555 446 1669 473 beatum
1684 446 1842 474 Patricium
1856 446 1987 481 spiritali-

1163 493 1206 520 ter
1223 493 1330 520 litteras
1352 501 1443 520 sacras
1463 493 1621 520 docuerunt
1640 495 1724 529 atque
1739 493 1942 524 enutrierunt.
1966 496 1988 519 et

1162 539 1255 575 ipsum
1268 540 1436 575 episcopum
1451 549 1502 575 pro
1527 548 1626 567 eorum
1649 540 1854 575 praedicatione
1877 539 1987 566 archie-

1161 586 1309 622 piscopum
1337 587 1366 613 in
1382 586 1492 614 Scottiis
1517 589 1545 614 et
1562 587 1713 614 Britanniis
1739 589 1916 622 posuerunt,
1944 587 1986 622 qui

1162 633 1230 660 vixit
1239 641 1326 660 annos
1342 636 1457 660 centum
1467 633 1673 669 quinquaginta
1687 636 1752 669 tres,
1764 636 1793 661 et
1807 634 1910 670 ipsum
1930 642 1986 660 cura

1162 688 1224 707 sum
1236 680 1341 708 ibidem
1356 681 1521 708 decantavit.

1198 727 1231 754 Et
1243 729 1306 762 post
1320 728 1414 763 ipsum
1426 727 1525 755 beatus
1541 727 1741 754 Wandilochus
1756 735 1855 760 senex,
1872 730 1904 754 et
1925 727 1986 754 bea-

1162 776 1207 801 tus
1220 774 1404 810 Gomogillus,
1416 774 1465 810 qui
1479 774 1639 802 habuerunt
1651 774 1679 801 in
1695 782 1794 801 eorum
1808 775 1987 801 monasterio

1162 821 1314 848 monachos
1329 821 1440 848 circiter
1453 821 1507 848 tria
1523 821 1611 849 milia.

1198 868 1264 894 lnde
1278 868 1377 895 beatus
1393 868 1593 895 Wandilochus
1614 869 1642 895 in
1663 868 1878 904 praedicationis
1901 868 1985 895 mini-

1162 915 1281 942 sterium
1294 915 1395 942 abbate
1404 915 1562 951 Gomogillo
1578 916 1678 942 missus
1692 918 1749 949 est;
1771 918 1798 943 et
1817 916 1925 943 beatus
1938 916 1984 942 Co-

1163 961 1317 989 lumbanus
1329 962 1456 997 partibus
1469 962 1621 989 Galliarum
1632 962 1763 989 destinati
1776 964 1842 989 sunt
1858 963 1985 997 Luxogi-

1164 1009 1223 1036 lum
1240 1009 1456 1044 monasterium,
1479 1009 1618 1037 etibidcm
1633 1009 1728 1045 ipsum
1741 1017 1860 1037 cursum
1882 1009 1984 1036 decan-

1164 1058 1304 1083 taverunt.

1199 1104 1233 1130 Et
1246 1103 1311 1130 inde
1323 1106 1418 1138 postea
1441 1103 1602 1139 percrebuit
1624 1104 1747 1130 formam
1768 1103 1931 1130 sanctitatis
1942 1111 1984 1130 eo-

1163 1158 1228 1177 rum
1243 1158 1294 1186 per
1306 1151 1470 1178 universum
1481 1151 1578 1178 orbem
1589 1153 1742 1184 terrarum,
1751 1152 1779 1177 et
1792 1151 1887 1177 multa
1898 1159 1985 1177 coeno—

1163 1197 1208 1224 bia
1230 1205 1264 1224 ex
1282 1205 1380 1224 eorum
1403 1197 1529 1224 doctrina
1548 1200 1606 1224 tam
1620 1197 1747 1224 virorum
1768 1205 1857 1233 quam
1874 1197 1983 1232 puella—

1163 1252 1228 1271 rum
1240 1246 1306 1271 sunt
1317 1246 1497 1279 congregata.

1199 1292 1232 1318 Et
1244 1293 1341 1326 postea
1361 1291 1425 1318 inde
1446 1291 1568 1326 sumpsit
1586 1290 1734 1318 exordium
1759 1291 1810 1318 sub
1833 1291 1923 1318 beato
1936 1292 1983 1317 Co-

1163 1337 1308 1371 lumbano,
1319 1338 1395 1373 quod
1409 1339 1474 1365 ante
1498 1337 1595 1364 beatus
1614 1338 1720 1365 Marcus
1739 1338 1920 1373 evangelista
1939 1338 1983 1365 de-

1162 1384 1294 1418 cantavit,
1315 1386 1343 1411 et
1364 1384 1387 1410 si
1411 1392 1461 1411 nos
1485 1393 1544 1411 non
1573 1385 1695 1417 creditis,
1719 1385 1858 1420 inquirite
1877 1385 1908 1411 in
1929 1386 1983 1411 Vita

1163 1432 1235 1458 beati
1249 1431 1415 1458 Columbani
1431 1433 1458 1458 et
1473 1431 1547 1458 beati
1559 1431 1664 1458 Eastasi
1676 1431 1796 1464 abbatis,
1813 1431 1931 1466 plenius
1944 1432 1982 1458 in-

1162 1478 1288 1511 venietis,
1304 1481 1331 1505 et
1342 1478 1415 1505 dicta
1427 1478 1501 1505 beati
1515 1478 1649 1505 Attheleti
1659 1478 1766 1505 abbatis
1780 1478 1950 1505 Ebovensis.

1198 1526 1245 1552 Est
1261 1525 1333 1552 alius
1354 1533 1453 1552 cursus
1477 1524 1619 1551 orientalis
1638 1533 1654 1551 a
1673 1526 1769 1552 sancto
1788 1525 1940 1552 Cromatio
1959 1530 1982 1553 et

1162 1571 1290 1599 Eliodoro
1305 1574 1332 1599 et
1342 1572 1423 1599 beato
1437 1571 1561 1606 Paulino,
1576 1579 1626 1598 seu
1638 1573 1666 1598 et
1681 1571 1834 1598 Athanasio
1849 1572 1981 1608 episcopo

1162 1618 1263 1652 editus,
1278 1626 1333 1654 que
1346 1618 1376 1646 in
1388 1618 1532 1645 Gallorum
1540 1618 1774 1645 consuetudinem
1783 1626 1842 1645 non
1849 1619 1981 1652 habetur,

1165 1673 1227 1701 quae
1239 1667 1352 1692 sanctus
1365 1665 1521 1692 Macharius
1537 1664 1704 1700 decantavit,
1712 1665 1765 1692 hoc
1781 1667 1833 1698 est,
1850 1674 1909 1701 per
1923 1666 1982 1693 duo

1165 1712 1260 1747 denas,
1272 1712 1327 1739 hoc
1340 1714 1391 1746 est,
1405 1720 1584 1747 unaquaeque
1599 1712 1678 1738 hora.

1200 1760 1248 1786 Est
1259 1761 1288 1786 et
1299 1759 1370 1786 alius
1383 1767 1480 1786 cursus
1490 1767 1577 1794 quem
1592 1758 1678 1786 refert
1691 1759 1789 1786 beatus
1802 1759 1981 1795 Augustinus

1165 1807 1321 1844 episcopus,
1335 1808 1410 1843 quod
1417 1808 1515 1835 beatus
1528 1808 1693 1835 Ambrosius
1705 1810 1822 1843 propter
1836 1808 1983 1836 haeretico-

1164 1863 1229 1882 rum
1241 1855 1371 1882 ordinem
1387 1855 1553 1882 dissimilem
1572 1855 1739 1891 composuit,
1754 1863 1841 1891 quem
1868 1856 1901 1883 in
1915 1856 1984 1883 Italia

1165 1904 1247 1928 antea
1259 1901 1471 1929 decantabatur.

1201 1949 1247 1975 Est
1259 1949 1286 1975 et
1297 1948 1369 1975 alius
1382 1956 1481 1975 cursus
1493 1948 1566 1976 beati
1581 1949 1733 1983 Benedicti,
1747 1949 1798 1985 qui
1811 1949 1915 1985 ipsum
1930 1950 1982 1977 sin—

1166 1995 1300 2030 gulariter
1313 2003 1402 2030 pauco
1420 1995 1595 2026 discordante
1608 2004 1624 2022 a
1639 2004 1723 2023 cursu
1745 1997 1879 2024 Romano
1903 2005 1982 2032 quem

1165 2041 1195 2068 in
1205 2049 1255 2068 sua
1269 2041 1367 2076 regula
1382 2042 1509 2077 repperis
1520 2042 1656 2077 scriptum
1670 2052 1676 2069 :
1693 2043 1739 2070 sed
1763 2045 1861 2070 tamen
1887 2043 1984 2070 beatus

1164 2088 1315 2124 Gregorius
1326 2088 1404 2115 urbis
1421 2089 1520 2115 Romae
1540 2089 1678 2123 pontifex,
1701 2089 1779 2125 quasi
1798 2089 1982 2125 privilegium

1164 2135 1310 2162 monachis
1335 2135 1429 2170 ipsum
1443 2143 1493 2162 sua
1505 2135 1655 2163 autoritate
1668 2136 1696 2163 in
1717 2136 1778 2163 Vita
1791 2136 1887 2163 sancti
1904 2137 1982 2163 Bene

1163 2182 1230 2209 dicti
1242 2182 1272 2208 in
1287 2182 1360 2209 libro
1383 2182 1563 2217 Dialogorum
1581 2182 1748 2217 adﬁrmavit,
1762 2183 1811 2209 ubi
1830 2182 1910 2210 dixit
1933 2192 1982 2210 non

1164 2228 1245 2256 aliter
1258 2231 1370 2256 sanctus
1383 2229 1426 2256 vir
1438 2229 1548 2264 docere,
1560 2229 1614 2256 nisi
1628 2229 1698 2256 sicut
1712 2229 1771 2265 ipse
1785 2229 1892 2256 beatus
1903 2230 1982 2257 Bene

1163 2275 1254 2302 dictus
1269 2275 1347 2303 vixit.

451 2406 773 2502 ANTIQUUM
819 2406 1374 2487 MARTYROLOGIUM
1422 2407 1823 2487 GALLICANUM

317 2506 368 2539 EX
388 2507 453 2540 MS.
479 2509 766 2542 lLLUSTHISSlMl
796 2510 935 2544 DOMINI
960 2511 1235 2549 CHAUVELIN,
1259 2510 1465 2543 REGIORUM
1494 2510 1732 2543 SIGILLORUM
1756 2510 1961 2544 CUSTODIS.

889 2570 1017 2605 (Marten.
1032 2571 1157 2606 ampliss.

1173 2571 1236 2598 coll.
1253 2571 1325 2597 tom.
1338 2571 1391 2605 Vl.)

854 2664 1018 2691 INCIPIT
1047 2664 1430 2690 MARTYROLOGIUM.

605 2710 800 2739 JANUARIUS.

422 2751 570 2778 Ianua-rius
585 2751 665 2778 habet
678 2751 734 2778 dies
748 2759 819 2782 χχχι,
835 2752 900 2778 luna
916 2759 978 2778 xxx.

297 2790 432 2817 Kalendas
453 2790 588 2825 Januarii,
614 2791 798 2818 Circumcisio
812 2791 921 2818 Domini
945 2791 1033 2818 nostri
1046 2791 1111 2818 Jesu

330 2836 432 2864 Christi
446 2838 603 2865 secundum
616 2846 740 2865 carnem.

295 2883 336 2919 In)
350 2882 473 2918 Oriente,
500 2885 645 2920 Stephani.
674 2883 843 2918 Nicomedia,
865 2883 1035 2919 Euphrosini
1055 2885 1111 2920 epi-

331 2928 418 2963 scopi,
433 2929 577 2956 Primiani.

298 2974 328 3001 ιν
343 2973 434 3001 Nonas
446 2976 518 3010 tam,
533 2976 693 3013 Antiochia,
709 2976 842 3013 Syridoni
856 2977 988 3015 episcopi,
1013 2978 1110 3014 Firmi,

1121 2720 1150 2755 D

1197 2711 1330 2739 Macharii
1347 2710 1464 2738 abbatis.
1482 2711 1545 2737 Haec
1560 2709 1589 2736 in
1602 2709 1753 2745 Ethiopia,
1770 2709 1883 2745 Rutuli,
1906 2710 1977 2737 Clau-

1198 2759 1262 2793 dite,
1276 2757 1393 2794 Aurigo,
1410 2757 1508 2792 Vetali,
1525 2756 1637 2791 Yertiae,
1653 2756 1800 2791 Stephani.

1164 2838 1197 2865 lll
1211 2838 1304 2865 Nonas
1315 2837 1387 2871 Jan.,
1397 2836 1497 2872 Cyrici,
1511 2835 1607 2863 Primi.
1622 2834 1718 2862 Parisii
1729 2835 1853 2869 civitate,
1873 2834 1975 2871 Deposi

1197 2884 1238 2911 tio
1250 2886 1354 2911 sancta:
1368 2883 1515 2910 Genovefae
1529 2882 1657 2917 virginis.

1197 2931 1305 2958 Vienna
1316 2930 1438 2963 civitate,
1449 2929 1522 2957 beati
1539 2929 1660 2957 Florenti
1675 2929 1807 2965 episcopi.

1162 2978 1254 3008 Pridie
1282 2978 1373 3009 Nonas
1407 2977 1480 3014 Jan.,
1508 2976 1539 3006 in
1568 2976 1670 3013 Africa,
1699 2976 1832 3014 Aquilini,
1870 2975 1975 3006 Gemini
