4006 6238
37 292 123 347 609
990 281 1335 355 ANTIQUUM
1371 281 1945 343 MARTYROLOGIUM
1982 282 2407 343 GALLICANUM
2417 328 2428 340 .

3288 292 3392 345 6I0

94 394 303 464 Quinti.
335 395 403 455 In
450 395 688 465 oriente,
733 395 1001 467 Bononia,
1044 396 1342 465 Ermentis,
1381 396 1561 467 Aggei
1604 401 1660 452 et
1680 411 1739 483 Α
1761 395 1850 449 VII
1878 396 1999 449 Kal.
2046 396 2356 463 Februarii,
2397 396 2456 448 in
2487 395 2649 463 Nitia,
2684 393 2966 465 Smumm,
2995 392 3184 451 Passio
3209 399 3390 452 sancti

97 492 248 547 GazL

97 509 167 547 ua
209 510 248 546 1.

38 509 207 644 Nona:
222 586 377 655 Jan.,
407 585 815 656 Hierosolyma,
868 585 1155 657 Depositio
1202 584 1479 642 Simeonis
1522 600 1654 656 pro-

95 681 298 753 phetze.

1830 488 2138 560 Polycarpi,
2168 488 2418 557 Fabiani,
2445 487 2671 558 Saliani,
2700 488 2959 560 Sydonis.

1758 582 1825 636 Vl
1863 581 1983 635 Kal.
2018 582 2174 651 Feb.,
2204 583 2265 637 in
2289 582 2610 655 Apollonia,
2638 581 2797 653 Gagi,
2844 582 3066 650 Celesti,
3106 583 3386 655 Donativi,

1830 675 2032 730 Publii.

38 788 137 843 VIII
177 786 304 841 Idus
342 786 603 855 Januar.,
655 786 973 857 Epiphania
1026 786 1250 841 Domini
1314 786 1490 840 nostri
1528 785 1659 840 Jesu

1797 769 1951 824 'Kal.
1985 768 2170 838 Febr.,
2200 770 2418 839 Romae,
2459 770 2651 826 Natale
2694 775 2903 826 sancta:
2950 769 3182 843 Agnetis
3225 769 3392 842 virgi-

95 881 314 946 Christi,
348 878 504 936 Petri
529 882 585 935 et
610 880 796 935 Marci.
826 878 1062 936 Civitate
1088 879 1357 947 Redonis,
1398 879 1658 934 nativitas

95 982 146 1029 et
170 973 458 1029 ordinatio
482 974 834 1045 episcopatus
862 980 917 1028 et
948 974 1218 1046 depositio
1236 974 1411 1029 sancti
1437 973 1657 1029 Melanii

100 1068 341 1140 episc0pi
368 1067 588 1123 ibidem
616 1067 871 1123 celebris.

40 1173 114 1225 VII
142 1170 268 1225 Idus
304 1171 465 1240 Jan.,
514 1171 859 1238 Nicomedia,
892 1170 1123 1225 Luciani
1152 1170 1486 1243 presbyteri,
1511 1168 1656 1225 Feli-

98 1266 188 1333 cis,
214 1263 495 1332 Januarii,
526 1264 783 1331 Poliarci,
814 1264 1108 1319 Filoronis.
1530 1254 1539 1257 ⁷

42 1368 93 1420 Vl
116 1366 236 1420 Idus
253 1366 411 1435 Jan.,
440 1366 501 1420 in
526 1367 754 1437 Graecia,
778 1367 1078 1436 Timothei,
1098 1366 1351 1422 Jocundi.
1371 1368 1655 1437 Augusto-

100 1460 241 1514 duno
267 1459 519 1529 civitate,
568 1458 850 1532 Depositio
876 1459 1141 1531 Egimoni
1176 1460 1446 1532 episcopi,
1486 1459 1656 1529 Petri,

99 1552 241 1607 Luci.

40 1648 74 1699 V
116 1647 235 1701 ldus
269 1646 424 1716 Jan.,
476 1646 535 1701 in
573 1646 759 1702 Africa
811 1645 1072 1719 Epicteti,
1129 1646 1385 1716 Jocundi,
1445 1646 1657 1716 Quinti,

96 1740 348 1808 Secundi,
392 1741 706 1808 Saturnini,
777 1740 989 1809 Felicis,
1056 1740 1373 1811 Fortunati,
1444 1739 1635 1794 Vitalis

96 1833 366 1889 Martialis.

40 1929 93 1981 IV
138 1928 259 1983 Idus
313 1930 470 1995 Iani,
527 1929 809 2000 Depositio
872 1928 1197 1984 Melchiadis
1262 1928 1531 2000 episcopi.
1602 1931 1661 1983 In

98 2024 295 2094 Africa,
320 2022 607 2092 Revocati,
638 2023 834 2093 Firmi,
866 2023 1073 2079 Saturi.

44 2119 97 2172 III
167 2119 294 2172 Idus
365 2118 492 2173 Jan.
520 2160 535 2185 ,
623 2117 685 2171 in
749 2117 1123 2181 Alexandria,
1183 2117 1366 2188 Petri,
1425 2116 1659 2188 Siveris,

104 2211 289 2266 Eliuci.
1179 2195 1188 2204 ’

100 2306 271 2360 Pridie
302 2306 437 2361 Idus
465 2308 613 2376 Jan.,
663 2307 725 2361 in
765 2306 995 2374 Achaia,
1057 2305 1296 2378 Cyriaci,
1368 2305 1660 2374 Moscenei,

105 2399 296 2455 Saturi.

49 2494 154 2548 Idus
170 2495 318 2564 Ian.,
349 2496 565 2563 Romae,
594 2494 887 2563 Secundae,
928 2496 1157 2549 Zoronse
1196 2499 1252 2549 et
1279 2493 1527 2549 militum
1556 2509 1662 2549 xu.

106 2588 346 2659 Pictavis,
378 2589 661 2661 Depositio
687 2589 865 2644 sancti
896 2588 1090 2643 Hilarii
1114 2587 1466 2644 confessoris.

51 2693 134 2747 XIX
174 2694 288 2748 Kal.
330 2690 647 2761 Februarii,
692 2694 827 2747 Nola
866 2691 1223 2763 Campanias,
1271 2690 1462 2746 Passio
1490 2690 1666 2745 sancti

108 2785 313 2856 Felicis,
332 2785 514 2853 Pauli,
541 2786 773 2854 Succisi,
799 2785 1092 2841 Victurini.

50 2888 181 2943 XVIII
211 2887 328 2943 Kal.
362 2887 550 2955 Febr.,
581 2886 896 2953 Antiochia,
934 2885 1217 2958 Depositio
1250 2885 1510 2942 Abbacuc
1533 2902 1666 2958 pro-

106 2983 303 3054 phetae.
338 2980 535 3037 Remis
567 2979 809 3048 civitate,
840 2980 1134 3051 Depositio
1177 2980 1357 3035 sancti
1383 2981 1672 3053 Remegii,

106 3076 341 3148 episcopi
373 3081 434 3130 et
460 3074 814 3130 confessoris.

1830 864 1918 918 nis
1945 865 2013 919 de
2035 864 2342 933 nativitate,
2372 864 2570 933 Daviti,
2596 864 2825 920 Iuliani.

1762 959 1826 1013 IV
1856 958 1975 1012 Kal.
2006 958 2163 1027 Feb.,
2203 958 2264 1012 in
2305 958 2520 1025 Tuscia,
2566 958 2874 1026 Constanti,
2930 957 3219 1031 Hyppoliti
3266 960 3388 1031 epi-

1830 1051 2003 1122 scopi.
2028 1051 2297 1118 Treveris,
2326 1051 2610 1122 Depositio
2634 1052 2840 1108 Valerii
2868 1052 3138 1124 episcopi.

1764 1146 1829 1200 III
1859 1147 1977 1200 Kal.
2010 1145 2167 1213 Feb.,
2196 1145 2256 1199 in
2284 1145 2488 1213 Africa,
2524 1145 2788 1215 Belleani,
2839 1146 3002 1213 Cleri,
3050 1146 3389 1220 Philippiani

1832 1245 1888 1295 et
1907 1238 2151 1294 aliorum
2176 1255 2354 1294 cxxn‘.

1707 1315 1710 1319 ’
1760 1332 1944 1388 Pridie
1970 1333 2205 1404 Kalend,
2236 1333 2526 1400 Februar.,
2584 1332 2647 1388 in
2689 1332 3046 1401 Alexandria,
3096 1336 3386 1406 Ammoni,

1831 1427 2066 1498 Cyriaci,
2094 1427 2411 1495 Gemmeni,
2440 1426 2636 1483 Zelasi.

2345 1568 2796 1627 FEBRUARIUS.

1976 1685 2301 1739 Februarius
2329 1682 2488 1738 habet
2513 1684 2629 1739 dies
2654 1699 2842 1754 xxvm,
2872 1685 3003 1739 luna
3029 1700 3173 1741 xxrx.

1642 1783 1656 1811 ’
1680 1793 1737 1866 Β
1761 1799 2201 1872 Kalend.§Feb.,
2244 1802 2528 1869 Ravenna,
2581 1800 2769 1856 Severi
2815 1801 3080 1873 episcopi,
3133 1800 3389 1870 Victoris,

1832 1900 1889 1949 et
1907 1894 2090 1948 Passio
2116 1896 2443 1949 sanctorum
2470 1891 2792 1949 Vindimiali
2812 1898 2869 1950 et
2894 1894 3167 1966 Singenii.

1764 1989 1827 2043 IV
1855 1988 2037 2043 Nonas
2065 1988 2251 2054 Febr.,
2286 1986 2605 2042 Puriiicatio
2633 1988 2814 2044 beatae
2839 1989 3025 2044 Marias
3049 1989 3278 2061 quando
3301 2008 3392 2045 re-

1833 2089 2206 2158 praesentatus
2240 2089 2326 2142 est
2356 2086 2517 2140 Jesus
2553 2086 2615 2140 in
2641 2085 2873 2157 templo.
2905 2087 3122 2155 Marini,
3162 2088 3391 2145 Victori.

1763 2182 1832 2236 III
1862 2182 2048 2235 Nonas
2072 2180 2229 2246 Feb.,
2254 2179 2314 2234 in
2343 2178 2549 2247 Africa,
2581 2178 2797 2234 Felicis.
2831 2178 3105 2252 Vapingo,
3155 2182 3391 2254 Deposi-

1835 2274 1915 2329 tio
1950 2274 2347 2346 episcoporum
2389 2276 2713 2328 sanctorum
2754 2273 2969 2329 Ferridi
3012 2278 3070 2329 et
3116 2275 3390 2331 Remedii.

1834 2368 2131 2439 Lugduno,
2163 2367 2420 2439 Lupicini
2446 2367 2714 2439 episcopi.
3404 2378 3409 2379 ’

1764 2460 1949 2517 Pridie
1995 2462 2178 2515 Nonas
2216 2460 2370 2527 Feb.,
2409 2460 2552 2515 Foro
2596 2460 2896 2530 Semfroni,
2940 2461 3129 2518 Natale
3164 2462 3394 2532 Gimini,

1835 2554 2278 2627 Gelasii,Magni,
2326 2553 2546 2627 Donati,
2587 2554 2790 2622 Timoi,
2820 2555 2972 2610 Filiae
3000 2556 3246 2629 episcopi
3267 2573 3396 2612 cum

1838 2649 1955 2703 ﬁlia
1981 2665 2099 2703 sua.

1768 2742 1952 2797 Nonas
2009 2742 2193 2809 Febr.,
2238 2742 2297 2797 in
2353 2741 2556 2810 Sicilia,
2606 2742 2898 2811 Cathenas,
2953 2743 3141 2798 Passio
3190 2749 3397 2800 sancta:

1840 2836 2076 2908 Agathe:
2118 2836 2401 2908 martyris.
2464 2835 2678 2891 Vienna
2722 2835 3005 2908 Depositio
3058 2836 3205 2891 Aviti
3276 2839 3396 2910 epi-

1842 2946 2013 3001 SCOpl.

1772 3024 1884 3079 VIII
1935 3023 2062 3078 Idus
2115 3022 2300 3090 Febr.,
2352 3022 2410 3077 in
2452 3021 2679 3092 Achaia,
2728 3023 3034 3092 Saturnini,
3084 3026 3395 3081 Revocatm.

1843 3123 2095 3177 Caesarea
2138 3121 2521 3193 Cappadociae,
2574 3122 2760 3178 Passio
2805 3122 2984 3178 sancti
3035 3123 3300 3179 Dorothei
3346 3128 3403 3179 et

53 3177 164 3289 va-1
218 3179 494 3289 Kalendas
535 3177 882 3289 Febrparii,’
898 3178 1113 3283 Romae,
1158 3177 1473 3289 Peposition
1492 3177 1669 3281 sancti
1690 3172 1745 3247 C

107 3274 332 3329 Marcelli
360 3271 608 3345 episcopi
644 3276 703 3327 et
746 3271 1101 3328 confessoris.
1144 3272 1387 3342 Arelate,
1433 3272 1665 3344 Deposi—

110 3366 183 3421 tio
209 3367 385 3422 sancti
414 3365 686 3421 Honorati
713 3365 984 3438 episcopi.

52 3468 142 3523 XVI
168 3470 281 3525 Kal.
309 3469 472 3537 Feb.,
503 3470 565 3524 in
604 3469 906 3538 Thebaide,
948 3469 1232 3542 Depositio
1278 3469 1454 3524 sancti
1492 3470 1665 3524 Anto-

112 3563 182 3618 nii
207 3564 492 3619 monachi.
516 3562 789 3618 Bituricas
818 3562 1059 3634 civitate,
1091 3562 1268 3618 sancti
1292 3561 1524 3634 Sulpicii
1549 3563 1667 3634 epi-

114 3658 275 3729 scopi.
315 3658 633 3729 Linguinis,
686 3657 872 3711 Passio
931 3661 1255 3712 sanctorum
1305 3656 1671 3712 Geminorum

111 3750 415 3825 Speusippi,
444 3739 770 3821 Leonellaa,’
794 3751 1051 3821 Junellae,
1096 3750 1301 3806 Neonis
1321 3768 1339 3821 ;
1378 3756 1434 3806 et
1479 3749 1672 3806 Deasci

116 3844 344 3916 civitate,
375 3844 662 3918 Depositio
689 3845 931 3900 Marcelli
957 3844 1225 3917 episcopi.

59 3947 129 4002 XV
152 3949 263 4004 Kal.
297 3949 456 4020 Feb.,
483 3950 702 4016 Romae,
741 3947 1025 4003 Dedicatio
1051 3947 1339 4003 cathedra:
1368 3946 1545 4001 sancti
1578 3948 1674 4001 Pe-

120 4042 181 4096 tri
199 4042 456 4115 apostoli,
486 4043 585 4115 qui
610 4042 798 4114 primo
827 4043 1021 4097 Roma:
1047 4041 1210 4097 sedit.
1243 4041 1463 4111 Romae,
1494 4040 1673 4095 sancti

118 4135 297 4207 Prisci,
336 4136 497 4208 Tyrsi
542 4141 598 4191 et
659 4136 935 4192 Gallinici.
1000 4134 1261 4205 Turonis,
1333 4133 1674 4190 monasterio

120 4228 317 4303 Majori,
344 4230 628 4304 Depositio
652 4229 831 4286 sancti
859 4229 1130 4286 Leobardi
1150 4228 1509 4285 confessoris.

63 4329 157 4385 XIII
180 4333 297 4391 Kal.
326 4333 484 4406 Feb.,
528 4336 745 4403 Romae,
785 4335 962 4390 sancti
1003 4333 1313 4391 Sebastiani
1349 4338 1406 4389 et
1444 4331 1676 4389 Fabiani

126 4434 453 4501 martyrum.
481 4430 777 4502 Lugduno,
807 4428 1110 4486 Clementis
1136 4427 1474 4501 presbyteri.

1771 3309 1859 3363 VII
1890 3309 2017 3364 Idus
2044 3309 2230 3376 Febr.,
2260 3309 2320 3363 in
2351 3308 2653 3377 Britannis,
2704 3308 2893 3366 Natale
2930 3310 3096 3383 Aguli
3151 3311 3402 3384 episcOpi

1841 3403 2126 3472 Anatholi,
2154 3403 2406 3459 Amonis.

1771 3498 1837 3553 VI
1886 3499 2013 3553 Idus
2058 3497 2188 3552 Feb.
2238 3500 2299 3552 In
2348 3499 2502 3554 India
2546 3500 2790 3570 civitate,
2835 3500 3022 3555 Passio
3050 3500 3225 3556 sancti
3255 3501 3402 3556 Tho-

1843 3591 1957 3647 mei
1982 3592 2241 3663 apostoli.
2280 3594 2343 3646 In
2366 3592 2628 3648 Arminia
2654 3594 2885 3649 Minore.
2918 3593 3402 3667 NatalelDiunysii,

1843 3685 2121 3749 Oneliani,
2148 3685 2303 3740 Luci.
2334 3686 2616 3758 Depositio
2645 3686 2804 3741 Pauli
2832 3686 3103 3758 episcopi.

1772 3781 1815 3836 V
1844 3779 1972 3835 Idus
1998 3780 2154 3847 Feb.,
2183 3780 2362 3835 Suevo
2404 3780 2559 3852 apud
2599 3782 2869 3851 Cyprum,
2920 3779 3115 3835 Natale
3159 3780 3403 3835 Alexan-

1844 3873 1951 3942 dri,
1981 3873 2162 3942 Pauli,
2192 3873 2465 3928 Dionusii.
2498 3874 2785 3945 Depositio
2814 3873 3088 3946 Praajecti.

1774 3969 1840 4022 IV
1870 3967 1999 4022 Idus
2024 3967 2210 4035 Febr.,
2240 3969 2454 4035 Romae,
2477 3971 2684 4023 sanctae
2713 3968 2962 4024 Sotheris
2989 3968 3246 4040 virginis.
3279 3968 3411 4025 San-

1846 4061 2021 4116 ctanis
2047 4060 2295 4129 civitate,
2327 4061 2503 4117 sancti
2546 4061 2772 4133 Trojani
2817 4061 3062 4135 episcopi
3106 4067 3164 4119 et
3210 4062 3408 4120 Balde-

1846 4155 2045 4210 cundis
2068 4154 2385 4211 abbatissae.

1778 4250 1845 4303 Ill
1872 4249 2000 4304 Idus
2028 4248 2336 4318 Februarii,
2396 4248 2454 4304 in
2495 4250 2717 4322 Apulia,
2766 4252 2987 4323 Poenis,
3030 4252 3303 4310 Seufraxi.
3348 4255 3411 4309 In

1846 4341 2175 4414 Campania,
2206 4342 2488 4398 Basiliani.

1776 4435 1963 4492 Pridie
1994 4436 2122 4491 Idus
2149 4437 2458 4508 Februarii,
2490 4437 2550 4492 in
2580 4438 2787 4506 Africa,
2832 4440 3113 4509 Damiani,
3159 4442 3219 4496 in
3256 4442 3414 4499 Italia

73 4528 147 4585 XII
178 4532 291 4588 Kal.
331 4534 491 4605 Feb.,
522 4535 736 4603 Romae,
777 4539 987 4591 sanctae
1025 4533 1259 4606 Agnetis
1291 4532 1546 4605 virginis.
1580 4533 1681 4587 Ar-
1700 4544 1760 4618 D
1853 4530 2078 4601 Donati,
2106 4531 2365 4599 Heraclii,
2397 4531 2695 4595 Vincentii,
2725 4532 3016 4589 Susannae.

132 4627 324 4697 vernis,
370 4629 657 4702 Depositio
694 4629 869 4685 sancti
904 4627 1049 4685 Aviti
1092 4628 1362 4701 episcopi,
1418 4626 1678 4698 Projecti,

133 4721 389 4795 Amerini,
418 4723 725 4779 Saturnini.

74 4811 129 4867 Χ]
167 4815 276 4871 Kal.
320 4818 478 4887 Feb.,
526 4817 589 4873 in
620 4818 860 4890 Spaniis,
910 4818 1115 4873 Valerii
1154 4816 1402 4889 episcopi
1444 4820 1501 4872 et
1558 4815 1684 4871 Vin-

139 4911 274 4965 centi
314 4911 533 4968 diaconi
570 4917 628 4969 et
658 4918 978 4986 martyrum
1013 4929 1164 4982 xvni,
1214 4927 1348 4967 cum
1393 4910 1555 4967 sociis
1586 4926 1681 4966 eo-

139 5019 258 5060 rum

1782 4625 1911 4681 Idus
1936 4625 2090 4692 Feb.,
2122 4624 2466 4695 Nicomedia,
2497 4625 2688 4680 Passio
2710 4625 2936 4695 Iuliani,
2967 4626 3227 4682 Tulliani.
3270 4629 3417 4699 Luge

1853 4718 2029 4786 duno,
2061 4717 2344 4787 Depositio
2373 4718 2521 4773 beati
2546 4718 2815 4790 Stephani
2841 4719 3109 4791 episcopi.

1784 4813 1891 4868 XVI
1920 4809 2191 4866 Kalendas
2219 4810 2418 4866 Martii.
2457 4812 2673 4881 Romae,
2726 4811 2909 4866 Passio
2950 4813 3226 4871 Valentini
3259 4834 3413 4875 mar-

1855 4904 2013 4978 tyris,
2042 4903 2313 4960 Felicolae.
2344 4907 2408 4959 In
2440 4904 2654 4974 Tuscia,
2684 4904 2896 4976 Spoleti
2925 4905 3167 4976 civitate,
3199 4911 3413 4984 Vitalis,

1856 5000 2084 5072 Cyrion,
2110 4999 2386 5055 Martiani.

81 5095 113 5150 Χ
156 5100 263 5158 Kal.
312 5102 466 5171 Feb.,
519 5102 579 5158 in
633 5104 983 5174 Mauritania,
1039 5102 1231 5159 Passio
1286 5100 1570 5158 Severiani
1630 5103 1687 5155 et
1786 5096 1871 5151 XV
1928 5095 2042 5149 Kal.
2079 5095 2259 5164 Mart.,
2300 5092 2616 5161 Antiochia,
2656 5093 2871 5165 Josippi
2906 5094 3146 5165 diaconi,
3195 5100 3422 5171 Apollo-

138 5196 343 5268 Aquilaa
389 5203 447 5255 et
479 5199 673 5255 uxoris
717 5199 859 5271 ejus,
911 5198 1128 5270 Eugeni
1180 5201 1237 5254 et
1270 5195 1534 5266 Machari,
1576 5196 1682 5249 Do-

142 5293 269 5350 nati.

84 5382 138 5437 IX
190 5388 303 5443 Kal.
371 5391 526 5459 Feb.,
589 5388 905 5455 Antiochia,
949 5387 1138 5442 Passio
1189 5386 1368 5440 sancti
1418 5382 1686 5455 Babyllae,

144 5496 263 5539 cum
286 5485 486 5541 tribus.
516 5486 672 5556 Par.,
693 5490 750 5540 et
777 5483 1037 5539 aliorum.
1068 5479 1307 5552 Eugeni,
1337 5476 1687 5543 Felicissimi,

147 5575 437 5635 Saturnini.

88 5666 186 5723 VIII
230 5674 341 5729 Kal.
412 5673 568 5737 Feb.,
633 5671 981 5741 Autmasius,
1038 5669 1303 5737 Sabinus,
1371 5663 1690 5728 Leodotius,

149 5762 468 5840 Thrugenis.
516 5770 727 5837 Bomee,
774 5764 1083 5822 Translatio
1128 5761 1306 5818 sancti
1355 5758 1511 5815 Pauli
1562 5771 1694 5826 apo-

152 5860 283 5920 stoli.

1858 5190 1962 5260 nii,
1994 5189 2236 5245 Romani
2258 5194 2315 5245 et
2343 5191 2552 5245 sanctae
2577 5190 2807 5261 Agapas,
2836 5187 3090 5261 virginis.

1790 5287 1898 5341 XIV
1942 5284 2060 5339 Kal.
2117 5285 2298 5354 Mart.,
2339 5284 2398 5339 in
2446 5283 2771 5347 Britanniis,
2808 5282 3079 5352 Faustini,
3128 5285 3415 5342 Vivenﬁm.

1863 5381 1925 5433 In
1952 5379 2213 5449 Egypto,
2242 5378 2468 5446 Iuliani,
2495 5394 2628 5434 cum
2654 5377 2926 5449 Egyptiis
2954 5394 3193 5445 numero
3224 5396 3256 5435 v
3285 5381 3416 5436 mil:

1861 5472 2030 5527 lium.

1792 5567 1903 5621 XIII
1931 5566 2161 5622 Kalend.
2193 5566 2434 5633 Martias,
2475 5566 2534 5621 in
2572 5565 2781 5634 Africa,
2818 5566 3162 5633 Concordiae,
3192 5565 3417 5635 Donati,

1863 5660 2030 5728 Casti,
2062 5658 2423 5716 Secundiani.

1792 5754 1883 5809 XII
1925 5755 2046 5808 Kat.
2086 5752 2327 5824 Martias,
2366 5754 2428 5808 in
2466 5752 2675 5824 Africa,
2724 5753 2989 5823 Rutulus,
3023 5753 3249 5826 Silvani,
3279 5756 3419 5811 Dar-

1868 5847 1987 5918 sici,
2016 5846 2335 5904 Secundini.
2377 5846 2655 5919 Depositio
2681 5847 2966 5906 Benedicti
2987 5847 3218 5907 abbatis.
