4006 6238
470 264 588 321 ~(Hii

1355 258 1684 316 APPENDIX
1726 254 1815 315 AD
1854 251 2075 314 OPERA
2113 252 2167 312 S.
2207 252 2507 313 GERMANI
2546 250 2974 313 PARISIENSIS.

3758 256 3873 311 ΜΕ

556 372 805 428 tentiati.
835 370 939 426 Via
976 370 1362 436 Nomentana,
1387 368 1567 423 sancti
1600 366 1811 422 Urbani
1841 364 2115 437 episcopi,
2139 366 2325 450 AXVl
2352 366 2473 420 Kal.
2500 366 2633 433 Jul.,
2671 366 3008 432 Caulaurea,
3052 366 3382 419 sanctorum
3411 362 3522 419 Viti
3563 363 3873 433 martyris,

559 465 854 521 Poletrati.

485 562 579 616 VII
599 560 723 615 Kal.
752 558 925 627 Junii,
955 560 1153 614 Natale
1181 555 1425 629 Hereali,
1446 554 1627 622 Pauli,
1648 552 1839 608 Ruﬁni
1867 555 1926 608 et
1952 553 2117 608 Vale-

558 655 650 723 rii,
689 653 899 720 Saturi,
935 651 1135 719 Vituri,
1169 653 1227 705 et
1250 648 1442 704 Passio
1471 647 1670 720 sancti
1696 647 1870 703 Prisci
1901 650 2116 717 marty-

560 766 658 804 ηε.

486 844 554 897 VI
584 843 706 897 Kal.
744 842 897 908 Jun.,
942 839 1140 893 Natale
1181 836 1393 908 Aquilli
1436 836 1778 908 presbyteri,
1824 834 2119 905 Evangeli,

561 936 757 1003 Belias,
785 932 1038 999 Luciani,
1070 931 1285 997 Quinti,
1323 930 1598 986 Estiabili.

488 1031 552 1083 V.
595 1030 718 1084 Kal.
764 1027 935 1095 Junii,
984 1025 1319 1097 Pamphilia,
1358 1023 1554 1092 Zetoli,
1597 1023 1850 1079 Primoli.
1897 1022 2124 1079 Parisiis

494 1136 497 1141 '
561 1123 808 1189 civitate,
832 1119 1123 1193 Depositio
1151 1119 1331 1174 sancti
1360 1117 1655 1173 Germani.

490 1218 557 1273 IV
587 1217 710 1271 Kal.
738 1218 894 1283 Jun.,
923 1215 1122 1269 Natale
1162 1213 1434 1281 Polionis,
1466 1211 1730 1283 Crispoli,
1759 1210 1959 1266 Primi.
1988 1211 2123 1265 Tre-

561 1311 695 1365 viris
726 1310 975 1377 civitate,
1005 1307 1296 1364 Maximini
1316 1305 1591 1378 episcopi,
1619 1306 1719 1360 ubi
1743 1306 1927 1360 multa
1955 1304 2127 1359 mira-

560 1405 698 1461 bilia
725 1405 892 1461 ﬁunt.

489 1502 560 1556 Ill
596 1500 720 1555 Kal.
756 1498 930 1566 Junii,
960 1496 1290 1567 Antiochia,
1323 1499 1658 1552 sanctorum
1695 1493 1829 1562 Sici,
1859 1491 2123 1559 Palatini,

564 1593 789 1662 Gabini,
817 1592 1077 1664 Crispoli.

490 1687 680 1745 Pridie
716 1688 838 1742 Kal.
889 1688 1044 1753 Jun.,
1084 1685 1302 1754 Romae,
1337 1687 1547 1739 sanctas
1584 1682 1908 1738 Petronillas
1954 1679 2127 1752 virgi-

2288 459 2527 515 Modesti
2561 462 2619 513 et
2652 459 2951 526 Criscenti,
2993 458 3196 530 Cyrici,
3226 458 3438 513 Julittaz
3467 458 3672 513 matris
3714 456 3873 527 ejus.

2217 555 2304 609 XV
2333 554 2455 608 Kal.
2483 554 2615 619 Jul.,
2638 554 2837 608 Natale
2863 556 3195 609 sanctorum
3233 551 3565 622 Alexandri,
3601 550 3877 607 Dioscori

2293 651 2351 703 et
2384 647 2585 703 Marini
2615 650 2973 719 martyrum;
3004 646 3272 713 Quiriaci,
3310 647 3508 718 Cyriae.
3532 644 3879 702 Aurelianis

2292 741 2538 810 civitate,
2559 741 2711 796 Aviti
2730 742 3066 813 presbyteri.

2221 837 2329 892 XIV
2355 837 2481 892 Kal.
2513 837 2647 904 Jul.,
2686 837 2903 903 Romae,
2943 836 3144 891 Natale
3174 835 3344 892 Marci
3390 838 3451 891 et
3481 834 3875 891 Marcelliani.

2294 933 2584 999 Ravenna,
2606 930 2858 998 Martori,
2886 930 3103 999 Felicis,
3124 931 3329 999 Emeli,
3359 930 3624 1002 Crispini.

2222 1028 2352 1082 XIII.
2382 1027 2506 1081 Kal.
2534 1025 2687 1093 Julii,
2730 1026 2788 1079 in
2838 1025 3182 1094 Mediolano,
3226 1028 3558 1081 sanctorum
3606 1024 3879 1081 Gervasii

2297 1124 2355 1175 et
2381 1118 2642 1188 Protasii,
2675 1122 2735 1174 et
2759 1118 2904 1175 Celsi
2935 1120 3120 1191 pueri.
3150 1121 3367 1185 Romae,
3404 1120 3706 1191 Hippoliti,
3760 1118 3881 1172 Ho-

2297 1214 2496 1282 noriaa,
2528 1213 2677 1282 Voti,
2704 1213 2877 1268 Petri.

2224 1308 2332 1365 XII.
2362 1309 2485 1363 Kal.
2510 1307 2663 1375 Julii,
2691 1308 2889 1362 Natale
2932 1308 3112 1376 Pauli,
3159 1307 3403 1380 Cyriaci,
3449 1306 3752 1374 Feliciani,
3784 1305 3880 1360 Vi-

2298 1402 2447 1469 talis,
2483 1400 2745 1473 Crispini.
2794 1402 3084 1473 Depositio
3131 1402 3561 1458 Childemarchi
3622 1400 3879 1472 virginis

2298 1512 2494 1553 sacrm.

2226 1593 2311 1648 XI.
2344 1591 2468 1646 Kal.
2495 1590 2646 1659 Julii,
2681 1591 2740 1645 in
2765 1590 3044 1659 Caesarea,
3075 1591 3367 1664 Depositio
3406 1590 3591 1646 sancti
3620 1588 3880 1660 Eusebii

2301 1685 2575 1758 episcopi,
2604 1688 2661 1739 et
2690 1684 2825 1740 alibi
2854 1685 3124 1756 Quiriaci,
3154 1685 3557 1758 Appolonaris,
3589 1684 3793 1739 Ruﬁni
3825 1689 3884 1737 et

566 1782 675 1851 nis,
724 1781 903 1837 sancti
950 1780 1105 1835 Petri
1150 1779 1303 1849 ﬁliae,
1371 1778 1561 1845 Ganti,
1609 1775 1896 1846 Gantiani,
1947 1765 2202 1844 Proti,B
2295 1780 2498 1836 Martii.

564 1875 884 1945 Praevilani,
917 1874 1242 1946 Grisogoni,
1276 1871 1654 1930 Cantianillee.

1178 2021 1434 2079 JUNIUS.

800 2140 993 2195 Junius
1027 2137 1186 2191 habet
1209 2136 1325 2191 dies
1353 2152 1482 2203 xxx,
1516 2136 1650 2190 luna
1675 2150 1823 2189 xxxx.

495 2255 738 2311 Kalend.
768 2254 941 2322 Junii,
969 2254 1031 2309 in
1057 2232 2005 2322 Thessalonica/Octavi,Crispini,
2033 2251 2130 2304 Ju-

565 2350 749 2418 benti,
792 2348 1026 2417 Castuli,
1055 2346 1251 2419 Arapi,
1285 2345 1468 2402 Publii
1506 2361 1640 2400 cum
1672 2344 1799 2400 aliis
1832 2360 2009 2399 cxxvx.
2037 2342 2128 2396 Vi-

566 2445 726 2514 bina,
757 2442 919 2498 Gladi
950 2441 1224 2513 episc0pi.

495 2539 563 2595 IV
606 2540 798 2593 Nonas
837 2538 993 2604 Jun.,
1048 2537 1262 2603 Romae,
1305 2533 1615 2591 Marcellini
1657 2537 1715 2589 et
1768 2532 1941 2588 Petri.
1988 2534 2132 2587 Item

566 2630 876 2687 Marcellini
914 2629 1187 2702 episcopi,
1225 2628 1515 2685 Zachariae
1553 2627 1893 2701 presbyteri,
1942 2628 2130 2697 Roga-

570 2727 715 2782 tiani
741 2725 995 2797 episcopi
1017 2741 1147 2779 cum
1176 2723 1301 2779 aliis
1325 2740 1512 2779 vam.

498 2822 567 2877 III
592 2822 784 2876 Nonas
812 2818 985 2887 Junii,
1016 2818 1076 2873 in
1100 2818 1310 2886 Africa,
1336 2816 1577 2885 Quirini,
1606 2814 1893 2883 Abidiani,
1921 2816 2129 2886 Nepto-

569 2916 639 2985 ri,
664 2914 905 2971 Julianus
935 2912 1195 2984 virginis.
1236 2911 1560 2968 Aurelianis
1596 2910 1847 2978 civitate,
1882 2906 2132 2965 Leifardi

569 3008 908 3083 presbyteri.

2229 1876 2269 1931 X
2303 1875 2427 1929 Kal.
2468 1874 2619 1943 Julii,
2657 1874 2715 1929 in
2745 1873 3094 1947 IBritanniis,
3148 1876 3341 1930 Albini
3395 1876 3688 1947 martyris,
3743 1890 3879 1928 cum
3975 1869 3980 1883 ’

2301 1968 2428 2024 aliis
2459 1985 2824 2025 ncccmxxvn.
2870 1970 3031 2037 Nola,
3071 1970 3228 2025 Pauli
3268 1970 3542 2042 episcopi,
3588 1972 3649 2024 et
3684 1968 3879 2023 sancti

2303 2063 2483 2118 Niceti
2509 2063 2781 2135 episc0pi.

2232 2158 2296 2213 IX
2321 2157 2443 2212 Kal.
2472 2158 2622 2225 Julii,
2659 2159 2858 2213 Natale
2884 2158 3051 2227 Aviti,
3074 2158 3366 2227 Aritionis,
3408 2158 3667 2223 Emeriti,
3701 2155 3879 2228 Capi-

2303 2251 2496 2306 tionis.

2231 2346 2346 2400 VIII
2394 2347 2518 2401 Kal.
2567 2346 2720 2414 Julii,
2766 2346 2825 2401 in
2870 2347 3163 2419 provincia
3204 2347 3544 2415 Palaestinae,
3595 2346 3878 2401 Nativitas

2304 2440 2488 2495 sancti
2510 2440 2789 2496 Johannis
2820 2442 3124 2510 Baptistae;
3153 2445 3212 2496 et
3236 2442 3293 2496 in
3321 2442 3568 2514 Epheso,
3591 2441 3876 2496 assumtio

2305 2534 2485 2589 sancti
2509 2535 2788 2590 Johannis
2814 2536 3078 2608 apostoli.

2233 2634 2324 2689 VII
2358 2634 2482 2688 Kal.
2509 2633 2660 2702 Julii,
2694 2635 2891 2689 Natale
2932 2637 3263 2690 sanctorum
3294 2635 3601 2702 Lantalibi,
3644 2634 3870 2690 Caritas.

2305 2727 2590 2795 Salonica,
2622 2728 2784 2783 Lucae
2815 2728 3071 2799 virginis,
3100 2731 3159 2782 et
3176 2728 3439 2784 Aceiahae
3466 2728 3643 2801 regis.

2235 2822 2299 2876 Vl
2327 2822 2449 2876 Kal.
2480 2821 2632 2889 Julii,
2658 2823 2874 2891 Romae,
2897 2822 3177 2877 Johannis
3204 2826 3262 2877 et
3303 2823 3463 2878 Pauli
3488 2824 3775 2895 :fratrum,
3821 2828 3875 2876 et

2307 2920 2441 2975 alibi
2467 2920 2759 2987 Gauderti,
2788 2920 3004 2975 Felicis.

2233 3021 2278 3074 V
2331 3020 2454 3075 Kal.
2502 3018 2653 3088 Julii,
2713 3018 2932 3089 Romae,
2978 3019 3181 3092 Crispi,
3231 3019 3597 3091 Crispiniani,
3653 3019 3873 3087 Felicis,

496 3104 685 3160 Pridie
705 3104 894 3159 Nonas
910 3102 1083 3171 Junii,
1106 3102 1305 3157 Natale
1324 3099 1791 3206 Camasiaeﬂulii,
1815 3097 2131 3155 Saturnini.
2154 3144 2210 3220 Ο
2304 3114 2535 3183 hmani,
2561 3112 2861 3183 primum,
2887 3113 3113 3169 Ῑιιειίηί,

571 3198 752 3266 Italia,
780 3197 992 3252 Rustici
1019 3196 1293 3268 episcopi,
1322 3194 1575 3251 Daciani.

497 3291 690 3348 Nonas
730 3290 903 3359 Junii,
958 3291 1019 3344 in
1087 3292 1353 3361 Egypto,
1414 3287 1697 3356 Martiani,
1756 3286 2029 3359 Nigrandi
2078 3289 2137 3341 et

567 3385 909 3459 Apolloniae,
932 3384 1214 3455 Gregorii.

502 3478 614 3535 VIII
638 3480 768 3535 Idus
807 3481 960 3548 Jun.,
1006 3476 1392 3547 Nevidunum,
1431 3476 1686 3544 Amanti,
1712 3476 1866 3546 Luci,
1898 3476 2135 3531 Alexan-

573 3574 682 3646 dri,
712 3573 936 3630 Claudii
963 3571 1236 3645 episcopi,
1266 3570 1472 3627 Caerati
1501 3569 1770 3642 episcopi.

500 3670 590 3726 Vll
616 3669 745 3725 Idus
767 3669 922 3736 Jun.,
957 3667 1150 3723 Natale
1186 3664 1374 3734 Pauli,
1404 3664 1718 3721 Fortunati.
1766 3664 1963 3738 Magri,
2010 3665 2131 3720 Pri-

574 3764 743 3833 mosi,
774 3762 1025 3817 Luciani.

499 3862 566 3916 VI
591 3859 723 3915 Idus
740 3859 894 3926 Jun.,
915 3857 1135 3924 Romte,
1156 3854 1335 3910 Primi
1356 3856 1415 3909 et
1440 3853 1657 3923 Felicis,
1680 3854 1889 3922 Nabor,
1912 3853 2130 3909 Nazari.

569 3951 890 4011 Suessionis
914 3950 1163 4019 civitate,
1195 3947 1487 4021 Depositio
1513 3948 1695 4004 sancti
1721 3947 1974 4005 Medardi
2004 3964 2137 4003 con-

573 4046 807 4103 fessoris
837 4049 896 4100 et
917 4044 1225 4117 pontificis.

499 4142 545 4198 V
582 4142 714 4198 Idus
754 4142 909 4208 Jun.,
945 4139 1144 4193 Natale
1188 4136 1480 4193 Maximini
1520 4137 1822 4209 presyteri,
1848 4137 2133 4203 Vincenti,

480 4302 489 4313 ν
573 4230 880 4292 Bassilidis.
909 4231 1209 4300 Jacharias,
1242 4231 1482 4287 Censuri
1507 4231 1780 4302 episcopi,
1811 4234 1870 4285 et
1901 4230 2133 4303 Deposi-

570 4331 653 4387 tio
682 4327 973 4402 Sagittarii
991 4326 1352 4382 confessoris.

502 4429 570 4484 IV
597 4426 727 4484 Idus
748 4426 903 4493 Jun.,
931 4425 1260 4478 sanctorum
1289 4418 1529 4488 Basillze,
1557 4418 1884 4492 Crispoli....
1929 4418 2135 4487 Aurisi,

576 4519 802 4594 Rogati.

503 4617 574 4675 III
601 4615 731 4672 ldus
754 4616 908 4681 Jun.,
942 4612 1141 4668 Natale
1162 4608 1426 4678 Emeriti,
1454 4607 1788 4676 Victuriani,
1810 4607 2051 4665 Victoris
2084 4611 2143 4663 et

577 4708 893 4768 Fortunati.

2235 3210 2301 3264 IV
2329 3209 2454 3264 Kal.
2484 3208 2635 3276 Julii,
2669 3207 2728 3262 in
2768 3207 2979 3275 Africa,
3020 3208 3276 3276 Fabiani,
3319 3209 3573 3277 Venusti,
3612 3210 3874 3275 Curucci,

2306 3302 2595 3375 Apolloni,
2625 3300 2901 3373 Dionysii,
2924 3303 3155 3374 Hynosi.

2236 3399 2326 3453 III.
2360 3398 2485 3452 Kal.
2514 3396 2665 3465 Julii,
2700 3397 2923 3466 Romae,
2953 3399 3153 3452 Natale
3192 3400 3587 3470 apostolorum
3619 3399 3779 3454 Petri
3823 3402 3874 3452 et

2307 3491 2466 3546 Pauli
2497 3495 2555 3546 et
2578 3492 2825 3547 aliorum
2851 3509 3196 3550 nccccmxvr.

2236 3584 2423 3641 Pridie
2456 3584 2742 3641 Kalendas
2771 3587 2925 3655 Julii,
2963 3586 3311 3657 Lemovices,
3348 3588 3641 3660 Depositio
3692 3588 3873 3644 sancti

2307 3679 2575 3735 Martialis
2609 3680 2881 3753 episcopi,
2922 3681 3247 3753 Andegavis
3291 3682 3540 3751 civitate,
3587 3682 3874 3755 depositio

2308 3773 2492 3829 sancti
2535 3774 2740 3829 Albani
2791 3774 3045 3847 episcopi
3089 3778 3147 3829 et
3188 3776 3566 3844 confessoris;
3609 3779 3667 3830 et
3742 3776 3872 3831 alibi

2308 3867 2551 3922 aliorum
2605 3871 2935 3924 sanctorum
2998 3869 3209 3924 Cursici
3265 3869 3608 3941 presbyteri,
3663 3870 3873 3926 Leonis

2310 3960 2645 4017 subdiaconi

2922 4035 3174 4092 JULIUS.

2710 4130 2888 4185 Julius
2918 4130 3077 4185 habet
3104 4131 3220 4186 dies
3243 4146 3391 4186 XXXI.

2238 4231 2361 4287 Kal.
2401 4229 2554 4299 Julii,
2595 4231 2815 4299 Romae,
2856 4232 3001 4303 Gagi
3036 4233 3375 4306 presbyteri.
3432 4235 3493 4289 In
3534 4238 3740 4291 monte
3780 4235 3869 4303 Or,

2311 4324 2600 4396 Depositio
2629 4326 2822 4381 Aaron
2865 4326 3197 4382 sacerdotis.
3228 4328 3511 4399 Agustini,
3549 4330 3730 4386 Leoni
3757 4330 3866 4403 epi-

2310 4419 2484 4491 scopi.
2516 4421 2577 4474 In
2597 4420 2795 4488 Gallia,
2825 4420 3075 4475 Karilefﬂ
3096 4422 3459 4479 confessoris.

2158 4515 2309 4599 DVI
2334 4515 2526 4570 Nonas
2565 4514 2717 4585 Julii,
2756 4514 2974 4585 Romae,
3011 4517 3268 4571 Processi
3322 4521 3381 4572 et
3424 4518 3775 4587 Martiniani,
3820 4524 3869 4573 et

2311 4610 2639 4669 Melchiadte
2680 4626 2864 4681 papae.
2901 4610 3162 4679 Turonis,
3214 4612 3601 4684 Munugundaa
3652 4613 3867 4668 ancillas

2313 4706 2434 4763 Dei.

500 4804 691 4864 Pridie
709 4802 841 4859 Idus
862 4804 1015 4869 Jun.,
1043 4800 1242 4856 Natale
1267 4802 1601 4855 sanctorum
1620 4774 1920 4868 Balsilidis,
1946 4796 2141 4869 :Nabo-
2240 4804 2284 4855 V
2310 4803 2498 4857 Nonas
2540 4800 2691 4866 Julii,
2728 4799 2788 4854 in
2827 4799 3193 4869 Alexandria,
3242 4799 3566 4873 Triphonis,
3613 4801 3861 4874 Syronis,

578 4899 657 4955 ris
687 4900 745 4953 et
768 4894 987 4965 Felicis,
1017 4893 1258 4950 Tribolis
1281 4892 1611 4949 Madaledis.

504 4992 635 5053 ldus
672 4995 826 5060 Jun.,
885 4990 944 5045 in
989 4988 1204 5067 Africa,
1252 4986 1507 5056 Luciani,
1552 4985 1868 5042 Fortunati.
1916 4987 2136 5055 Romae,

580 5090 792 5144 sanctae
822 5084 1101 5142 Feliculee.

505 5185 661 5244 XVIII
710 5182 832 5238 Kal.
880 5179 1031 5250 Julii,
1078 5180 1279 5236 Natale
1307 5176 1564 5245 Antonii,
1623 5175 1897 5245 Quitiani,
1961 5176 2136 5232 Proti.

577 5276 898 5336 Suessionis
938 5274 1186 5343 civitate,
1226 5273 1439 5329 Valerii
1468 5275 1527 5327 et
1558 5271 1750 5326 Rufini
1796 5273 2135 5343 martyrum.

2311 4894 2522 4967 Aprici,
2543 4893 2773 4949 Juliani.

2242 4989 2309 5044 IV
2342 4990 2533 5044 Nonas
2568 4986 2721 5056 Julii,
2770 4986 2829 5041 in
2875 4988 3074 5056 Gallia,
3107 4988 3367 5059 Turonis,
3408 4990 3709 5047 Ordinatio
3754 4990 3866 5063 epi-

2315 5085 2599 5155 scopatus,
2634 5085 2693 5136 et
2718 5082 3036 5138 Translatio
3061 5084 3340 5155 corporis,
3371 5088 3430 5140 et
3452 5084 3748 5141 Dedicatio
3782 5085 3866 5139 ba-

2315 5176 2485 5231 silicas
2536 5175 2716 5231 sancti
2749 5176 2974 5232 Martini
3016 5178 3289 5250 episcopi.
3345 5179 3643 5247 Bituricas,
3686 5179 3865 5235 natale

2314 5270 2491 5326 sancti
2517 5270 2789 5326 Lauriani
2816 5272 3104 5344 martyris.

576 5371 899 5429 Aurelianis
946 5369 1194 5436 civitate,
1252 5366 1571 5424 Translatio
1631 5365 1888 5437 corporis
1959 5364 2140 5420 sancti
2245 5366 2313 5421 ΙΙΙ
2360 5366 2550 5420 Nonas
2582 5364 2733 5435 Julii,
2779 5367 2978 5421 Natale
3032 5368 3341 5439 Agathoni,
3379 5368 3708 5441 Triphonis,
3762 5369 3862 5423 Ma-

574 5464 785 5523 Aniani
809 5463 1153 5522 confessoris
1179 5465 1237 5519 et
1261 5461 1537 5536 episcopi,
1571 5462 1629 5516 et
1654 5459 1923 5516 liberatio
1946 5457 2137 5513 civita-

578 5562 651 5617 tis
668 5560 845 5634 ipsius
871 5577 906 5615 a
932 5558 1164 5616 Chunis.

504 5655 663 5715 XVIII
692 5655 817 5710 Kal.
843 5654 975 5722 Jul.,
1003 5653 1199 5709 Natale
1222 5654 1554 5708 sanctorum
1577 5646 1777 5719 Hysiti,
1806 5645 2139 5715 Clementis,

578 5748 864 5816 Cantiani,
917 5748 1240 5816 Jovoniani,
1303 5744 1528 5817 Filippi,
1579 5740 1822 5811 Ioviani,
1872 5740 2139 5809 Candidi,

571 5839 853 5908 Cantiani,
886 5841 1231 5911 Crissogoni,
1260 5838 1576 5904 Quintiani.

2313 5458 2485 5531 grini,
2517 5456 2816 5529 Theodoti,
2843 5460 3080 5530 Meroni,
3113 5461 3399 5519 Rodosiae.

2241 5553 2432 5609 Pridie
2457 5554 2649 5609 Nonas
2684 5553 2838 5622 Julii,
2878 5555 3077 5611 Natale
3104 5557 3321 5613 Palladi
3364 5557 3631 5631 Philippi,
3661 5554 3861 5620 Severi,

2314 5665 2379 5703 ac
2400 5648 2594 5717 Zotici,
2625 5648 2895 5704 Ariethis.

2242 5742 2433 5799 Nonas
2483 5742 2635 5814 Julii,
2680 5744 2880 5800 Natale
2914 5744 3118 5813 Eracli,
3163 5744 3471 5819 Apollonii,
3518 5747 3694 5805 Publii
3747 5763 3860 5802 cum

2317 5836 2441 5891 aliis
2464 5853 2618 5893 xvm.
2646 5839 2870 5909 Parma,
2903 5840 3040 5897 Novi
3067 5844 3125 5898 et
3154 5843 3428 5902 Parmini.
