4006 6238
463 383 562 445 603

451 608 603 664 rum,
625 595 725 668 qui
752 612 975 668 regnas,
997 601 1102 652 etc.

1008 680 1182 749 Super
1207 679 1530 734 Cantemus.

523 758 829 815 Cantemus
853 758 976 827 tibi,
1008 758 1240 813 Domine
1267 757 1619 813 exercituum
1645 756 1883 826 Christe,
1915 773 2082 812 oran-

453 855 555 919 tes,
597 857 663 908 ut
703 852 1188 925 quemadmodum
1227 852 1484 908 exemisti
1515 851 1783 907 dilectum
1809 851 2085 922 populum

453 949 620 1001 tuum
659 946 990 1017 captivitatis
1033 945 1323 1001 acerrimae
1337 946 1501 1017 jugo,
1529 946 1636 1002 iter
1666 945 2086 1002 demonstrante

453 1039 533 1095 eis
569 1039 736 1094 nubis
780 1040 1080 1111 columpna
1114 1057 1219 1112 per
1261 1040 1435 1110 diem,
1463 1041 1661 1097 eadem
1688 1040 1836 1112 ignis
1862 1057 2087 1112 quoque

452 1149 555 1204 per
572 1135 820 1188 noctem.
851 1132 1107 1188 Finditur
1125 1150 1262 1205 ergo
1290 1151 1448 1190 mare
1473 1135 1719 1205 dextera,
1751 1135 2002 1206 laevaque
2025 1135 2087 1188 in

451 1225 790 1298 abruptum;
841 1227 1068 1299 digestis
1109 1228 1413 1300 aggeribus
1459 1233 1688 1300 stupens
1704 1229 1858 1284 unda
1883 1228 2085 1283 solida-

451 1323 576 1388 tur;
605 1324 738 1376 tuus
767 1322 1010 1392 populus
1037 1321 1264 1393 navigat
1287 1323 1514 1394 plantis.
1537 1323 1672 1378 Mira
1691 1339 1779 1378 res
1802 1323 1816 1378 l
1839 1323 1948 1378 iter
1966 1323 2088 1393 ejus

449 1429 554 1470 nec
573 1430 745 1486 eques
775 1418 959 1486 potest
987 1416 1164 1487 sequi,
1205 1433 1308 1472 nec
1347 1417 1502 1473 ratis.
1543 1417 1712 1472 Maria
1753 1421 2090 1488 tympanum

451 1508 653 1581 quatit,
698 1509 944 1580 hymnus
986 1509 1090 1566 iste
1133 1510 1374 1580 canitur,
1423 1527 1562 1582 grex
1595 1509 1849 1583 peculius
1875 1514 2087 1565 tuetur.

453 1603 536 1663 Ita
567 1606 623 1658 et
640 1619 744 1660 nos
766 1603 836 1657 ab
866 1603 1230 1662 insectatione
1256 1605 1458 1660 veteris
1483 1605 1719 1674 inimici,
1747 1609 1803 1660 et
1830 1605 1901 1659 ab
1931 1603 2092 1661 omni

450 1695 704 1767 periculo
741 1697 940 1752 mundi
966 1698 1206 1757 liberare
1258 1699 1527 1769 digneris,
1572 1700 1826 1754 Salvator
1869 1698 2089 1768 mundi,

1249 388 1579 446 APPENDIX
1617 387 1704 442 ΑΙ)
1741 385 1961 442 ΟΡΕΒΑ
1999 379 2230 438 SANCTI
2269 378 2566 437 GERMANI
2607 376 3029 436 PARISIENSIS.

452 496 868 565 universorum,
921 499 1210 572 miserere,
1258 501 1506 569 obsecro,
1555 496 1813 554 omnium
1859 499 2079 553 nostro-
2103 505 2163 578 Α

3723 371 3828 433 604

2492 493 2618 547 Post
2632 491 2876 547 Laudate
2903 489 3208 547 Dominum
3238 487 3308 547 de
3333 486 3507 545 ccelis.

2253 587 2507 643 Laudent
2528 589 2604 655 te,
2636 586 2897 654 Domine,
2928 585 3140 658 angeli,
3168 583 3423 652 virtutes,
3453 581 3681 656 sydera,
3716 595 3828 654 po-

2185 683 2426 751 testates,
2471 685 2527 736 et
2567 696 2696 753 quas
2736 684 2925 736 ortum
2951 697 3119 736 suum
3140 679 3244 734 tibi
3265 679 3472 733 debent
3499 676 3687 733 ofﬁcio
3713 680 3833 732 tuae

2183 775 2516 831 laudationis
2549 775 2822 845 exultent,
2855 778 2920 829 ut
2944 791 3046 846 per
3089 772 3466 830 universitatis
3502 771 3833 827 armoniam

2185 869 2407 926 tibimet
2433 869 2865 925 concinnentem
2891 868 3006 939 ﬁat,
3035 873 3099 922 ut
3128 868 3190 922 in
3212 867 3371 936 coelo,
3402 866 3480 920 ita
3501 870 3557 920 et
3581 865 3643 920 in
3674 870 3834 920 terra

2185 964 2441 1019 voluntas
2461 971 2578 1018 tua.
2609 963 2690 1018 Sit
2713 961 2835 1033 tibi,
2855 978 3176 1035 precamur,
3210 960 3470 1029 Domine,
3499 958 3831 1030 beneplaci-

2186 1063 2309 1114 tum
2334 1058 2392 1112 in
2421 1057 2635 1130 populo
2665 1061 2783 1127 tuo,
2820 1062 2885 1111 ut
2908 1073 3012 1128 per
3035 1055 3395 1110 exaltationes
3439 1057 3564 1109 tuas
3608 1053 3670 1107 in
3708 1053 3834 1123 ejus

2185 1151 2441 1207 faucibus
2488 1152 2797 1220 collocatas,
2846 1155 3075 1205 maneat
3103 1151 3162 1204 in
3199 1149 3436 1220 singulis
3466 1152 3522 1203 et
3549 1147 3709 1203 verbi
3747 1146 3836 1201 tui

2187 1249 2494 1315 armatura,
2547 1261 2661 1316 qua
2706 1245 2926 1312 doceas,
2971 1247 3026 1298 et
3051 1243 3180 1299 vita}
3204 1247 3413 1298 nostrae
3446 1242 3676 1310 veritas,
3715 1257 3835 1312 qua

2189 1355 2414 1411 semper
2456 1338 2711 1410 aspicias,
2753 1343 2810 1394 et
2857 1337 3024 1405 salus,
3074 1354 3185 1409 qua
3227 1341 3551 1392 mansuetos
3595 1335 3834 1400 exaltes,

2189 1434 2324 1505 quia
2361 1433 2674 1487 secundum
2711 1432 3139 1488 multitudinem
3183 1431 3592 1504 magnitudinis;
3637 1433 3752 1485 tua:
3777 1435 3836 1484 te

2189 1527 2508 1597 laudamus,
2544 1525 2800 1596 Domine,
2847 1526 3027 1598 gratia
3049 1525 3389 1581 laudationis
3415 1528 3672 1594 ostensae,
3717 1525 3833 1578 im-

2190 1620 2495 1676 molatione
2515 1636 2618 1692 per
2643 1619 2994 1692 psalterium,
3027 1619 3460 1675 mortiﬁcatione
3480 1635 3584 1690 per
3609 1622 3836 1690 tympa-

2191 1731 2357 1783 num,
2400 1713 2838 1786 congregatione
2888 1730 2993 1785 per
3041 1714 3300 1783 chorum,
3347 1712 3692 1768 exultatione
3733 1727 3840 1783 per

454 1789 553 1861 qui
582 1807 710 1846 cum
732 1795 945 1848 aeterno
968 1795 1126 1848 Patre
1153 1793 1310 1865 vivis,
1333 1793 1639 1848 dominaris
1665 1811 1728 1848 ac
1754 1809 1956 1864 regnas
1978 1809 2096 1848 una
2131 1879 2148 1881 ὠ
2195 1825 2494 1881 organum,
2517 1808 2853 1879 jubilatione
2880 1824 2983 1878 per
3011 1807 3356 1878 cymbalum,
3385 1810 3451 1862 ιη
3470 1823 3698 1879 semper
3724 1805 3834 1860 mi-

456 1901 587 1941 cum
613 1889 825 1940 aeterno
853 1886 1063 1957 Spiritu
1085 1892 1276 1942 sancto
1304 1888 1363 1942 in
1393 1889 1594 1943 saecula
1615 1888 1972 1943 saeculorum.

702 1972 875 2040 Super
899 1971 1307 2026 benedictionem
1335 1974 1499 2027 trium
1526 1988 1840 2042 puero-rum.

526 2051 660 2105 Tres
684 2049 888 2104 Hebrei
916 2051 1262 2106 venerabiles
1294 2069 1556 2123 numero,
1590 2057 1938 2109 sacramento
1966 2070 2092 2109 mu-

454 2143 579 2213 niti,
611 2146 774 2199 aatate
801 2144 1002 2212 teneri,
1032 2145 1128 2199 sed
1156 2145 1287 2199 ﬁdei
1317 2146 1602 2202 soliditate
1628 2147 1869 2216 robusti,
1902 2164 2096 2203 amore

453 2237 658 2292 divinae
674 2236 965 2309 religionis
987 2237 1156 2310 Regis
1170 2239 1403 2295 adorare
1423 2239 1730 2313 imaginem
1749 2245 2098 2314 contempse-

454 2336 610 2399 runt,
623 2335 820 2403 utpote
842 2331 941 2404 qui
959 2331 1146 2404 ipsum
1160 2337 1619 2406 contempserant
1637 2337 1875 2406 Regem,
1898 2335 1996 2407 qui
2016 2335 2095 2390 ira

455 2425 709 2481 sufﬂatus
722 2425 884 2481 solito
901 2427 1104 2498 septies
1117 2428 1363 2500 amplius
1377 2429 1663 2483 caminum
1671 2430 1840 2500 jussit
1851 2429 2096 2498 incendi,

458 2536 522 2573 ac
535 2520 661 2591 pice
675 2523 732 2575 et
747 2525 914 2592 stupa
926 2524 1212 2575 armatum
1225 2521 1383 2576 citari
1394 2523 1720 2578 incendium
1731 2523 2099 2579 aestuantibus

462 2613 661 2683 globis.
680 2614 971 2670 Erubescit
982 2631 1205 2687 quoque
1220 2615 1408 2687 ipsum
1421 2617 1618 2673 alienis
1630 2617 1856 2689 ignibus
1869 2619 2073 2673 coelum
2082 2659 2096 2673 .

458 2706 556 2787 Illo
603 2707 1030 2778 praecipitantur
1064 2707 1332 2780 insontes,
1377 2710 1699 2783 ibidemque
1749 2716 1826 2779 te,
1868 2716 2100 2783 prOpter

463 2816 634 2871 quem
676 2801 1125 2872 praecipitantur,
1173 2803 1487 2871 inveniunt,
1531 2805 1770 2860 Christe.
1814 2804 2019 2860 Taliter
2043 2809 2100 2858 et

461 2911 566 2948 nos
608 2911 676 2949 ex
722 2895 949 2966 tyranni
986 2896 1384 2952 intellectualis
1416 2899 1628 2965 furore,
1657 2902 1714 2954 et
1740 2898 1810 2952 ab
1840 2899 2097 2971 ingenito

462 2987 584 3058 igni
637 2987 886 3059 digneris
933 2989 1192 3059 liberare,
1254 2991 1500 3047 Salvator
1549 2993 1770 3063 mundi,
1825 2991 1921 3064 qui
1967 3009 2098 3046 cum

463 3085 674 3137 aeterno
699 3083 860 3137 Patre
886 3083 1045 3153 vivis,
1075 3087 1180 3139 etc.

603 3207 872 3263 Versiculi
895 3208 1128 3274 familiae
1152 3209 1435 3264 Benchuir.

537 3298 818 3352 Benchuir
840 3297 986 3353 bona
1005 3299 1224 3370 regula,

467 3389 658 3455 Recta,
690 3393 860 3460 atque
883 3388 1102 3458 divina;

468 3478 689 3548 Stricta,
713 3484 922 3550 sancta,
952 3479 1164 3549 sedula,

469 3569 699 3623 Summa
717 3569 892 3640 justa,
924 3587 988 3624 ac
1013 3570 1178 3624 mira.

540 3660 802 3715 Munther
833 3660 1112 3715 Benchuir
1134 3660 1297 3717 beata

467 3748 599 3804 Fide
625 3749 857 3804 fundata
882 3755 1052 3819 certa,

469 3839 580 3910 Spe
601 3839 798 3895 salutis
823 3845 1043 3910 ornata,

468 3929 707 3985 Caritate
731 3931 999 4001 perfecta.

537 4022 701 4075 Navis
719 4037 1035 4093 numquam
1062 4022 1302 4091 turbata,

467 4109 729 4174 Quamvis
754 4110 1017 4167 ﬂuctibus
1043 4116 1224 4179 tonsa,

467 4200 684 4272 Nuptiis
709 4217 931 4273 quaque
949 4205 1144 4273 parata

469 4291 610 4362 Regi
635 4290 876 4346 Domino
903 4308 1129 4362 sponsa.

536 4384 742 4439 Domus
770 4382 978 4439 deliciis
1003 4383 1191 4452 plena.

611 4536 856 4592 Collectio
880 4547 1042 4603 super
1066 4533 1328 4587 hominem
1353 4534 1448 4602 qui
1473 4533 1633 4588 habet
1659 4533 1952 4589 diabolum.

537 4638 776 4693 Domine
822 4640 1009 4691 sancte
1055 4637 1220 4691 Pater
1261 4637 1620 4709 omnipotens
1673 4641 1882 4692 mterne
1932 4639 2098 4706 Deus,

468 4731 685 4802 expelle
716 4730 1024 4801 diabolum,
1054 4735 1109 4786 et
1135 4730 1513 4802 gentilitatem
1540 4731 1612 4786 ab
1639 4731 1870 4786 homine
1895 4731 2000 4787 isto
2032 4731 2102 4788 de

467 4825 670 4896 capite,
700 4825 767 4880 de
787 4824 1017 4897 capillis,
1048 4826 1118 4881 de
1143 4825 1395 4895 cerebro,
1423 4829 1530 4880 etc.

955 4933 1141 4988 Orat-io
1167 4933 1233 4987 de
1259 4933 1615 5002 Martyribus.

539 5022 705 5092 Deus,
739 5021 837 5094 qui
863 5023 1204 5095 martyribus
1224 5021 1335 5077 tuis
1363 5023 1601 5095 largitus
1622 5038 1680 5077 es
1710 5037 1977 5094 regnum,
2007 5037 2104 5078 no-

465 5116 550 5172 bis
584 5121 774 5172 autem
817 5117 1202 5188 peccatoribus
1253 5116 1478 5172 veniam
1521 5121 1790 5188 praestare
1833 5115 2101 5188 digneris.

468 5213 533 5268 Hi
576 5227 846 5268 coronam
884 5227 1045 5266 suam
1080 5209 1341 5282 passione
1382 5227 1486 5281 per
1519 5210 1693 5266 ﬁdem
1721 5216 2099 5281 meruerunt;

465 5324 568 5362 nos
608 5323 740 5362 vero
784 5323 888 5378 pro
933 5303 1327 5376 iniquitatibus
1353 5307 1408 5359 et
1435 5305 1984 5376 praevaricationibus
2007 5322 2105 5360 no-

465 5401 593 5456 stris
619 5399 1014 5456 remissionem
1038 5402 1145 5453 ate
1174 5401 1230 5454 et
1258 5397 1702 5455 misericordiam
1728 5398 2099 5471 postulamus,

465 5511 569 5565 per
596 5497 668 5564 te,
696 5495 825 5549 Jesu
857 5492 1096 5548 Christe.

458 5593 462 5597 ’
537 5602 732 5672 Incipit
756 5601 1053 5671 antiphona
1076 5602 1134 5672 in
1161 5601 1361 5658 Natale

905 5671 1212 5744 refugium,
1241 5673 1315 5726 ad
1339 5671 1661 5728 Secundam.

538 5764 620 5818 Ab
641 5762 918 5818 hodierno
941 5762 1031 5816 die
1049 5777 1162 5816 nox
1183 5758 1482 5828 minuitur,
1512 5758 1630 5813 dies
1657 5757 1879 5829 crescit,
1907 5773 2105 5821 concu-

1595 3210 1779 3280 Super
1802 3213 2026 3280 petram
2053 3213 2388 3280 constructa,

1593 3301 1703 3355 Nec
1731 3317 1847 3354 non
1869 3299 2032 3355 vinea
2057 3315 2190 3355 vera

1595 3391 1676 3445 Ex
1702 3391 1940 3462 Egypto
1966 3390 2305 3461 transducta,

1663 3479 1823 3534 Certo
1848 3479 2038 3534 civitas
2064 3479 2249 3548 ﬁrma,

1599 3569 1801 3638 Fortis,
1831 3573 2000 3641 atque
2030 3570 2269 3641 munita,

1596 3659 1862 3728 Gloriosa,
1893 3677 1956 3714 ac
1984 3660 2176 3732 digna,

1597 3751 1778 3824 Supra
1805 3756 2057 3807 montem
2079 3751 2282 3824 posita.

1665 3844 1809 3898 Arca
1835 3841 2109 3898 cherubin
2135 3846 2298 3911 tecta,

1597 3933 1765 3988 Omni
1787 3938 1944 4005 parte
1969 3936 2185 4002 aurata,

1594 4023 1969 4079 Sacrosanctis
1994 4022 2220 4091 referta,

1593 4113 1736 4167 Viris
1761 4116 2005 4184 quatuor
2029 4115 2270 4183 portata.

1663 4201 1883 4256 Christo
1910 4201 2107 4272 regina
2131 4205 2261 4273 apta

1594 4290 1734 4347 Solis
1770 4291 1894 4345 luce
1923 4291 2129 4345 amicta

1593 4379 1864 4452 Simplex,
1886 4380 2166 4454 simulque
2194 4382 2374 4453 docta,

2112 1879 2167 1953 Β
2192 1903 2551 1959 sericordiam
2594 1906 2755 1958 tuam
2791 1902 3002 1956 habere
3023 1917 3370 1971 mereamur,
3399 1901 3620 1956 Christe
3647 1900 3836 1958 Salva-

2193 2002 2283 2054 tor
2300 1997 2520 2068 mundi,
2549 1997 2647 2069 qui
2670 2013 2801 2051 cum
2831 1998 3041 2051 aeterno
3065 1997 3227 2051 Patre
3253 1995 3410 2067 vivis,
3433 1999 3535 2051 etc.

2624 2134 2797 2204 Super
2819 2132 3123 2188 Cantemus
3147 2132 3408 2188 Domino.

2267 2240 2523 2312 Domine,
2564 2240 2662 2312 qui
2700 2239 2988 2295 Cinchrim
3031 2240 3314 2311 fugientes
3354 2238 3530 2294 tueris
3564 2238 3651 2294 bis
3678 2255 3841 2294 senas

2197 2352 2300 2407 per
2341 2334 2520 2390 invisa
2547 2333 2728 2390 tribus
2753 2334 3028 2389 aemulum
3054 2334 3277 2403 itinera,
3305 2333 3464 2404 prius
3493 2333 3756 2388 ﬂuctibus
3779 2333 3841 2389 in

2196 2429 2344 2484 binis
2369 2427 2958 2500 montiumutrimque
2977 2427 3220 2483 redactis
3246 2427 3544 2497 celsorum,
3567 2443 3673 2482 ceu
3686 2427 3841 2498 jugis

2199 2524 2435 2594 abrupte
2463 2522 2753 2578 arentibus
2778 2521 2901 2577 talis
2925 2538 3152 2593 aequore
3192 2537 3426 2576 murum
3473 2520 3634 2592 quasi
3673 2525 3730 2576 et
3771 2521 3839 2575 de

2197 2621 2357 2688 petra
2393 2616 2661 2690 lymphas
2697 2617 3049 2687 producens;
3094 2620 3385 2686 mergatur
3428 2631 3563 2686 ergo
3611 2619 3674 2668 ut
3709 2613 3842 2668 olim

2196 2710 2421 2783 piorum
2448 2709 2793 2781 supplicium
2819 2709 2996 2764 hostis
3032 2709 3252 2777 aeterni,
3284 2724 3636 2780 quaesumus,
3669 2712 3840 2762 stato-

2198 2821 2286 2860 res
2327 2821 2578 2871 currum,
2626 2804 2779 2874 quod
2823 2807 2906 2858 est
2952 2803 3112 2874 cujus
3160 2802 3379 2872 affatus,
3418 2806 3686 2872 actusque
3713 2817 3842 2855 cum

2199 2898 2455 2968 cogitatu
2481 2897 2647 2953 celeri
2677 2913 2926 2968 nequam
2961 2896 3032 2952 sit
3065 2896 3345 2952 Pharaoni
3382 2897 3500 2951 Rex
3540 2895 3843 2950 lsrahelem

2198 3008 2416 3062 verum,
2449 3008 2578 3062 quae
2602 2991 2755 3046 unda
2780 2991 2972 3060 salvat,
2996 2996 3060 3046 ut
3103 2990 3324 3046 Christo
3364 2988 3615 3045 carmina
3659 2991 3842 3055 canat,

2199 3100 2302 3156 per
2328 3085 2514 3155 saecla,
2543 3085 2642 3158 qui
2669 3101 2797 3140 cum
2818 3087 2980 3140 Patre
3004 3083 3158 3140 vivit.

2732 3209 3137 3280 Undecumque
3163 3207 3386 3275 invicta,

2804 3301 2943 3354 Vere
2973 3299 3176 3370 regalis
3207 3298 3354 3367 aula,

2732 3389 2910 3444 Variis
2938 3388 3178 3460 gemmis
3205 3392 3422 3455 ornata,

2731 3480 3039 3551 Gregisque
3069 3478 3278 3534 Christi
3297 3478 3475 3546 caula,

2732 3571 2891 3625 Patre
2917 3585 3141 3624 summo
3169 3573 3401 3638 servata,

2806 3660 2974 3732 Virgo
3001 3660 3165 3714 valde
3193 3659 3471 3729 foecunda,

2736 3752 2864 3806 Haec
2888 3755 2944 3805 et
2972 3755 3153 3805 mater
3183 3749 3410 3819 intacta,

2735 3843 2904 3910 Laeta,
2933 3857 2996 3894 ac
3023 3840 3417 3910 tremebunda,

2736 3930 2915 3987 Verbo
2936 3930 3032 3984 Dei
3061 3931 3308 3985 subacta.

2803 4021 2905 4075 Cui
2933 4019 3047 4074 vita
3073 4020 3238 4074 beata

2731 4112 2870 4166 Cum
2895 4109 3158 4182 perfectis
3188 4110 3400 4179 futura,

2729 4203 2840 4256 Deo
2866 4202 3026 4255 Patre
3053 4204 3266 4271 parata,

2727 4290 2856 4346 Sine
2882 4289 2992 4346 ﬁde
3017 4306 3304 4345 mansura.

2800 4380 3082 4436 Benchuir
3106 4380 3254 4436 bona
3282 4381 3501 4453 regula.

2119 4547 2173 4621 ρ
2232 4536 2501 4606 Incipiunt
2531 4534 2839 4605 antiphonaz
2868 4548 3029 4604 super
3056 4533 3360 4588 Cantemus
3387 4538 3438 4589 et
3469 4533 3810 4591 Benedicite.

2274 4628 2470 4684 Educti
2499 4644 2569 4682 ex
2597 4630 2834 4700 Egypto
2865 4628 3058 4682 Patres
3082 4626 3261 4681 nostri
3288 4631 3346 4682 et
3395 4629 3846 4699 pertransierunt

2201 4722 2440 4794 pedibus
2465 4721 2724 4778 Rubrum
2750 4737 2927 4788 mare,
2955 4719 3334 4793 dixeruntque
3359 4720 3584 4776 laudem
3613 4723 3848 4778 Domino

2202 4819 2414 4872 nostro.

2273 4912 2405 4967 Tres
2439 4910 2602 4982 pueri
2644 4909 2704 4964 in
2750 4908 2970 4964 camino
2999 4907 3158 4962 missi
3187 4913 3338 4979 sunt,
3385 4912 3442 4964 et
3487 4924 3603 4963 non
3646 4908 3850 4965 timue-

2201 5010 2339 5061 runt
2380 5005 2671 5061 ﬂammam
2711 5003 2882 5076 ignis,
2929 5003 3310 5075 dixeruntque
3353 5002 3584 5059 laudem
3610 5004 3850 5061 Domino

2202 5104 2414 5156 nostro.

2275 5193 2399 5248 Filii
2427 5192 2794 5248 Hebraeorum
2827 5195 3290 5262 penetraverunt,
3327 5191 3632 5248 Israhelitae
3660 5192 3850 5265 plebes

2203 5286 2551 5342 transierunt
2574 5301 2678 5357 per
2703 5285 2914 5340 siccum
2934 5288 3113 5354 mare,
3146 5285 3486 5356 laudemque
3515 5286 3805 5343 dixerunt.

2273 5382 2405 5437 Tres
2432 5379 2595 5452 pueri
2616 5384 2670 5436 te
2698 5379 2936 5435 orabant
2963 5379 3031 5434 de
3057 5379 3247 5434 medio
3273 5378 3443 5450 ignis,
3467 5379 3541 5435 ad
3569 5385 3626 5437 te
3651 5383 3848 5436 clama-

2201 5476 2339 5531 bant
2359 5491 2428 5529 ex
2457 5491 2572 5531 una
2595 5489 2750 5543 voce,
2781 5474 3183 5544 hymnumque
3209 5472 3492 5528 dicebant.

1385 5601 1600 5654 Domini
1624 5614 1784 5670 super
1803 5597 2038 5654 Domine
2128 5580 2186 5652 D
2277 5569 2559 5625 Gloriosus
2587 5568 2647 5623 in
2675 5568 2912 5637 Sanctis,
2941 5566 3220 5623 mirabilis
3239 5566 3298 5622 in
3323 5567 3738 5638 majestatibus,
3769 5569 3846 5623 fa-

2205 5663 2356 5719 ciens
2379 5663 2658 5735 prodigia.

2278 5757 2680 5812 Benedicamus
2706 5757 2890 5811 Deum
2917 5757 3144 5811 Patrem
3165 5759 3220 5811 et
3245 5754 3472 5827 Filium,
3497 5759 3552 5811 et
3575 5756 3845 5828 Spiritum

468 5857 691 5911 tiuntur
718 5857 985 5925 tenebrae,
1025 5856 1220 5909 lumen
1260 5856 1522 5922 augetur,
1564 5855 1620 5906 et
1666 5851 1723 5905 in
1770 5851 1928 5908 lucro
1969 5851 2107 5906 lucis
2206 5855 2464 5905 sanctum
2487 5851 2811 5904 Dominum.

473 5954 764 6005 nocturnae
794 5948 1086 6021 dispendia
1111 5946 1544 6001 transferentur.

2279 5944 2563 6015 Dextram,
2594 5943 2907 6016 laevamque
2934 5943 3144 6016 Moyses
3168 5942 3388 6017 aspexit
3408 5941 3558 6001 viam
3578 5943 3848 6017 regalem.
