  <div class='ocr_page' id='page_1' title='image "/cluster/home/n/w/nwhite01/storage/ocr_20150623/72/uva.x000827084/420.png"; bbox 0 0 4006 6238; ppageno 0'>
   <div class='ocr_carea' id='block_1_1' title="bbox 43 398 3376 465">
    <p class='ocr_par' dir='ltr' id='par_1_1' title="bbox 43 398 3376 465">
     <span class='ocr_line' id='line_1_1' title="bbox 43 398 3376 465; baseline 0.005 -15"><span class='ocrx_word' id='word_1_1' title='bbox 43 398 126 450; x_wconf 73' lang='lat' dir='ltr'>602i</span> <span class='ocrx_word' id='word_1_2' title='bbox 917 400 1004 454; x_wconf 82' lang='grc' dir='ltr'>ΑΝ</span> <span class='ocrx_word' id='word_1_3' title='bbox 1010 398 1252 452; x_wconf 84' lang='lat' dir='ltr'>TlPHON</span> <span class='ocrx_word' id='word_1_4' title='bbox 1258 398 1467 454; x_wconf 77' lang='lat' dir='ltr'><strong>ARIUM</strong></span> <span class='ocrx_word' id='word_1_5' title='bbox 1506 399 1910 458; x_wconf 79' lang='lat' dir='ltr'>MONASTERII</span> <span class='ocrx_word' id='word_1_6' title='bbox 1951 402 2120 461; x_wconf 86' lang='lat' dir='ltr'>BENC</span> <span class='ocrx_word' id='word_1_7' title='bbox 2129 403 2471 461; x_wconf 79' lang='lat' dir='ltr'>HORENSIS.</span> <span class='ocrx_word' id='word_1_8' title='bbox 3275 410 3376 465; x_wconf 88' lang='lat'>606</span> 
     </span>
    </p>
   </div>
   <div class='ocr_carea' id='block_1_2' title="bbox 41 502 2825 598">
    <p class='ocr_par' dir='ltr' id='par_1_2' title="bbox 41 502 2825 598">
     <span class='ocr_line' id='line_1_2' title="bbox 41 502 2825 598; baseline 0.004 -38"><span class='ocrx_word' id='word_1_9' title='bbox 41 505 213 579; x_wconf 85' lang='lat' dir='ltr'>polum</span> <span class='ocrx_word' id='word_1_10' title='bbox 243 502 407 576; x_wconf 81' lang='lat' dir='ltr'>[forte</span> <span class='ocrx_word' id='word_1_11' title='bbox 424 505 718 579; x_wconf 68' lang='lat' dir='ltr'>populum]</span> <span class='ocrx_word' id='word_1_12' title='bbox 754 507 967 579; x_wconf 79' lang='lat' dir='ltr'>eduxit,</span> <span class='ocrx_word' id='word_1_13' title='bbox 995 508 1066 564; x_wconf 89' lang='lat' dir='ltr'>ad</span> <span class='ocrx_word' id='word_1_14' title='bbox 1086 507 1243 564; x_wconf 83' lang='lat' dir='ltr'>littus</span> <span class='ocrx_word' id='word_1_15' title='bbox 1267 508 1442 566; x_wconf 89' lang='lat' dir='ltr'>maris</span> <span class='ocrx_word' id='word_1_16' title='bbox 1469 525 1647 583; x_wconf 87' lang='lat' dir='ltr'>usque</span> <span class='ocrx_word' id='word_1_17' title='bbox 1669 523 1728 598; x_wconf 83' lang='grc' dir='ltr'><strong>Α</strong></span> <span class='ocrx_word' id='word_1_18' title='bbox 2302 517 2394 573; x_wconf 85' lang='lat' dir='ltr'>Ad</span> <span class='ocrx_word' id='word_1_19' title='bbox 2420 517 2825 572; x_wconf 73' lang='lat' dir='ltr'>communicare.</span> 
     </span>
    </p>
   </div>
   <div class='ocr_carea' id='block_1_3' title="bbox 45 598 3375 684">
    <p class='ocr_par' dir='ltr' id='par_1_3' title="bbox 45 598 3375 684">
     <span class='ocr_line' id='line_1_3' title="bbox 45 598 3375 684; baseline 0.003 -28"><span class='ocrx_word' id='word_1_20' title='bbox 45 598 300 673; x_wconf 78' lang='lat' dir='ltr'>perduxit.</span> <span class='ocrx_word' id='word_1_21' title='bbox 1813 609 2031 680; x_wconf 91' lang='lat' dir='ltr'>Corpus</span> <span class='ocrx_word' id='word_1_22' title='bbox 2058 610 2282 665; x_wconf 88' lang='lat' dir='ltr'>Domini</span> <span class='ocrx_word' id='word_1_23' title='bbox 2305 610 2641 682; x_wconf 90' lang='lat' dir='ltr'>accepimus,</span> <span class='ocrx_word' id='word_1_24' title='bbox 2665 614 2722 665; x_wconf 92' lang='lat' dir='ltr'>et</span> <span class='ocrx_word' id='word_1_25' title='bbox 2746 610 3022 683; x_wconf 82' lang='lat' dir='ltr'>sanguine</span> <span class='ocrx_word' id='word_1_26' title='bbox 3052 612 3173 684; x_wconf 84' lang='lat' dir='ltr'>ejus</span> <span class='ocrx_word' id='word_1_27' title='bbox 3200 614 3375 684; x_wconf 86' lang='lat' dir='ltr'>potati</span> 
     </span>
    </p>
   </div>
   <div class='ocr_carea' id='block_1_4' title="bbox 99 693 3372 779">
    <p class='ocr_par' dir='ltr' id='par_1_4' title="bbox 99 693 3372 779">
     <span class='ocr_line' id='line_1_4' title="bbox 99 693 3372 779; baseline 0.004 -31"><span class='ocrx_word' id='word_1_28' title='bbox 99 693 346 749; x_wconf 86' lang='lat' dir='ltr'>Fornacis</span> <span class='ocrx_word' id='word_1_29' title='bbox 384 693 646 750; x_wconf 89' lang='lat' dir='ltr'>ﬂammas</span> <span class='ocrx_word' id='word_1_30' title='bbox 690 697 854 768; x_wconf 88' lang='lat' dir='ltr'>pueri</span> <span class='ocrx_word' id='word_1_31' title='bbox 899 700 1378 769; x_wconf 85' lang='lat' dir='ltr'>contempserunt,</span> <span class='ocrx_word' id='word_1_32' title='bbox 1422 698 1644 754; x_wconf 85' lang='lat' dir='ltr'>Christo</span> <span class='ocrx_word' id='word_1_33' title='bbox 1746 720 1960 774; x_wconf 88' lang='lat' dir='ltr'>sumus,</span> <span class='ocrx_word' id='word_1_34' title='bbox 1991 704 2061 759; x_wconf 88' lang='lat' dir='ltr'>ab</span> <span class='ocrx_word' id='word_1_35' title='bbox 2089 705 2246 760; x_wconf 72' lang='lat' dir='ltr'>om‘ni</span> <span class='ocrx_word' id='word_1_36' title='bbox 2275 705 2422 761; x_wconf 88' lang='lat' dir='ltr'>malo</span> <span class='ocrx_word' id='word_1_37' title='bbox 2442 721 2560 761; x_wconf 91' lang='lat' dir='ltr'>non</span> <span class='ocrx_word' id='word_1_38' title='bbox 2581 705 2927 774; x_wconf 80' lang='lat' dir='ltr'>timebimus,</span> <span class='ocrx_word' id='word_1_39' title='bbox 2949 706 3083 779; x_wconf 86' lang='lat' dir='ltr'>quia</span> <span class='ocrx_word' id='word_1_40' title='bbox 3102 707 3372 764; x_wconf 88' lang='lat' dir='ltr'>Dominus</span> 
     </span>
    </p>
   </div>
   <div class='ocr_carea' id='block_1_5' title="bbox 37 789 2171 865">
    <p class='ocr_par' dir='ltr' id='par_1_5' title="bbox 37 789 2171 865">
     <span class='ocr_line' id='line_1_5' title="bbox 37 789 2171 865; baseline 0.005 -22"><span class='ocrx_word' id='word_1_41' title='bbox 37 789 226 862; x_wconf 82' lang='lat' dir='ltr'>jugiter</span> <span class='ocrx_word' id='word_1_42' title='bbox 246 789 714 858; x_wconf 82' lang='lat' dir='ltr'>immolaverunt,</span> <span class='ocrx_word' id='word_1_43' title='bbox 741 791 891 847; x_wconf 88' lang='lat' dir='ltr'>viam</span> <span class='ocrx_word' id='word_1_44' title='bbox 912 791 1165 864; x_wconf 89' lang='lat' dir='ltr'>iniquam</span> <span class='ocrx_word' id='word_1_45' title='bbox 1195 793 1642 865; x_wconf 88' lang='lat' dir='ltr'>dereliquerunt.</span> <span class='ocrx_word' id='word_1_46' title='bbox 1745 798 2040 854; x_wconf 88' lang='lat' dir='ltr'>nobiscum</span> <span class='ocrx_word' id='word_1_47' title='bbox 2067 803 2171 854; x_wconf 89' lang='lat' dir='ltr'>est.</span> 
     </span>
    </p>
   </div>
   <div class='ocr_carea' id='block_1_6' title="bbox 284 872 2702 954">
    <p class='ocr_par' dir='ltr' id='par_1_6' title="bbox 284 872 2702 954">
     <span class='ocr_line' id='line_1_6' title="bbox 284 872 2702 954; baseline -0.002 -14"><span class='ocrx_word' id='word_1_48' title='bbox 284 886 463 954; x_wconf 80' lang='lat' dir='ltr'><strong><em>Super</em></strong></span> <span class='ocrx_word' id='word_1_49' title='bbox 486 885 733 941; x_wconf 88' lang='lat' dir='ltr'>Laudate</span> <span class='ocrx_word' id='word_1_50' title='bbox 763 887 1064 942; x_wconf 89' lang='lat' dir='ltr'>Dominum</span> <span class='ocrx_word' id='word_1_51' title='bbox 1091 887 1160 943; x_wconf 89' lang='lat' dir='ltr'>de</span> <span class='ocrx_word' id='word_1_52' title='bbox 1186 887 1358 942; x_wconf 88' lang='lat' dir='ltr'>coelis.</span> <span class='ocrx_word' id='word_1_53' title='bbox 2414 875 2545 927; x_wconf 59' lang='lat' dir='ltr'>Item</span> <span class='ocrx_word' id='word_1_54' title='bbox 2567 872 2702 926; x_wconf 75' lang='grc' dir='ltr'><em>αῖίαο</em></span> 
     </span>
    </p>
   </div>
   <div class='ocr_carea' id='block_1_7' title="bbox 98 963 3374 1043">
    <p class='ocr_par' dir='ltr' id='par_1_7' title="bbox 98 963 3374 1043">
     <span class='ocr_line' id='line_1_7' title="bbox 98 963 3374 1043; baseline 0.001 -21"><span class='ocrx_word' id='word_1_55' title='bbox 98 971 165 1023; x_wconf 93' lang='lat' dir='ltr'>De</span> <span class='ocrx_word' id='word_1_56' title='bbox 191 969 338 1023; x_wconf 64' lang='lat' dir='ltr'>cadis</span> <span class='ocrx_word' id='word_1_57' title='bbox 358 968 671 1024; x_wconf 90' lang='lat' dir='ltr'>Dominum</span> <span class='ocrx_word' id='word_1_58' title='bbox 699 970 944 1041; x_wconf 78' lang='lat' dir='ltr'>laudate,</span> <span class='ocrx_word' id='word_1_59' title='bbox 977 971 1308 1042; x_wconf 86' lang='lat' dir='ltr'>psalterium</span> <span class='ocrx_word' id='word_1_60' title='bbox 1328 971 1645 1043; x_wconf 84' lang='lat' dir='ltr'>jocundum</span> <span class='ocrx_word' id='word_1_61' title='bbox 1815 965 1878 1017; x_wconf 82' lang='lat' dir='ltr'>In</span> <span class='ocrx_word' id='word_1_62' title='bbox 1904 963 2064 1019; x_wconf 73' lang='lat' dir='ltr'>labiis</span> <span class='ocrx_word' id='word_1_63' title='bbox 2091 965 2233 1020; x_wconf 84' lang='lat' dir='ltr'>meis</span> <span class='ocrx_word' id='word_1_64' title='bbox 2257 964 2576 1020; x_wconf 78' lang='lat' dir='ltr'>meditabor</span> <span class='ocrx_word' id='word_1_65' title='bbox 2601 966 2902 1036; x_wconf 87' lang='lat' dir='ltr'>hymnum,</span> <span class='ocrx_word' id='word_1_66' title='bbox 2933 967 3193 1038; x_wconf 75' lang='lat' dir='ltr'>alleluia;</span> <span class='ocrx_word' id='word_1_67' title='bbox 3241 984 3374 1022; x_wconf 90' lang='lat' dir='ltr'>cum</span> 
     </span>
    </p>
   </div>
   <div class='ocr_carea' id='block_1_8' title="bbox 45 1056 3236 1131">
    <p class='ocr_par' dir='ltr' id='par_1_8' title="bbox 45 1056 3236 1131">
     <span class='ocr_line' id='line_1_8' title="bbox 45 1056 3236 1131; baseline 0 -17"><span class='ocrx_word' id='word_1_68' title='bbox 45 1064 317 1131; x_wconf 71' lang='lat' dir='ltr'>immolata,</span> <span class='ocrx_word' id='word_1_69' title='bbox 345 1064 574 1120; x_wconf 68' lang='lat' dir='ltr'>laudate</span> <span class='ocrx_word' id='word_1_70' title='bbox 600 1080 733 1120; x_wconf 84' lang='lat' dir='ltr'>eum</span> <span class='ocrx_word' id='word_1_71' title='bbox 762 1065 824 1120; x_wconf 83' lang='lat' dir='ltr'>in</span> <span class='ocrx_word' id='word_1_72' title='bbox 849 1082 986 1120; x_wconf 81' lang='lat' dir='ltr'>sono</span> <span class='ocrx_word' id='word_1_73' title='bbox 1013 1066 1184 1121; x_wconf 55' lang='lat' dir='ltr'>tuba,</span> <span class='ocrx_word' id='word_1_74' title='bbox 1746 1056 2004 1113; x_wconf 85' lang='lat' dir='ltr'>docueris</span> <span class='ocrx_word' id='word_1_75' title='bbox 2027 1074 2138 1128; x_wconf 88' lang='lat' dir='ltr'>me,</span> <span class='ocrx_word' id='word_1_76' title='bbox 2163 1074 2271 1129; x_wconf 85' lang='lat' dir='ltr'>ego</span> <span class='ocrx_word' id='word_1_77' title='bbox 2288 1058 2534 1129; x_wconf 85' lang='lat' dir='ltr'>justitias</span> <span class='ocrx_word' id='word_1_78' title='bbox 2559 1060 2910 1130; x_wconf 89' lang='lat' dir='ltr'>respondebo</span> <span class='ocrx_word' id='word_1_79' title='bbox 2938 1076 2952 1114; x_wconf 89' lang='lat'><strong>:</strong></span> <span class='ocrx_word' id='word_1_80' title='bbox 2980 1061 3236 1131; x_wconf 88' lang='lat' dir='ltr'>Alleluja.</span> 
     </span>
    </p>
   </div>
   <div class='ocr_carea' id='block_1_9' title="bbox 98 1153 2705 1233">
    <p class='ocr_par' dir='ltr' id='par_1_9' title="bbox 98 1153 2705 1233">
     <span class='ocr_line' id='line_1_9' title="bbox 98 1153 2705 1233; baseline -0.003 -19"><span class='ocrx_word' id='word_1_81' title='bbox 98 1159 296 1214; x_wconf 85' lang='lat' dir='ltr'>Pharao</span> <span class='ocrx_word' id='word_1_82' title='bbox 340 1158 633 1215; x_wconf 89' lang='lat' dir='ltr'>demersus</span> <span class='ocrx_word' id='word_1_83' title='bbox 671 1163 754 1215; x_wconf 91' lang='lat' dir='ltr'>est</span> <span class='ocrx_word' id='word_1_84' title='bbox 793 1160 853 1214; x_wconf 91' lang='lat' dir='ltr'>in</span> <span class='ocrx_word' id='word_1_85' title='bbox 894 1160 1154 1216; x_wconf 82' lang='lat' dir='ltr'>Rubrum</span> <span class='ocrx_word' id='word_1_86' title='bbox 1196 1176 1373 1215; x_wconf 88' lang='lat' dir='ltr'>mare.</span> <span class='ocrx_word' id='word_1_87' title='bbox 1430 1162 1645 1233; x_wconf 87' lang='lat' dir='ltr'>Moyses</span> <span class='ocrx_word' id='word_1_88' title='bbox 2414 1156 2544 1208; x_wconf 84' lang='lat' dir='ltr'>Item</span> <span class='ocrx_word' id='word_1_89' title='bbox 2570 1153 2705 1208; x_wconf 75' lang='lat' dir='ltr'>alia.</span> 
     </span>
    </p>
   </div>
   <div class='ocr_carea' id='block_1_10' title="bbox 44 1245 3374 1328">
    <p class='ocr_par' dir='ltr' id='par_1_10' title="bbox 44 1245 3374 1328">
     <span class='ocr_line' id='line_1_10' title="bbox 44 1245 3374 1328; baseline 0.002 -28"><span class='ocrx_word' id='word_1_90' title='bbox 44 1252 315 1328; x_wconf 74' lang='lat' dir='ltr'>pertransit</span> <span class='ocrx_word' id='word_1_91' title='bbox 343 1252 406 1308; x_wconf 82' lang='lat' dir='ltr'>in</span> <span class='ocrx_word' id='word_1_92' title='bbox 435 1253 582 1308; x_wconf 84' lang='lat' dir='ltr'>sicco</span> <span class='ocrx_word' id='word_1_93' title='bbox 607 1255 750 1326; x_wconf 80' lang='lat' dir='ltr'>pede</span> <span class='ocrx_word' id='word_1_94' title='bbox 779 1254 980 1324; x_wconf 64' lang='lat' dir='ltr'>maria,</span> <span class='ocrx_word' id='word_1_95' title='bbox 1005 1253 1147 1310; x_wconf 63' lang='lat' dir='ltr'>dixit</span> <span class='ocrx_word' id='word_1_96' title='bbox 1171 1255 1282 1310; x_wconf 82' lang='lat' dir='ltr'>Deo</span> <span class='ocrx_word' id='word_1_97' title='bbox 1308 1258 1546 1312; x_wconf 69' lang='lat' dir='ltr'>cantate,</span> <span class='ocrx_word' id='word_1_98' title='bbox 1816 1247 2044 1302; x_wconf 79' lang='lat' dir='ltr'>Gustata</span> <span class='ocrx_word' id='word_1_99' title='bbox 2079 1250 2134 1301; x_wconf 89' lang='lat' dir='ltr'>et</span> <span class='ocrx_word' id='word_1_100' title='bbox 2157 1245 2362 1317; x_wconf 89' lang='lat' dir='ltr'>videte,</span> <span class='ocrx_word' id='word_1_101' title='bbox 2390 1246 2636 1318; x_wconf 74' lang='lat' dir='ltr'>alleluia,</span> <span class='ocrx_word' id='word_1_102' title='bbox 2668 1263 2841 1320; x_wconf 89' lang='lat' dir='ltr'>quam</span> <span class='ocrx_word' id='word_1_103' title='bbox 2867 1247 3054 1304; x_wconf 88' lang='lat' dir='ltr'>suavis</span> <span class='ocrx_word' id='word_1_104' title='bbox 3073 1252 3156 1304; x_wconf 88' lang='lat' dir='ltr'>est</span> <span class='ocrx_word' id='word_1_105' title='bbox 3184 1249 3374 1305; x_wconf 85' lang='lat' dir='ltr'>Domi-</span> 
     </span>
    </p>
   </div>
   <div class='ocr_carea' id='block_1_11' title="bbox 600 1341 2581 1424">
    <p class='ocr_par' dir='ltr' id='par_1_11' title="bbox 600 1341 2581 1424">
     <span class='ocr_line' id='line_1_11' title="bbox 600 1341 2581 1424; baseline 0.007 -20"><span class='ocrx_word' id='word_1_106' title='bbox 600 1352 673 1404; x_wconf 90' lang='lat' dir='ltr'>De</span> <span class='ocrx_word' id='word_1_107' title='bbox 697 1350 1050 1417; x_wconf 78' lang='lat' dir='ltr'>martyribus.</span> <span class='ocrx_word' id='word_1_108' title='bbox 1745 1356 1871 1407; x_wconf 66' lang='lat' dir='ltr'>nus:</span> <span class='ocrx_word' id='word_1_109' title='bbox 1898 1341 2141 1412; x_wconf 69' lang='lat' dir='ltr'>alleluja-</span> <span class='ocrx_word' id='word_1_110' title='bbox 2508 1414 2520 1424; x_wconf 78' lang='grc'><em>,</em></span> <span class='ocrx_word' id='word_1_111' title='bbox 2543 1413 2581 1424; x_wconf 83' lang='grc'><em>,,</em></span> 
     </span>
    </p>
   </div>
   <div class='ocr_carea' id='block_1_12' title="bbox 102 1413 3112 1517">
    <p class='ocr_par' dir='ltr' id='par_1_12' title="bbox 102 1413 3112 1517">
     <span class='ocr_line' id='line_1_12' title="bbox 102 1413 3112 1517; baseline 0.008 -30"><span class='ocrx_word' id='word_1_112' title='bbox 102 1435 216 1487; x_wconf 85' lang='lat' dir='ltr'>Post</span> <span class='ocrx_word' id='word_1_113' title='bbox 242 1431 402 1503; x_wconf 82' lang='lat' dir='ltr'>ignes</span> <span class='ocrx_word' id='word_1_114' title='bbox 431 1437 490 1488; x_wconf 89' lang='lat' dir='ltr'>et</span> <span class='ocrx_word' id='word_1_115' title='bbox 514 1432 774 1503; x_wconf 86' lang='lat' dir='ltr'>laminas,</span> <span class='ocrx_word' id='word_1_116' title='bbox 798 1413 1011 1503; x_wconf 72' lang='lat' dir='ltr'>cruces,</span> <span class='ocrx_word' id='word_1_117' title='bbox 1040 1437 1209 1504; x_wconf 87' lang='lat' dir='ltr'>atque</span> <span class='ocrx_word' id='word_1_118' title='bbox 1237 1431 1446 1488; x_wconf 85' lang='lat' dir='ltr'>bestias</span> <span class='ocrx_word' id='word_1_119' title='bbox 1471 1433 1646 1488; x_wconf 86' lang='lat' dir='ltr'>sancti</span> <span class='ocrx_word' id='word_1_120' title='bbox 1818 1511 1860 1517; x_wconf 87' lang='lat'>__</span> <span class='ocrx_word' id='word_1_121' title='bbox 2469 1413 2635 1517; x_wconf 59' lang='grc' dir='ltr'>έίίίας</span> <span class='ocrx_word' id='word_1_122' title='bbox 2675 1506 2687 1517; x_wconf 65' lang='grc'><em>,</em></span> <span class='ocrx_word' id='word_1_123' title='bbox 2773 1511 2782 1517; x_wconf 29' lang='grc' dir='ltr'>ί</span> <span class='ocrx_word' id='word_1_124' title='bbox 2877 1507 2892 1517; x_wconf 82' lang='lat'><em>_</em></span> <span class='ocrx_word' id='word_1_125' title='bbox 2975 1512 2984 1517; x_wconf 88' lang='lat'>_</span> <span class='ocrx_word' id='word_1_126' title='bbox 3062 1508 3072 1517; x_wconf 89' lang='lat'>_</span> <span class='ocrx_word' id='word_1_127' title='bbox 3107 1501 3112 1510; x_wconf 96' lang='lat'>.</span> 
     </span>
    </p>
   </div>
   <div class='ocr_carea' id='block_1_13' title="bbox 43 1507 3375 1600">
    <p class='ocr_par' dir='ltr' id='par_1_13' title="bbox 43 1507 3375 1600">
     <span class='ocr_line' id='line_1_13' title="bbox 43 1507 3375 1600; baseline 0 -20"><span class='ocrx_word' id='word_1_128' title='bbox 43 1543 150 1580; x_wconf 83' lang='lat' dir='ltr'>cum</span> <span class='ocrx_word' id='word_1_129' title='bbox 175 1542 379 1598; x_wconf 89' lang='lat' dir='ltr'>magno</span> <span class='ocrx_word' id='word_1_130' title='bbox 406 1527 702 1600; x_wconf 88' lang='lat' dir='ltr'>triumpho</span> <span class='ocrx_word' id='word_1_131' title='bbox 740 1527 1026 1583; x_wconf 88' lang='lat' dir='ltr'>vehuntur</span> <span class='ocrx_word' id='word_1_132' title='bbox 1060 1527 1119 1582; x_wconf 89' lang='lat' dir='ltr'>in</span> <span class='ocrx_word' id='word_1_133' title='bbox 1163 1542 1340 1600; x_wconf 85' lang='lat' dir='ltr'>regno</span> <span class='ocrx_word' id='word_1_134' title='bbox 1378 1532 1434 1582; x_wconf 91' lang='lat' dir='ltr'>et</span> <span class='ocrx_word' id='word_1_135' title='bbox 1473 1527 1532 1582; x_wconf 92' lang='lat' dir='ltr'>in</span> <span class='ocrx_word' id='word_1_136' title='bbox 1562 1543 1646 1583; x_wconf 88' lang='lat' dir='ltr'>re-</span> <span class='ocrx_word' id='word_1_137' title='bbox 1818 1511 1930 1563; x_wconf 71' lang='lat' dir='ltr'>Hoc</span> <span class='ocrx_word' id='word_1_138' title='bbox 1956 1523 2179 1563; x_wconf 67' lang='lat' dir='ltr'>sacrum</span> <span class='ocrx_word' id='word_1_139' title='bbox 2226 1523 2431 1580; x_wconf 70' lang='lat' dir='ltr'>corpus</span> <span class='ocrx_word' id='word_1_140' title='bbox 2469 1507 2691 1562; x_wconf 68' lang='lat' dir='ltr'>Domini</span> <span class='ocrx_word' id='word_1_141' title='bbox 2735 1511 2790 1562; x_wconf 69' lang='lat' dir='ltr'><strong>et</strong></span> <span class='ocrx_word' id='word_1_142' title='bbox 2816 1507 3111 1564; x_wconf 20' lang='lat' dir='ltr'>salvatoris.</span> <span class='ocrx_word' id='word_1_143' title='bbox 3145 1508 3375 1581; x_wconf 53' lang='grc' dir='ltr'>δημί-</span> 
     </span>
    </p>
   </div>
   <div class='ocr_carea' id='block_1_14' title="bbox 46 1600 3231 1691">
    <p class='ocr_par' dir='ltr' id='par_1_14' title="bbox 46 1600 3231 1691">
     <span class='ocr_line' id='line_1_14' title="bbox 46 1600 3231 1691; baseline 0 -33"><span class='ocrx_word' id='word_1_144' title='bbox 46 1620 262 1691; x_wconf 49' lang='lat' dir='ltr'>{figam</span> <span class='ocrx_word' id='word_1_145' title='bbox 1747 1618 1882 1658; x_wconf 90' lang='lat' dir='ltr'>nem</span> <span class='ocrx_word' id='word_1_146' title='bbox 1909 1600 2114 1657; x_wconf 87' lang='lat' dir='ltr'>sumite</span> <span class='ocrx_word' id='word_1_147' title='bbox 2143 1601 2300 1656; x_wconf 84' lang='lat' dir='ltr'>vobis</span> <span class='ocrx_word' id='word_1_148' title='bbox 2325 1600 2384 1655; x_wconf 94' lang='lat' dir='ltr'>in</span> <span class='ocrx_word' id='word_1_149' title='bbox 2411 1600 2583 1656; x_wconf 89' lang='lat' dir='ltr'>vitam</span> <span class='ocrx_word' id='word_1_150' title='bbox 2611 1616 2943 1672; x_wconf 88' lang='lat' dir='ltr'>perennem.</span> <span class='ocrx_word' id='word_1_151' title='bbox 2975 1602 3231 1674; x_wconf 87' lang='lat' dir='ltr'>Alleluja.</span> 
     </span>
    </p>
   </div>
   <div class='ocr_carea' id='block_1_15' title="bbox 99 1695 2704 1787">
    <p class='ocr_par' dir='ltr' id='par_1_15' title="bbox 99 1695 2704 1787">
     <span class='ocr_line' id='line_1_15' title="bbox 99 1695 2704 1787; baseline 0.001 -20"><span class='ocrx_word' id='word_1_152' title='bbox 99 1716 150 1767; x_wconf 85' lang='lat' dir='ltr'>In</span> <span class='ocrx_word' id='word_1_153' title='bbox 195 1714 543 1770; x_wconf 79' lang='lat' dir='ltr'>invocatione</span> <span class='ocrx_word' id='word_1_154' title='bbox 609 1720 933 1771; x_wconf 89' lang='lat' dir='ltr'>sanctorum</span> <span class='ocrx_word' id='word_1_155' title='bbox 993 1717 1300 1787; x_wconf 82' lang='lat' dir='ltr'>Martyrum</span> <span class='ocrx_word' id='word_1_156' title='bbox 1357 1715 1643 1786; x_wconf 88' lang='lat' dir='ltr'>miserere,</span> <span class='ocrx_word' id='word_1_157' title='bbox 2408 1698 2542 1750; x_wconf 63' lang='lat' dir='ltr'>Item</span> <span class='ocrx_word' id='word_1_158' title='bbox 2567 1695 2704 1749; x_wconf 65' lang='grc' dir='ltr'>αῖία·</span> 
     </span>
    </p>
   </div>
   <div class='ocr_carea' id='block_1_16' title="bbox 41 1788 3373 1880">
    <p class='ocr_par' dir='ltr' id='par_1_16' title="bbox 41 1788 3373 1880">
     <span class='ocr_line' id='line_1_16' title="bbox 41 1788 3373 1880; baseline 0.001 -34"><span class='ocrx_word' id='word_1_159' title='bbox 41 1810 163 1862; x_wconf 72' lang='lat' dir='ltr'>Deus</span> <span class='ocrx_word' id='word_1_160' title='bbox 191 1808 511 1880; x_wconf 66' lang='lat' dir='ltr'>supplicum</span> <span class='ocrx_word' id='word_1_161' title='bbox 538 1813 792 1865; x_wconf 49' lang='lat' dir='ltr'>tuorum.</span> <span class='ocrx_word' id='word_1_162' title='bbox 1817 1793 1997 1858; x_wconf 89' lang='lat' dir='ltr'>Quam</span> <span class='ocrx_word' id='word_1_163' title='bbox 2025 1790 2211 1846; x_wconf 87' lang='lat' dir='ltr'>dulcia</span> <span class='ocrx_word' id='word_1_164' title='bbox 2238 1788 2494 1847; x_wconf 86' lang='lat' dir='ltr'>faucibus</span> <span class='ocrx_word' id='word_1_165' title='bbox 2534 1789 2677 1844; x_wconf 89' lang='lat' dir='ltr'>meis</span> <span class='ocrx_word' id='word_1_166' title='bbox 2705 1789 2930 1862; x_wconf 88' lang='lat' dir='ltr'>eloquia</span> <span class='ocrx_word' id='word_1_167' title='bbox 2961 1795 3079 1860; x_wconf 89' lang='lat' dir='ltr'>tua,</span> <span class='ocrx_word' id='word_1_168' title='bbox 3119 1791 3373 1848; x_wconf 91' lang='lat' dir='ltr'>Domine.</span> 
     </span>
    </p>
   </div>
   <div class='ocr_carea' id='block_1_17' title="bbox 122 1889 2703 1976">
    <p class='ocr_par' dir='ltr' id='par_1_17' title="bbox 122 1889 2703 1976">
     <span class='ocr_line' id='line_1_17' title="bbox 122 1889 2703 1976; baseline -0.004 -17"><span class='ocrx_word' id='word_1_169' title='bbox 122 1905 284 1972; x_wconf 81' lang='lat' dir='ltr'>Super</span> <span class='ocrx_word' id='word_1_170' title='bbox 312 1902 556 1958; x_wconf 87' lang='lat' dir='ltr'>Domine</span> <span class='ocrx_word' id='word_1_171' title='bbox 586 1904 896 1976; x_wconf 85' lang='lat' dir='ltr'>refugium,</span> <span class='ocrx_word' id='word_1_172' title='bbox 924 1906 983 1958; x_wconf 80' lang='lat' dir='ltr'>in</span> <span class='ocrx_word' id='word_1_173' title='bbox 1011 1905 1408 1960; x_wconf 74' lang='lat' dir='ltr'>Dominicorum</span> <span class='ocrx_word' id='word_1_174' title='bbox 1426 1903 1531 1957; x_wconf 82' lang='lat' dir='ltr'>die.</span> <span class='ocrx_word' id='word_1_175' title='bbox 1664 1904 1719 1976; x_wconf 86' lang='grc' dir='ltr'><strong>Β</strong></span> <span class='ocrx_word' id='word_1_176' title='bbox 2411 1891 2541 1943; x_wconf 66' lang='lat' dir='ltr'>Item</span> <span class='ocrx_word' id='word_1_177' title='bbox 2568 1889 2703 1945; x_wconf 77' lang='lat' dir='ltr'>alia.</span> 
     </span>
    </p>
   </div>
   <div class='ocr_carea' id='block_1_18' title="bbox 98 1977 3376 2071">
    <p class='ocr_par' dir='ltr' id='par_1_18' title="bbox 98 1977 3376 2071">
     <span class='ocr_line' id='line_1_18' title="bbox 98 1977 3376 2071; baseline 0 -35"><span class='ocrx_word' id='word_1_178' title='bbox 98 1997 438 2067; x_wconf 57' lang='lat' dir='ltr'>Convertere,</span> <span class='ocrx_word' id='word_1_179' title='bbox 471 1997 726 2069; x_wconf 59' lang='lat' dir='ltr'>nomine,</span> <span class='ocrx_word' id='word_1_180' title='bbox 758 2014 1070 2071; x_wconf 58' lang='lat' dir='ltr'>usquequo,</span> <span class='ocrx_word' id='word_1_181' title='bbox 1104 2003 1159 2053; x_wconf 65' lang='lat' dir='ltr'>et</span> <span class='ocrx_word' id='word_1_182' title='bbox 1177 1997 1543 2069; x_wconf 70' lang='lat' dir='ltr'>deprecabiﬁs</span> <span class='ocrx_word' id='word_1_183' title='bbox 1567 2013 1648 2054; x_wconf 72' lang='lat' dir='ltr'>es.</span> <span class='ocrx_word' id='word_1_184' title='bbox 1820 1981 1919 2036; x_wconf 89' lang='lat' dir='ltr'>Hic</span> <span class='ocrx_word' id='word_1_185' title='bbox 1944 1983 2028 2035; x_wconf 90' lang='lat' dir='ltr'>est</span> <span class='ocrx_word' id='word_1_186' title='bbox 2059 1980 2222 2052; x_wconf 90' lang='lat' dir='ltr'>panis</span> <span class='ocrx_word' id='word_1_187' title='bbox 2264 1979 2438 2048; x_wconf 90' lang='lat' dir='ltr'>vivus,</span> <span class='ocrx_word' id='word_1_188' title='bbox 2477 1977 2578 2049; x_wconf 89' lang='lat' dir='ltr'>qui</span> <span class='ocrx_word' id='word_1_189' title='bbox 2623 1978 2691 2032; x_wconf 93' lang='lat' dir='ltr'>de</span> <span class='ocrx_word' id='word_1_190' title='bbox 2719 1978 2856 2033; x_wconf 87' lang='lat' dir='ltr'>coelo</span> <span class='ocrx_word' id='word_1_191' title='bbox 2889 1978 3196 2035; x_wconf 89' lang='lat' dir='ltr'>descendit.</span> <span class='ocrx_word' id='word_1_192' title='bbox 3226 1982 3376 2036; x_wconf 86' lang='lat' dir='ltr'>Alle-</span> 
     </span>
    </p>
   </div>
   <div class='ocr_carea' id='block_1_19' title="bbox 43 2072 3374 2161">
    <p class='ocr_par' dir='ltr' id='par_1_19' title="bbox 43 2072 3374 2161">
     <span class='ocr_line' id='line_1_19' title="bbox 43 2072 3374 2161; baseline 0 -31"><span class='ocrx_word' id='word_1_193' title='bbox 43 2097 85 2143; x_wconf 58' lang='grc' dir='ltr'>το</span> <span class='ocrx_word' id='word_1_194' title='bbox 109 2107 263 2161; x_wconf 71' lang='lat' dir='ltr'>super</span> <span class='ocrx_word' id='word_1_195' title='bbox 281 2107 470 2146; x_wconf 60' lang='lat' dir='ltr'>servos</span> <span class='ocrx_word' id='word_1_196' title='bbox 500 2097 644 2147; x_wconf 48' lang='lat' dir='ltr'>tuos.</span> <span class='ocrx_word' id='word_1_197' title='bbox 1747 2075 1883 2146; x_wconf 86' lang='lat' dir='ltr'>luja.</span> <span class='ocrx_word' id='word_1_198' title='bbox 1913 2075 2019 2140; x_wconf 88' lang='lat' dir='ltr'>Qui</span> <span class='ocrx_word' id='word_1_199' title='bbox 2048 2074 2348 2130; x_wconf 88' lang='lat' dir='ltr'>manducat</span> <span class='ocrx_word' id='word_1_200' title='bbox 2384 2089 2453 2128; x_wconf 88' lang='lat' dir='ltr'>ex</span> <span class='ocrx_word' id='word_1_201' title='bbox 2493 2088 2579 2142; x_wconf 88' lang='lat' dir='ltr'>eo,</span> <span class='ocrx_word' id='word_1_202' title='bbox 2621 2072 2769 2127; x_wconf 82' lang='lat' dir='ltr'>vivet</span> <span class='ocrx_word' id='word_1_203' title='bbox 2796 2072 2857 2127; x_wconf 90' lang='lat' dir='ltr'>in</span> <span class='ocrx_word' id='word_1_204' title='bbox 2894 2078 3194 2130; x_wconf 67' lang='lat' dir='ltr'>aeternum.</span> <span class='ocrx_word' id='word_1_205' title='bbox 3223 2075 3374 2130; x_wconf 81' lang='lat' dir='ltr'>Alle-</span> 
     </span>
    </p>
   </div>
   <div class='ocr_carea' id='block_1_20' title="bbox 674 2169 2657 2252">
    <p class='ocr_par' dir='ltr' id='par_1_20' title="bbox 674 2169 2657 2252">
     <span class='ocr_line' id='line_1_20' title="bbox 674 2169 2657 2252; baseline 0.007 -13"><span class='ocrx_word' id='word_1_206' title='bbox 674 2185 805 2239; x_wconf 83' lang='lat' dir='ltr'>Item</span> <span class='ocrx_word' id='word_1_207' title='bbox 841 2183 975 2238; x_wconf 77' lang='lat' dir='ltr'>alia.</span> <span class='ocrx_word' id='word_1_208' title='bbox 1745 2169 1880 2241; x_wconf 72' lang='lat' dir='ltr'>luja-</span> <span class='ocrx_word' id='word_1_209' title='bbox 2416 2241 2455 2252; x_wconf 63' lang='grc' dir='ltr'><strong><em>τ,</em></strong></span> <span class='ocrx_word' id='word_1_210' title='bbox 2619 2238 2657 2252; x_wconf 89' lang='lat'>..</span> 
     </span>
    </p>
   </div>
   <div class='ocr_carea' id='block_1_21' title="bbox 99 2238 3090 2344">
    <p class='ocr_par' dir='ltr' id='par_1_21' title="bbox 99 2238 3090 2344">
     <span class='ocr_line' id='line_1_21' title="bbox 99 2238 3090 2344; baseline -0 -23"><span class='ocrx_word' id='word_1_211' title='bbox 99 2265 314 2337; x_wconf 85' lang='lat' dir='ltr'>Respice</span> <span class='ocrx_word' id='word_1_212' title='bbox 342 2264 401 2320; x_wconf 91' lang='lat' dir='ltr'>in</span> <span class='ocrx_word' id='word_1_213' title='bbox 433 2282 626 2321; x_wconf 89' lang='lat' dir='ltr'>servos</span> <span class='ocrx_word' id='word_1_214' title='bbox 655 2271 782 2321; x_wconf 88' lang='lat' dir='ltr'>tuos</span> <span class='ocrx_word' id='word_1_215' title='bbox 802 2271 858 2322; x_wconf 91' lang='lat' dir='ltr'>et</span> <span class='ocrx_word' id='word_1_216' title='bbox 879 2267 937 2320; x_wconf 90' lang='lat' dir='ltr'>in</span> <span class='ocrx_word' id='word_1_217' title='bbox 964 2283 1136 2338; x_wconf 88' lang='lat' dir='ltr'>opera</span> <span class='ocrx_word' id='word_1_218' title='bbox 1163 2271 1278 2336; x_wconf 90' lang='lat' dir='ltr'>tua,</span> <span class='ocrx_word' id='word_1_219' title='bbox 1310 2265 1570 2321; x_wconf 90' lang='lat' dir='ltr'>Domine.</span> <span class='ocrx_word' id='word_1_220' title='bbox 1819 2337 1857 2344; x_wconf 36' lang='lat' dir='ltr'><strong>ﬁ</strong></span> <span class='ocrx_word' id='word_1_221' title='bbox 1908 2335 1928 2344; x_wconf 40' lang='grc' dir='ltr'><strong>Α</strong></span> <span class='ocrx_word' id='word_1_222' title='bbox 1994 2333 2027 2344; x_wconf 25' lang='grc' dir='ltr'>Δ,</span> <span class='ocrx_word' id='word_1_223' title='bbox 2062 2334 2113 2344; x_wconf 59' lang='grc' dir='ltr'><strong>Μ</strong></span> <span class='ocrx_word' id='word_1_224' title='bbox 2174 2331 2184 2342; x_wconf 44' lang='grc'>.</span> <span class='ocrx_word' id='word_1_225' title='bbox 2225 2333 2258 2344; x_wconf 34' lang='grc' dir='ltr'><em>Α</em></span> <span class='ocrx_word' id='word_1_226' title='bbox 2409 2241 2541 2293; x_wconf 64' lang='lat' dir='ltr'>Item</span> <span class='ocrx_word' id='word_1_227' title='bbox 2576 2238 2710 2344; x_wconf 71' lang='lat' dir='ltr'>a_ha&#39;</span> <span class='ocrx_word' id='word_1_228' title='bbox 2853 2331 2864 2342; x_wconf 39' lang='lat'><strong>&#39;</strong></span> <span class='ocrx_word' id='word_1_229' title='bbox 3080 2333 3090 2344; x_wconf 43' lang='lat'><em>.</em></span> 
     </span>
    </p>
   </div>
   <div class='ocr_carea' id='block_1_22' title="bbox 678 2333 3375 2416">
    <p class='ocr_par' dir='ltr' id='par_1_22' title="bbox 678 2333 3375 2416">
     <span class='ocr_line' id='line_1_22' title="bbox 678 2333 3375 2416; baseline -0.005 -13"><span class='ocrx_word' id='word_1_230' title='bbox 678 2363 813 2416; x_wconf 66' lang='lat' dir='ltr'>Item</span> <span class='ocrx_word' id='word_1_231' title='bbox 839 2363 972 2415; x_wconf 68' lang='grc' dir='ltr'>ιιιία,</span> <span class='ocrx_word' id='word_1_232' title='bbox 999 2333 1018 2338; x_wconf 69' lang='grc'><em>’</em></span> <span class='ocrx_word' id='word_1_233' title='bbox 1265 2333 1273 2336; x_wconf 63' lang='grc'><em>”</em></span> <span class='ocrx_word' id='word_1_234' title='bbox 1819 2333 2030 2390; x_wconf 80' lang='lat' dir='ltr'>Refecti</span> <span class='ocrx_word' id='word_1_235' title='bbox 2056 2333 2262 2388; x_wconf 88' lang='lat' dir='ltr'>Christi</span> <span class='ocrx_word' id='word_1_236' title='bbox 2291 2348 2529 2404; x_wconf 88' lang='lat' dir='ltr'>corpore</span> <span class='ocrx_word' id='word_1_237' title='bbox 2571 2335 2628 2387; x_wconf 90' lang='lat' dir='ltr'>et</span> <span class='ocrx_word' id='word_1_238' title='bbox 2667 2333 2962 2403; x_wconf 80' lang='lat' dir='ltr'>sanguine,</span> <span class='ocrx_word' id='word_1_239' title='bbox 2989 2333 3096 2389; x_wconf 89' lang='lat' dir='ltr'>tibi</span> <span class='ocrx_word' id='word_1_240' title='bbox 3133 2349 3375 2407; x_wconf 89' lang='lat' dir='ltr'>semper,</span> 
     </span>
    </p>
   </div>
   <div class='ocr_carea' id='block_1_23' title="bbox 101 2426 2621 2514">
    <p class='ocr_par' dir='ltr' id='par_1_23' title="bbox 101 2426 2621 2514">
     <span class='ocr_line' id='line_1_23' title="bbox 101 2426 2621 2514; baseline -0 -15"><span class='ocrx_word' id='word_1_241' title='bbox 101 2443 298 2514; x_wconf 83' lang='lat' dir='ltr'>Repleti</span> <span class='ocrx_word' id='word_1_242' title='bbox 324 2460 524 2499; x_wconf 88' lang='lat' dir='ltr'>sumus</span> <span class='ocrx_word' id='word_1_243' title='bbox 550 2461 718 2500; x_wconf 90' lang='lat' dir='ltr'>mane</span> <span class='ocrx_word' id='word_1_244' title='bbox 744 2444 1132 2500; x_wconf 87' lang='lat' dir='ltr'>misericordia</span> <span class='ocrx_word' id='word_1_245' title='bbox 1157 2448 1270 2499; x_wconf 90' lang='lat' dir='ltr'>tua.</span> <span class='ocrx_word' id='word_1_246' title='bbox 1747 2429 2003 2498; x_wconf 58' lang='lat' dir='ltr'>nomine,</span> <span class='ocrx_word' id='word_1_247' title='bbox 2027 2427 2286 2482; x_wconf 69' lang='lat' dir='ltr'>dicamus</span> <span class='ocrx_word' id='word_1_248' title='bbox 2319 2443 2332 2480; x_wconf 70' lang='grc'>³</span> <span class='ocrx_word' id='word_1_249' title='bbox 2365 2426 2621 2498; x_wconf 61' lang='lat' dir='ltr'>Alleluia-</span> 
     </span>
    </p>
   </div>
   <div class='ocr_carea' id='block_1_24' title="bbox 601 2521 3044 2594">
    <p class='ocr_par' dir='ltr' id='par_1_24' title="bbox 601 2521 3044 2594">
     <span class='ocr_line' id='line_1_24' title="bbox 601 2521 3044 2594; baseline -0.009 3"><span class='ocrx_word' id='word_1_250' title='bbox 601 2541 730 2594; x_wconf 80' lang='lat' dir='ltr'>Alia</span> <span class='ocrx_word' id='word_1_251' title='bbox 751 2540 1048 2594; x_wconf 79' lang='lat' dir='ltr'>cotidiana.</span> <span class='ocrx_word' id='word_1_252' title='bbox 2083 2523 2173 2578; x_wconf 85' lang='lat' dir='ltr'>Ad</span> <span class='ocrx_word' id='word_1_253' title='bbox 2203 2524 2493 2592; x_wconf 80' lang='lat' dir='ltr'>Vesperum</span> <span class='ocrx_word' id='word_1_254' title='bbox 2520 2525 2571 2575; x_wconf 86' lang='lat' dir='ltr'>et</span> <span class='ocrx_word' id='word_1_255' title='bbox 2597 2521 2672 2575; x_wconf 90' lang='lat' dir='ltr'>ad</span> <span class='ocrx_word' id='word_1_256' title='bbox 2692 2522 3044 2576; x_wconf 79' lang='lat' dir='ltr'>Matutinam.</span> 
     </span>
    </p>
   </div>
   <div class='ocr_carea' id='block_1_25' title="bbox 100 2609 3150 2694">
    <p class='ocr_par' dir='ltr' id='par_1_25' title="bbox 100 2609 3150 2694">
     <span class='ocr_line' id='line_1_25' title="bbox 100 2609 3150 2694; baseline -0.002 -19"><span class='ocrx_word' id='word_1_257' title='bbox 100 2621 166 2675; x_wconf 86' lang='lat' dir='ltr'>Sit</span> <span class='ocrx_word' id='word_1_258' title='bbox 194 2620 461 2692; x_wconf 89' lang='lat' dir='ltr'>splendor</span> <span class='ocrx_word' id='word_1_259' title='bbox 486 2620 712 2675; x_wconf 89' lang='lat' dir='ltr'>Domini</span> <span class='ocrx_word' id='word_1_260' title='bbox 745 2621 842 2676; x_wconf 89' lang='lat' dir='ltr'>Dei</span> <span class='ocrx_word' id='word_1_261' title='bbox 870 2621 1048 2677; x_wconf 89' lang='lat' dir='ltr'>nostri</span> <span class='ocrx_word' id='word_1_262' title='bbox 1073 2637 1248 2694; x_wconf 88' lang='lat' dir='ltr'>super</span> <span class='ocrx_word' id='word_1_263' title='bbox 1271 2637 1394 2676; x_wconf 90' lang='lat' dir='ltr'>nos.</span> <span class='ocrx_word' id='word_1_264' title='bbox 1819 2617 2002 2672; x_wconf 87' lang='lat' dir='ltr'>Gloria</span> <span class='ocrx_word' id='word_1_265' title='bbox 2026 2616 2087 2672; x_wconf 91' lang='lat' dir='ltr'>in</span> <span class='ocrx_word' id='word_1_266' title='bbox 2107 2616 2348 2671; x_wconf 80' lang='lat' dir='ltr'>Excelsis</span> <span class='ocrx_word' id='word_1_267' title='bbox 2373 2617 2508 2683; x_wconf 90' lang='lat' dir='ltr'>Deo,</span> <span class='ocrx_word' id='word_1_268' title='bbox 2537 2619 2592 2670; x_wconf 89' lang='lat' dir='ltr'>et</span> <span class='ocrx_word' id='word_1_269' title='bbox 2617 2615 2677 2669; x_wconf 90' lang='lat' dir='ltr'>in</span> <span class='ocrx_word' id='word_1_270' title='bbox 2704 2617 2856 2669; x_wconf 90' lang='lat' dir='ltr'>terra</span> <span class='ocrx_word' id='word_1_271' title='bbox 2879 2609 3011 2687; x_wconf 64' lang='lat' dir='ltr'>pax,</span> <span class='ocrx_word' id='word_1_272' title='bbox 3041 2618 3150 2671; x_wconf 89' lang='lat' dir='ltr'>etc.</span> 
     </span>
    </p>
   </div>
   <div class='ocr_carea' id='block_1_26' title="bbox 120 2769 3159 2844">
    <p class='ocr_par' dir='ltr' id='par_1_26' title="bbox 120 2769 3159 2844">
     <span class='ocr_line' id='line_1_26' title="bbox 120 2769 3159 2844; baseline -0.003 -14"><span class='ocrx_word' id='word_1_273' title='bbox 120 2777 360 2830; x_wconf 77' lang='lat' dir='ltr'>Memoria</span> <span class='ocrx_word' id='word_1_274' title='bbox 396 2777 657 2830; x_wconf 85' lang='lat' dir='ltr'>abbatum</span> <span class='ocrx_word' id='word_1_275' title='bbox 692 2781 1015 2832; x_wconf 79' lang='lat' dir='ltr'>nostro-rum.</span> <span class='ocrx_word' id='word_1_276' title='bbox 1182 2778 1480 2831; x_wconf 89' lang='lat' dir='ltr'>Famosum</span> <span class='ocrx_word' id='word_1_277' title='bbox 1508 2773 1711 2830; x_wconf 91' lang='lat' dir='ltr'>mundi</span> <span class='ocrx_word' id='word_1_278' title='bbox 1728 2772 2086 2844; x_wconf 86' lang='lat' dir='ltr'>magistrum,</span> <span class='ocrx_word' id='word_1_279' title='bbox 2377 2769 2565 2824; x_wconf 89' lang='lat' dir='ltr'>Tantis</span> <span class='ocrx_word' id='word_1_280' title='bbox 2590 2769 2857 2824; x_wconf 89' lang='lat' dir='ltr'>successit</span> <span class='ocrx_word' id='word_1_281' title='bbox 2881 2770 3159 2824; x_wconf 85' lang='lat' dir='ltr'>Camanus</span> 
     </span>
    </p>
   </div>
   <div class='ocr_carea' id='block_1_27' title="bbox 99 2858 3079 2937">
    <p class='ocr_par' dir='ltr' id='par_1_27' title="bbox 99 2858 3079 2937">
     <span class='ocr_line' id='line_1_27' title="bbox 99 2858 3079 2937; baseline -0.002 -19"><span class='ocrx_word' id='word_1_282' title='bbox 99 2864 277 2919; x_wconf 89' lang='lat' dir='ltr'>Sancta</span> <span class='ocrx_word' id='word_1_283' title='bbox 296 2869 626 2919; x_wconf 88' lang='lat' dir='ltr'>sanctorum</span> <span class='ocrx_word' id='word_1_284' title='bbox 651 2883 822 2937; x_wconf 88' lang='lat' dir='ltr'>opera</span> <span class='ocrx_word' id='word_1_285' title='bbox 1183 2868 1352 2931; x_wconf 82' lang='lat' dir='ltr'>Quos.</span> <span class='ocrx_word' id='word_1_286' title='bbox 2307 2858 2402 2913; x_wconf 86' lang='lat' dir='ltr'>Vir</span> <span class='ocrx_word' id='word_1_287' title='bbox 2421 2858 2767 2913; x_wconf 88' lang='lat' dir='ltr'>admirabilis</span> <span class='ocrx_word' id='word_1_288' title='bbox 2796 2858 3079 2914; x_wconf 89' lang='lat' dir='ltr'>omnibus.</span> 
     </span>
    </p>
   </div>
   <div class='ocr_carea' id='block_1_28' title="bbox 45 2947 3228 3025">
    <p class='ocr_par' dir='ltr' id='par_1_28' title="bbox 45 2947 3228 3025">
     <span class='ocr_line' id='line_1_28' title="bbox 45 2947 3228 3025; baseline -0.002 -17"><span class='ocrx_word' id='word_1_289' title='bbox 45 2956 258 3020; x_wconf 83' lang='lat' dir='ltr'>Patrum,</span> <span class='ocrx_word' id='word_1_290' title='bbox 284 2955 510 3025; x_wconf 84' lang='lat' dir='ltr'>fratres,</span> <span class='ocrx_word' id='word_1_291' title='bbox 541 2955 844 3011; x_wconf 78' lang='lat' dir='ltr'>fartissima</span> <span class='ocrx_word' id='word_1_292' title='bbox 1256 2957 1487 3011; x_wconf 88' lang='lat' dir='ltr'>Gratum</span> <span class='ocrx_word' id='word_1_293' title='bbox 1515 2952 1649 3009; x_wconf 90' lang='lat' dir='ltr'>fecit</span> <span class='ocrx_word' id='word_1_294' title='bbox 1677 2952 2073 3018; x_wconf 87' lang='lat' dir='ltr'>Fintenanum,</span> <span class='ocrx_word' id='word_1_295' title='bbox 2309 2947 2528 3002; x_wconf 86' lang='lat' dir='ltr'>Christo</span> <span class='ocrx_word' id='word_1_296' title='bbox 2548 2964 2700 3002; x_wconf 92' lang='lat' dir='ltr'>nunc</span> <span class='ocrx_word' id='word_1_297' title='bbox 2727 2948 2882 3003; x_wconf 87' lang='lat' dir='ltr'>sedet</span> <span class='ocrx_word' id='word_1_298' title='bbox 2909 2964 3228 3019; x_wconf 88' lang='lat' dir='ltr'>supremus,</span> 
     </span>
    </p>
   </div>
   <div class='ocr_carea' id='block_1_29' title="bbox 47 3037 3225 3115">
    <p class='ocr_par' dir='ltr' id='par_1_29' title="bbox 47 3037 3225 3115">
     <span class='ocr_line' id='line_1_29' title="bbox 47 3037 3225 3115; baseline -0.002 -18"><span class='ocrx_word' id='word_1_299' title='bbox 47 3044 385 3099; x_wconf 88' lang='lat' dir='ltr'>Benchorensi</span> <span class='ocrx_word' id='word_1_300' title='bbox 407 3044 470 3099; x_wconf 91' lang='lat' dir='ltr'>in</span> <span class='ocrx_word' id='word_1_301' title='bbox 497 3045 711 3115; x_wconf 84' lang='lat' dir='ltr'>optima</span> <span class='ocrx_word' id='word_1_302' title='bbox 1184 3045 1477 3114; x_wconf 81' lang='lat' dir='ltr'>Heredem,</span> <span class='ocrx_word' id='word_1_303' title='bbox 1511 3043 1747 3110; x_wconf 91' lang='lat' dir='ltr'>almum,</span> <span class='ocrx_word' id='word_1_304' title='bbox 1788 3042 2084 3112; x_wconf 83' lang='lat' dir='ltr'>inclytum,</span> <span class='ocrx_word' id='word_1_305' title='bbox 2308 3039 2558 3108; x_wconf 89' lang='lat' dir='ltr'>Hymnos</span> <span class='ocrx_word' id='word_1_306' title='bbox 2583 3053 2789 3092; x_wconf 88' lang='lat' dir='ltr'>canens</span> <span class='ocrx_word' id='word_1_307' title='bbox 2814 3037 3225 3108; x_wconf 88' lang='lat' dir='ltr'>quindecimus,</span> 
     </span>
    </p>
   </div>
   <div class='ocr_carea' id='block_1_30' title="bbox 48 3128 3098 3202">
    <p class='ocr_par' dir='ltr' id='par_1_30' title="bbox 48 3128 3098 3202">
     <span class='ocr_line' id='line_1_30' title="bbox 48 3128 3098 3202; baseline -0.001 -16"><span class='ocrx_word' id='word_1_308' title='bbox 48 3134 395 3189; x_wconf 83' lang='lat' dir='ltr'>Fundatorum</span> <span class='ocrx_word' id='word_1_309' title='bbox 425 3135 687 3202; x_wconf 86' lang='lat' dir='ltr'>Ecclesia,</span> <span class='ocrx_word' id='word_1_310' title='bbox 1186 3133 1484 3189; x_wconf 87' lang='lat' dir='ltr'>lllustravit</span> <span class='ocrx_word' id='word_1_311' title='bbox 1507 3131 1949 3201; x_wconf 86' lang='lat' dir='ltr'>Machlaisreum,</span> <span class='ocrx_word' id='word_1_312' title='bbox 2309 3129 2458 3183; x_wconf 88' lang='lat' dir='ltr'>Zoen</span> <span class='ocrx_word' id='word_1_313' title='bbox 2485 3130 2550 3181; x_wconf 91' lang='lat' dir='ltr'>ut</span> <span class='ocrx_word' id='word_1_314' title='bbox 2574 3132 2764 3198; x_wconf 89' lang='lat' dir='ltr'>carpat</span> <span class='ocrx_word' id='word_1_315' title='bbox 2783 3128 3098 3197; x_wconf 91' lang='lat' dir='ltr'>Cronanus,</span> 
     </span>
    </p>
   </div>
   <div class='ocr_carea' id='block_1_31' title="bbox 48 3216 3074 3294">
    <p class='ocr_par' dir='ltr' id='par_1_31' title="bbox 48 3216 3074 3294">
     <span class='ocr_line' id='line_1_31' title="bbox 48 3216 3074 3294; baseline -0.001 -19"><span class='ocrx_word' id='word_1_316' title='bbox 48 3222 295 3277; x_wconf 80' lang='lat' dir='ltr'>Abbatum</span> <span class='ocrx_word' id='word_1_317' title='bbox 320 3223 632 3279; x_wconf 85' lang='lat' dir='ltr'>eminentia</span> <span class='ocrx_word' id='word_1_318' title='bbox 1189 3226 1369 3294; x_wconf 84' lang='lat' dir='ltr'>Kaput</span> <span class='ocrx_word' id='word_1_319' title='bbox 1392 3223 1667 3277; x_wconf 86' lang='lat' dir='ltr'>abbatum</span> <span class='ocrx_word' id='word_1_320' title='bbox 1697 3221 1974 3290; x_wconf 90' lang='lat' dir='ltr'>omnium,</span> <span class='ocrx_word' id='word_1_321' title='bbox 2308 3219 2610 3274; x_wconf 89' lang='lat' dir='ltr'>Conservet</span> <span class='ocrx_word' id='word_1_322' title='bbox 2633 3233 2765 3273; x_wconf 91' lang='lat' dir='ltr'>eum</span> <span class='ocrx_word' id='word_1_323' title='bbox 2786 3216 3074 3272; x_wconf 91' lang='lat' dir='ltr'>Dominus.</span> 
     </span>
    </p>
   </div>
   <div class='ocr_carea' id='block_1_32' title="bbox 49 3308 2475 3384">
    <p class='ocr_par' dir='ltr' id='par_1_32' title="bbox 49 3308 2475 3384">
     <span class='ocr_line' id='line_1_32' title="bbox 49 3308 2475 3384; baseline -0.001 -20"><span class='ocrx_word' id='word_1_324' title='bbox 49 3311 347 3382; x_wconf 73' lang='lat' dir='ltr'>Numerum,</span> <span class='ocrx_word' id='word_1_325' title='bbox 379 3318 660 3384; x_wconf 89' lang='lat' dir='ltr'>tempora,</span> <span class='ocrx_word' id='word_1_326' title='bbox 688 3313 938 3371; x_wconf 89' lang='lat' dir='ltr'>nomina.</span> <span class='ocrx_word' id='word_1_327' title='bbox 1185 3312 1464 3383; x_wconf 86' lang='lat' dir='ltr'>Lampade</span> <span class='ocrx_word' id='word_1_328' title='bbox 1492 3328 1647 3366; x_wconf 89' lang='lat' dir='ltr'>sacra</span> <span class='ocrx_word' id='word_1_329' title='bbox 1671 3312 1956 3383; x_wconf 88' lang='lat' dir='ltr'>Seganum</span> <span class='ocrx_word' id='word_1_330' title='bbox 2308 3308 2475 3372; x_wconf 85' lang='lat' dir='ltr'>Quos.</span> 
     </span>
    </p>
   </div>
   <div class='ocr_carea' id='block_1_33' title="bbox 47 3400 2112 3474">
    <p class='ocr_par' dir='ltr' id='par_1_33' title="bbox 47 3400 2112 3474">
     <span class='ocr_line' id='line_1_33' title="bbox 47 3400 2112 3474; baseline 0 -20"><span class='ocrx_word' id='word_1_331' title='bbox 47 3400 151 3456; x_wconf 87' lang='lat' dir='ltr'>Sine</span> <span class='ocrx_word' id='word_1_332' title='bbox 174 3401 278 3457; x_wconf 86' lang='lat' dir='ltr'>fine</span> <span class='ocrx_word' id='word_1_333' title='bbox 303 3402 600 3474; x_wconf 78' lang='lat' dir='ltr'>fulgentia,</span> <span class='ocrx_word' id='word_1_334' title='bbox 1188 3404 1451 3473; x_wconf 85' lang='lat' dir='ltr'>Magnum</span> <span class='ocrx_word' id='word_1_335' title='bbox 1477 3402 1781 3473; x_wconf 79' lang='lat' dir='ltr'>Scripturae</span> <span class='ocrx_word' id='word_1_336' title='bbox 1805 3401 2112 3457; x_wconf 88' lang='lat' dir='ltr'>medicum.</span> 
     </span>
    </p>
   </div>
   <div class='ocr_carea' id='block_1_34' title="bbox 46 3490 3182 3564">
    <p class='ocr_par' dir='ltr' id='par_1_34' title="bbox 46 3490 3182 3564">
     <span class='ocr_line' id='line_1_34' title="bbox 46 3490 3182 3564; baseline 0.002 -21"><span class='ocrx_word' id='word_1_337' title='bbox 46 3490 215 3546; x_wconf 81' lang='lat' dir='ltr'>Audite</span> <span class='ocrx_word' id='word_1_338' title='bbox 241 3508 444 3564; x_wconf 88' lang='lat' dir='ltr'>magna</span> <span class='ocrx_word' id='word_1_339' title='bbox 470 3493 693 3561; x_wconf 81' lang='lat' dir='ltr'>merita,</span> <span class='ocrx_word' id='word_1_340' title='bbox 1187 3494 1353 3557; x_wconf 86' lang='lat' dir='ltr'>Quos.</span> <span class='ocrx_word' id='word_1_341' title='bbox 2387 3493 2602 3546; x_wconf 89' lang='lat' dir='ltr'>Horum</span> <span class='ocrx_word' id='word_1_342' title='bbox 2627 3495 2950 3547; x_wconf 89' lang='lat' dir='ltr'>sanctorum</span> <span class='ocrx_word' id='word_1_343' title='bbox 2978 3492 3182 3548; x_wconf 87' lang='lat' dir='ltr'>merita</span> 
     </span>
    </p>
   </div>
   <div class='ocr_carea' id='block_1_35' title="bbox 45 3578 2940 3645">
    <p class='ocr_par' dir='ltr' id='par_1_35' title="bbox 45 3578 2940 3645">
     <span class='ocr_line' id='line_1_35' title="bbox 45 3578 2940 3645; baseline 0.001 -14"><span class='ocrx_word' id='word_1_344' title='bbox 45 3578 168 3640; x_wconf 88' lang='lat' dir='ltr'>Quos</span> <span class='ocrx_word' id='word_1_345' title='bbox 195 3582 509 3636; x_wconf 83' lang='lat' dir='ltr'>convocavit</span> <span class='ocrx_word' id='word_1_346' title='bbox 530 3582 802 3638; x_wconf 89' lang='lat' dir='ltr'>Dominus</span> <span class='ocrx_word' id='word_1_347' title='bbox 1189 3584 1362 3637; x_wconf 78' lang='lat' dir='ltr'>Notus</span> <span class='ocrx_word' id='word_1_348' title='bbox 1387 3580 1474 3635; x_wconf 90' lang='lat' dir='ltr'>vir</span> <span class='ocrx_word' id='word_1_349' title='bbox 1502 3583 1622 3636; x_wconf 87' lang='lat' dir='ltr'>erat</span> <span class='ocrx_word' id='word_1_350' title='bbox 1649 3581 1948 3645; x_wconf 87' lang='lat' dir='ltr'>Beracnus,</span> <span class='ocrx_word' id='word_1_351' title='bbox 2315 3581 2597 3636; x_wconf 87' lang='lat' dir='ltr'>Abbatum</span> <span class='ocrx_word' id='word_1_352' title='bbox 2619 3581 2940 3636; x_wconf 86' lang='lat' dir='ltr'>ﬁdelissima</span> 
     </span>
    </p>
   </div>
   <div class='ocr_carea' id='block_1_36' title="bbox 49 3667 3103 3743">
    <p class='ocr_par' dir='ltr' id='par_1_36' title="bbox 49 3667 3103 3743">
     <span class='ocr_line' id='line_1_36' title="bbox 49 3667 3103 3743; baseline 0.002 -23"><span class='ocrx_word' id='word_1_353' title='bbox 49 3667 292 3723; x_wconf 77' lang='lat' dir='ltr'>Coelorum</span> <span class='ocrx_word' id='word_1_354' title='bbox 315 3672 479 3743; x_wconf 86' lang='lat' dir='ltr'>regni</span> <span class='ocrx_word' id='word_1_355' title='bbox 509 3673 752 3727; x_wconf 88' lang='lat' dir='ltr'>sedibus.</span> <span class='ocrx_word' id='word_1_356' title='bbox 1190 3674 1432 3727; x_wconf 89' lang='lat' dir='ltr'>Ornatus</span> <span class='ocrx_word' id='word_1_357' title='bbox 1456 3674 1512 3726; x_wconf 90' lang='lat' dir='ltr'>et</span> <span class='ocrx_word' id='word_1_358' title='bbox 1533 3672 1877 3736; x_wconf 88' lang='lat' dir='ltr'>Cumnenus,</span> <span class='ocrx_word' id='word_1_359' title='bbox 2315 3671 2462 3740; x_wconf 90' lang='lat' dir='ltr'>Erga</span> <span class='ocrx_word' id='word_1_360' title='bbox 2483 3669 2826 3742; x_wconf 88' lang='lat' dir='ltr'>Comgillum</span> <span class='ocrx_word' id='word_1_361' title='bbox 2854 3687 3103 3742; x_wconf 88' lang='lat' dir='ltr'>congrua</span> 
     </span>
    </p>
   </div>
   <div class='ocr_carea' id='block_1_37' title="bbox 102 3758 2953 3833">
    <p class='ocr_par' dir='ltr' id='par_1_37' title="bbox 102 3758 2953 3833">
     <span class='ocr_line' id='line_1_37' title="bbox 102 3758 2953 3833; baseline 0.001 -22"><span class='ocrx_word' id='word_1_362' title='bbox 102 3758 304 3812; x_wconf 82' lang='lat' dir='ltr'>Amavit</span> <span class='ocrx_word' id='word_1_363' title='bbox 324 3761 579 3815; x_wconf 87' lang='lat' dir='ltr'>Christus</span> <span class='ocrx_word' id='word_1_364' title='bbox 605 3763 942 3833; x_wconf 90' lang='lat' dir='ltr'>Comgillum</span> <span class='ocrx_word' id='word_1_365' title='bbox 1188 3765 1379 3817; x_wconf 89' lang='lat' dir='ltr'>Pastor</span> <span class='ocrx_word' id='word_1_366' title='bbox 1404 3761 1676 3816; x_wconf 88' lang='lat' dir='ltr'>Columba</span> <span class='ocrx_word' id='word_1_367' title='bbox 1703 3775 2006 3831; x_wconf 88' lang='lat' dir='ltr'>congruus,</span> <span class='ocrx_word' id='word_1_368' title='bbox 2315 3760 2642 3813; x_wconf 89' lang='lat' dir='ltr'>lnvocamus</span> <span class='ocrx_word' id='word_1_369' title='bbox 2664 3758 2953 3827; x_wconf 86' lang='lat' dir='ltr'>altissima,</span> 
     </span>
    </p>
   </div>
   <div class='ocr_carea' id='block_1_38' title="bbox 52 3847 2921 3922">
    <p class='ocr_par' dir='ltr' id='par_1_38' title="bbox 52 3847 2921 3922">
     <span class='ocr_line' id='line_1_38' title="bbox 52 3847 2921 3922; baseline 0.001 -22"><span class='ocrx_word' id='word_1_370' title='bbox 52 3847 171 3903; x_wconf 89' lang='lat' dir='ltr'>Bene</span> <span class='ocrx_word' id='word_1_371' title='bbox 195 3853 246 3902; x_wconf 90' lang='lat' dir='ltr'>et</span> <span class='ocrx_word' id='word_1_372' title='bbox 270 3849 384 3920; x_wconf 91' lang='lat' dir='ltr'>ipse</span> <span class='ocrx_word' id='word_1_373' title='bbox 415 3850 746 3920; x_wconf 88' lang='lat' dir='ltr'>Dominum,</span> <span class='ocrx_word' id='word_1_374' title='bbox 1190 3851 1428 3915; x_wconf 89' lang='lat' dir='ltr'>Querela</span> <span class='ocrx_word' id='word_1_375' title='bbox 1453 3849 1664 3922; x_wconf 88' lang='lat' dir='ltr'>absque</span> <span class='ocrx_word' id='word_1_376' title='bbox 1684 3849 1952 3917; x_wconf 87' lang='lat' dir='ltr'>Aidanus,</span> <span class='ocrx_word' id='word_1_377' title='bbox 2314 3847 2400 3903; x_wconf 85' lang='lat' dir='ltr'>Uti</span> <span class='ocrx_word' id='word_1_378' title='bbox 2427 3847 2705 3919; x_wconf 89' lang='lat' dir='ltr'>possimus</span> <span class='ocrx_word' id='word_1_379' title='bbox 2729 3848 2921 3903; x_wconf 88' lang='lat' dir='ltr'>omnia</span> 
     </span>
    </p>
   </div>
   <div class='ocr_carea' id='block_1_39' title="bbox 46 3936 2984 4011">
    <p class='ocr_par' dir='ltr' id='par_1_39' title="bbox 46 3936 2984 4011">
     <span class='ocr_line' id='line_1_39' title="bbox 46 3936 2984 4011; baseline 0.002 -24"><span class='ocrx_word' id='word_1_380' title='bbox 46 3936 221 3991; x_wconf 87' lang='lat' dir='ltr'>Carum</span> <span class='ocrx_word' id='word_1_381' title='bbox 247 3940 445 3994; x_wconf 87' lang='lat' dir='ltr'>habuit</span> <span class='ocrx_word' id='word_1_382' title='bbox 479 3940 830 4011; x_wconf 86' lang='lat' dir='ltr'>Beognoum,</span> <span class='ocrx_word' id='word_1_383' title='bbox 1189 3941 1389 3994; x_wconf 85' lang='lat' dir='ltr'>Rector</span> <span class='ocrx_word' id='word_1_384' title='bbox 1412 3938 1594 3993; x_wconf 90' lang='lat' dir='ltr'>bonus</span> <span class='ocrx_word' id='word_1_385' title='bbox 1620 3939 1977 4009; x_wconf 89' lang='lat' dir='ltr'>Bautherius,</span> <span class='ocrx_word' id='word_1_386' title='bbox 2315 3939 2511 3992; x_wconf 86' lang='lat' dir='ltr'>Nostra</span> <span class='ocrx_word' id='word_1_387' title='bbox 2537 3938 2722 3994; x_wconf 89' lang='lat' dir='ltr'>delere</span> <span class='ocrx_word' id='word_1_388' title='bbox 2747 3938 2984 3993; x_wconf 91' lang='lat' dir='ltr'>crimina</span> 
     </span>
    </p>
   </div>
   <div class='ocr_carea' id='block_1_40' title="bbox 50 4025 3175 4084">
    <p class='ocr_par' dir='ltr' id='par_1_40' title="bbox 50 4025 3175 4084">
     <span class='ocr_line' id='line_1_40' title="bbox 50 4025 3175 4084; baseline 0.002 -7"><span class='ocrx_word' id='word_1_389' title='bbox 50 4025 296 4082; x_wconf 85' lang='lat' dir='ltr'>Domuum</span> <span class='ocrx_word' id='word_1_390' title='bbox 321 4029 542 4084; x_wconf 89' lang='lat' dir='ltr'>ornavit</span> <span class='ocrx_word' id='word_1_391' title='bbox 564 4030 822 4084; x_wconf 66' lang='lat' dir='ltr'>:Edeum.</span> <span class='ocrx_word' id='word_1_392' title='bbox 1190 4028 1458 4083; x_wconf 89' lang='lat' dir='ltr'>Summus</span> <span class='ocrx_word' id='word_1_393' title='bbox 1482 4028 1712 4084; x_wconf 86' lang='lat' dir='ltr'>antistes</span> <span class='ocrx_word' id='word_1_394' title='bbox 1740 4029 2048 4084; x_wconf 90' lang='lat' dir='ltr'>Cronanus.</span> <span class='ocrx_word' id='word_1_395' title='bbox 2314 4030 2420 4083; x_wconf 92' lang='lat' dir='ltr'>Per</span> <span class='ocrx_word' id='word_1_396' title='bbox 2443 4030 2635 4084; x_wconf 88' lang='lat' dir='ltr'>Jesum</span> <span class='ocrx_word' id='word_1_397' title='bbox 2654 4028 2938 4084; x_wconf 87' lang='lat' dir='ltr'>Christum</span> <span class='ocrx_word' id='word_1_398' title='bbox 2965 4032 3175 4084; x_wconf 80' lang='lat' dir='ltr'>aeterna</span> 
     </span>
    </p>
   </div>
   <div class='ocr_carea' id='block_1_41' title="bbox 49 4115 3002 4190">
    <p class='ocr_par' dir='ltr' id='par_1_41' title="bbox 49 4115 3002 4190">
     <span class='ocr_line' id='line_1_41' title="bbox 49 4115 3002 4190; baseline 0.002 -23"><span class='ocrx_word' id='word_1_399' title='bbox 49 4115 204 4188; x_wconf 85' lang='lat' dir='ltr'>Elegit</span> <span class='ocrx_word' id='word_1_400' title='bbox 229 4124 486 4176; x_wconf 88' lang='lat' dir='ltr'>sanctum</span> <span class='ocrx_word' id='word_1_401' title='bbox 511 4119 830 4175; x_wconf 88' lang='lat' dir='ltr'>Simlanum</span> <span class='ocrx_word' id='word_1_402' title='bbox 1189 4119 1358 4183; x_wconf 87' lang='lat' dir='ltr'>Quos.</span> <span class='ocrx_word' id='word_1_403' title='bbox 2316 4119 2672 4190; x_wconf 78' lang='lat' dir='ltr'>Regnantem</span> <span class='ocrx_word' id='word_1_404' title='bbox 2696 4119 2756 4174; x_wconf 90' lang='lat' dir='ltr'>in</span> <span class='ocrx_word' id='word_1_405' title='bbox 2782 4118 3002 4174; x_wconf 80' lang='lat' dir='ltr'>saecula.</span> 
     </span>
    </p>
   </div>
   <div class='ocr_carea' id='block_1_42' title="bbox 1435 4471 1990 4600">
    <p class='ocr_par' dir='ltr' id='par_1_42' title="bbox 1435 4471 1990 4600">
     <span class='ocr_line' id='line_1_42' title="bbox 1435 4471 1990 4600; baseline 0.002 0"><span class='ocrx_word' id='word_1_406' title='bbox 1435 4471 1990 4600; x_wconf 83' lang='lat' dir='ltr'>ORIGO</span> 
     </span>
    </p>
   </div>
   <div class='ocr_carea' id='block_1_43' title="bbox 464 4671 2965 4765">
    <p class='ocr_par' dir='ltr' id='par_1_43' title="bbox 464 4671 2965 4765">
     <span class='ocr_line' id='line_1_43' title="bbox 464 4671 2965 4765; baseline -0.002 -15"><span class='ocrx_word' id='word_1_407' title='bbox 464 4673 977 4750; x_wconf 85' lang='lat' dir='ltr'>CANTUUM</span> <span class='ocrx_word' id='word_1_408' title='bbox 1062 4674 1200 4746; x_wconf 88' lang='lat' dir='ltr'>ET</span> <span class='ocrx_word' id='word_1_409' title='bbox 1284 4673 1787 4748; x_wconf 82' lang='lat' dir='ltr'>CURSUUM</span> <span class='ocrx_word' id='word_1_410' title='bbox 1867 4671 2919 4748; x_wconf 83' lang='lat' dir='ltr'>ECCLESIASTICOBUM</span> <span class='ocrx_word' id='word_1_411' title='bbox 2941 4724 2965 4765; x_wconf 87' lang='lat'>,</span> 
     </span>
    </p>
   </div>
   <div class='ocr_carea' id='block_1_44' title="bbox 1073 4812 2238 4881">
    <p class='ocr_par' dir='ltr' id='par_1_44' title="bbox 1073 4812 2238 4881">
     <span class='ocr_line' id='line_1_44' title="bbox 1073 4812 2238 4881; baseline -0.003 0"><span class='ocrx_word' id='word_1_412' title='bbox 1073 4852 1078 4858; x_wconf 87' lang='grc'><strong>·</strong></span> <span class='ocrx_word' id='word_1_413' title='bbox 1175 4815 1279 4880; x_wconf 88' lang='lat' dir='ltr'>EX</span> <span class='ocrx_word' id='word_1_414' title='bbox 1323 4815 1598 4881; x_wconf 88' lang='lat' dir='ltr'>CODICE</span> <span class='ocrx_word' id='word_1_415' title='bbox 1638 4812 2238 4880; x_wconf 86' lang='lat' dir='ltr'>VETUSTISSIMO.</span> 
     </span>
    </p>
   </div>
   <div class='ocr_carea' id='block_1_45' title="bbox 1054 4943 2358 5028">
    <p class='ocr_par' dir='ltr' id='par_1_45' title="bbox 1054 4943 2358 5028">
     <span class='ocr_line' id='line_1_45' title="bbox 1054 4943 2358 5028; baseline -0.003 -18"><span class='ocrx_word' id='word_1_416' title='bbox 1054 4945 1419 5027; x_wconf 81' lang='lat' dir='ltr'>(Spelman.</span> <span class='ocrx_word' id='word_1_417' title='bbox 1472 4945 1720 5012; x_wconf 81' lang='lat' dir='ltr'>Concz&#39;l.</span> <span class='ocrx_word' id='word_1_418' title='bbox 1766 4943 2023 5028; x_wconf 78' lang='lat' dir='ltr'>Anglic.</span> <span class='ocrx_word' id='word_1_419' title='bbox 2072 4951 2226 5008; x_wconf 82' lang='lat' dir='ltr'>tom.</span> <span class='ocrx_word' id='word_1_420' title='bbox 2274 4943 2358 5025; x_wconf 88' lang='grc' dir='ltr'>Ι.)</span> 
     </span>
    </p>
   </div>
   <div class='ocr_carea' id='block_1_46' title="bbox 109 5176 3390 5268">
    <p class='ocr_par' dir='ltr' id='par_1_46' title="bbox 109 5176 3390 5268">
     <span class='ocr_line' id='line_1_46' title="bbox 109 5176 3390 5268; baseline 0.001 -38"><span class='ocrx_word' id='word_1_421' title='bbox 109 5177 154 5231; x_wconf 92' lang='lat' dir='ltr'>Si</span> <span class='ocrx_word' id='word_1_422' title='bbox 192 5180 378 5236; x_wconf 89' lang='lat' dir='ltr'>sedulo</span> <span class='ocrx_word' id='word_1_423' title='bbox 423 5180 788 5254; x_wconf 89' lang='lat' dir='ltr'>inspiciamus</span> <span class='ocrx_word' id='word_1_424' title='bbox 832 5197 1031 5237; x_wconf 91' lang='lat' dir='ltr'>cursus</span> <span class='ocrx_word' id='word_1_425' title='bbox 1070 5184 1346 5252; x_wconf 90' lang='lat' dir='ltr'>auctores,</span> <span class='ocrx_word' id='word_1_426' title='bbox 1390 5181 1451 5236; x_wconf 91' lang='lat' dir='ltr'>in</span> <span class='ocrx_word' id='word_1_427' title='bbox 1488 5197 1653 5237; x_wconf 77' lang='lat' dir='ltr'>exor-</span> <span class='ocrx_word' id='word_1_428' title='bbox 1679 5194 1735 5268; x_wconf 65' lang='grc' dir='ltr'><strong>ρ</strong></span> <span class='ocrx_word' id='word_1_429' title='bbox 1831 5181 1964 5238; x_wconf 91' lang='lat' dir='ltr'>Inde</span> <span class='ocrx_word' id='word_1_430' title='bbox 1985 5184 2184 5254; x_wconf 90' lang='lat' dir='ltr'>postea</span> <span class='ocrx_word' id='word_1_431' title='bbox 2209 5180 2482 5238; x_wconf 88' lang='lat' dir='ltr'>relatione</span> <span class='ocrx_word' id='word_1_432' title='bbox 2509 5180 2659 5238; x_wconf 87' lang='lat' dir='ltr'>beati</span> <span class='ocrx_word' id='word_1_433' title='bbox 2683 5178 2908 5236; x_wconf 90' lang='lat' dir='ltr'>Photini</span> <span class='ocrx_word' id='word_1_434' title='bbox 2944 5176 3228 5250; x_wconf 83' lang='lat' dir='ltr'>martyris,</span> <span class='ocrx_word' id='word_1_435' title='bbox 3258 5192 3390 5234; x_wconf 89' lang='lat' dir='ltr'>cum</span> 
     </span>
    </p>
   </div>
   <div class='ocr_carea' id='block_1_47' title="bbox 54 5268 3388 5351">
    <p class='ocr_par' dir='ltr' id='par_1_47' title="bbox 54 5268 3388 5351">
     <span class='ocr_line' id='line_1_47' title="bbox 54 5268 3388 5351; baseline 0.001 -29"><span class='ocrx_word' id='word_1_436' title='bbox 54 5268 188 5326; x_wconf 89' lang='lat' dir='ltr'>dium</span> <span class='ocrx_word' id='word_1_437' title='bbox 213 5275 524 5346; x_wconf 89' lang='lat' dir='ltr'>reperimus</span> <span class='ocrx_word' id='word_1_438' title='bbox 551 5277 915 5332; x_wconf 89' lang='lat' dir='ltr'>decantatum</span> <span class='ocrx_word' id='word_1_439' title='bbox 943 5276 1136 5345; x_wconf 90' lang='lat' dir='ltr'>fuisse,</span> <span class='ocrx_word' id='word_1_440' title='bbox 1164 5292 1284 5331; x_wconf 90' lang='lat' dir='ltr'>non</span> <span class='ocrx_word' id='word_1_441' title='bbox 1311 5275 1454 5330; x_wconf 86' lang='lat' dir='ltr'>sicut</span> <span class='ocrx_word' id='word_1_442' title='bbox 1482 5275 1658 5348; x_wconf 84' lang='lat' dir='ltr'>aliqui</span> <span class='ocrx_word' id='word_1_443' title='bbox 1760 5277 2136 5351; x_wconf 83' lang='lat' dir='ltr'>quadraginta</span> <span class='ocrx_word' id='word_1_444' title='bbox 2160 5281 2217 5333; x_wconf 90' lang='lat' dir='ltr'>et</span> <span class='ocrx_word' id='word_1_445' title='bbox 2241 5282 2366 5333; x_wconf 88' lang='lat' dir='ltr'>octo</span> <span class='ocrx_word' id='word_1_446' title='bbox 2403 5275 2765 5346; x_wconf 87' lang='lat' dir='ltr'>martyribus,</span> <span class='ocrx_word' id='word_1_447' title='bbox 2790 5273 2995 5330; x_wconf 90' lang='lat' dir='ltr'>retrusi</span> <span class='ocrx_word' id='word_1_448' title='bbox 3019 5270 3388 5345; x_wconf 88' lang='lat' dir='ltr'>ergastulum,</span> 
     </span>
    </p>
   </div>
   <div class='ocr_carea' id='block_1_48' title="bbox 53 5361 3392 5442">
    <p class='ocr_par' dir='ltr' id='par_1_48' title="bbox 53 5361 3392 5442">
     <span class='ocr_line' id='line_1_48' title="bbox 53 5361 3392 5442; baseline 0.002 -25"><span class='ocrx_word' id='word_1_449' title='bbox 53 5361 270 5435; x_wconf 87' lang='lat' dir='ltr'>imperiti</span> <span class='ocrx_word' id='word_1_450' title='bbox 315 5369 506 5440; x_wconf 89' lang='lat' dir='ltr'>fuisse,</span> <span class='ocrx_word' id='word_1_451' title='bbox 547 5370 632 5425; x_wconf 87' lang='lat' dir='ltr'>vel</span> <span class='ocrx_word' id='word_1_452' title='bbox 677 5370 828 5424; x_wconf 89' lang='lat' dir='ltr'>varie</span> <span class='ocrx_word' id='word_1_453' title='bbox 874 5369 1216 5442; x_wconf 84' lang='lat' dir='ltr'>objectiones</span> <span class='ocrx_word' id='word_1_454' title='bbox 1274 5369 1655 5442; x_wconf 86' lang='lat' dir='ltr'>pertulerunt,</span> <span class='ocrx_word' id='word_1_455' title='bbox 1760 5372 2028 5428; x_wconf 87' lang='lat' dir='ltr'>relatione</span> <span class='ocrx_word' id='word_1_456' title='bbox 2057 5371 2127 5427; x_wconf 92' lang='lat' dir='ltr'>ad</span> <span class='ocrx_word' id='word_1_457' title='bbox 2152 5371 2385 5426; x_wconf 89' lang='lat' dir='ltr'>beatum</span> <span class='ocrx_word' id='word_1_458' title='bbox 2421 5370 2771 5425; x_wconf 90' lang='lat' dir='ltr'>Clementem</span> <span class='ocrx_word' id='word_1_459' title='bbox 2813 5370 2876 5423; x_wconf 87' lang='lat' dir='ltr'>IV</span> <span class='ocrx_word' id='word_1_460' title='bbox 2914 5368 3024 5424; x_wconf 90' lang='lat' dir='ltr'>loci</span> <span class='ocrx_word' id='word_1_461' title='bbox 3061 5368 3392 5423; x_wconf 89' lang='lat' dir='ltr'>successoris</span> 
     </span>
    </p>
   </div>
   <div class='ocr_carea' id='block_1_49' title="bbox 54 5456 3389 5538">
    <p class='ocr_par' dir='ltr' id='par_1_49' title="bbox 54 5456 3389 5538">
     <span class='ocr_line' id='line_1_49' title="bbox 54 5456 3389 5538; baseline 0.002 -29"><span class='ocrx_word' id='word_1_462' title='bbox 54 5456 208 5514; x_wconf 80' lang='lat' dir='ltr'>adhuc</span> <span class='ocrx_word' id='word_1_463' title='bbox 231 5465 392 5520; x_wconf 91' lang='lat' dir='ltr'>multi</span> <span class='ocrx_word' id='word_1_464' title='bbox 414 5468 690 5520; x_wconf 88' lang='lat' dir='ltr'>conantur</span> <span class='ocrx_word' id='word_1_465' title='bbox 713 5465 856 5519; x_wconf 81' lang='lat' dir='ltr'>fore.</span> <span class='ocrx_word' id='word_1_466' title='bbox 1760 5467 1911 5523; x_wconf 87' lang='lat' dir='ltr'>Petri</span> <span class='ocrx_word' id='word_1_467' title='bbox 1936 5465 2175 5538; x_wconf 87' lang='lat' dir='ltr'>apostoli</span> <span class='ocrx_word' id='word_1_468' title='bbox 2201 5466 2667 5537; x_wconf 89' lang='lat' dir='ltr'>deportaverunt,</span> <span class='ocrx_word' id='word_1_469' title='bbox 2700 5466 2757 5517; x_wconf 89' lang='lat' dir='ltr'>et</span> <span class='ocrx_word' id='word_1_470' title='bbox 2793 5463 3023 5518; x_wconf 87' lang='lat' dir='ltr'>beatum</span> <span class='ocrx_word' id='word_1_471' title='bbox 3067 5462 3389 5517; x_wconf 89' lang='lat' dir='ltr'>lnerenium</span> 
     </span>
    </p>
   </div>
   <div class='ocr_carea' id='block_1_50' title="bbox 113 5552 3395 5635">
    <p class='ocr_par' dir='ltr' id='par_1_50' title="bbox 113 5552 3395 5635">
     <span class='ocr_line' id='line_1_50' title="bbox 113 5552 3395 5635; baseline 0 -27"><span class='ocrx_word' id='word_1_472' title='bbox 113 5552 294 5612; x_wconf 89' lang='lat' dir='ltr'>Beatus</span> <span class='ocrx_word' id='word_1_473' title='bbox 317 5559 605 5614; x_wconf 89' lang='lat' dir='ltr'>Trosimus</span> <span class='ocrx_word' id='word_1_474' title='bbox 633 5558 932 5630; x_wconf 92' lang='lat' dir='ltr'>episcopus</span> <span class='ocrx_word' id='word_1_475' title='bbox 957 5556 1317 5627; x_wconf 87' lang='lat' dir='ltr'>Arelatensis,</span> <span class='ocrx_word' id='word_1_476' title='bbox 1351 5559 1408 5612; x_wconf 89' lang='lat' dir='ltr'>et</span> <span class='ocrx_word' id='word_1_477' title='bbox 1435 5559 1660 5611; x_wconf 89' lang='lat' dir='ltr'>sanctus</span> <span class='ocrx_word' id='word_1_478' title='bbox 1760 5561 2090 5634; x_wconf 86' lang='lat' dir='ltr'>episcopum</span> <span class='ocrx_word' id='word_1_479' title='bbox 2130 5561 2326 5617; x_wconf 88' lang='lat' dir='ltr'>beatus</span> <span class='ocrx_word' id='word_1_480' title='bbox 2365 5559 2623 5614; x_wconf 90' lang='lat' dir='ltr'>Clemens</span> <span class='ocrx_word' id='word_1_481' title='bbox 2660 5555 2956 5611; x_wconf 88' lang='lat' dir='ltr'>ordinavit.</span> <span class='ocrx_word' id='word_1_482' title='bbox 3002 5558 3114 5635; x_wconf 80' lang='lat' dir='ltr'>Hoc</span> <span class='ocrx_word' id='word_1_483' title='bbox 3152 5557 3214 5612; x_wconf 88' lang='lat' dir='ltr'>in</span> <span class='ocrx_word' id='word_1_484' title='bbox 3250 5556 3395 5612; x_wconf 87' lang='lat' dir='ltr'>libro</span> 
     </span>
    </p>
   </div>
   <div class='ocr_carea' id='block_1_51' title="bbox 51 5650 3386 5734">
    <p class='ocr_par' dir='ltr' id='par_1_51' title="bbox 51 5650 3386 5734">
     <span class='ocr_line' id='line_1_51' title="bbox 51 5650 3386 5734; baseline 0.001 -30"><span class='ocrx_word' id='word_1_485' title='bbox 51 5652 290 5714; x_wconf 88' lang='lat' dir='ltr'>Photinus</span> <span class='ocrx_word' id='word_1_486' title='bbox 317 5667 533 5734; x_wconf 84' lang='lat' dir='ltr'>martyr</span> <span class='ocrx_word' id='word_1_487' title='bbox 557 5667 614 5718; x_wconf 90' lang='lat' dir='ltr'>et</span> <span class='ocrx_word' id='word_1_488' title='bbox 641 5661 939 5734; x_wconf 90' lang='lat' dir='ltr'>episcopus</span> <span class='ocrx_word' id='word_1_489' title='bbox 966 5659 1359 5732; x_wconf 89' lang='lat' dir='ltr'>Lugdunensis</span> <span class='ocrx_word' id='word_1_490' title='bbox 1407 5658 1658 5730; x_wconf 70' lang='lat' dir='ltr'>discipu~</span> <span class='ocrx_word' id='word_1_491' title='bbox 1763 5656 1940 5710; x_wconf 90' lang='lat' dir='ltr'>sancti</span> <span class='ocrx_word' id='word_1_492' title='bbox 1968 5656 2146 5728; x_wconf 91' lang='lat' dir='ltr'>ipsius</span> <span class='ocrx_word' id='word_1_493' title='bbox 2177 5653 2419 5710; x_wconf 89' lang='lat' dir='ltr'>Inerenii</span> <span class='ocrx_word' id='word_1_494' title='bbox 2445 5651 2696 5725; x_wconf 89' lang='lat' dir='ltr'>episcopi</span> <span class='ocrx_word' id='word_1_495' title='bbox 2720 5655 2777 5706; x_wconf 87' lang='lat' dir='ltr'>et</span> <span class='ocrx_word' id='word_1_496' title='bbox 2802 5650 3068 5721; x_wconf 88' lang='lat' dir='ltr'>martyris</span> <span class='ocrx_word' id='word_1_497' title='bbox 3118 5651 3386 5720; x_wconf 85' lang='lat' dir='ltr'>reperies.</span> 
     </span>
    </p>
   </div>
   <div class='ocr_carea' id='block_1_52' title="bbox 53 5742 3391 5828">
    <p class='ocr_par' dir='ltr' id='par_1_52' title="bbox 53 5742 3391 5828">
     <span class='ocr_line' id='line_1_52' title="bbox 53 5742 3391 5828; baseline 0 -32"><span class='ocrx_word' id='word_1_498' title='bbox 53 5745 123 5799; x_wconf 89' lang='lat' dir='ltr'>lus</span> <span class='ocrx_word' id='word_1_499' title='bbox 144 5754 307 5808; x_wconf 86' lang='lat' dir='ltr'>sancti</span> <span class='ocrx_word' id='word_1_500' title='bbox 334 5756 481 5812; x_wconf 82' lang='lat' dir='ltr'>Petri</span> <span class='ocrx_word' id='word_1_501' title='bbox 509 5757 771 5828; x_wconf 88' lang='lat' dir='ltr'>apostoli,</span> <span class='ocrx_word' id='word_1_502' title='bbox 802 5755 949 5811; x_wconf 89' lang='lat' dir='ltr'>sicut</span> <span class='ocrx_word' id='word_1_503' title='bbox 973 5760 1028 5811; x_wconf 88' lang='lat' dir='ltr'>et</span> <span class='ocrx_word' id='word_1_504' title='bbox 1055 5754 1229 5810; x_wconf 81' lang='lat' dir='ltr'>refert</span> <span class='ocrx_word' id='word_1_505' title='bbox 1276 5752 1554 5825; x_wconf 73' lang='lat' dir='ltr'>Iosephus</span> <span class='ocrx_word' id='word_1_506' title='bbox 1602 5755 1658 5807; x_wconf 91' lang='lat' dir='ltr'>et</span> <span class='ocrx_word' id='word_1_507' title='bbox 1760 5749 2002 5804; x_wconf 85' lang='lat' dir='ltr'>Edoctus</span> <span class='ocrx_word' id='word_1_508' title='bbox 2025 5767 2058 5803; x_wconf 90' lang='lat' dir='ltr'>a</span> <span class='ocrx_word' id='word_1_509' title='bbox 2084 5749 2248 5806; x_wconf 88' lang='lat' dir='ltr'>beato</span> <span class='ocrx_word' id='word_1_510' title='bbox 2268 5747 2574 5820; x_wconf 89' lang='lat' dir='ltr'>Polycarpo</span> <span class='ocrx_word' id='word_1_511' title='bbox 2590 5743 3039 5800; x_wconf 87' lang='lat' dir='ltr'>Hismerniorum</span> <span class='ocrx_word' id='word_1_512' title='bbox 3063 5742 3391 5815; x_wconf 88' lang='lat' dir='ltr'>episcopum</span> 
     </span>
    </p>
   </div>
   <div class='ocr_carea' id='block_1_53' title="bbox 57 5836 3386 5923">
    <p class='ocr_par' dir='ltr' id='par_1_53' title="bbox 57 5836 3386 5923">
     <span class='ocr_line' id='line_1_53' title="bbox 57 5836 3386 5923; baseline -0.001 -31"><span class='ocrx_word' id='word_1_513' title='bbox 57 5839 293 5902; x_wconf 80' lang='lat' dir='ltr'>Eusebius</span> <span class='ocrx_word' id='word_1_514' title='bbox 319 5850 671 5907; x_wconf 80' lang='lat' dir='ltr'>Caesariensis</span> <span class='ocrx_word' id='word_1_515' title='bbox 713 5851 1032 5923; x_wconf 89' lang='lat' dir='ltr'>episc0pus,</span> <span class='ocrx_word' id='word_1_516' title='bbox 1065 5864 1298 5910; x_wconf 86' lang='lat' dir='ltr'>cursum</span> <span class='ocrx_word' id='word_1_517' title='bbox 1337 5849 1659 5904; x_wconf 84' lang='lat' dir='ltr'>Romanum</span> <span class='ocrx_word' id='word_1_518' title='bbox 1763 5847 1820 5898; x_wconf 84' lang='lat' dir='ltr'>et</span> <span class='ocrx_word' id='word_1_519' title='bbox 1844 5847 2175 5916; x_wconf 88' lang='lat' dir='ltr'>martyrem,</span> <span class='ocrx_word' id='word_1_520' title='bbox 2206 5841 2306 5914; x_wconf 89' lang='lat' dir='ltr'>qui</span> <span class='ocrx_word' id='word_1_521' title='bbox 2332 5841 2440 5897; x_wconf 88' lang='lat' dir='ltr'>fuit</span> <span class='ocrx_word' id='word_1_522' title='bbox 2465 5840 2775 5912; x_wconf 90' lang='lat' dir='ltr'>discipulus</span> <span class='ocrx_word' id='word_1_523' title='bbox 2817 5837 3090 5895; x_wconf 87' lang='lat' dir='ltr'>Johannis</span> <span class='ocrx_word' id='word_1_524' title='bbox 3131 5836 3386 5908; x_wconf 90' lang='lat' dir='ltr'>apostoli,</span> 
     </span>
    </p>
   </div>
   <div class='ocr_carea' id='block_1_54' title="bbox 57 5936 706 6008">
    <p class='ocr_par' dir='ltr' id='par_1_54' title="bbox 57 5936 706 6008">
     <span class='ocr_line' id='line_1_54' title="bbox 57 5936 706 6008; baseline 0.02 -15"><span class='ocrx_word' id='word_1_525' title='bbox 57 5936 104 5994; x_wconf 82' lang='lat' dir='ltr'>in</span> <span class='ocrx_word' id='word_1_526' title='bbox 128 5943 312 6002; x_wconf 86' lang='lat' dir='ltr'>Galleis</span> <span class='ocrx_word' id='word_1_527' title='bbox 337 5949 706 6008; x_wconf 80' lang='lat' dir='ltr'>tradiderunt.</span> 
     </span>
    </p>
   </div>
  </div>
