2003 3119
279 200 331 232 807

278 260 351 287 sicut
369 260 456 288 refert
477 260 704 297 histoﬁograﬁus
729 261 865 296 Josephus
889 263 917 289 et
942 261 1095 290 Hiereneus
1105 266 1135 302 Α

280 307 404 343 episcopi
416 308 446 335 in
460 317 510 336 suo
520 309 601 335 libro.

313 355 454 382 Iohannes
475 355 646 390 evangelista
670 355 797 390 primum
819 363 933 382 cursum
949 355 1093 383 Gallorum

278 400 449 436 decantavit;
466 401 531 429 inde
544 404 640 437 postea
652 403 821 437 Polycarpus
837 402 992 437 discipulus
1006 403 1093 430 sancti

278 448 429 482 Johannis;
446 448 511 475 inde
525 451 620 484 postea
640 449 792 476 Hiereneus
805 449 854 485 qui
875 449 929 476 fuit
946 449 1094 485 episcopus

280 495 474 530 Lugdunensis
487 495 583 523 Gallei.
604 496 714 524 Tertius
735 496 795 532 ipse
808 497 903 532 ipsum
915 505 1031 524 cursum
1043 497 1092 524 de-

280 542 402 569 cantavit
413 542 443 568 in
457 542 567 569 Galleis.

315 588 381 615 Inde
396 588 648 624 modulationibus,
663 590 749 617 series
759 589 968 626 Scripturarum
982 591 1050 618 Novi
1063 600 1094 618 ac

279 635 385 662 Veteris
394 636 573 671 Testamenti,
585 637 759 664 diversorum
765 638 949 672 prudentium
967 638 1093 665 virorum

280 682 401 717 paginis,
417 691 475 710 non
488 690 523 710 ne
536 683 668 718 propriis,
680 683 728 710 sed
743 684 777 710 de
787 684 872 710 sacris
887 684 1039 719 Scripturis
1053 693 1094 712 re-

279 728 406 764 ciperent
423 728 608 766 [receperunt]
624 730 802 765 antiphonias
813 732 841 757 et
849 731 1093 766 responsoria,seu

279 784 374 809 sonus,
391 778 418 803 et
429 777 563 804 Alleluias
574 779 806 812 composuerunt,
822 779 849 805 et
861 786 912 813 per
930 778 1095 805 universum

280 822 377 849 orbem
397 824 548 857 terrarum,
562 824 630 850 ordo
646 831 744 851 cursus
764 826 814 851 est.
839 825 897 851 Non
922 824 994 851 sicut
1013 824 1095 851 multi

279 869 441 905 opinantur,
458 872 488 897 ut
501 870 656 897 Gallicanus
669 870 785 906 quidam
798 870 916 898 clericus
931 871 1017 898 Britto
1033 879 1093 898 mo-

279 916 422 943 dulatione
441 917 553 944 deditus
572 917 647 952 quod
664 917 757 952 ipsum
781 917 922 952 edidisset,
939 918 1013 953 quod
1036 926 1095 945 non

280 962 345 990 facit
358 963 433 998 quod
454 963 553 990 beatus
570 964 757 999 Hieronymus
769 964 926 999 presbyter,
942 964 1097 992 Germanus
1107 956 1135 992 Β

280 1011 308 1036 et
322 1009 414 1045 Lupus
427 1009 559 1046 episcopi,
575 1010 753 1045 Pelagianam
766 1010 910 1045 hzeresim,
934 1011 978 1038 vel
996 1011 1094 1038 Gallia-

279 1064 346 1082 nam
361 1056 433 1091 (qua;
446 1064 552 1084 nomen
566 1057 654 1092 ipsius
677 1057 817 1093 titulatur)
841 1066 876 1085 ex
897 1058 1048 1085 Britanniis
1069 1061 1097 1086 et

279 1102 390 1130 Scottiis
406 1104 557 1138 provinciis
574 1104 755 1140 expulerunt,
774 1105 847 1131 unde
869 1105 956 1132 alium
981 1113 1096 1132 cursum

279 1149 329 1184 qui
342 1150 445 1177 dicitur
458 1153 597 1186 praesente
614 1153 741 1187 tempore
755 1151 927 1185 Scottorum,
943 1159 998 1187 que
1065 1161 1096 1179 sa

279 1196 411 1232 opinione
418 1196 551 1232 jactatur,

315 1243 369 1270 Sed
381 1243 480 1270 beatus
493 1245 600 1271 Marcus
613 1245 793 1280 evangelista,
814 1245 887 1272 sicut
904 1246 991 1273 refert
1015 1247 1091 1273 Jose-

279 1289 354 1324 phus
364 1291 392 1317 et
405 1290 541 1318 Eusebius
553 1291 582 1318 in
594 1291 665 1318 libro
675 1300 711 1326 1v,
725 1293 813 1319 totam
822 1293 974 1327 [Egyptum
987 1293 1031 1319 vel
1046 1293 1096 1320 Ita-

279 1336 346 1363 liam
362 1336 456 1364 taliter
475 1338 710 1372 praedicaverunt,
726 1338 798 1365 sicut
821 1347 909 1366 unum
933 1340 1093 1373 Ecclesiam,

280 1384 313 1410 ut
329 1383 422 1410 omnis
436 1386 557 1417 sanctus,
571 1385 614 1412 vel
628 1385 720 1413 Gloria
734 1387 762 1412 in
777 1386 886 1413 cmcelsis
898 1388 961 1417 Deo,
975 1386 1019 1413 vel
1031 1394 1093 1413 ora-

279 1430 356 1458 tione
370 1431 527 1467 Dominica,
539 1435 568 1460 et
579 1434 664 1460 Amen
677 1433 801 1460 universi
816 1435 874 1461 tam
886 1433 938 1460 viri
952 1442 1036 1469 quam
1051 1435 1094 1462 fc-

279 1477 365 1505 minaa
380 1478 570 1506 decantarent.
583 1480 669 1507 Tanta
683 1480 738 1507 fuit
751 1488 800 1506 sua
815 1480 981 1516 praedicatio
1003 1481 1093 1516 unita,

279 1527 308 1553 et
321 1526 418 1560 postea
437 1526 621 1561 Evangelium
647 1535 682 1554 ex
704 1535 753 1554 ore
777 1527 850 1554 Petri
864 1527 983 1562 apostoli
997 1528 1093 1555 edidit.

316 1572 417 1599 Beatus
424 1572 611 1608 Hieronymus
624 1573 754 1601 adﬁrmat
768 1573 861 1609 ipsum
870 1582 984 1601 cursum
995 1574 1044 1610 qui
1055 1574 1096 1601 di-

278 1618 353 1645 citur
375 1621 513 1653 praesente
534 1622 663 1655 tempore
683 1620 850 1654 Scottorum,
870 1621 968 1648 beatus
988 1622 1095 1648 Marcus

280 1665 448 1700 decantavit,
466 1668 493 1693 et
517 1669 580 1702 post
603 1667 696 1702 ipsum
722 1667 872 1703 Gregorius
886 1668 1093 1703 Nanzenzenus,

280 1719 366 1747 quem
381 1712 567 1748 Hieronymus
588 1722 672 1741 suum
693 1714 861 1750 magistrum
877 1723 937 1742 esse
957 1714 1096 1742 adﬁrmat.

1106 1643 1133 1680 C

282 1758 316 1785 Et
328 1758 426 1786 beatus
444 1760 559 1787 Basilius
575 1760 662 1788 frater
680 1761 769 1797 ipsius
788 1761 876 1788 sancti
889 1762 1027 1797 Gregorii,
1039 1762 1094 1789 An-

279 1805 383 1839 tonius,
408 1807 519 1841 Paulus,
535 1807 701 1842 Macharius,
717 1808 759 1835 vel
776 1808 916 1835 Johannes
935 1811 963 1835 et
975 1808 1096 1836 Malchus

280 1853 435 1880 secundum
445 1854 574 1881 ordinem
587 1855 702 1882 Patrum
716 1855 943 1883 decantaverunt.

318 1899 382 1927 Inde
399 1902 494 1935 postea
508 1901 686 1929 beatissimus
704 1901 860 1935 Cassianus,
876 1902 925 1937 qui
950 1902 1096 1930 Livorense

282 1947 451 1974 monasterio
464 1948 579 1975 beatum
592 1948 747 1976 Honorium
761 1948 861 1976 habuit
878 1957 1050 1984 comparem.
1065 1950 1097 1977 Et

280 1995 343 2028 post
353 1993 446 2029 ipsum
468 1994 566 2022 beatus
591 1996 747 2023 Honoratus
760 1996 870 2032 primus
894 1996 979 2023 abbas
993 1999 1020 2023 et
1030 2004 1095 2023 san-

281 2042 341 2067 ctus
354 2040 489 2068 Caesarius
502 2042 650 2078 episcopus
662 2043 711 2078 qui
721 2043 775 2070 fuit
789 2043 819 2070 in
835 2042 946 2069 Arelata
960 2044 987 2069 et
999 2042 1096 2069 beatus

281 2087 425 2114 Porcarius
444 2088 529 2116 abbas
549 2089 597 2124 qui
610 2089 640 2116 in
653 2089 714 2125 ipso
732 2089 903 2116 monasterio
919 2089 983 2123 fuit,
999 2089 1095 2124 ipsum

281 2141 395 2160 cursum
407 2134 636 2170 decantaverunt,
648 2136 697 2171 qui
705 2136 821 2163 beatum
831 2136 938 2170 Lopum
947 2138 975 2163 et
980 2135 1095 2163 beatum

281 2179 452 2208 Germanum
474 2182 630 2209 monachus
643 2182 673 2209 in
692 2190 792 2209 eorum
809 2182 979 2209 monasterio
991 2182 1095 2210 habue-

281 2229 357 2254 runt.
373 2228 406 2254 Et
420 2228 474 2263 ipsi
482 2229 534 2256 sub
548 2237 680 2256 normam
692 2229 784 2264 reguli
799 2229 894 2264 ipsum
908 2236 1023 2255 cursum
1039 2229 1094 2256 ibi-

280 2273 345 2300 dem
360 2274 630 2309 decantaveruntfet
645 2276 742 2310 postea
754 2275 783 2302 in
798 2276 974 2311 episcopatus
997 2276 1093 2303 cathe-

674 206 839 233 APPENDIX
859 206 902 233 AD
920 206 1031 233 OPERA
1050 205 1166 233 SANCTI
1185 205 1335 233 GERMANI
1354 204 1568 233 PARISIENSIS.

1916 202 1969 232 608

1145 260 1195 287 dra
1210 260 1315 287 summi
1324 260 1448 295 honoris,
1463 268 1517 296 pro
1532 258 1689 289 reverentia
1703 257 1862 288 sanctitatis
1869 265 1971 286 eorum

1144 308 1209 334 sunt
1224 307 1329 342 adepti.

1179 354 1212 380 Et
1224 356 1320 389 postea
1332 353 1362 380 in
1375 353 1526 380 Britanniis
1541 353 1584 381 vel
1598 353 1710 381 Scottiis
1725 353 1970 389 praedicaverunt,

1144 409 1207 436 quos
1220 400 1282 428 Vita
1297 401 1429 428 Germani
1445 400 1573 436 episcopi
1592 400 1842 435 Antisiodorensis,
1862 403 1891 428 et
1908 401 1971 427 Vita

1144 447 1218 474 beati
1231 447 1303 483 Lupi
1319 447 1460 481 adﬁrmat,
1476 448 1525 483 qui
1537 448 1652 475 beatum
1667 447 1823 474 Patricium
1837 447 1971 483 spiritali-

1145 495 1188 521 ter
1206 493 1313 521 litteras
1333 502 1425 521 sacras
1446 495 1604 522 docuerunt
1622 496 1707 530 atque
1722 494 1915 527 enutrierunt,
1943 497 1972 521 et

1145 541 1237 576 ipsum
1250 541 1418 577 episcopum
1434 550 1485 576 pro
1510 549 1609 569 eorum
1632 541 1835 577 praedicatione
1856 541 1972 568 archie-

1144 588 1291 623 piscopum
1319 588 1348 614 in
1364 588 1475 616 Scottiis
1500 590 1528 616 et
1544 588 1696 615 Britanniis
1722 591 1891 624 posuerunt,
1917 588 1971 623 qui

1145 634 1212 661 vixit
1221 643 1309 662 annos
1324 637 1439 662 centum
1449 634 1656 670 quinquaginta
1669 637 1734 671 tres,
1747 637 1774 662 et
1789 635 1886 671 ipsum
1904 643 1971 661 cur-

1145 689 1206 708 sum
1219 681 1323 709 ibidem
1338 682 1504 709 decantavit.

1180 728 1213 754 Et
1224 730 1288 763 post
1302 728 1397 763 ipsum
1409 728 1508 755 beatus
1524 728 1723 755 Wandilochus
1738 736 1835 761 senex,
1851 731 1880 756 et
1899 729 1970 756 bea-

1144 776 1189 801 tus
1202 774 1386 810 Gomogillus,
1399 775 1448 810 qui
1462 775 1622 802 habuerunt
1633 775 1663 802 in
1677 783 1777 802 eorum
1790 776 1971 803 monasterio

1144 821 1297 848 monachos
1311 822 1423 849 circiter
1437 822 1490 849 tria
1506 822 1595 849 milia.

1180 868 1246 895 lnde
1261 869 1359 896 beatus
1376 868 1577 896 Wandilochus
1597 869 1625 896 in
1646 869 1856 905 praedicationis
1878 869 1970 897 mini—

1145 915 1262 942 sterium
1276 916 1377 943 abbato
1386 916 1545 951 Gomogillo
1561 916 1662 943 missus
1675 918 1732 950 est;
1753 919 1781 944 et
1799 916 1900 944 beatus
1912 917 1969 943 Co—

1147 962 1300 989 lumbanus
1312 963 1439 998 partibus
1451 962 1604 990 Galliarum
1615 963 1745 990 destinati
1758 965 1825 990 sunt
1838 964 1970 999 Luxogi-

1146 1009 1206 1036 lum
1223 1010 1439 1045 monasterium,
1461 1013 1489 1038 et
1497 1010 1601 1038 ibidem
1616 1010 1711 1046 ipsum
1725 1018 1841 1038 cursum
1860 1010 1968 1038 decan-

1147 1058 1287 1083 taverunt.

1182 1104 1216 1131 Et
1229 1103 1293 1131 inde
1306 1106 1401 1139 postea
1423 1104 1585 1140 percrebuit
1607 1105 1730 1131 formam
1751 1104 1906 1132 sanctitatis
1919 1112 1969 1131 eo-

1146 1159 1210 1178 rum
1226 1159 1277 1186 per
1289 1151 1453 1179 universum
1464 1151 1561 1179 orbem
1572 1154 1726 1185 terrarum,
1734 1154 1762 1178 et
1774 1152 1865 1178 multa
1875 1160 1970 1178 caeno-

1146 1198 1191 1225 bia
1213 1206 1246 1225 ex
1264 1206 1363 1225 eorum
1386 1198 1512 1225 doctrina
1531 1201 1588 1225 tam
1603 1198 1731 1225 virorum
1750 1206 1840 1234 quam
1853 1198 1967 1233 puella-

1146 1253 1211 1272 rum
1223 1246 1288 1272 sunt
1300 1247 1480 1280 congregata.

1181 1293 1214 1319 Et
1227 1294 1323 1327 postea
1345 1291 1408 1319 inde
1429 1291 1551 1326 sumpsit
1569 1291 1718 1318 exordium
1741 1291 1793 1318 sub
1815 1291 1900 1318 beato
1912 1292 1967 1318 Co~

1145 1338 1290 1371 lumbano,
1302 1338 1377 1374 quod
1391 1340 1456 1365 ante
1480 1338 1578 1365 beatus
1597 1338 1703 1365 Marcus
1723 1338 1897 1374 evangelista
1916 1339 1968 1365 de-

1145 1385 1277 1419 cantavit,
1298 1387 1325 1412 et
1347 1385 1369 1411 si
1393 1393 1443 1412 nos
1468 1393 1527 1412 non
1556 1384 1679 1417 creditis,
1702 1384 1839 1419 inquirite
1856 1385 1886 1411 in
1906 1385 1969 1412 Vita

1145 1432 1218 1459 beati
1232 1431 1396 1459 Columbani
1413 1433 1441 1458 et
1455 1431 1530 1458 beati
1541 1431 1646 1458 Eastasi
1659 1431 1778 1465 abbatis,
1794 1431 1909 1467 plenius
1922 1432 1967 1459 in-

1145 1478 1270 1512 venietis,
1286 1481 1314 1506 et
1324 1478 1397 1505 dicta
1410 1478 1483 1505 beati
1497 1478 1632 1506 Attheleti
1642 1478 1748 1505 abbatis
1762 1478 1931 1506 Ebovensis.

1180 1527 1227 1553 Est
1243 1526 1315 1552 alius
1337 1534 1435 1553 cursus
1459 1525 1601 1552 orientalis
1620 1533 1637 1551 a
1656 1526 1752 1552 sancto
1771 1525 1919 1553 Cromatio
1942 1530 1969 1553 et.

1144 1572 1272 1599 Eliodoro
1287 1574 1314 1600 et
1324 1572 1405 1599 beato
1419 1571 1544 1606 Paulino,
1558 1580 1609 1599 seu
1621 1574 1649 1599 et
1664 1572 1817 1599 Athanasio
1832 1573 1967 1609 episcopo

1145 1619 1246 1653 editus,
1260 1627 1315 1655 que
1328 1619 1358 1646 in
1370 1618 1514 1646 Gallorum
1522 1619 1757 1646 consuetudinem
1766 1627 1825 1646 non
1832 1619 1967 1652 habetur,

1147 1674 1210 1701 quae
1222 1668 1334 1693 sanctus
1348 1665 1504 1693 Macharius
1520 1665 1748 1701 decantavit,hoc
1763 1668 1814 1700 est,
1830 1675 1887 1702 per
1901 1667 1968 1694 duo-

1147 1713 1242 1747 denas,
1254 1713 1309 1739 hoc
1322 1714 1374 1747 est,
1387 1720 1567 1748 unaquaeque
1580 1713 1661 1739 hora.

1182 1760 1230 1787 Est
1241 1761 1270 1787 et
1281 1760 1352 1787 alius
1365 1768 1463 1787 cursus
1473 1767 1560 1795 quem
1574 1759 1661 1787 refert
1674 1760 1772 1787 beatus
1784 1760 1966 1796 Augustinus

1147 1808 1303 1844 episcopus,
1317 1808 1497 1844 quodbeatus
1510 1808 1677 1836 Ambrosius
1689 1811 1805 1844 propter
1820 1809 1969 1837 haeretico—

1147 1863 1211 1882 rum
1223 1855 1354 1882 ordinem
1370 1855 1535 1883 dissimilem
1554 1856 1722 1892 composuit,
1737 1864 1825 1892 quem
1847 1856 1879 1883 in
1893 1857 1969 1884 Italia

1147 1904 1229 1929 antea
1241 1902 1327 1930 decan
1332 1902 1453 1929 tabatur.

1183 1950 1229 1976 Est
1241 1951 1269 1976 et
1279 1949 1351 1976 alius
1365 1957 1464 1976 cursus
1476 1949 1550 1977 beati
1564 1949 1717 1985 Benedicti,
1731 1950 1781 1985 qui
1794 1950 1893 1985 ipsum
1907 1951 1967 1977 sin-

1147 1995 1282 2031 gulariter
1296 2004 1384 2031 pauco
1403 1996 1578 2027 discordante
1590 2005 1607 2023 a
1622 2005 1706 2023 cursu
1728 1997 1857 2024 Romano
1880 2006 1967 2033 quem

1147 2042 1177 2069 in
1187 2050 1237 2069 sua
1251 2042 1350 2077 regula
1364 2043 1491 2078 repperis
1502 2042 1637 2078 scriptum
1652 2052 1658 2070 :
1676 2043 1722 2071 sed
1745 2045 1842 2071 tamen
1866 2044 1969 2071 beatus

1146 2088 1297 2124 Gregorius
1308 2089 1387 2116 urbis
1404 2090 1502 2116 Romae
1522 2089 1660 2124 pontifex,
1684 2090 1763 2125 quasi
1782 2090 1968 2127 privilegium

1146 2135 1292 2162 monachis
1317 2136 1410 2171 ipsum
1425 2144 1476 2162 sua
1488 2136 1637 2164 autoritate
1650 2136 1680 2163 in
1699 2137 1762 2164 Vita
1774 2137 1865 2164 sancti
1881 2138 1969 2164 Bene-

1145 2182 1212 2209 dicti
1224 2182 1255 2209 in
1269 2182 1342 2209 libro
1365 2182 1545 2218 Dialogorum
1563 2183 1731 2218 adﬁrmavit,
1745 2183 1796 2210 ubi
1814 2183 1888 2211 dixit
1910 2192 1967 2211 non

1146 2229 1227 2256 aliter
1240 2231 1352 2257 sanctus
1365 2229 1408 2257 vir
1421 2230 1530 2264 docere,
1542 2229 1596 2257 nisi
1610 2230 1681 2257 sicut
1696 2230 1755 2266 ipse
1769 2231 1870 2258 beatus
1881 2231 1967 2258 Bene-

1145 2275 1236 2302 dictus
1250 2275 1329 2303 vixit.
1992 2271 1993 2277 γ

434 2407 755 2502 ANTIQUUM
802 2407 1356 2487 MARTYROLOGIUM
1404 2408 1807 2488 GALLICANUM

300 2508 351 2540 EX
371 2508 436 2541 MS.
461 2510 747 2543 ILLUSTRISSIMI
778 2510 917 2543 DOMINI
942 2511 1217 2550 CHAUVELIN,
1240 2511 1447 2544 REGIORUM
1476 2510 1715 2543 SIGILLORUM
1739 2511 1943 2544 CUSTODIS.

871 2570 999 2605 (Marten.
1015 2571 1139 2607 ampliss.

1155 2571 1218 2598 coll.
1235 2572 1307 2598 tom.
1320 2571 1373 2606 VI.)

837 2665 1000 2691 INCIPIT
1030 2665 1412 2691 MARTYROLOGIUM.

587 2712 782 2740 JANUARIUS.

404 2753 552 2780 Ianuarius
567 2752 646 2779 habet
660 2753 716 2780 dies
729 2761 801 2783 xxxr,
817 2753 883 2779 luna
899 2759 960 2779 xxx.

278 2792 414 2819 Kalendas
436 2792 569 2826 Januarii,
596 2792 779 2819 Circumcisio
793 2792 904 2819 Domini
927 2791 1016 2819 nostri
1028 2792 1094 2819 Jesu

313 2838 414 2865 Christi
429 2839 584 2865 secundum
597 2847 722 2866 carnem.

277 2885 319 2919 ln,‘
332 2883 455 2918 Oriente,
483 2885 626 2921 Stephani.
656 2885 825 2920 Nicomedia,
848 2885 1018 2920 Euphrosini
1037 2886 1093 2921 epi-

314 2929 400 2963 scopi,
416 2930 559 2957 Primiani.

280 2975 310 3002 lV
325 2974 416 3002 Nonas
429 2976 501 3011 tam,
515 2976 675 3013 Antiochia,
691 2976 824 3013 Syridoni
838 2978 971 3016 episcopi,
995 2979 1092 3015 Firmi,

1103 2720 1132 2756 D

1179 2712 1312 2739 Macharii
1329 2711 1446 2739 abbatis.
1463 2712 1527 2738 Haec
1542 2710 1572 2737 in
1585 2710 1736 2746 Ethiopia,
1754 2710 1863 2747 Rutuli,
1884 2711 1964 2738 Clau-

1180 2759 1243 2794 dias,
1258 2759 1374 2795 Aurigo,
1391 2758 1490 2793 Vetali,
1507 2758 1620 2792 Yertiaa,
1636 2757 1783 2793 Stephani.

1146 2839 1178 2865 ιιι
1192 2839 1285 2865 Nonas
1297 2839 1368 2872 Jan.,
1379 2837 1480 2872 (lyrici,
1494 2837 1590 2864 Primi.
1605 2836 1702 2864 Parisii
1713 2836 1837 2870 civitate,
1854 2836 1963 2872 Deposi-

1179 2885 1220 2912 tio
1232 2887 1335 2912 sanctae
1349 2884 1498 2912 Genovefze
1512 2883 1640 2919 virginis.

1180 2932 1286 2959 Vienna
1298 2931 1420 2965 civitate,
1430 2931 1505 2959 beati
1522 2930 1644 2958 Florenti
1659 2930 1791 2966 episcopi.

1143 2978 1236 3009 Pridie
1264 2979 1355 3009 Nonas
1389 2979 1463 3016 tam,
1491 2978 1522 3008 in
1551 2977 1653 3015 Africa,
1682 2977 1817 3016 Aquilini,
1851 2978 1963 3008 Gemini
