4006 6238
65 302 148 357 609
996 287 1340 359 ANTIQUUM
1377 285 1950 346 MARTYROLOGIUM
1988 284 2433 344 GALLICANUM.
3295 293 3397 344 610

123 403 319 473 Quinti.
350 403 411 460 In
456 402 693 469 oriente,
742 401 1007 470 Bononia,
1051 401 1347 468 Ermentis,
1388 400 1566 471 Aggei
1611 405 1666 455 et
1688 415 1745 486 Α
1768 399 1855 452 VII
1885 398 2005 451 Kal.
2053 397 2362 463 Februarii,
2403 398 2462 450 in
2495 397 2654 462 Nitia,
2690 396 2971 464 Smurnac,
3001 394 3188 450 Passio
3216 398 3396 450 sancti

125 501 267 572 Gagi.
1836 491 2144 561 Polycarpi,
2175 489 2423 559 Fabiani,
2452 489 2676 558 Saliani,
2706 489 2964 560 Sydonis.

67 599 224 653 Nonas
245 596 387 663 lan.,
417 591 822 662 Hierosolyma,
875 590 1161 662 Depositio
1209 589 1484 646 Simeonis
1529 604 1660 660 pro-
1767 585 1830 638 V1
1869 585 1989 638 Kal.
2024 585 2180 653 Feb.,
2210 585 2272 638 in
2296 583 2616 656 Apollonia,
2645 583 2803 654 Gagi,
2851 582 3071 649 Celesti,
3112 583 3392 653 Donativi,

124 691 314 762 phetaz.
1839 678 2038 732 Publii.

68 798 162 851 VIII
201 795 320 849 Idus
357 794 611 860 Januar.,
664 791 978 863 Epiphania
1034 791 1255 845 Domini
1322 791 1496 845 nostri
1536 790 1666 844 Jesu

1802 773 1958 826 'Kal.
1992 771 2177 840 Febr.,
2208 773 2424 841 Romae,
2467 771 2658 827 Natale
2701 776 2908 826 sanctae
2956 769 3188 842 Agnetis
3233 769 3398 841 virgi-

124 889 330 953 Christi,
363 886 511 942 Petri
537 889 593 940 et
618 886 803 940 Marci.
835 885 1068 940 Civitate
1095 885 1364 950 Redonis,
1406 883 1665 938 nativitas

1839 868 1926 920 nis
1953 868 2019 921 de
2043 866 2348 934 nativitate,
2379 865 2576 935 Daviti,
2603 865 2832 920 Juliani.

124 991 172 1038 et
195 980 465 1036 ordinatio
491 980 841 1050 epiSCOpatus
870 985 924 1034 et
957 979 1225 1050 depositio
1245 979 1420 1032 sancti
1445 977 1664 1032 Melanii
1771 963 1834 1016 IV
1863 961 1982 1015 Kal-
2014 961 2169 1029 “bu
2210 961 2271 1012 in
2313 960 2527 1025 Τυδείδη
2573 959 2880 1026 constanti:
2937 957 3226 1030 Hyleliti
3275 959 3395 1030 ePi‘

127 1075 356 1148 episcopi
380 1074 596 1128 ibide
625 1073 879 1128 celebris.
1837 1054 2010 1125 scopi.
2036 1053 2304 1119 Treveris,
2335 1052 2617 1123 Depositio
2642 1053 2847 1108 Valerii
2875 1052 3144 1124 episcopi.

71 1182 141 1234 VII
156 1145 286 1232 ldus
321 1178 472 1245 Jan.,
523 1176 867 1242 Nicomedia,
900 1175 1130 1230 Luciani
1161 1174 1494 1247 presbyteri,
1520 1172 1663 1228 Feli-

1802 1151 1835 1202 II
1868 1150 1984 1202 Kal.
2019 1148 2174 1215 Feb.,
2203 1147 2263 1200 in
2293 1147 2496 1213 Africa,
2533 1147 2795 1214 Belleani,
2847 1146 3009 1212 Cleri,
3059 1145 3396 1218 Philippiani

124 1274 210 1340 cis,
236 1270 502 1338 Januarii,
536 1269 791 1335 Poliarci,
823 1269 1116 1324 Filoronis.
1539 1257 1544 1260 ’
1772 1338 1798 1340 _
1840 1242 2362 1340 fisahfliumfxflf'

1770 1335 1952 1391 Pridie
1979 1335 2212 1404 Kalend,
2245 1335 2534 1401 Februar.,
2593 1333 2654 1388 in
2697 1333 3053 1400 Alexandria,
3105 1335 3394 1405 Ammoni,

69 1376 120 1428 VI
142 1374 256 1427 Idus
273 1374 419 1441 Jan.,
449 1373 510 1426 in
536 1373 763 1441 Graecia,
788 1373 1087 1440 Timothei,
1107 1371 1360 1426 Jocundi.
1380 1373 1664 1440 Augusto-
1770 1371 1790 1390 ‘
1813 1371 2212 1441 ‘f‘i'wfwfu’
2246 1371 2534 1441 "W‘fﬁ'j
2593 1371 2617 1437 ἶ

1840 1430 2074 1500 Cyriaci,
2103 1429 2418 1495 Gemmeni,
2449 1428 2644 1484 Zelasi.

127 1469 261 1521 duno
285 1466 528 1535 civitate,
579 1464 858 1536 Depositio
886 1465 1148 1536 Egimoni
1185 1464 1454 1535 episcopi,
1496 1463 1664 1531 Petri,

125 1560 260 1614 Luci.
777 1545 782 1550 ’
2354 1571 2804 1627 FEBRUARIUS.

69 1656 99 1708 ν
143 1654 254 1708 Idus
287 1654 432 1722 Jan.,
484 1653 544 1707 in
583 1652 769 1707 Africa
823 1652 1081 1724 Epictati,
1139 1650 1394 1719 Jocundi,
1455 1651 1666 1719 Quinti,

122 1747 361 1814 Secundi,
403 1747 715 1812 Saturnini,
788 1745 999 1814 Felicis,
1067 1745 1383 1814 Fortunati,
1454 1743 1665 1815 Vitalis,
1793 1805 1808 1815 ν
2026 1803 2038 1813 ο
2763 1802 2772 1812 ,
2839 1743 2849 1754 ’
2901 1801 2910 1810 ,
3055 1803 3065 1811 ,
3191 1799 3201 1811 ,
3336 1803 3344 1811 ,

124 1841 357 1869 unum"
1690 1797 2209 1869 BKalend.;Feb.,
2253 1804 2537 1869 Ravenna,
2591 1802 2776 1856 Severi
2825 1818 3090 1869 episcopi,
3142 1803 3344 1856 Victori

121 1841 377 1895 Martialis.

1802 1818 2209 1874 talenu.;r‘en.,
2253 1818 2537 1870 uavenna,
2591 1818 2776 1856 Severi
2825 1818 3090 1872 episcopi,
3151 1818 3398 1868 Viccoris,

1842 1903 1898 1951 et
1917 1897 2099 1950 Passio
2127 1899 2452 1950 sanctorum
2481 1893 2801 1948 Vindimiali
2822 1900 2878 1949 et
2904 1895 3176 1966 Singenii.

1775 1992 1836 2046 IV
1865 1991 2046 2045 Nonas
2075 1990 2260 2056 Febr.,
2297 1988 2614 2044 Purilicatio
2644 1989 2823 2044 beata:
2849 1989 3034 2043 Mariae
3060 1989 3286 2060 quando
3312 2007 3401 2044 re-

1844 2092 2216 2160 praesentatus
2250 2091 2335 2143 est
2366 2089 2527 2142 Jesus
2565 2087 2624 2140 in
2651 2087 2883 2157 templo.
2915 2087 3132 2153 Marini,
3173 2088 3401 2144 Victori.

1775 2185 1842 2238 Ill
1873 2185 2057 2237 Nonas
2083 2182 2239 2248 Feb.,
2265 2181 2323 2236 in
2353 2181 2558 2247 Africa,
2591 2179 2807 2234 Felicis.
2842 2179 3114 2252 Vapingo,
3167 2181 3401 2253 Deposi-

1985 1687 2310 1742 Februarius
2338 1684 2494 1739 habet
2522 1685 2636 1739 dies
2664 1701 2851 1754 xxviii,
2881 1685 3012 1738 luna
3038 1701 3181 1740 XXIX.

65 1937 116 1988 IV
163 1935 277 1990 ldus
328 1937 477 2000 Jan.,
538 1934 820 2005 Depositio
882 1933 1208 1988 Melchiadis
1273 1933 1541 2004 episcopi.
1613 1935 1669 1985 In

122 2031 310 2100 Africa,
335 2028 618 2097 Revocati,
650 2028 844 2098 Firmi,
878 2029 1083 2083 Saturi.

68 2127 119 2179 III
190 2126 310 2179 ldus
378 2125 501 2179 Jan.
532 2166 545 2190 ,
635 2123 695 2176 in
761 2122 1134 2186 Alexandria,
1190 2121 1376 2208 ‘Petri,
1436 2120 1668 2190 Siveris,

127 2219 304 2273 Eliuci.
1873 2219 2057 2237 ηυμμο
2085 2219 2102 2235 ι
2125 2219 2239 2248 ιω,
2266 2219 2323 2236 ,μ
2353 2219 2558 2247 “mea,
2594 2219 2612 2233 .
2635 2219 2807 2234 suo...
2857 2219 3114 2252 .upmav,
3167 2219 3400 2253 υννυπ

121 2313 287 2367 Pridie
316 2312 445 2367 Idus
474 2314 624 2381 Jan.,
677 2313 736 2366 in
778 2311 1006 2379 Achaia,
1069 2310 1306 2381 Cyriaci,
1379 2308 1670 2377 Moscenei,
1847 2277 1926 2381 Eia
1961 2277 2361 2381 θΡίδθοῖξθῙἮΪῘξ
2400 2278 2723 2379 PRV“?
2764 2273 2979 2330 Ferridi
3023 2278 3079 2329 et
3127 2275 3400 2330 Remedﬁ‘

127 2406 310 2462 saturi,
612 2369 623 2381 ’
994 2369 1003 2379 ’
1111 2369 1131 2381 ⁷
1293 2369 1303 2376 ’
1659 2369 1667 2377 ’
1847 2370 2141 2441 Lugduno,
2175 2369 2429 2439 Lupicini
2457 2369 2724 2440 episcopi.

1775 2463 1960 2518 Pridie
2008 2465 2188 2516 Nonas
2228 2462 2380 2527 Feb.,
2421 2462 2562 2515 Foro
2607 2461 2906 2529 Semfroni,
2950 2462 3140 2517 Natale
3175 2462 3405 2530 Cimini,

1847 2555 2289 2628 Gelasii.Magni,
2337 2555 2557 2626 Donati,
2599 2555 2800 2622 Timoi,
2832 2555 2983 2610 Filiae
3011 2557 3257 2627 episcopi
3279 2572 3406 2611 cum

1849 2651 1966 2704 ﬁlia
1993 2667 2110 2704 sua.

1781 2745 1964 2799 Nonas
2021 2744 2204 2811 Febr.,
2250 2743 2308 2797 in
2365 2742 2567 2810 Sicilia,
2618 2741 2909 2810 Cathenas,
2965 2743 3152 2797 Passio
3202 2748 3409 2799 sancta:

1853 2838 2087 2909 Agathzr.
2130 2836 2412 2907 martyris.
2476 2835 2689 2890 Vienna
2735 2836 3016 2907 Depositio
3070 2837 3216 2890 Aviti
3288 2838 3407 2908 epi-

1854 2932 2024 3003 scopi.

1784 3027 1896 3080 VIII
1947 3025 2073 3079 ldus
2128 3024 2312 3091 Febr.,
2364 3023 2422 3077 in
2466 3022 2691 3090 Achaia,
2741 3023 3046 3092 Saturnini,
3097 3025 3408 3079 Revocataa.

90 3121 354 3198 “3".”
387 3121 444 3198 υξ
474 3121 840 3198 ννιζῗ⁹⁹⁵³⁹ᾗ
911 3183 952 3198 η
1181 3183 1241 3198 π
1706 3175 1753 3198 η
1856 3125 2106 3178 Caesarea
2151 3122 2533 3193 Cappadociae,
2587 3121 2772 3177 Passio
2819 3121 2997 3176 sancti
3048 3122 3312 3177 Dorothei
3360 3128 3416 3177 et

71 3185 179 3240 XVII
233 3185 508 3290 Kalendas
550 3182 894 3290 Februarii,“
911 3183 1125 3286 Romae,
1172 3181 1485 3290 Depositio“
1505 3175 1756 3283 sancutiC
1851 3175 2154 3290 .il'l—ibﬁﬁili.

124 3279 346 3335 Marcelli
373 3277 621 3351 episcopi
658 3282 715 3332 et
760 3277 1114 3332 confessoris.
1156 3275 1400 3345 Arelate,
1446 3275 1678 3346 Deposi-

127 3373 198 3427 tio
225 3374 396 3429 sancti
425 3371 700 3427 Honorati
728 3370 997 3442 episcopi.

68 3476 158 3531 XVI
183 3477 295 3531 Kal.
325 3477 484 3542 Feb.,
516 3475 577 3530 in
618 3474 919 3542 Thebaide,
960 3473 1245 3546 Depositio
1291 3472 1467 3527 sancti
1506 3473 1677 3526 Anto-

127 3571 198 3625 nii
223 3569 505 3625 monachi.
531 3569 803 3623 Bituricas
833 3567 1072 3638 civitate,
1105 3567 1281 3622 sancti
1306 3565 1538 3637 Sulpicii
1563 3565 1681 3636 epi-

128 3664 288 3735 scopi.
329 3664 647 3733 Linguinis,
701 3662 886 3717 Passio
946 3666 1268 3716 sanctorum
1319 3660 1684 3715 Geminorum

125 3759 426 3831 5ΡθηείΡΡίν
461 3745 1066 3852 Leonellw:.1u9‘?llm7
1111 3755 1352 3852 Νθίῗηίδῖ
1392 3759 1446 3809 et
1494 3752 1686 3808 DeaSCi
1788 3784 1829 3836 V
1857 3782 1986 3837 ldus
2013 3745 2167 3849 Feb.,
2197 3781 2376 3836 Suevo
2419 3745 2572 3852 apud
2614 3745 2900 3851 Cyprum:
2935 3745 3128 3834 Natale
3173 3780 3417 3834 Alexan-

130 3853 357 3921 θίνίίδίθν
386 3851 674 3923 Deposmo
704 3849 945 3904 Marcelli
973 3849 1240 3920 θΡίδθορίο
1860 3876 1965 3943 dri,
1995 3875 2176 3942 Pauli,
2207 3849 2479 3930 Dionusii.
2513 3849 2800 3946 Depositio
2831 3874 3102 3945 Praajecti.

72 3955 142 4009 xv
167 3957 276 4010 Kal-
312 3956 470 4024 ἤδη
499 3956 716 4020 Romae:
755 3951 1039 4008 Dedicatio
1067 3951 1354 4006 cathedra"
1383 3949 1560 4004 sane“
1593 3951 1688 4003 Pe‘
1789 3971 1855 4024 1V
1885 3970 2014 4024 Idus
2041 3969 2224 4035 Febr.,
2255 3971 2469 4037 Romae,
2492 3973 2699 4024 sanctza
2728 3968 2976 4024 Sotheris
3004 3967 3259 4039 virginis.
3293 3968 3425 4024 San-

70 2502 173 2555 Idus
190 2503 332 2570 Jan.,
363 2502 577 2570 Romae,
607 2501 898 2568 Secundae,
940 2502 1168 2554 Zoronac
1207 2503 1263 2554 et
1292 2497 1539 2552 militum
1569 2512 1672 2552 xu.

127 2595 359 2665 Pictavis,
391 2596 674 2666 Depositio
700 2596 876 2650 sancti
909 2594 1101 2648 Hilarii
1126 2591 1477 2648 confessoris.

71 2701 153 2754 XIX
194 2701 304 2754 Kal.
344 2698 660 2766 Februarii,
707 2699 838 2752 Nola
878 2696 1234 2767 Campanias,
1284 2695 1474 2750 Passio
1501 2693 1678 2748 sancti

129 2793 326 2862 Felicis,
345 2793 526 2859 Pauli,
555 2791 784 2859 Succisi,
811 2790 1104 2846 Victurini.

69 2897 196 2950 XVIII
228 2895 341 2949 Kal.
375 2893 562 2958 Febr.,
595 2891 908 2957 Antiochia,
946 2889 1230 2962 Depositio
1263 2890 1521 2945 Abbacuc
1545 2906 1678 2960 pro-

125 2991 316 3061 phetae.
353 2986 548 3042 Remis
581 2985 821 3052 civitate,
853 2984 1146 3056 Depositio
1190 2984 1368 3039 sancti
1396 2984 1683 3055 Remegii,

124 3083 354 3155 episcopi
386 3087 444 3136 et
472 3080 826 3135 confessoris.

1785 3312 1872 3365 VII
1902 3311 2030 3366 ldus
2058 3310 2243 3377 Febr.,
2274 3310 2332 3364 in
2364 3309 2665 3376 Britannis,
2718 3309 2906 3364 Natale
2943 3309 3108 3381 Aguli
3163 3310 3415 3382 episcOpi

1855 3405 2139 3472 Anatholi,
2168 3405 2419 3460 Amonis.

1785 3501 1850 3553 VI
1898 3501 2026 3554 Idus
2073 3499 2201 3553 Feb.
2253 3501 2311 3553 In
2361 3499 2515 3554 India
2560 3500 2804 3568 civitate,
2848 3499 3036 3554 Passio
3063 3500 3240 3554 sancti
3269 3500 3416 3554 Tho-

1858 3593 1968 3648 mei
1997 3593 2254 3664 apostoli.
2295 3595 2355 3646 In
2380 3592 2642 3647 Arminia
2669 3594 2899 3648 Minore.
2931 3592 3415 3666 NatalelDiunysii,

1858 3687 2134 3747 Oneliani,
2162 3685 2316 3740 Luci.
2349 3686 2629 3758 Depositio
2659 3687 2818 3741 Pauli
2847 3687 3116 3758 episcopi.

133 4048 470 4121 πίδροείοιίν
501 4048 599 4120 (Illi
625 4047 812 4119 Primo
844 4048 1036 4101 Rom“?
1062 4045 1224 4101 δθάίῖ·
1258 4045 1478 4113 Romae:
1509 4043 1686 4098 sane“
1861 4063 2036 4119 ctanis
2063 4062 2310 4131 civitate,
2343 4063 2518 4118 sancti
2561 4063 2786 4135 Trojani
2832 4061 3076 4134 episcopi
3121 4067 3178 4118 et
3225 4062 3422 4119 Balde-

131 4144 310 4213 Prisci,
351 4142 511 4214 Tyrsi
557 4146 613 4196 et
674 4141 951 4196 Gallinici.
1016 4138 1277 4208 Turonis,
1348 4137 1688 4192 monasterio
1862 4157 2061 4212 cundis
2084 4157 2400 4212 abbatissa},

133 4237 331 4308 Maiori,
359 4235 643 4309 DePOSitiO
667 4234 847 4290 εθηοῖί
875 4233 1146 4289 LeObardi
1166 4231 1524 4288 confessoris-
1794 4253 1860 4306 III
1887 4252 2014 4306 Idus
2045 4251 2352 4319 Februarii,
2412 4251 2470 4305 in
2512 4252 2731 4322 Apulia,
2782 4253 3002 4323 Poenis,
3045 4252 3318 4310 Seufraxi.
3364 4256 3425 4310 In

74 4339 169 4393 XIII
195 4341 310 4396 Kal.
341 4339 498 4411 Feb.,
547 4342 760 4406 Romte,
801 4339 977 4394 sancti
1019 4338 1328 4394 Sebastiani
1365 4342 1422 4392 et
1460 4335 1691 4392 Fabiani
1862 4344 2191 4416 Campania,
2222 4344 2504 4399 Basiliani.

138 4442 467 4508 martyrum.
497 4435 793 4506 Lugduno,
823 4433 1125 4489 Clementis
1153 4431 1490 4504 presbyteri.
1793 4439 1978 4494 Pridie
2013 4439 2138 4493 Idus
2165 4439 2473 4509 Februarii,
2505 4439 2565 4493 in
2595 4440 2802 4505 Africa,
2847 4440 3128 4507 Damiani,
3175 4442 3235 4496 in
3273 4443 3429 4499 Italia

82 4538 158 4594 XII
191 4540 305 4595 Kal.
347 4540 506 4609 Feb.,
539 4541 752 4607 Romen,
793 4544 1003 4594 sanctae
1042 4538 1276 4610 Agnetis
1308 4537 1562 4608 virginis.
1596 4538 1697 4589 Ar-
1716 4547 1775 4620 D
1871 4533 2093 4601 Donati,
2122 4532 2380 4599 Heraclii,
2413 4531 2709 4594 Vincentii,
2741 4533 3032 4588 Susannaz.

145 4635 338 4703 vernis,
385 4634 672 4706 Depositio
711 4634 887 4690 sancti
921 4632 1066 4689 Aviti
1109 4632 1378 4704 episcopi,
1436 4629 1694 4701 Projecti,
1799 4627 1927 4681 Idus
1952 4627 2106 4693 Feb.,
2139 4625 2482 4695 Nicomedia,
2515 4625 2702 4679 Passio
2726 4625 2952 4693 Iuliani,
2984 4626 3244 4682 Tulliani.
3287 4630 3434 4699 Lug-

143 4729 405 4800 Amerini,
435 4729 742 4785 Saturnini.
1870 4720 2046 4786 duno,
2079 4719 2360 4788 Depositio
2390 4718 2537 4773 beati
2563 4717 2832 4788 Stephani
2857 4719 3125 4788 episcopi.

83 4822 138 4876 XI
178 4824 290 4878 Kal.
337 4823 494 4893 Feb.,
541 4823 604 4879 in
637 4823 878 4895 Spaniis,
929 4822 1131 4878 Valerii
1173 4819 1420 4893 episcopi
1462 4823 1518 4874 et
1575 4818 1700 4872 Vin-
1801 4815 1907 4868 XVI
1938 4811 2208 4867 Kalendas
2237 4811 2434 4866 Martii.
2475 4813 2690 4880 Roma},
2742 4810 2926 4865 Passio
2967 4811 3243 4867 Valentini
3277 4831 3430 4871 mar-

149 4918 287 4974 centi
330 4918 549 4974 diaconi
587 4923 644 4974 et
675 4923 996 4990 martyrum
1031 4933 1180 4986 xviii,
1232 4932 1365 4971 cum
1411 4913 1571 4969 sociis
1603 4928 1697 4968 eo-
1873 4906 2030 4979 tyris,
2060 4905 2330 4961 Felicolae.
2363 4908 2424 4960 In
2457 4905 2671 4974 Tuscia,
2701 4904 2912 4976 Spoleti
2943 4904 3184 4973 civitate,
3217 4907 3429 4979 Vitalis,

148 5028 292 5069 rum.
1874 5002 2101 5073 Cyrion,
2128 5000 2403 5055 Martiani.

87 5106 120 5161 X
166 5109 276 5165 Kal.
328 5109 483 5176 Feb.,
535 5109 595 5163 in
652 5109 1001 5179 Mauritania,
1058 5107 1248 5162 Passio
1304 5103 1587 5161 Severiani
1647 5105 1704 5156 et
1805 5099 1888 5152 XV
1946 5097 2059 5151 Kal.
2096 5097 2276 5164 Mart.,
2318 5094 2634 5162 Antiochia,
2675 5094 2890 5166 Josippi
2927 5095 3164 5165 diaconi,
3215 5099 3438 5170 Apollo-

147 5204 359 5276 Aquilae
407 5211 463 5262 et
498 5205 690 5261 uxoris
735 5205 877 5275 ejus,
930 5202 1146 5274 Eugeni
1198 5205 1255 5256 et
1289 5198 1552 5268 Machari,
1595 5199 1700 5252 Do-
1876 5192 1979 5261 nii,
2012 5190 2253 5246 Romani
2276 5195 2333 5245 et
2362 5193 2570 5245 sanctae
2596 5191 2826 5262 Agapae,
2856 5190 3110 5262 virginis.

151 5301 283 5357 nati.
885 5343 892 5348 ,
1807 5289 1914 5343 XIV
1960 5286 2078 5340 Kal.
2135 5287 2315 5354 Mart,
2357 5285 2416 5338 in
2466 5284 2789 5350 Britanniis,
2829 5284 3097 5352 Faustini,
3149 5287 3431 5342 Viventiai.

90 5393 144 5447 IX
201 5396 318 5450 Kal.
390 5398 543 5465 Feb.,
607 5394 924 5459 Antiochia,
967 5391 1157 5446 Passio
1209 5389 1386 5443 sancti
1439 5386 1703 5458 Babyllaa,
1882 5383 1942 5435 In
1970 5382 2230 5451 IEgypto,
2260 5379 2486 5445 Juliani,
2515 5395 2647 5434 cum
2673 5379 2945 5450 .Egyptiis
2973 5395 3213 5434 numero
3244 5397 3275 5435 v
3306 5381 3432 5435 mil-

151 5507 276 5546 cum
305 5492 503 5547 tribus.
534 5493 690 5561 Par.,
713 5496 768 5546 et
796 5489 1056 5544 aliorum.
1087 5483 1326 5554 Eugeni,
1358 5479 1704 5546 Felicissimi,
1880 5475 2047 5530 lium.

155 5587 455 5641 δδίωςηίηί,
1811 5571 1921 5624 XIII
1948 5567 2179 5623 Kalend.
2211 5567 2452 5633 Martias,
2494 5567 2554 5622 in
2594 5567 2800 5633 Africa,
2838 5568 3182 5634 Concordiae,
3213 5567 3434 5636 Donati,

93 5679 195 5733 VIII
244 5683 360 5736 Kal.
432 5682 586 5744 Feb.,
652 5677 1000 5746 Autmasius,
1059 5673 1322 5742 Sabinus,
1392 5667 1709 5732 Leodotius,
1882 5662 2048 5730 Casti,
2080 5659 2439 5717 Secundiam'.

157 5774 485 5847 Thrugenis.
534 5778 746 5843 Romae,
794 5770 1102 5828 Translatio
1149 5767 1325 5824 sancti
1375 5764 1529 5821 Pauli
1582 5777 1714 5832 apo-
1812 5759 1900 5813 XII
1945 5759 2063 5811 Kat.
2105 5755 2344 5824 Martias,
2385 5755 2446 5808 in
2487 5754 2695 5824 Africa,
2746 5754 3009 5823 Rutulus,
3045 5755 3268 5826 Silvani,
3300 5758 3438 5812 Dar-

160 5869 300 5928 που,
1887 5851 2004 5921 sici,
2034 5847 2353 5906 Secundini.
2397 5847 2676 5920 Depositio
2702 5847 2987 5906 Benedicti
3009 5847 3238 5906 abbatis.
