4006 6238
456 304 558 356 61Ξὶ
1325 293 1656 351 APPENDIX
1698 293 1786 349 AD
1826 287 2038 348 OPERA

2256 289 2479 347 ZRMANI
2517 285 2944 348 PARISIENSIS.
3732 291 3838 342 616

527 408 775 462 tentiati.
808 406 909 461 Via
947 406 1333 470 Nomentana,
1359 403 1539 458 sancti
1572 401 1781 456 Urbani
1813 399 2086 471 episcopi,
2112 412 2170 485 Α
2190 401 2296 454 XVI
2325 401 2444 454 Kal.
2472 401 2604 466 Jul.,
2643 401 2978 466 Caulaurca,
3023 400 3352 453 sanctorum
3381 398 3489 453 Viti
3533 397 3838 468 martyris,

531 501 825 556 Poletrati.
2260 494 2497 548 Modesti
2533 496 2590 547 et
2623 493 2922 559 Criscenti,
2964 492 3167 564 Cyrici,
3198 493 3407 547 Julittae
3438 493 3644 547 matris
3685 492 3838 562 ejus.

458 598 548 650 VII
571 597 694 650 Kal.
723 594 896 661 Junii,
925 594 1123 648 Natale
1152 589 1396 656 Hereali,
1419 588 1598 656 Pauli,
1621 587 1810 642 Ruﬁni
1840 590 1898 641 et
1925 588 2089 640 Vale-
2190 589 2277 643 XV
2305 588 2426 641 Kal.
2455 589 2586 653 Jul.,
2610 589 2808 642 Natale
2835 591 3167 642 sanctorum
3205 587 3536 655 Alexandri,
3571 585 3844 641 Dioscori

530 691 620 758 rii,
661 689 869 752 Saturi,
908 686 1106 753 Vituri,
1141 689 1197 740 et
1223 683 1414 739 Passio
1444 682 1641 754 sancti
1669 681 1843 736 Prisci
1873 684 2087 752 marty-
2266 686 2322 736 et
2356 681 2555 736 Marini
2587 685 2944 752 martyrum;
2975 681 3243 746 Quiriaci,
3281 682 3478 752 Cyriae.
3503 679 3846 736 Aurelianis

531 785 629 839 ris.
2264 775 2510 844 civitate,
2531 775 2680 830 Aviti
2702 776 3038 847 presbyteri.

459 880 524 932 VI
555 878 677 932 Kal.
716 878 868 942 Jun.,
914 874 1111 927 Natale
1152 871 1363 943 Aquilli
1408 871 1750 942 presbyteri,
1795 869 2090 940 Evangeli,
2193 871 2301 926 XIV
2327 871 2452 925 Kal.
2486 871 2619 938 Jul.,
2658 871 2874 936 Romae,
2915 871 3116 925 Natale
3146 871 3314 926 Marci
3363 875 3422 924 et
3454 870 3840 925 Marcelliani.

533 972 728 1037 Heliae,
758 967 1009 1034 Luciani,
1041 966 1256 1033 Quinti,
1294 965 1569 1020 Estiabili.
2267 968 2555 1032 Ravenna,
2578 965 2830 1032 Martori,
2859 965 3075 1033 Felicis,
3097 966 3300 1034 Emcli,
3331 966 3594 1037 Crispini.

461 1067 522 1118 V.
567 1066 690 1118 Kal.
736 1062 906 1129 Junii,
955 1060 1290 1131 Pamphilia,
1330 1059 1526 1126 Zetoli,
1570 1058 1821 1113 Primoli.
1871 1057 2095 1112 Parisiis
2194 1062 2323 1116 XIII.
2355 1061 2476 1114 Kal.
2506 1059 2658 1128 Julii,
2703 1060 2761 1113 in
2811 1060 3153 1128 Mediolano,
3199 1063 3531 1115 sanctorum
3577 1059 3846 1114 Gervasii

466 1173 469 1176 '
533 1159 780 1224 civitate,
805 1155 1095 1226 Depositio
1123 1154 1304 1208 sancti
1333 1153 1626 1208 Germani.
2269 1157 2326 1208 et
2353 1153 2614 1220 Protasii,
2648 1157 2706 1208 et
2733 1153 2878 1208 Celsi
2908 1155 3091 1224 pueri.
3122 1156 3339 1219 Romae,
3377 1155 3673 1225 Hippoliti,
3725 1154 3848 1206 Ho-

462 1254 529 1308 IV
561 1253 682 1306 Kal.
711 1253 865 1319 Jun.,
895 1250 1093 1304 Natale
1135 1248 1406 1316 Potionis,
1439 1247 1700 1318 Crispoli,
1731 1245 1931 1299 Primi.
1960 1246 2094 1299 Tre-
2269 1249 2468 1315 norim,
2502 1248 2648 1316 Voti,
2678 1248 2848 1302 Petri.

534 1347 667 1400 viris
699 1346 947 1411 civitate,
977 1342 1266 1399 Maximini
1288 1341 1561 1413 episcopi,
1591 1341 1689 1395 ubi
1716 1341 1899 1394 multa
1927 1339 2098 1393 mira—
2197 1343 2303 1398 XII.
2335 1344 2456 1397 Kal.
2483 1342 2634 1410 Julii,
2664 1343 2861 1396 Natale
2905 1343 3084 1411 Pauli,
3132 1341 3374 1414 Cyriaci,
3422 1341 3715 1409 Feliciani,
3745 1341 3848 1396 Vi-

533 1441 670 1496 bilia
697 1441 863 1495 ﬁunt.
2270 1437 2418 1503 talis,
2455 1435 2718 1507 Crispini.
2768 1436 3056 1507 Depositio
3104 1437 3534 1492 Childemarchi
3593 1436 3848 1506 virginis

463 1536 531 1591 III
568 1536 692 1590 Kal.
728 1535 902 1601 Junii,
931 1532 1261 1600 Antiochia,
1295 1533 1630 1586 sanctorum
1667 1529 1800 1596 Sici,
1831 1527 2095 1595 Palatini,
2271 1548 2466 1586 sacrm.

537 1629 761 1697 Gabini,
789 1627 1048 1698 Crispoli.
2197 1629 2284 1682 XI.
2316 1627 2440 1680 Kal.
2467 1625 2618 1693 Julii,
2654 1626 2713 1679 in
2738 1625 3015 1692 Caesarea,
3049 1626 3340 1698 Depositio
3379 1625 3560 1680 sancti
3607 1624 3848 1679 Eusebii

464 1723 652 1780 Pridie
689 1723 810 1776 Kal.
861 1724 1016 1788 Jun.,
1057 1721 1274 1788 Romae,
1309 1722 1518 1774 sancta:
1556 1717 1879 1773 Petronillze
1926 1715 2098 1786 virgi-
2273 1720 2547 1791 episcopi,
2577 1722 2632 1772 et
2663 1718 2796 1773 alibi
2827 1719 3096 1790 Quiriaci,
3128 1721 3528 1792 Appolonaris,
3561 1719 3756 1773 Ruﬁni
3787 1723 3851 1772 et

540 1817 647 1885 nis,
697 1817 875 1871 sancti
923 1816 1075 1870 Petri
1125 1815 1275 1883 ﬁliae,
1344 1813 1532 1880 Ganti,
1581 1810 1868 1879 Gantiani,
1920 1800 2174 1878 Proti,B
2268 1814 2470 1870 Martii.

539 1911 856 1979 Praevilani,
889 1910 1213 1981 Grisogoni,
1248 1906 1626 1964 Cantianillaa.
2201 1911 2242 1965 Χ
2276 1910 2399 1963 Kal.
2441 1908 2592 1977 Julii,
2629 1909 2687 1963 in
2718 1908 3066 1980 IBritanniis,
3122 1910 3312 1963 Albini
3369 1910 3661 1982 martyris,
3711 1925 3850 1962 cum

1151 2057 1384 2114 JUNIUS
2274 2003 2400 2058 aliis
2432 2019 2796 2059 DCCCLXXXVII.
2843 2005 3003 2072 Nola,
3044 2004 3200 2058 Pauli
3242 2004 3514 2076 episcopi,
3561 2008 3621 2058 et
3659 2003 3848 2057 sancti

1229 2098 1405 2114 “W‘”
2275 2098 2455 2152 Niceti
2482 2098 2754 2169 episcOpi.

773 2175 965 2229 Junius
999 2172 1158 2227 habet
1181 2171 1296 2225 dies
1326 2187 1454 2238 XXX?
1489 2171 1622 2224 luna
1649 2185 1795 2223 XXI"
2207 2194 2268 2247 IX
2295 2193 2415 2246 Kal.
2445 2193 2594 2259 Julii,
2631 2194 2829 2247 Natale
2856 2193 3024 2260 Aviti,
3047 2192 3338 2260 Aritionis,
3382 2193 3639 2259 Emeriti,
3673 2189 3848 2262 Capi-

470 2291 710 2346 Kalend.
741 2290 913 2358 Junii,
942 2289 1003 2343 in
1030 2286 1696 2355 Thessalonica,'0ctavi,
1714 2284 1978 2356 Crispini,
2006 2286 2102 2338 Ju-
2276 2286 2468 2340 tionis.

539 2385 720 2453 benti,
765 2383 998 2451 Castuli,
1028 2382 1222 2454 Arapi,
1257 2381 1439 2436 Publii
1479 2396 1611 2434 cum
1645 2379 1772 2434 aliis
1805 2395 1981 2433 CXXVI.
2010 2378 2100 2430 Vi-
2204 2381 2318 2435 VIII
2367 2382 2490 2435 Kal.
2541 2381 2692 2448 Julii,
2738 2381 2796 2435 in
2844 2381 3136 2452 provincia
3176 2382 3516 2449 Palaestinae,
3567 2380 3852 2435 Nativitas

539 2480 698 2548 bina,
731 2477 891 2533 Gladi
923 2477 1196 2548 episcopi.
2277 2474 2459 2529 sancti
2484 2475 2761 2530 Johannis
2793 2477 3096 2543 Baptistae;
3127 2480 3184 2530 et
3210 2477 3264 2530 in
3295 2477 3540 2547 Epheso,
3564 2474 3850 2530 assumtio

470 2575 535 2630 IV
580 2576 770 2628 Nonas
811 2574 965 2638 Jun.,
1021 2572 1233 2638 Romus,
1278 2569 1587 2625 Marcellini
1630 2573 1686 2624 et
1741 2567 1912 2623 Petri.
1961 2569 2103 2620 Item
2277 2569 2456 2623 sancti
2481 2570 2760 2624 Johannis
2786 2571 3050 2642 apostoli.

539 2665 849 2723 Marcellini
887 2665 1159 2736 episcopi,
1198 2663 1487 2718 Zachariae
1525 2663 1865 2735 presbyteri,
1916 2663 2102 2730 Roga-
2207 2669 2295 2722 VII
2332 2669 2454 2722 Kal.
2482 2668 2632 2735 Julii,
2667 2669 2862 2723 Natale
2905 2671 3235 2724 sanctorum
3267 2669 3572 2736 Lantalibi,
3614 2669 3845 2724 Caritas.

543 2763 687 2817 tiani
715 2760 968 2832 episcopi
991 2776 1119 2813 cum
1149 2758 1272 2814 aliis
1298 2775 1484 2813 XLVIII.
2278 2761 2562 2830 Salonica,
2596 2763 2756 2816 Lucae
2788 2762 3042 2833 virginis,
3073 2766 3131 2816 et
3149 2763 3411 2818 Aceiahm
3439 2763 3612 2835 regis.

472 2859 539 2912 ΙΙΙ
566 2858 756 2911 Nonas
785 2853 957 2922 Junii,
989 2853 1047 2907 in
1073 2853 1282 2920 Africa,
1309 2851 1549 2920 QUiPini,
1580 2849 1865 2919 Abidiani,
1892 2851 2102 2920 Νθριο-
2208 2857 2272 2910 VI
2299 2857 2421 2910 Kal.
2453 2855 2604 2924 Julii,
2631 2857 2847 2926 Romae,
2870 2857 3149 2912 Johannis
3177 2861 3234 2911 et
3277 2858 3437 2912 Pauli
3463 2859 3745 2928 :fratrum,
3793 2863 3853 2911 et

543 2952 611 3019 ri,
637 2950 878 3006 Julianaa
908 2947 1166 3018 virginis.
1209 2946 1532 3002 Aurelianis
1569 2945 1818 3012 civitate,
1855 2941 2105 2998 Leifardi
2280 2955 2412 3010 alibi
2440 2955 2732 3023 Gauderti’
2761 2955 2977 3010 Felicis.

543 3044 881 3118 presbyteri
2206 3057 2250 3109 ν
2303 3055 2426 3109 Kal.
2475 3053 2624 3121 Julii,
2685 3054 2904 3123 Romae,
2951 3054 3153 3126 Crispi,
3204 3054 3568 3125 Crispiniani,
3625 3055 3851 3119 Felicis,

469 3140 658 3195 Pridie
680 3140 866 3193 Nonas
883 3137 1056 3205 Junii,
1079 3137 1277 3191 Natale
1297 3133 1763 3208 Camasiaa,[Julii,
1789 3132 2103 3190 Saturnini.
2127 3179 2182 3254 Ο
2277 3149 2506 3216 Juliani,
2535 3147 2833 3216 primitivi,
2860 3148 3085 3203 ιηδιίηί,

545 3234 696 3254 Ιι-12-
752 3232 960 3254 h__-12-2
997 3231 1241 3254 __:---_.:
1294 3229 1523 3254 n-..:..-_:
2208 3245 2274 3254 ο..
2304 3244 2345 3254 υ.
2390 3245 2403 3254 ε.
2464 3245 2482 3254 ν
2528 3243 2583 3254 ιιι
2645 3243 2655 3253 ο
2757 3243 2768 3254 Δ
2796 3242 2816 3254 η
2847 3241 2856 3252 ~
2993 3244 3032 3254 π
3070 3243 3084 3254 ιι

545 3234 724 3301 ltalia,
752 3232 964 3286 Rustici
993 3231 1264 3302 episcopi,
1294 3229 1546 3285 Daciani.

2271 3244 2426 3297 'Kal.
2457 3243 2607 3310 Julii,
2642 3243 2699 3296 in
2741 3241 2951 3310 Africa,
2993 3242 3249 3309 Fabiani,
3293 3244 3545 3309 Venusti,
3583 3245 3853 3310 Curucci,

469 3327 662 3384 Nonas
703 3326 876 3393 Junii,
931 3326 991 3379 in
1059 3327 1324 3396 JEgypto,
1388 3323 1669 3391 Martiani,
1728 3321 2001 3393 Nigrandi
2052 3324 2110 3376 et
2279 3337 2567 3410 Apolloni,
2598 3335 2872 3407 Dionysii,
2898 3337 3127 3408 Hynosi.

540 3421 881 3494 Apolloniae,
905 3419 1185 3490 Gregorii.

2272 3434 2298 3487 l.
2335 3433 2456 3486 Kal.
2487 3431 2638 3499 Julii,
2674 3432 2896 3500 Romae,
2927 3433 3126 3486 Natale
3165 3434 3560 3503 apostolorum
3591 3434 3747 3488 Petri
3793 3438 3854 3487 et

475 3514 586 3570 VIII
611 3515 740 3570 Idus
779 3517 932 3582 Jun.,
981 3512 1363 3581 Nevidunum,
1404 3512 1658 3579 Amanti,
1685 3512 1839 3581 Luci,
1871 3512 2108 3565 Alexan-
2281 3526 2439 3581 pauli
2470 3530 2527 3579 et
2553 3527 2797 3581 aliorum
2825 3543 3168 3584 DCCCCLXXVL

546 3610 655 3681 dri.
686 3609 909 3665 Claudii
936 3607 1208 3680 episcopi,
1239 3606 1443 3662 Caerati
1473 3605 1743 3678 episcopi-
2208 3619 2395 3675 Pridie
2429 3619 2715 3675 Kalendas
2744 3621 2896 3688 Julii,
2937 3620 3286 3690 Lemovicas,
3322 3623 3613 3694 Depositio
3668 3623 3852 3678 sancti

472 3706 562 3760 νυ
590 3705 718 3760 Idus
741 3705 894 3772 λυσαν
930 3703 1122 3758 Natale
1158 3700 1346 3769 ΡδυῙίν
1377 3700 1690 3756 Fortunaﬁ-
1740 3699 1936 3772 Μδετί,
1985 3700 2104 3754 Pri“
2280 3714 2547 3769 Martialis
2583 3715 2854 3787 episcopi,
2895 3715 3220 3786 Andegavis
3265 3716 3514 3784 civitate,
3561 3717 3853 3788 depositio

547 3799 715 3867 mosi,
748 3797 998 3852 Luciani.
2282 3808 2462 3863 sancti
2509 3808 2712 3863 Albani
2763 3809 3017 3881 episcopi
3063 3812 3120 3863 et
3162 3811 3539 3877 confessoris;
3584 3814 3642 3864 et
3713 3811 3852 3864 alibi

473 3898 538 3952 Vl
565 3895 696 3950 Idus
713 3895 866 3960 Jun.,
890 3893 1106 3959 Romae,
1128 3889 1308 3945 Primi
1329 3891 1387 3944 et
1413 3888 1629 3957 Felicis,
1654 3889 1862 3956 Nabor,
1886 3889 2055 3943 NazaI

2282 3902 2522 3956 aliorum
2578 3905 2906 3957 sanctorum
2971 3904 3182 3958 Cursici
3240 3904 3582 3975 presbyteri,
3641 3905 3851 3959 Leonis

543 3987 863 4045 Suessionis
887 3986 1134 4054 civitate,
1169 3983 1460 4056 Depositio
1487 3983 1669 4038 sancti
1695 3983 1946 4038 Medardi
1977 3999 2110 4038 con-
2283 3995 2617 4051 subdiaconi

547 4082 779 4139 fessoris
810 4085 868 4136 et
891 4080 1197 4152 pontiﬁcis.
2895 4071 3147 4125 JULIUS.

473 4179 516 4233 V
555 4178 686 4234 ldus
727 4178 881 4244 Jun.,
919 4177 1115 4230 Natale
1160 4173 1453 4229 Maximini
1492 4172 1794 4244 presyteri,
1822 4171 2106 4238 Vincenti,
2683 4165 2860 4219 Julius
2891 4165 3049 4219 habet
3078 4166 3193 4220 dies
3218 4181 3365 4220 XXXI.

453 4339 458 4348 .
547 4266 852 4327 Bassilidis.
882 4269 1180 4336 Jachariae,
1214 4267 1454 4323 Censuri
1480 4266 1753 4338 episcopi,
1784 4269 1843 4319 et
1875 4264 2106 4336 Deposi-
2212 4266 2333 4321 Kal.
2374 4265 2526 4333 Julii,
2569 4266 2787 4333 Romaa,
2830 4267 2974 4337 Gagi
3009 4268 3348 4340 presbyteri.
3406 4271 3467 4323 In
3509 4275 3713 4325 monte
3754 4270 3850 4336 0r,

543 4368 626 4422 tio
654 4365 945 4437 Sagittarii
964 4362 1324 4419 confessoris.
2283 4358 2571 4431 Depositio
2602 4360 2794 4415 Aaron
2838 4361 3170 4416 sacerdotis.
3202 4363 3485 4433 Agustini,
3523 4365 3704 4420 Leoni
3730 4365 3849 4436 epi-

475 4465 543 4520 IV
571 4463 700 4519 Idus
722 4463 876 4528 Jun.,
905 4462 1233 4513 sanctorum
1263 4453 1503 4522 Basillaa,
1531 4453 1858 4525 Crispoli....
1903 4453 2108 4521 Aurisi,
2283 4454 2456 4525 scopi.
2489 4456 2548 4508 In
2569 4455 2766 4522 Gallia,
2799 4455 3049 4510 Karilefﬁ
3070 4457 3433 4513 confessoris.

548 4556 775 4629 Rogati.
2132 4550 2280 4633 DVI
2306 4551 2498 4603 Nonas
2538 4549 2689 4619 Julii,
2729 4549 2947 4620 Romae,
2985 4552 3241 4606 Processi
3296 4555 3353 4606 et
3398 4553 3748 4622 Martiniani,
3797 4559 3854 4608 et

477 4654 547 4711 ΙΙΙ
575 4652 704 4707 Idus
728 4651 882 4714 Jun.,
917 4647 1114 4701 Natale
1136 4642 1400 4711 Emeriti,
1428 4641 1761 4710 Victuriani,
1785 4641 2023 4699 Victoris
2058 4646 2115 4697 et
2285 4645 2610 4702 Melchiadae.
2653 4661 2837 4716 papzn.
2876 4645 3136 4712 Turonis,
3188 4647 3573 4718 Munugundze
3625 4649 3851 4702 ancilla:

551 4743 867 4802 Fortunati.
2287 4741 2406 4796 Dei.

473 4841 662 4899 Pridie
683 4839 814 4894 Idus
837 4838 989 4903 Jun.,
1017 4834 1216 4889 Natale
1241 4837 1573 4888 sanctorum
1595 4831 1893 4901 Balsilidis,
1919 4831 2112 4903 jNabo—
2213 4838 2256 4890 V
2282 4837 2470 4891 Nonas
2514 4835 2664 4901 Julii,
2703 4835 2762 4889 in
2801 4835 3167 4904 Alexandria,
3217 4835 3540 4907 Triphonis,
3587 4837 3846 4908 Syronis,

551 4936 630 4990 ris
660 4936 718 4989 et
742 4929 960 4999 Felicis,
991 4927 1232 4984 Tribolis
1255 4927 1583 4983 Madaledis.
2284 4929 2494 5002 Aprici,
2517 4929 2746 4984 Juliani.

477 5030 607 5088 ldus
645 5031 799 5096 Jun.,
857 5025 918 5079 in
962 5023 1176 5101 Africa,
1227 5021 1480 5091 Luciani,
1526 5019 1840 5076 Fortunati.
1891 5021 2108 5089 Romae,
2215 5025 2280 5078 IV
2315 5025 2506 5078 Nonas
2543 5022 2694 5090 Julii,
2744 5021 2803 5075 in
2849 5022 3046 5091 Gallia,
3080 5023 3340 5093 Turonis,
3382 5025 3683 5081 Ordinatio
3731 5027 3852 5098 epi-

553 5126 765 5180 sanctaa
796 5119 1074 5177 Feliculae.
2287 5121 2572 5189 scopatus,
2608 5120 2666 5170 et
2691 5117 3008 5172 Translatio
3035 5120 3313 5189 corporis,
3345 5123 3403 5174 et
3427 5120 3724 5175 Dedicatio
3761 5121 3855 5174 ba-

478 5221 633 5278 XVIII
683 5219 805 5273 Kal.
854 5215 1003 5284 Julii,
1052 5216 1252 5270 Natale
1281 5211 1537 5280 Antonii,
1597 5210 1868 5278 Quitiani,
1934 5211 2108 5266 Proti.
2289 5211 2458 5266 silicze
2509 5210 2688 5265 sancti
2723 5211 2946 5266 Martini
2989 5212 3262 5284 episcopi.
3320 5214 3616 5281 Bituricas,
3662 5215 3852 5270 natale

550 5311 871 5371 Suessionis
911 5311 1158 5376 civitate,
1199 5307 1411 5363 Valerii
1441 5310 1499 5361 et
1531 5305 1722 5360 Ruﬁni
1768 5307 2108 5377 martyrum.
2288 5305 2465 5360 sancti
2491 5305 2761 5360 Lauriani
2790 5306 3077 5378 martyris.

549 5407 872 5466 Aurelianis
919 5405 1167 5472 civitate,
1226 5400 1544 5457 Translatio
1605 5400 1860 5471 corporis
1933 5399 2111 5454 sancti
2219 5401 2286 5455 lII
2335 5402 2523 5454 Nonas
2555 5399 2706 5468 Julii,
2752 5402 2950 5455 Natale
3005 5403 3314 5473 Agathoni,
3352 5402 3686 5474 Triphonis,
3741 5405 3851 5459 Ma-

547 5500 757 5558 Aniani
783 5498 1126 5556 confessoris
1152 5501 1209 5553 et
1234 5496 1510 5569 episcopi,
1544 5498 1601 5550 et
1627 5494 1895 5550 liberatio
1919 5492 2109 5547 civita-
2287 5495 2458 5566 grini,
2490 5492 2788 5563 Theodoti,
2817 5495 3053 5564 Meroni,
3086 5497 3372 5553 Rodosiae.

552 5598 622 5651 tis
642 5597 818 5668 ipsius
844 5613 878 5649 a
905 5591 1137 5650 Chunis.
2216 5588 2405 5644 Pridie
2431 5589 2621 5643 Nonas
2658 5588 2810 5655 Julii,
2850 5590 3048 5645 Natale
3077 5591 3294 5647 Palladi
3337 5592 3607 5665 Philippi,
3639 5592 3852 5658 Severi,

479 5690 636 5747 XVIII
667 5690 789 5743 Kal.
815 5689 947 5754 Jul.,
977 5686 1172 5742 Natale
1197 5688 1527 5740 sanctorum
1551 5681 1749 5754 Hysiti,
1780 5679 2113 5749 Clementis,
2288 5700 2352 5736 ac
2374 5683 2567 5750 Zotici,
2599 5683 2868 5738 Ariethis.

552 5781 836 5849 Cantiani,
890 5780 1213 5847 Jovoniani,
1277 5777 1501 5849 Filippi,
1554 5775 1795 5842 Joviani,
1847 5775 2112 5840 Candidi,
2216 5777 2406 5832 Nonas
2457 5777 2608 5847 Julii,
2653 5779 2852 5834 Natale
2888 5779 3090 5849 Eracli,
3136 5781 3444 5854 Apollonii,
3493 5784 3673 5840 Publii
3729 5801 3851 5840 cum

545 5873 825 5940 Gantiani,
859 5873 1205 5940 Crissogoni,
1235 5871 1549 5936 Quintiani.
2291 5871 2414 5925 aliis
2439 5887 2591 5926 xvm.
2620 5873 2843 5938 Parma,
2877 5875 3013 5930 Novi
3041 5879 3097 5932 et
3128 5878 3401 5935 Parmini.
