4006 6238
374 307 475 361 623
1171 289 1504 358 APPENDIX
1541 298 1630 354 AD
1665 296 1888 354 OPERA
1925 293 2159 352 SANCTI
2195 293 2495 353 GERMANI
2533 294 2960 352 PARISIENSIS.
3657 288 3762 346 624

373 414 533 468 XVIII
568 413 844 470 Kalendas
894 411 1166 483 Octobris,
1222 411 1498 467 Exaltatio
1547 412 1756 464 sanctae
1807 407 2010 464 crucis.
2035 427 2093 500 Α
2746 429 3142 484 ΝΟνΕΜΒΕΒ,

443 509 779 605 δδηθῐφυω
803 508 1052 605 ΟΨΡέΠί
1078 510 1135 562 et
1154 506 1487 605 FYPrianig
2111 533 2378 589 Hebraice
2438 537 2630 597 Imare,
2696 533 3023 605 Egyptiace
3087 532 3293 592 Athi-ri,
3355 529 3547 583 Graece
3610 530 3758 588 Dios,

372 603 507 657 xv"
535 603 680 674 Kal"
707 601 885 658 Sancti
909 601 1224 656 Nicomedis
1253 598 1540 670 martyris'
1963 688 1970 690 Α
2324 627 2520 682 Latine
2550 598 2861 690 November:
2887 625 3157 682 Saxonice
3187 623 3524 681 Blotmonad.

372 696 497 802 XVI.
530 697 675 802 Kél"
711 701 1033 752 sancmmm
1073 694 1422 765 Enphemim’
1490 690 1673 747 Luciae
1721 693 1778 746 et
1817 688 2006 747 Gemi'
2181 725 2334 779 Luna
2356 722 2666 779 Novembris
2691 723 2749 774 in
2772 688 3071 792 vespertino
3098 724 3330 790 tempore
3351 717 3686 772 accenditur.

441 808 619 847 mam‘
871 883 900 884 η
1017 881 1070 884 ,Α
1178 882 1184 884 Α
2111 815 2230 870 Kal.
2289 813 2634 884 Novembris,
2685 813 2954 869 Omnium
3006 812 3361 868 Sanctorum.
3393 809 3584 866 Sancti
3633 809 3759 861 Cae-

370 887 501 956 XV.,
531 884 705 940 sancti
733 881 1075 940 Landberthi
1101 882 1367 956 episcopi.
2182 908 2334 964 θαι-ᾗ,

369 985 460 1038 XII
488 985 608 1038 Kal.
616 1024 632 1052 ,
661 981 888 1054 Vigilia.

2112 1003 2175 1055 IV
2205 1003 2409 1072 Nonas,
2438 1000 2616 1056 sancti
2654 1001 2939 1056 Eustachii
2968 1001 3252 1072 martyris.

369 1078 435 1132 ΧΙ
461 1077 604 1146 Kal.,
632 1076 810 1131 sancti
835 1075 1060 1130 Mathei
1085 1076 1322 1147 apostoli
1345 1081 1402 1131 et
1421 1073 1801 1145 evangelista.

2109 1096 2175 1148 Vl
2202 1095 2352 1163 Idus,
2379 1095 2703 1150 sanctorum
2733 1099 2978 1167 quatuor
3001 1097 3429 1151 Coronatorum.

367 1171 409 1225 X
439 1170 580 1239 Ka1.,
609 1169 784 1224 sancti
814 1169 1063 1224 Mauricii
1090 1186 1222 1224 cum
1251 1170 1414 1224 sociis
1439 1169 1576 1224 suis.
2107 1189 2152 1241 ν
2180 1188 2326 1256 Idus,
2359 1188 2537 1243 sancti
2560 1189 2838 1244 Theodori
2861 1189 3144 1260 martyris_

369 1265 432 1318 ῙΧ
461 1263 606 1331 Kal»
637 1267 843 1317 δαηοῖθθ
869 1263 1046 1317 ΤεθῙεΒ
1072 1263 1329 1335 Virgini?“
1658 1355 1664 1356 ί
1843 1355 1882 1356 7
1970 1353 1980 1356 _
2106 1283 2176 1336 Ill
2205 1283 2351 1353 Idus,
2381 1283 2554 1338 sancti
2581 1283 2801 1338 Martini
2826 1283 3094 1356 episcopi.
3125 1283 3316 1338 Saueti
3347 1283 3566 1338 Mennas
3592 1297 3749 1335 mar-

367 1358 485 1412 VlII
502 1357 647 1426 Kal.,
669 1356 973 1428 Couceptio
1001 1356 1178 1412 sancti
1205 1355 1793 1427 Johannis-Baptistae.
1823 1353 2007 1424 {Equi-
2179 1375 2338 1447 tyris.

435 1451 712 1507 noctium.
823 1543 827 1544 γ
2109 1471 2257 1540 Idus,
2291 1471 2469 1524 sancti
2491 1471 2654 1526 Bricii
2681 1471 2951 1544 episcopi.

367 1545 458 1601 νη
484 1546 630 1613 Kal"
659 1543 835 1599 sane“
863 1544 1096 1599 Fimmi
1125 1545 1408 1616 martyrii}-
2104 1565 2190 1619 XV
2215 1564 2334 1619 Kal.
2363 1565 2705 1635 Decembris,
2737 1566 2913 1620 sancti
2938 1564 3143 1620 Aniani
3171 1564 3438 1637 episcopi.

367 1640 410 1692 V
447 1639 594 1710 Kal.,
627 1643 954 1693 sanctorum
979 1639 1190 1692 Cosmae
1212 1643 1268 1692 et
1297 1637 1553 1692 Damiani
1584 1640 1922 1708 martyrum.
2103 1658 2143 1711 χ
2173 1658 2315 1725 Kal”
2343 1663 2548 1713 sanctae
2573 1659 2794 1714 Ceciliae
2819 1659 3078 1730 virginis.

365 1733 437 1786 III
468 1733 613 1802 Kal.,
645 1733 819 1825 sancti
842 1732 1123 1787 Michaelis
1143 1731 1490 1802 archangeli.
2027 1803 2080 1825 ῃ
2106 1751 2166 1804 ιχ
2197 1752 2342 1819 Kal”
2372 1753 2550 1807 sancti
2575 1753 2880 1808 Clementis
2905 1753 3192 1825 martyris.

363 1825 409 1880 II
440 1826 584 1897 Kal.,
610 1824 786 1881 sancti
811 1825 1139 1896 Hieronymi
1168 1825 1506 1897 presbyteri.
2027 1803 2084 1874 B

1015 1973 1352 2029 OCTOBER.
2109 1945 2177 1999 III
2205 1944 2348 2014 Kal.,
2379 1945 2556 1999 sancti
2583 1945 2876 1999 Saturnini
2901 1945 3187 2016 martyris.
3217 1944 3442 2016 Vigilia.

367 2085 636 2143 Hebraice
675 2086 912 2149 Theseri,
962 2085 1289 2156 Epyptiace
1329 2086 1504 2148 Faosi,
1548 2083 1736 2138 Graece
1781 2082 2005 2155 yperbe-
2109 2038 2151 2092 Π
2181 2039 2324 2108 Kal"
2355 2039 2531 2094 saneti
2557 2039 2799 2095 Andreae
2827 2039 3087 2111 aposmli'

470 2186 659 2246 reteos,
692 2180 889 2235 Latine
916 2179 1157 2243 October,
1195 2178 1469 2234 Saxonice
1495 2178 1895 2247 Pinterpillith.
2739 2179 3117 2234 DECEMBER.

407 2279 561 2333 Luna
581 2275 818 2332 Octobris
846 2276 989 2328 inter
1015 2289 1213 2328 nonam
1239 2279 1291 2328 et
1317 2289 1595 2367 vesperam
1621 2272 1954 2367 accenditur.
2107 2294 2372 2350 Hebraice
2413 2296 2622 2358 Casum,
2662 2296 2986 2367 Egyptiace
3033 2296 3250 2358 Choeac’
3289 2295 3477 2351 Grace
3510 2296 3755 2366 Apaeos’

363 2370 488 2425 Kal.
528 2369 805 2438 Octobris,
843 2372 1166 2422 sanctorum
1194 2366 1459 2422 Germani
1488 2371 1543 2422 et
1570 2365 1819 2436 Remigii
1854 2363 2002 2435 epis-
2420 2389 2611 2444 Latine
2638 2363 2936 2452 Βεσὶῆξδθν,
2965 2389 3241 2446 Saxonice
3270 2391 3437 2446 muli.

435 2479 736 2534 οοΡοΙἮΠι·
2105 2481 2258 2535 Luna
2288 2479 2584 2534 Decembris
2621 2481 2764 2534 inter
2799 2495 3076 2549 vesperam
3107 2484 3158 2534 et
3201 2479 3438 2534 medium
3474 2479 3619 2534 diem
3661 2494 3752 2533 ac-

361 2557 431 2610 Vl
457 2557 660 2622 Nonas,
690 2554 867 2609 sancti
894 2552 1243 2625 Leodegarii.
2793 2551 3059 2606 scnditur.

367 2650 435 2703 IlI
464 2650 668 2718 Nonas,
698 2652 905 2703 sanctas
930 2647 1189 2702 Cristinaa
1214 2644 1471 2717 virginis.
2103 2651 2170 2705 IlI
2213 2651 2400 2705 Nonas
2457 2647 2798 2719 Decembris,
2841 2648 3121 2721 Depositio
3157 2649 3336 2704 sancti
3394 2648 3588 2720 Byrini
3637 2646 3760 2717 epi-

362 2743 554 2812 Nonis,
583 2742 759 2796 sancti
787 2741 955 2796 Marci
980 2757 1165 2812 papa,
1197 2739 1439 2795 Marcelli
1469 2743 1524 2794 et
1551 2738 1772 2812 Apulei.
2175 2743 2352 2816 scopi.

361 2837 456 2890 VII
485 2836 634 2906 Idus,
667 2837 994 2890 sanctorum
1024 2833 1295 2906 Dionysii,
1328 2833 1544 2888 Rustici
1573 2837 1629 2888 et
1667 2832 1999 2889 Eleutherii.
2106 2839 2149 2892 Il
2178 2839 2383 2905 Nonas,
2415 2836 2588 2892 sancti
2618 2836 2903 2893 Benedicti
2928 2837 3168 2893 abbatis.

363 2931 409 2984 ll
439 2930 584 3000 Idus,
613 2927 790 2984 sancti
820 2927 1022 2982 Calesti
1049 2943 1235 2998 papae.
2104 2933 2170 2986 IV
2199 2931 2347 2999 Idus,
2376 2935 2580 2986 sanctae
2607 2931 2836 2986 Eulaliae
2862 2929 3118 3003 virginis.

363 3028 475 3083 XVI
538 3028 664 3083 Kal.
712 3026 1063 3095 Novembris,
1115 3029 1319 3080 sanctas
1369 3023 1772 3096 Etheldrythae
1825 3023 2001 3096 virgi-
2104 3027 2172 3079 III
2208 3026 2355 3096 Idus,
2383 3026 2559 3080 sancti
2587 3026 2811 3080 Damasi
2842 3042 3030 3097 papas.

435 3121 544 3178 nis.
2032 3176 2076 3190 η
2109 3118 2255 3190 Idus,
2287 3119 2463 3175 sancti
2490 3119 2682 3175 Judoci
2717 3118 3070 3189 confessoris,
3098 3122 3155 3174 et
3178 3121 3383 3174 sanctae
3411 3116 3600 3174 Lucize
3627 3118 3752 3174 vir-

362 3217 450 3271 XV
472 3176 614 3285 Kal.,
637 3215 816 3270 sancti
841 3216 1002 3270 Lucas
1027 3212 1404 3284 evangelistae.
2025 3176 2080 3250 Ο
2176 3176 2345 3284 ginis.

364 3311 482 3366 VIII
509 3309 654 3378 Kal.,
685 3314 1010 3364 sanctorum
1045 3306 1288 3378 Crispini
1317 3310 1374 3361 et
1409 3304 1750 3377 Crispiniani
1785 3309 2001 3378 marty-
2101 3307 2189 3360 XII
2216 3308 2335 3362 Kal.
2361 3307 2634 3374 Januarii,
2661 3307 2840 3362 sancti
2864 3307 3096 3362 Thomaa
3125 3307 3383 3380 apostoli.

437 3420 590 3460 rum.
2103 3401 2217 3454 VIII
2243 3399 2385 3467 Kal.,
2417 3400 2684 3455 Nativitas
2705 3401 2929 3456 Domini
2955 3401 3132 3456 nostri
3157 3403 3286 3456 Jesu
3315 3401 3544 3456 Christi.

366 3499 458 3554 VII
477 3497 620 3568 Kal.,
649 3496 822 3552 sancti
845 3495 1088 3551 Amandj
1119 3493 1388 3567 episcopi.
2105 3495 2193 3548 VII
2219 3495 2360 3565 Ka1.,
2391 3494 2567 3549 sancti
2593 3494 2868 3566 Stephani
2896 3496 3352 3568 Protomartyris.

366 3593 433 3647 VI
462 3592 605 3662 Kal‘.,
637 3591 858 3663 Vigilia.
2103 3589 2168 3642 VI
2194 3589 2333 3657 Ka1.,
2364 3588 2541 3643 sancti
2562 3588 2830 3643 Johannis
2859 3591 3232 3660 evangelistm.

365 3688 409 3740 V
438 3686 583 3754 Kal.,
609 3690 933 3741 sanctorum
957 3683 1343 3756 apostolorum
1363 3681 1606 3738 Simonis
1636 3686 1693 3737 et
1716 3681 1892 3738 Iudas.
2104 3683 2144 3736 V
2170 3682 2426 3752 Kalend.,
2458 3682 2682 3737 Necatio
2708 3683 3018 3738 Infantium
3041 3701 3198 3743 cxuv
3228 3688 3423 3743 millia.

368 3783 440 3837 [Il
465 3780 608 3851 Kal.,
637 3778 928 3836 Ordinatio
948 3777 1126 3832 sancti
1153 3776 1425 3834 Swithuni
1448 3776 1716 3849 episcopi.
2105 3777 2170 3831 IV
2196 3776 2337 3846 Ka1.,
2361 3780 2566 3831 sancta:
2590 3777 2781 3832 Tibbaa
2807 3777 3067 3850 virginis.

367 3883 414 3936 ll
441 3881 586 3952 Kal.,
614 3878 794 3935 sancti
811 3877 1066 3943 Quintini
1095 3876 1360 3950 martyris
1383 3876 1608 3949 Vigilia.
2102 3875 2146 3928 II
2173 3874 2359 3930 Sancti
2381 3875 2629 3930 Silvestri
2655 3892 2834 3948 papae.

707 4233 1344 4310 MABlLLONlI
1423 4233 1924 4308 MONITUM
1999 4235 2113 4308 IN
2190 4234 2808 4329 SEQUENTES
2888 4237 3422 4313 LITANIAS.

444 4415 670 4473 Veteres
694 4414 860 4469 hasce
885 4411 1152 4479 Litanias,
1182 4425 1312 4481 quae
1341 4426 1459 4464 una
1485 4426 1614 4465 cum
1639 4409 1784 4466 libro
1809 4410 2166 4467 Psalmorum
2198 4411 2257 4466 in
2285 4411 2654 4468 membraneo
2684 4413 2885 4468 Codice
2918 4414 3279 4486 Remigianae
3315 4416 3464 4487 apud
3495 4415 3755 4470 Rhemos

374 4507 735 4564 Bibliothecae
769 4504 1154 4568 continentur,
1193 4499 1535 4571 Anglicanas
1574 4500 1760 4556 dicere
1805 4518 1921 4556 non
1959 4518 2176 4571 vereor,
2214 4519 2328 4557 non
2372 4502 2554 4557 solum
2601 4503 2672 4558 ob
2699 4505 2903 4559 veteris
2932 4504 3147 4559 Codicis
3194 4507 3547 4560 characteres
3573 4507 3753 4560 semi-

375 4597 690 4663 saxonicos,
722 4597 780 4650 et
803 4592 1035 4648 nomina
1078 4593 1403 4645 sanctorum
1441 4591 1757 4662 plurimum
1807 4592 2128 4648 Britannica
2175 4609 2275 4648 seu
2319 4593 2676 4665 Anglicana:
2722 4595 2816 4648 sed
2846 4594 3095 4649 maxime
3124 4601 3353 4667 propter
3395 4594 3568 4648 aliam
3596 4595 3760 4649 obse-

376 4689 708 4756 crationem,
741 4700 868 4757 quae
893 4680 1198 4737 adhibetur
1233 4679 1338 4736 sub
1377 4679 1550 4736 ﬁnem
1590 4682 1920 4738 litaniarum
1953 4700 1966 4738 :
2002 4686 2068 4739 Ut
2105 4685 2254 4739 Deus
2280 4685 2482 4740 clerum
2521 4689 2571 4739 et
2604 4685 2814 4756 plebem
2855 4685 3162 4755 Anglorum
3207 4701 3519 4742 conservare
3556 4685 3761 4755 digne-

378 4787 489 4837 tur.

447 4871 660 4925 Earum
689 4861 1091 4934 antiquitatem
1112 4861 1317 4933 probat
1331 4861 1390 4916 in
1412 4861 1611 4933 primis
1636 4867 1882 4919 vetustas
1908 4861 2228 4935 Remigiani
2252 4864 2470 4920 Codicis
2491 4863 2560 4918 ab
2583 4864 2748 4919 annis
2765 4880 2944 4937 prope
2973 4865 3278 4936 nongentis
3291 4864 3531 4919 exarati.
3552 4862 3773 4918 Deinde

376 4963 700 5016 sanctorum
727 4957 884 5022 aetas,
916 4968 1162 5024 quorum
1193 4952 1462 5024 suffragia
1501 4954 1891 5024 postulantur;
1940 4970 2009 5009 ex
2055 4953 2260 5026 quibus
2300 4955 2492 5009 nullus
2537 4958 2622 5009 est
2661 4954 2850 5010 medio
2877 4955 3083 5010 saeculo
3112 4971 3187 5009 vn
3211 4954 3461 5008 inferior.
3500 4953 3587 5008 Ad
3609 4953 3762 5020 haec,

374 5049 525 5122 quod
553 5044 720 5102 multi
745 5041 923 5098 sancti
947 5043 1097 5114 apud
1124 5043 1354 5115 Anglos,
1379 5043 1484 5098 sub
1511 5044 1688 5100 ﬁnem
1717 5044 1910 5099 saeculi
1939 5061 2013 5100 vn
2035 5049 2091 5099 et
2114 5045 2342 5099 initium
2371 5044 2565 5099 saeculi
2592 5061 2686 5100 Vlll
2713 5045 2962 5100 maxime
2990 5045 3254 5110 celebres,
3272 5045 3331 5098 in
3360 5044 3495 5116 ipsis
3525 5043 3762 5098 Litaniis

375 5142 740 5203 omittuntur,
766 5135 980 5189 scilicet
998 5133 1361 5204 Cuthbertus,
1386 5134 1703 5206 Wilfridus,
1725 5135 1996 5202 Aidanus,
2024 5134 2380 5204 Aldhelmus,
2408 5135 2726 5203 Ethildrita,
2745 5140 2810 5190 ut
2823 5140 3036 5190 taceam
3049 5133 3756 5200 Mellitum,Laurentium,

373 5232 696 5296 Paulinum,
725 5224 1162 5294 Columbanum,
1188 5224 1510 5296 Bisc0pum,
1539 5225 1908 5292 Ceolfridum,
1939 5224 2317 5293 Theodorum,
2347 5224 2713 5293 Hadrianum,
2737 5225 2949 5280 Bedam
2970 5229 3025 5280 et
3052 5224 3210 5279 alios.
3231 5225 3310 5278 Ex
3337 5223 3545 5294 quibus
3571 5223 3758 5277 infero

372 5324 596 5381 litanias
619 5320 754 5374 istas
782 5317 1004 5371 labente
1046 5315 1251 5369 saeculo
1286 5331 1356 5369 vn
1402 5315 1461 5369 in
1493 5316 1805 5387 Anglicana
1843 5314 2091 5370 Ecclesia
2134 5315 2373 5369 usitatas
2399 5313 2590 5370 fuisse.
2621 5316 2815 5370 Unum
2857 5315 2987 5369 huic
3016 5313 3311 5370 sententiae
3349 5312 3517 5382 objici
3543 5317 3752 5384 potest,

372 5415 652 5470 nimirum
693 5407 1078 5479 Augustinum
1115 5405 1373 5477 proximo
1415 5409 1540 5478 post
1575 5393 1911 5478 Gregorium
1933 5405 2054 5459 loco
2086 5405 2392 5460 nominari.
2421 5405 2578 5470 Quod
2606 5405 2832 5460 videtur
2858 5421 3150 5461 emanasse
3177 5421 3247 5459 ex
3271 5403 3499 5457 decreto
3529 5401 3758 5455 concilii

371 5498 872 5567 Cloveshoviensis,
901 5512 1051 5551 anno
1073 5497 1174 5550 747
1203 5496 1488 5566 celebrati,
1508 5497 1567 5550 in
1589 5497 1750 5567 cujus
1763 5495 2009 5566 capitulo
2036 5499 2099 5548 i7
2125 5496 2500 5550 constitutum
2527 5500 2630 5564 est,
2661 5501 2722 5551 ut
2749 5497 2864 5551 dies
2889 5496 3234 5567 depositionis
3255 5495 3430 5548 sancti
3455 5492 3764 5561 Augustini

371 5591 776 5663 archiepiscopi,
807 5587 909 5660 qui
937 5587 1008 5642 ad
1039 5590 1269 5658 gentem
1293 5588 1608 5658 Anglorum
1633 5603 1666 5640 a
1695 5585 1966 5658 Gregorio
1991 5585 2411 5658 praedicationis
2432 5587 2614 5658 gratia
2639 5586 2843 5642 missus
2862 5590 2963 5652 est,
2987 5585 3058 5639 ab
3080 5585 3444 5639 ecclesiasticis
3469 5587 3521 5636 et
3559 5597 3754 5635 mona-

373 5680 682 5736 sterialibus
705 5680 939 5744 feriatus
977 5677 1282 5743 haberetur;
1314 5677 1435 5746 ejus
1459 5692 1668 5731 nomen
1688 5679 1745 5731 in
1767 5678 1976 5731 (itania
2001 5676 2375 5732 decantatione
2392 5681 2515 5748 post
2541 5680 2722 5732 sancti
2743 5677 2990 5746 Gregorii
3007 5677 3335 5730 vocationem
3353 5687 3562 5744 semper
3609 5671 3758 5725 dice-

373 5776 543 5824 retur.
567 5769 683 5837 Ego
709 5781 841 5818 vero
869 5767 1112 5819 concedo
1141 5771 1396 5820 sanctum
1424 5767 1828 5836 Augustinum,
1852 5766 2029 5837 quiin
2057 5765 2338 5838 prsedictis
2366 5767 2576 5822 litaniis
2599 5770 2972 5836 memoratur,
2995 5781 3112 5820 non
3139 5780 3259 5819 esse
3279 5778 3559 5833 magnum
3579 5760 3752 5814 illum

377 5857 636 5910 Ecclesiae
673 5855 982 5922 doctorem,
1015 5855 1107 5910 sed
1153 5855 1327 5909 alium
1370 5857 1788 5929 cognominem,
1820 5856 2072 5928 Gregorii
2114 5857 2301 5927 Magni
2341 5856 2705 5928 discipulum,
2737 5860 2794 5910 et
2839 5855 3156 5925 Anglorum
3200 5851 3538 5927 apostolum,
3568 5865 3748 5924 quem
