4006 6238
207 395 303 444 625
1351 385 1649 442 VETERES
1688 385 1976 442 LlTANUE
2014 345 2430 443 ANGLlGANIE.
3473 389 3574 444 626

202 499 257 553 in
289 495 501 553 litaniis
528 492 851 567 Anglicanis
877 493 1148 550 omissum
1176 492 1347 550 fuisse
1370 510 1733 566 nequaquam
1758 493 2062 549 verisimile
2091 499 2194 550 est.
2222 497 2294 550 At
2319 491 2463 549 nihil
2489 496 2637 549 vetat
2667 491 3048 565 Augustinum
3089 494 3242 552 hunc
3265 496 3471 553 saaculo
3498 513 3574 555 vn

205 589 261 644 in
295 586 537 659 publicis
564 585 775 642 litaniis
799 586 948 657 apud
975 586 1272 657 plerasque
1301 584 1620 655 Anglorum
1652 584 1921 640 Ecclesias
1947 585 2269 640 invocatum
2297 585 2488 653 fuisse,
2515 583 2736 639 tametsi
2765 585 2990 640 nullum
3020 586 3142 656 ejus
3168 586 3248 641 rei
3283 587 3576 644 decretum

203 676 597 752 praecessisset.
629 675 715 729 Sic
743 675 896 730 enim
923 675 981 729 in
1022 673 1282 730 Ecclesiae
1319 674 1521 729 ritibus
1559 691 1667 729 usu
1693 674 1884 729 venire
1926 674 2084 743 solet,
2114 680 2178 729 ut
2207 675 2361 747 quod
2390 674 2548 746 prius
2574 674 2636 728 in
2665 673 3007 745 quibusdam
3033 677 3293 732 Ecclesiis
3332 695 3572 750 usurpa-

205 774 321 824 tum
357 773 462 835 est,
498 765 786 822 communi
815 766 947 821 dein
989 765 1383 836 episcoporum
1423 765 1649 820 decreto
1693 764 2082 834 conﬁrmetur,
2112 765 2328 836 totique
2356 764 2457 820 uni
2493 764 2800 836 provincias
2839 765 2952 820 sive
2991 782 3168 838 regno
3203 768 3575 840 approbetur.

203 859 455 930 Denique
483 857 656 913 etiam
685 855 960 928 permisso
988 855 1141 910 hunc
1185 854 1506 926 Augustino
1555 856 1744 910 locum
1773 855 1833 910 in
1861 855 2167 926 prmmissis
2197 853 2404 909 litaniis
2428 854 2708 910 tributum
2737 854 2907 911 fuisse
2935 856 3007 910 ob
3034 857 3326 912 decretum
3353 857 3576 913 concilii

204 947 699 1015 Cloveshoviensis,
728 962 941 1017 repono
967 945 1023 999 id
1048 945 1190 1000 nihil
1221 945 1520 1000 detrahere
1551 946 1884 1000 earumdem
1926 945 2253 1001 litaniarum
2292 945 2632 1016 antiquitati,
2672 950 2842 1016 prout
2880 962 2914 999 a
2952 962 3044 1002 me
3070 947 3330 1018 superius
3358 951 3574 1004 asserta

200 1044 296 1093 est.
329 1039 472 1093 Cum
503 1037 656 1092 enim
682 1036 923 1107 scriptor
947 1035 1308 1090 amanuensis
1334 1040 1551 1091 veteres
1577 1036 1800 1091 litanias
1826 1036 2030 1090 saeculo
2056 1051 2129 1090 vn
2161 1035 2393 1090 usitatas
2429 1036 2598 1106 paulo
2622 1040 2750 1106 post
2777 1036 3082 1092 concilium
3106 1037 3572 1093 Cloveshoviense

201 1128 563 1196 describeret,
596 1126 676 1181 nil
702 1126 914 1180 mirum
934 1125 979 1179 si
1007 1125 1392 1197 Augustinum
1422 1130 1544 1197 post
1568 1126 1904 1198 Gregorium
1930 1124 2253 1194 inseruerit,
2277 1124 2501 1179 concilii
2522 1128 2732 1180 statuto
2757 1127 2861 1181 hac
2880 1125 2939 1181 in
2959 1143 3020 1182 re
3039 1126 3357 1182 obsecutus.
3380 1127 3576 1199 Neque

198 1234 295 1289 par
319 1222 403 1272 est
427 1217 574 1272 ratio
601 1217 670 1271 de
699 1216 1032 1283 Cuthberto,
1074 1215 1324 1286 aliisque
1350 1216 1751 1271 celebrioribus
1777 1216 1981 1271 sanctis
2007 1215 2267 1287 superius
2294 1214 2530 1269 laudatis
2558 1232 2571 1269 :
2604 1214 2701 1286 qui
2728 1216 2831 1270 etsi
2855 1216 3082 1288 publico
3108 1220 3232 1272 tum
3267 1217 3425 1272 cultu
3464 1217 3570 1272 ho-

201 1311 557 1374 norarentur,
585 1307 742 1360 nulla
767 1311 957 1361 tamen
983 1306 1308 1377 Anglicanas
1337 1297 1592 1360 Ecclesia:
1620 1307 1709 1362 lex
1736 1307 2114 1378 excriptorem
2140 1305 2331 1377 adegit
2365 1308 2428 1361 ut
2455 1305 2688 1362 vetustis
2728 1322 2792 1360 ac
2829 1306 3049 1379 pridem
3085 1307 3323 1380 receptis
3359 1305 3571 1363 litaniis

197 1397 536 1454 recentiores
563 1399 780 1451 sanctos
809 1412 911 1466 pro
931 1395 1164 1451 arbitrio
1190 1411 1291 1450 suo
1319 1395 1645 1452 ascriberet.

263 1497 343 1550 Ex
371 1495 460 1550 his
496 1511 666 1566 porro
693 1494 1107 1548 validissimum
1147 1498 1556 1566 argumentum
1597 1511 1702 1566 pro
1749 1493 2127 1548 Benedictinae
2160 1495 2370 1566 regulae
2396 1494 2455 1549 in
2488 1495 2691 1566 Anglia
2730 1495 3157 1568 propagatione,
3185 1513 3314 1569 quae
3345 1495 3571 1552 invictis

195 1585 416 1640 aliunde
448 1583 784 1639 testimoniis
813 1585 1197 1639 demonstrata
1227 1588 1332 1651 est,
1367 1584 1602 1638 deduco.
1625 1583 1915 1656 Siquidem
1945 1583 2003 1638 in
2032 1583 2271 1655 publicis
2300 1583 2625 1655 Anglicanae
2651 1585 2913 1640 Ecclesiae
2943 1585 3152 1641 litaniis
3177 1602 3324 1640 unus
3351 1602 3418 1641 ex
3446 1602 3569 1641 om-

193 1675 353 1729 nibus
381 1675 708 1728 monasticae
741 1674 866 1729 vitae
893 1675 1309 1728 institutoribus
1335 1673 1539 1728 sanctis
1569 1673 1837 1728 laudatur
1868 1674 2223 1743 Benedictus,
2257 1691 2372 1729 non
2399 1674 2696 1744 Antonius,
2727 1692 2844 1729 non
2876 1675 3230 1745 Pachomius,
3264 1692 3379 1730 non
3411 1677 3564 1732 Basi-

189 1765 313 1830 lius,
341 1781 458 1818 non
485 1764 852 1834 Augustinus,
884 1780 1000 1819 non
1028 1764 1326 1833 Caesarius,
1354 1780 1468 1818 non
1499 1763 1793 1835 Equitius,
1826 1780 1946 1818 non
1965 1763 2326 1831 Aurelianus,
2357 1781 2473 1819 non
2497 1765 2744 1836 denique
2764 1765 3167 1820 Columbanus.
3197 1766 3350 1820 Unde
3375 1782 3568 1822 conse-

195 1870 369 1926 quens
398 1859 504 1922 est,
534 1854 738 1908 saeculo
765 1871 842 1908 vu
869 1854 1161 1909 desinente
1190 1854 1318 1909 vitae
1347 1853 1672 1908 monasticae
1702 1853 2064 1908 fundatorem
2083 1854 2233 1925 apud
2261 1854 2472 1925 Anglos
2498 1871 2682 1909 unum
2707 1854 2954 1910 audiisse
2993 1854 3378 1924 Benedictum,
3407 1855 3570 1927 cujus

197 1960 395 2015 nempe
422 1945 684 2016 regulam
707 1944 1058 2015 Augustinus
1080 1945 1138 1998 in
1159 1961 1285 1999 eam
1314 1944 1555 1999 insulam
1584 1944 1896 2000 invexerat.
1927 1943 2152 1999 Accedit
2172 1945 2322 2016 quod
2348 1944 2404 1998 in
2429 1944 2592 1999 dictis
2611 1944 2818 1999 litaniis
2839 1945 3014 2000 sancti
3043 1944 3329 2000 Benedicti
3358 1961 3569 2001 nomen

193 2034 274 2089 bis
298 2035 478 2105 repeti
506 2034 914 2104 praescribitur,
957 2051 1166 2106 magna
1214 2051 1348 2090 sane
1379 2035 1682 2106 singularis
1712 2034 1949 2090 honoris
1987 2052 2052 2089 ac
2093 2035 2470 2090 venerationis
2495 2035 2872 2106 prerogativa,
2905 2052 3034 2107 quae
3063 2034 3205 2090 nulli
3229 2033 3324 2090 alii
3347 2038 3564 2102 sancto,

193 2128 570 2196 praeterquam
597 2130 788 2178 sancto
819 2125 1107 2195 Stephano
1135 2130 1191 2179 et
1213 2125 1391 2180 beatae
1421 2125 1603 2179 Mariae
1630 2125 1838 2197 virgini
1865 2141 2046 2196 usque
2071 2125 2240 2180 tertio
2265 2125 2504 2179 laudatae
2533 2141 2792 2180 concessa
2825 2129 2927 2180 est.
2962 2125 3058 2179 Hic
3078 2140 3211 2180 vero
3237 2129 3352 2180 tam
3374 2125 3572 2196 singu-

189 2213 315 2269 laris
342 2214 519 2268 sancti
551 2213 834 2269 Benedicti
862 2214 1014 2286 apud
1049 2215 1260 2285 Anglos
1298 2215 1484 2269 cultus
1513 2215 1631 2270 sine
1655 2214 1826 2270 dubio
1857 2213 2130 2288 processit
2153 2231 2222 2269 ex
2247 2214 2736 2270 commendatione
2773 2218 2891 2270 tam
2918 2214 3194 2286 Gregorii,
3239 2231 3414 2287 quam
3441 2216 3558 2269 Au-

193 2304 422 2375 gustini,
453 2303 553 2376 qui
583 2304 752 2359 ambo
782 2309 1054 2368 sanctum.
1071 2305 1438 2361 Benedictum
1467 2310 1880 2378 praeceptorem
1909 2322 1973 2360 ac
2000 2305 2384 2361 institutorem
2411 2321 2580 2360 suum
2603 2308 2958 2375 venerantes,
2989 2305 3259 2362 eumdem
3287 2303 3392 2360 sibi
3420 2305 3555 2360 sub-

195 2393 318 2450 ditis
346 2393 609 2449 affectum
640 2393 1008 2465 inspirarunt.

259 2495 450 2564 Neque
479 2493 590 2547 dici
615 2496 799 2564 potest
832 2493 1217 2565 Augustinum
1252 2494 1362 2549 alia
1387 2511 1560 2566 quam
1587 2494 1760 2549 sancti
1792 2493 2076 2550 Benedicti
2104 2493 2300 2566 regula
2333 2493 2392 2549 in
2419 2494 2718 2549 Andreano
2746 2493 3000 2566 Gregorii
3024 2493 3280 2550 coenobio
3295 2493 3566 2551 infama-

195 2588 310 2638 tum
338 2583 535 2650 fuisse,
577 2583 672 2637 sed
710 2587 902 2639 tamen
942 2583 993 2638 ei
1035 2584 1106 2638 ad
1143 2585 1357 2656 Anglos
1407 2585 1465 2639 in
1507 2584 1854 2639 Britanniam
1879 2583 2111 2640 abeunti
2157 2584 2496 2655 Gregorium
2531 2584 2940 2656 prmscripsisse
2976 2588 3040 2639 ut
3065 2585 3244 2640 sancti
3276 2585 3562 2641 Benedicti

192 2674 443 2746 regulam
473 2675 534 2728 in
567 2673 921 2729 monasteriis
959 2673 1302 2730 institueret.
1342 2676 1482 2730 Nam
1519 2681 1902 2748 praeterquam
1929 2675 2083 2746 quod
2111 2675 2217 2730 hoc
2239 2673 2414 2746 gratis
2435 2679 2492 2730 et
2517 2673 2638 2730 sine
2661 2675 3035 2730 fundamento
3063 2675 3459 2745 adduceretur,
3497 2692 3563 2730 ac

190 2764 430 2818 naturali
476 2763 870 2818 consecutione
914 2765 1171 2835 legitime
1203 2765 1403 2820 inferri
1447 2765 1649 2821 debeat
1690 2765 2072 2837 Augustinum
2116 2782 2232 2820 non
2273 2765 2589 2820 secundum
2632 2765 2803 2819 aliam
2853 2781 3026 2837 quam
3067 2781 3196 2836 quae
3234 2764 3305 2818 ab
3338 2763 3460 2836 ipso
3500 2765 3560 2819 in

189 2854 385 2925 Anglia
402 2859 722 2924 propagata
741 2858 824 2908 est
849 2855 1109 2925 regulam
1136 2854 1195 2908 in
1208 2854 1466 2910 coenobio
1487 2855 1837 2928 Gregoriano
1856 2855 2078 2923 vixisse,
2096 2855 2238 2910 illud
2253 2859 2524 2926 praeterea
2544 2855 2651 2909 hoc
2667 2859 3006 2926 argumento
3021 2851 3359 2908 validissime
3380 2853 3562 2909 revin-

190 2943 351 3011 citur,
381 2944 538 3015 quod
567 2945 612 2998 si
637 2944 813 2998 alium
836 2961 869 2998 a
904 2950 1093 2999 sancto
1124 2945 1426 3000 Benedicto
1461 2946 1588 3000 vita».
1627 2946 1902 3018 religione
1940 2946 2328 3000 institutorem
2355 2947 2551 3000 Romae
2579 2945 2869 2999 habuisset
2897 2944 3270 3016 Augustinus.
3299 2943 3554 3014 ejusdem

192 3033 269 3102 (ut
299 3033 376 3102 fit)
407 3034 627 3089 cultum
652 3050 715 3088 ac
736 3034 1158 3090 venerationem
1177 3035 1350 3090 etiam
1376 3037 1528 3108 apud
1545 3037 1754 3107 Anglos
1779 3053 1894 3091 non
1911 3035 2270 3108 neglexisset.
2299 3035 2457 3100 Quod
2478 3039 2635 3106 puto,
2659 3035 2821 3089 facile
2849 3034 3161 3088 concedent
3185 3031 3334 3103 aequi
3360 3048 3553 3086 rerum

188 3109 574 3178 aestimatores.
605 3124 748 3179 Cum
776 3140 913 3196 ergo
927 3125 1076 3180 inter
1093 3126 1222 3180 vita)
1240 3127 1571 3181 monasticae
1592 3130 1849 3181 auctores
1866 3126 2035 3181 unius
2053 3125 2230 3181 sancti
2253 3125 2534 3181 Benedicti
2563 3125 2778 3179 cultum
2797 3123 3122 3195 Anglicanis
3141 3122 3398 3178 Ecclesiis
3415 3138 3558 3194 pras-

190 3213 491 3282 scripserit,
534 3213 618 3268 uti
672 3227 729 3269 et
773 3215 1031 3286 regulam
1065 3215 1439 3281 monasteriis,
1469 3217 1658 3270 nullus
1689 3216 1814 3286 jam
1840 3215 2176 3270 dubitationi
2200 3215 2352 3270 locus
2377 3215 2721 3286 relinquitur
2747 3229 2879 3268 eum
2905 3212 3009 3267 sub
3037 3211 3234 3266 eadem
3272 3211 3556 3267 Benedicti

189 3303 381 3372 regula
406 3304 606 3358 Romae
631 3304 771 3359 duce
801 3305 1073 3375 Gregorio
1090 3305 1379 3360 militasse.
1402 3307 1530 3360 Haec
1559 3305 1819 3376 dixerim,
1848 3323 1967 3360 non
1994 3306 2184 3360 animo
2211 3304 2509 3360 revocandi
2533 3303 2970 3358 controversiam
2984 3303 3106 3374 jam
3133 3301 3265 3356 satis
3283 3302 3406 3356 fuse
3431 3301 3555 3372 agi-

185 3395 372 3459 tatam,
405 3393 508 3446 sed
537 3392 854 3448 illustrandi
882 3399 1289 3464 argumentum
1309 3396 1460 3467 quod
1491 3412 1557 3450 ex
1583 3395 1675 3451 his
1702 3395 1914 3450 litaniis
1943 3395 2190 3451 strictius
2215 3413 2280 3449 ac
2307 3394 2534 3449 brevius
2563 3393 2623 3448 in
2650 3392 3038 3448 dissertatione
3058 3409 3187 3448 mea
3212 3392 3467 3464 exposui.

254 3490 325 3544 De
364 3490 496 3544 aliis
530 3492 754 3560 sanctis,
799 3492 895 3564 qui
933 3493 992 3547 in
1028 3493 1119 3547 his
1152 3493 1361 3548 litaniis
1393 3499 1806 3561 memorantur,
1847 3494 2132 3566 plerisque
2172 3494 2290 3548 fere
2333 3493 2559 3565 ignotis,
2591 3493 2756 3564 plura
2781 3491 2876 3546 hic
2917 3491 3213 3545 observare
3237 3506 3354 3546 non
3373 3494 3552 3544 vacat.

188 3578 321 3634 lllud
348 3585 576 3636 tantum
597 3581 848 3648 adverto,
874 3583 1268 3638 Columcillum
1293 3600 1426 3640 eum
1453 3601 1592 3654 esse,
1624 3585 1722 3657 qui
1749 3584 2020 3640 Columba
2043 3584 2356 3640 Hiiensium
2382 3583 2556 3638 abbas
2596 3582 2725 3649 fuit,
2757 3585 2812 3636 et
2855 3585 3107 3636 sanctam
3142 3580 3513 3652 Margaretam
3538 3620 3554 3647 ,

185 3669 335 3738 cujus
358 3671 420 3725 in
453 3670 542 3725 his
563 3671 815 3742 partibus
843 3688 960 3727 non
983 3673 1123 3729 adeo
1151 3674 1385 3746 antiqua
1409 3674 1688 3732 memoria
1715 3673 2031 3743 videbatur,
2059 3674 2119 3729 in
2147 3672 2452 3746 praemissis
2474 3672 2684 3728 litaniis
2713 3672 2902 3727 locum
2927 3669 3157 3725 habere.

381 3977 1205 4110 VETERES
1339 3981 2130 4112 LITANI/E
2257 3906 3345 4113 ANGLICAN/E

1371 4175 1427 4238 A
1486 4173 1728 4238 MILLE
1789 4173 2030 4239 ANNIS
2092 4172 2371 4240 ΕΒΙΤᾸΞ.

1534 4293 1758 4364 (Mabill.
1785 4295 1907 4352 Vet.
1938 4293 2198 4366 analect.)

1639 4425 2089 4440 ﬁ

181 4513 361 4594 ιξξτῖες
389 4513 624 4594 ειεὲεςωο
1349 4520 1404 4594 ξ.
1445 4518 1688 4594 ᾼηάςθει,
2283 4523 2413 4594 ora.
2484 4520 2539 4594 ξ.
2579 4517 2721 4594 ne,
3421 4518 3550 4594 ρει.

183 4583 422 4656 Christe,
450 4587 680 4642 eleison.
1350 4590 1405 4645 8.
1445 4583 1683 4656 Jacobe,
2284 4593 2414 4647 Ora.
2481 4590 2538 4646 8.
2578 4583 2885 4655 Philimon,
3263 4637 3273 4642 .
3422 4589 3550 4644 Ora.

183 4655 416 4726 Christe,
446 4657 580 4712 audi
605 4675 730 4713 nos.
1350 4662 1405 4717 S.
1445 4655 1707 4730 Joannes,
2284 4663 2414 4717 Ora.
2483 4662 2537 4716 8.
2579 4661 2854 4727 Clemens,
3419 4659 3530 4715 Ora

187 4735 422 4810 Christe,
455 4737 588 4810 audi
613 4755 738 4793 nos.
1447 4733 1682 4810 Thoma,
2283 4733 2415 4810 Qra.
2580 4731 2770 4810 S‘yxte,
3418 4730 3529 4810 Qra

185 4801 420 4874 Christe,
451 4808 585 4862 audi
610 4825 732 4864 nos.
1349 4803 1404 4858 S.
1444 4803 1663 4872 Jacobe,
2285 4805 2413 4858 Ora.
2487 4802 2546 4874 S.
2588 4801 2761 4868 Felix,
2829 4869 2839 4874 Α
3419 4801 3528 4874 Ora

185 4877 380 4953 Sancta
404 4873 595 4953 Maria,
626 4897 723 4936 ora
743 4899 846 4953 pro
875 4882 1058 4938 nobis.
1442 4875 1718 4953 ξιιὶιξρρθ,
2288 4875 2416 4953 91‘3-
2579 4873 2866 4953 Eanrepti.
3420 4873 3529 4953 9m

186 4949 382 5024 Sancta
407 4942 598 5024 Maria,
743 4942 762 4953 ⁵
1146 4953 1278 5008 Ora.
1350 4946 1405 5024 ξ.
1442 4942 1883 5024 Bartholomaau,
2288 4947 2416 5024 ραι.
2579 4942 2823 5024 Corneli,
3419 4943 3530 5024 Qra

186 5019 382 5076 Sancta
405 5015 598 5085 Maria,
1151 5024 1281 5079 ora.
1352 5019 1405 5094 8.
1446 5017 1734 5094 ῌξιμὶιωιι,
2285 5017 2416 5094 Qra.
2581 5015 2883 5094 Cypriane,
3419 5015 3530 5094 ραι

557 5116 631 5168 De
666 5114 896 5184 angelis.
1350 5089 1405 5144 S.
1446 5089 1607 5157 Juda,
2285 5089 2416 5144 Ora.
2485 5087 2541 5142 S.
2582 5087 2927 5167 Sebastiane,
3420 5087 3551 5142 ora.

626 5203 640 5215 .
1027 5202 1076 5215 ..
1350 5160 1404 5215 S.
1447 5159 1720 5215 Barnaba.
2289 5159 2416 5214 Ora.
2485 5158 2540 5214 8.
2580 5158 2826 5212 Gervasi.
3421 5157 3551 5212 Ora.

185 5199 382 5286 Sancte
409 5201 663 5286 yichae‘l,
693 5219 794 5258 ora
811 5218 918 5274 pro
944 5202 1130 5259 nobis.
1153 5274 1188 5286 Α
3423 5196 3553 5212 ww

407 5273 653 5372 ξεξξξιςξς
1148 5274 1280 5372 ρῑὲο
1351 5303 1556 5357 omnes
1596 5274 1772 5357 δεξιαί
1809 5299 1966 5356 chori
2004 5301 2413 5372 apostolorum,
2483 5300 2539 5372 s.
2581 5269 2859 5372 νίηοεηεί,
3423 5297 3553 5372 9m-

185 5315 379 5395 ‘S""““'
411 5315 656 5399 ““““"‘i
1152 5315 1280 5329 ν··”⁶
1351 5315 1556 5357 umnes
1596 5315 1772 5357 sancti
1809 5315 1966 5356 cnori
2004 5315 2413 5372 apostotorum,
2483 5315 2539 5356 δ.
2588 5315 2859 5369 Vincenti,
3423 5315 3553 5352 ura.

185 5348 383 5446 ηῗὲξῗ
407 5344 635 5446 ΒῗΡΡὲῗ
665 5387 864 5446 ’.ποις
964 5418 1116 5446 -..ιη
1149 5346 1282 5446 035‘;
1422 5379 1576 5430 orate
1603 5390 1707 5446 pro
1729 5373 1911 5428 nobis-
2483 5371 2538 5446 ξι
2579 5370 2808 5446 Georgia
3421 5367 3554 5446 ρων

185 5411 386 5522 Omnis
455 5411 630 5470 sancti
667 5411 890 5487 angeli,
963 5418 1116 5472 orate
1178 5434 1284 5489 pro
1422 5411 1576 5430 "ww
1604 5411 1707 5446 tu"
1729 5411 1911 5428 “ww.
1980 5488 2008 5522 λ

256 5502 328 5522 nn
372 5502 416 5522 ιιι
1640 5495 1709 5522 nn
1740 5490 1978 5522 mannis-1n.
2013 5503 2076 5522 om
2486 5514 2515 5522 ..
2577 5515 2624 5522 _-
2790 5511 2800 5520 ι
3426 5508 3466 5522 Λ

256 5485 435 5540 nobis.
578 5557 586 5568 .
713 5558 726 5569 .
767 5485 785 5487 ’
909 5559 938 5569 η
1100 5560 1132 5569 Α
1178 5485 1219 5569 ἰ
1635 5495 1709 5547 De
1740 5506 1838 5546 ma:

1975 5488 2098 5544 ’διιεο
2483 5485 2544 5569 ἕξ
2577 5485 2834 5569 ᾗὲιιῖἱὲἶέἷῖ
3423 5485 3557 5562 ὄνειί

185 5555 390 5682 ἓξὲξ
415 5557 993 5656 δωθίίβτθὴθίῖεθίίῃ
1094 5560 1281 5639 ora“?
1347 5591 1546 5647 Sancte
1591 5588 1872 5660 Stephane
1886 5551 2157 5658 v(bis),ora
2189 5603 2294 5657 pro
2322 5603 2421 5643 no-
2577 5551 2826 5648 Vici???

442 5634 623 5684 sancti
672 5631 830 5685 chori
883 5645 1088 5686 novem
1140 5629 1286 5684 ordi-
1421 5661 1584 5686 κω-
2484 5656 2518 5686 ε
2587 5657 2822 5686 ιηοππο.
3427 5650 3535 5686 οη.

612 5650 830 5719 ᾍῨΠΟΠ
883 5650 1286 5719 “Ovemn‘fFE‘F'
1421 5661 1606 5715 nobis.
1684 5650 1705 5660 ’
1906 5650 1915 5658 ’
2000 5650 2034 5658 ”
2191 5650 2208 5657 ’
2484 5656 2540 5710 8.
2581 5657 2843 5719 Joannes,
3427 5650 3562 5703 Ora.

255 5714 393 5752 num
419 5701 750 5798 ccelestium,
797 5796 804 5798 Δ
846 5793 884 5798 Π
1095 5700 1282 5756 Orate.
1350 5700 1614 5798 S.
2287 5730 2415 5784 οη,
2581 5700 2843 5798 RES,”

539 5795 614 5847 De
650 5793 926 5864 apostolis.
1353 5805 1408 5860 s,
1448 5789 1652 5874 Marce,

2287 5799 2416 5874 Qra.
2585 5789 2908 5874 Bonatiane,
3429 5789 3563 5874 ραι.

193 5877 591 5958 SanctePetre,
620 5859 718 5939 ora
743 5900 848 5958 pro
877 5882 1056 5940 nobis.
1161 5949 1192 5958 Α
1446 5859 1721 5958 Barnaba,
2287 5869 2418 5958 (ἐξὲξ.
2585 5863 2912 5958 quatiiue,

195 5927 591 6026 Si’iiéﬁié,""’
621 5927 718 5939 W-
743 5927 848 5958 ΓΝ
877 5927 1056 5940 mw.
1155 5949 1284 6008 Ora.
1352 5927 1408 6005 8.
1446 5927 1788 6013 'l‘imothaéu,
2287 5938 2416 5998 Ora.
2487 5937 2548 5995 S.
2587 5927 2908 6012 Agistine,
3427 5927 3570 5990 Ora.
