4006 6238
144 295 241 347 629
1240 289 1294 343 S.
1335 286 1711 345 DOINOLUS.
1752 317 1820 331 --
1860 287 1945 347 DE
1982 290 2036 347 S.
2078 288 2415 350 DOMNULO.

1329 419 1453 475 Haec
1479 418 1653 474 oratio
1670 420 1798 490 post
1825 417 2080 476 h‘taniam
2104 422 2341 478 canitur.

209 526 527 600 Magnificis
559 526 933 600 miriﬁcisque
980 525 1339 583 orationibus
1374 530 1547 599 atque
1600 525 1826 583 meritis
1881 530 2302 585 recensitorum
2340 530 2825 602 patriarcharum,
2870 533 3285 607 prophetarum
3343 541 3516 611 atque

147 619 561 690 apostolorum,
586 617 1089 690 plurimorumque
1121 620 1465 690 martyrum,
1494 618 1584 673 vel
1610 618 1947 684 electorum,
1972 623 2144 692 atque
2172 621 2571 677 confessorum
2594 622 2881 691 omnium,
2915 624 3165 695 petimus
3185 629 3242 682 et
3260 644 3515 697 oramus,

148 714 203 764 ut
229 708 732 780 quemadmodum
760 725 962 765 eorum
992 708 1233 765 nomina
1255 709 1344 762 vel
1370 709 1719 765 memoriam
1744 709 1804 764 in
1836 710 1943 764 hoc
1970 711 2176 766 saeculo
2207 728 2537 768 memorare
2565 715 2623 767 et
2659 712 2903 769 recitare
2933 713 3393 786 frequentamus,
3436 718 3519 774 ita

150 804 314 871 atque
344 798 456 870 ipsi
483 816 600 870 pro,
630 799 798 855 nobis
834 799 894 854 in
943 799 1139 871 regnis
1182 799 1505 855 ccelestibus
1543 800 1874 855 aﬂ'ectuales
1916 817 1981 854 ac
2020 800 2270 872 privatas
2318 818 2517 873 preces
2564 802 2809 859 fundere
2851 802 3185 876 dignentur,
3232 810 3359 862 uta
3400 809 3516 865 Deo

146 889 367 943 veniam
396 892 457 943 et
488 889 915 960 indulgentiam
946 889 1259 962 impetrare
1299 893 1472 962 atque
1514 890 1799 957 obtinere,
1832 894 1892 945 et
1928 907 2132 947 eorum
2170 891 2619 948 desiderandam
2657 897 2716 948 et
2745 893 3138 966 aspiciendam
3168 896 3421 969 speciem
3459 903 3520 953 et

152 978 393 1050 gloriam
420 978 482 1033 in
512 997 696 1052 regno
721 981 823 1037 Dei
852 981 1069 1050 videre,
1101 984 1160 1037 et
1186 981 1554 1053 congaudere
1584 998 1939 1049 mereamur,
1968 985 2279 1055 praestante
2307 984 2555 1039 Domino
2587 987 2785 1040 nostro
2836 986 2969 1041 Jesu
3010 985 3256 1056 Christo,
3308 988 3399 1044 cui
3432 990 3520 1045 est

148 1072 347 1138 honor,
371 1073 433 1125 et
457 1074 731 1143 potestas,
763 1075 823 1127 et
845 1072 1157 1144 imperium
1187 1089 1303 1128 una
1332 1088 1466 1130 cum
1491 1074 1658 1130 Patre
1679 1076 1854 1148 atque
1886 1072 2102 1147 Spiritu
2133 1076 2330 1130 sancto
2351 1073 2414 1131 in
2445 1076 2656 1132 saacula
2680 1077 3044 1133 saeculorum.
3073 1078 3281 1133 Amen.

3417 301 3521 357 630

150 1246 3516 1301 m

1442 1457 1610 1506 ANNO
1673 1456 1890 1505 DOMINI
1954 1456 2223 1506 DLXXVI.

417 1612 1567 1821 SANCTUS
1750 1615 3261 1850 DOMNOLUS,

884 1922 1619 2039 EPISCOPUS
1717 1924 2793 2039 CENOMANENSIS.

495 2279 791 2423 DE
930 2277 1840 2426 SANCTO
1988 2277 3181 2447 ooMNoLo,
3264 2222 3331 2440 ί

991 2503 1411 2593 EPISCOPO
1478 2504 2127 2613 CENOMANENSI,
2184 2505 2279 2592 IN
2348 2504 2694 2594 GALLIA.

1594 2671 1695 2741 (Ex
1731 2668 2071 2741 Bollandio.)

354 2940 385 3015 §
414 2944 456 2997 Ι.
498 2944 629 2999 Vita
649 2944 876 3013 scripta,
907 2942 1081 2997 cultas
1105 2955 1278 3007 sacer,
1304 2941 1567 3012 reliquie.

223 3038 268 3090 1.
300 3037 456 3091 Inter
486 3036 785 3108 episcopos
813 3037 1278 3092 Cenomanenses
1303 3036 1363 3090 in
1389 3035 1571 3091 Gallia
1596 3052 1784 3091 nonus

154 3130 388 3185 habetur
408 3134 643 3186 sanctus
662 3131 993 3198 Domnolus,
1019 3130 1133 3185 sive
1155 3130 1468 3198 Donnolus,
1492 3130 1653 3201 cujus
1673 3131 1785 3185 for-

154 3224 226 3279 tia
242 3225 389 3280 facta
399 3229 461 3280 et
475 3226 751 3297 praeclara
760 3226 1023 3296 trophaaa
1044 3241 1174 3297 quae
1191 3224 1349 3280 novit
1363 3241 1466 3280 sua
1476 3227 1646 3280 aetate
1658 3241 1785 3297 per-

154 3322 384 3389 petrata,
418 3320 633 3392 scripto
663 3310 897 3392 reliquit
925 3322 1128 3375 auctor
1146 3318 1306 3388 Vitta,
1340 3318 1439 3391 qui
1465 3336 1599 3373 cum
1624 3335 1693 3375 eo
1721 3319 1782 3375 in

156 3413 253 3468 hac
274 3414 401 3470 vitae
423 3414 691 3470 mortalis
714 3414 1188 3485 peregrinatione
1216 3413 1531 3485 plurimum
1560 3430 1620 3468 se
1651 3430 1784 3469 con-

156 3512 431 3564 versatum
446 3525 571 3564 esse
585 3511 828 3564 testatur
843 3507 900 3562 in
918 3509 1180 3580 prologo,
1197 3507 1491 3580 additque,
1508 3525 1671 3563 num.
1694 3511 1779 3577 10,

157 3592 212 3656 se
238 3619 443 3659 caecum
458 3604 584 3675 ejus
602 3603 826 3658 meritis
844 3602 1236 3657 illuminatum
1254 3602 1463 3674 saepius
1472 3602 1678 3658 vidisse
1701 3605 1784 3657 at-

161 3712 263 3766 que
294 3698 359 3753 ab
386 3699 487 3753 illo
521 3699 689 3770 plura
707 3698 821 3752 alia
845 3696 949 3751 viri
966 3697 1148 3752 sancti
1167 3696 1448 3752 miracula
1485 3696 1779 3766 didicisse;

159 3792 209 3843 et
220 3791 316 3846 sub
332 3792 509 3847 ﬁnem
521 3791 726 3847 asserit
745 3808 1211 3863 energumenum
1223 3790 1297 3845 ad
1314 3792 1639 3863 sepulcrum
1660 3791 1709 3862 ej
1718 3807 1782 3845 us

160 3888 434 3957 sanatum,
468 3886 666 3941 multis
692 3885 860 3940 annis
895 3902 1101 3941 sanum
1137 3901 1335 3941 secum
1372 3884 1779 3956 permansisse,

160 3978 266 4035 imo
294 3983 407 4035 tres
452 3998 653 4050 caecos,
695 3997 754 4035 se
798 3982 1152 4052 aspectante,
1198 3981 1323 4034 luce
1363 3978 1779 4051 redintegrata,

159 4070 459 4130 incolumes
482 4075 711 4143 abiisse,
742 4079 799 4130 et
817 4076 1032 4129 multos
1052 4074 1195 4129 alios
1217 4072 1434 4129 morbis
1459 4073 1703 4128 afﬂictos
1721 4090 1783 4128 se

159 4169 532 4240 conspiciente
563 4170 806 4238 venisse,
831 4186 1045 4241 eosque
1064 4169 1219 4224 beati
1239 4167 1343 4223 viri
1372 4167 1596 4222 meritis
1613 4184 1783 4223 sanos

161 4260 281 4317 inde
304 4263 574 4319 recedere
600 4264 837 4341 vidisse.
852 4264 984 4318 Fuit
1037 4267 1233 4318 autem
1273 4263 1321 4317 is
1368 4280 1436 4317 ex
1479 4261 1783 4334 praecipuis

1806 2958 1863 3031 B
1889 2958 1923 2997 a
1950 2942 2171 2998 Joanne
2190 2942 2403 2999 Dardez
2428 2945 2799 3015 procuratam
2831 2945 2891 2999 et
2919 2961 2953 3001 a
2973 2942 3278 3001 Guilielmo
3300 2942 3527 3009 Quirini

1888 3036 2307 3106 transmissam,
2333 3040 2579 3110 utroque
2602 3042 2816 3093 nostra:
2832 3038 3123 3094 societatis
3143 3038 3441 3095 sacerdote
3468 3042 3529 3095 et

1884 3131 2209 3187 studiorum
2248 3134 2583 3189 nostrorum
2618 3132 3038 3188 amantissimo.
3072 3133 3202 3188 Hac
3235 3133 3364 3188 Vita
3396 3136 3528 3205 post

1884 3225 2160 3298 priorem,
2180 3226 2341 3298 cujus
2354 3225 2646 3295 meminit,
2661 3227 2870 3299 scripta
2883 3229 2970 3281 est
2990 3243 3059 3282 eo
3079 3226 3444 3298 potissimum
3466 3231 3530 3282 ut

1883 3319 2271 3392 possessiones
2297 3322 2518 3376 collatae
2540 3321 2897 3377 monasterio
2916 3321 3100 3377 sancti
3116 3321 3401 3377 Vincentii
3429 3338 3521 3376 ac-

1884 3414 2136 3469 curatius
2160 3414 2603 3487 explicarentur.
2626 3415 2729 3472 Cui
2764 3415 3165 3488 subjungimus
3202 3418 3523 3472 testamen-

1884 3511 2009 3563 tum
2027 3509 2210 3565 sancti
2225 3509 2495 3564 Domnoli
2508 3526 2613 3581 per
2626 3509 2868 3565 modum
2885 3508 3286 3565 obtestationis
3298 3511 3447 3566 circa
3463 3510 3527 3566 il-

1884 3602 1982 3658 lud
1998 3603 2421 3658 monasterium
2438 3603 2604 3658 factae
2616 3604 2767 3659 clero
2788 3602 3056 3658 Ecclesiae
3070 3597 3207 3671 suis,
3236 3604 3398 3676 cujus
3418 3607 3527 3660 tes-

1885 3696 2127 3753 tamenti
2145 3698 2393 3753 alterum
2415 3697 2715 3770 exemplar
2738 3697 2968 3768 pridem
2993 3696 3370 3765 habebamus,
3387 3700 3525 3753 alte-
3564 3716 3567 3719 ‘

1883 3808 2013 3846 rum
2035 3792 2207 3846 est.
2225 3792 2293 3846 R.
2310 3793 2372 3847 Ρ.
2389 3790 2844 3847 LudoviciJacob
2866 3808 2901 3846 a
2915 3793 3112 3845 sancto
3124 3792 3349 3860 Carolo,
3374 3792 3527 3847 ordi-

1882 3885 1973 3941 nis
1989 3885 2364 3942 Carmelitani
2379 3885 2699 3955 sacerdote,
2719 3884 2829 3957 ipsi
2844 3884 3075 3941 Parisiis
3095 3884 3519 3957 descripsimus.

1953 3983 2006 4034 2.
2024 3981 2309 4035 Mortuum
2337 3996 2458 4035 esse
2476 3983 2740 4035 sanctum
2760 3979 3110 4035 Domnolum
3126 3979 3396 4035 Kalendis
3420 3980 3526 4036 De-

1882 4073 2132 4130 cembris
2158 4073 2421 4130 indicant
2441 4075 2604 4143 Acta,
2636 4073 2710 4129 ad
2741 4090 2916 4146 quem
2943 4074 3101 4129 diem
3133 4074 3283 4128 illius
3310 4075 3522 4131 festum

1884 4168 2275 4224 anniversaria
2294 4168 2628 4224 celebritate
2640 4167 2912 4223 recolitur
2928 4185 2961 4223 a
2971 4169 3523 4239 Cenomanensibus,

1885 4266 1943 4318 et
1966 4262 2265 4319 Saussaius
2290 4262 2350 4318 in
2380 4262 2789 4335 Martyrologio
2811 4263 3105 4318 Gallicano
3138 4263 3249 4319 ista
3276 4264 3475 4319 scribit
3506 4281 3520 4319 :

160 4356 397 4412 ecclesiae
427 4357 776 4413 cathedralis
805 4357 1177 4428 presbyteris,
1210 4356 1364 4411 unde
1390 4354 1645 4410 ecclesias
1675 4372 1778 4411 no-
1802 4371 1857 4446 ρ
1886 4357 2277 4414 «Cenomanis
2294 4356 2579 4430 depositio
2593 4356 2775 4413 sancti
2802 4356 3524 4429 Domnoli,episcopiillius

161 4451 279 4504 straa
308 4451 461 4507 bona
492 4451 757 4506 restituta
781 4454 839 4505 et
864 4450 1025 4504 villas
1052 4449 1288 4518 indicat,
1318 4465 1479 4503 num.
1518 4452 1601 4517 11,
1634 4452 1698 4503 15
1726 4452 1785 4503 et

163 4545 251 4611 18;
290 4545 589 4617 ipsamque
623 4545 815 4601 Vitam
852 4543 1105 4616 vulgavit
1141 4544 1246 4598 sub
1294 4542 1562 4615 auspiciis
1601 4543 1809 4598 sancti.

162 4636 432 4695 Hadoindi
482 4639 735 4711 episcopi
772 4637 1248 4706 Cenomanensis,
1296 4637 1450 4692 inter
1504 4654 1678 4709 quem
1726 4640 1785 4693 et

161 4735 404 4788 sanctum
438 4735 789 4790 Domnolum
833 4734 1068 4787 fuerunt
1109 4731 1468 4803 Badegisilus
1507 4735 1566 4786 et
1603 4730 1780 4786 Berti-

161 4841 441 4895 gramnus.
464 4828 653 4883 Vitam
676 4827 856 4882 sancti
886 4826 1170 4881 Hadoindi
1195 4826 1463 4881 dedimus
1490 4824 1784 4899 (Bolland.)

163 4917 214 4973 in
240 4921 515 4978 addendis
556 4923 630 4978 ad
658 4924 726 4977 20
762 4921 918 4976 diem
961 4920 1215 4976 Januarii
1260 4937 1392 4975 cum
1429 4920 1553 4992 ejus
1590 4921 1781 4976 Testa-

163 5018 365 5084 mento,
395 5017 453 5072 in
485 5034 621 5089 quo,
661 5033 819 5072 num.
858 5019 912 5085 3,
962 5015 1212 5071 basilicae
1259 5013 1442 5069 sancti
1477 5012 1782 5084 Vincentii,

164 5123 324 5179 quam
348 5111 661 5167 Domnolus
682 5113 895 5167 sanctae
919 5109 1337 5166 recordationis
1365 5108 1667 5182 episcopus
1682 5125 1784 5164 suo

165 5201 345 5260 labore
359 5206 693 5275 construxit,
710 5206 890 5262 donat
900 5204 1230 5276 pratellum,
1247 5202 1397 5275 juris
1408 5202 1494 5258 sui
1506 5203 1783 5271 villulam,

164 5299 219 5350 ut
252 5301 336 5355 vel
368 5301 504 5358 inde
548 5301 670 5373 ejus
701 5317 841 5372 erga
871 5302 1136 5355 sanctum
1164 5299 1515 5353 Domnolum
1548 5297 1787 5353 affectus

164 5399 323 5461 queat
356 5396 612 5467 agnosci.
644 5395 783 5451 Vitae
815 5396 1028 5467 stylum
1056 5392 1322 5448 nonnihil
1343 5409 1403 5447 se
1439 5391 1784 5448 emendasse

166 5484 236 5539 ait
264 5487 475 5560 Surius,
493 5506 671 5563 quam
693 5489 828 5545 inde
862 5489 1067 5544 damus
1098 5491 1294 5543 nostro
1324 5486 1501 5542 modo
1532 5487 1785 5542 illustra-
1816 5498 1823 5503 '

169 5580 273 5635 lam
293 5585 350 5637 et
378 5585 727 5653 distinctam,
765 5583 901 5656 quia
930 5581 1298 5656 primogenio
1341 5582 1485 5652 stylo
1506 5581 1788 5637 hactenus

169 5688 273 5729 non
286 5678 465 5748 potuit
476 5678 629 5751 apud
639 5679 1001 5734 Cenomanos
1022 5674 1288 5744 inveniri,
1310 5691 1527 5746 magna
1541 5674 1677 5730 licet
1691 5675 1790 5730 ad-

171 5764 335 5825 hibita
354 5771 670 5844 diligentia.
696 5772 857 5827 Hisce
876 5769 1248 5842 adjungimus
1269 5769 1440 5824 aliam
1461 5767 1788 5825 breviorem

175 5858 345 5921 Vitam
368 5882 433 5922 ex
454 5869 677 5923 vetusto
702 5864 910 5923 Codice
936 5862 1277 5922 monasterii
1299 5860 1595 5919 Anisolani
1621 5861 1789 5918 nobis

1884 4451 2040 4506 urbis
2057 4454 2115 4506 et
2144 4451 2509 4520 confessoris,
2540 4451 2702 4523 cujus
2722 4450 2913 4521 elogia
2955 4466 3222 4521 expressa
3264 4452 3400 4504 sunt
3429 4450 3521 4505 die

1884 4544 2006 4616 ejus
2031 4544 2435 4613 ordinationis,
2468 4544 2684 4600 scilicet
2712 4547 2776 4599 16
2809 4540 2935 4598 Maii
2964 4559 2977 4598 :
3011 4559 3128 4615 qua
3168 4542 3262 4598 die
3302 4543 3521 4599 ibidem

1885 4638 2188 4694 celebriori
2215 4639 2369 4693 cultu
2398 4637 2521 4709 ejus
2550 4641 2636 4693 est
2663 4636 2896 4693 illustris
2940 4635 3248 4692 memoria.
3287 4659 3317 4688 »
3360 4636 3520 4693 Idem

1885 4732 2182 4789 Saussaius
2204 4732 2277 4786 ad
2310 4735 2375 4787 16
2407 4730 2557 4799 Maii,
2608 4734 2739 4804 post
2772 4732 3015 4803 longum
3048 4731 3379 4787 encomium
3416 4730 3525 4787 ista

1885 4827 2062 4883 habet
2092 4843 2107 4882 :
2144 4847 2172 4877 ‹‹
2200 4826 2354 4881 Abiit
2384 4824 2620 4898 quidem
2652 4825 2737 4880 vir
2763 4825 2988 4880 divinus
3027 4825 3100 4881 ad
3143 4842 3381 4899 superos
3412 4827 3522 4881 Ka-

1884 4920 2073 4976 lendis
2107 4920 2456 4988 Decembris,
2490 4936 2605 4992 quo
2628 4919 2721 4975 die
2743 4924 2802 4976 et
2825 4920 2886 4975 in
2915 4920 3092 4976 sacris
3118 4921 3523 4978 Cenomanen-

1887 5015 1961 5071 sis
1986 5015 2250 5071 Ecclesim
2268 5015 2478 5071 tabulis
2489 5015 2780 5070 memoria
2800 5015 2923 5087 ejus
2942 5015 3147 5087 fulget,
3164 5016 3398 5089 proprio
3413 5016 3527 5071 cul-

1887 5113 1947 5165 tu
1973 5109 2554 5181 consignata.Verum
2565 5109 2827 5164 Romana
2840 5109 3105 5165 omnium
3125 5115 3315 5167 mater
3338 5109 3528 5165 Eccle-

1886 5203 2102 5259 siarum
2119 5203 2295 5259 hodie
2317 5220 2540 5260 sacram
2560 5203 2685 5276 ejus
2710 5220 2989 5260 coronam
3028 5206 3357 5271 veneratur,
3373 5200 3523 5257 tanti

1887 5298 2156 5353 antistitis
2188 5296 2638 5371 ordinationem,
2672 5302 2781 5357 etc.
2807 5322 2834 5351 »
2858 5301 3071 5355 Verum
3107 5298 3263 5352 nulla
3298 5294 3526 5350 ordina-

1886 5393 2057 5448 tionis
2072 5393 2292 5449 mentio
2325 5395 2389 5448 ﬁt
2412 5394 2473 5449 in
2500 5393 2907 5466 Martyrologio
2930 5394 3216 5457 Romano,
3245 5392 3344 5443 aut
3371 5386 3524 5459 apud

1884 5487 2198 5555 Molanum,
2236 5486 2586 5542 Galesinium
2622 5486 2914 5543 Canisium
2947 5486 3006 5539 et
3038 5482 3201 5551 alios,
3235 5482 3338 5545 sed
3368 5480 3524 5536 nuda

1888 5581 2176 5637 memoria
2196 5580 2539 5652 proponitur
2561 5580 2671 5635 hoc
2702 5582 2764 5634 16
2789 5576 2936 5645 Maii,
2953 5575 3109 5650 apud
3132 5576 3519 5641 Cenomanos,

1890 5674 2073 5730 sancti
2092 5674 2361 5730 Domnoli
2392 5672 2664 5745 episcopi.
2687 5673 2819 5739 Nos,
2844 5670 3000 5742 quod
3027 5672 3087 5724 et
3122 5669 3322 5725 Surius
3360 5665 3516 5734 fecit,

1890 5770 2013 5841 ejus
2040 5768 2218 5824 vitam
2247 5768 2321 5822 ad
2350 5769 2503 5822 hunc
2535 5766 2689 5822 diem
2722 5766 2948 5820 damus.
2973 5766 3222 5821 Joannes
3250 5756 3519 5817 Bondon-

1890 5864 2079 5932 natus,
2097 5859 2438 5918 monasterii
2467 5860 2650 5916 sancti
2660 5857 2945 5916 Vincentii
2966 5872 3001 5915 a
3021 5859 3219 5915 sancto
3242 5852 3523 5914 Domnolo
