4006 6238
478 331 575 386 631

1325 330 1620 384 SAlVCTUS
1657 328 2030 393 DOMNULUS,
2071 325 2434 382 EPISCOPUS
2469 325 2996 382 CENOMANENSIS.

3762 330 3879 381 632

479 436 792 495 constructi
821 436 1143 511 religiosus,
1175 437 1232 492 in
1254 436 1392 490 Vitis
1415 437 1820 508 episcoporum
1832 437 2113 492 Cenoma-
2132 433 2260 520 Ais
2294 435 2505 491 Gallice
2534 451 2650 490 non
2680 439 2887 498 Dosme,
2915 434 3015 489 sed
3038 434 3289 491 Domnole
3315 436 3665 507 appelletur,
3697 433 3876 489 vide-

483 531 750 588 nensium
782 531 993 586 Gallice
1016 548 1050 586 a
1069 546 1127 585 se
1155 528 1342 596 editis,
1377 530 1434 582 et
1453 526 1606 582 notis
1624 527 1698 583 ad
1722 527 1907 582 Vitam
1929 528 2113 583 sancti

480 625 772 694 Domnoli,
804 624 1007 680 asserit
1030 641 1063 679 a
1082 623 1196 678 suis
1216 622 1326 677 coli
1351 624 1614 677 sanctum
1653 623 2000 677 Domnolum
2045 625 2113 677 22

481 720 762 787 Octobris,
791 718 1160 776 veneratione
1184 716 1258 771 ad
1288 717 1439 771 hunc
1460 716 1615 771 diem
1640 717 1937 783 translata,
1958 716 2113 788 quod

484 814 704 886 primus
753 813 875 868 dies
917 811 1244 868 Decembris
1287 810 1670 883 impediretur
1715 810 1931 882 passim
1981 826 2113 880 cum

482 910 746 979 tempore
771 906 1096 960 Adventus:
1127 905 1199 960 ob
1223 921 1399 977 quam
1415 920 1647 959 causam
1677 904 1863 976 potuit
1893 904 1965 959 ab
1989 904 2115 958 aliis

482 1001 687 1056 eadem
718 999 1010 1055 veneratio
1040 999 1319 1054 translata
1343 998 1515 1053 fuisse
1546 998 1619 1053 ad
1654 998 1807 1052 hunc
1850 1001 1913 1052 16
1951 997 2111 1066 Maii;

481 1097 583 1148 aut
620 1096 772 1147 certe
809 1093 882 1149 ob
919 1092 1173 1165 aliquam
1220 1092 1476 1164 corporis
1528 1091 1968 1147 translationem
2017 1094 2117 1147 aut

482 1186 885 1242 elevationem.

553 1284 605 1336 3.
636 1282 933 1337 Elevatum
961 1282 1157 1336 autem
1191 1296 1313 1335 esse
1353 1296 1560 1352 corpus
1595 1280 1776 1335 sancti
1824 1281 2111 1351 Domnoli,

480 1392 636 1431 anno
661 1376 816 1444 1124,
835 1378 893 1430 et
905 1375 1248 1430 translatum
1272 1374 1328 1429 in
1350 1391 1581 1446 capsam
1607 1377 1943 1446 argenteam
1955 1374 2114 1429 inau-

482 1473 668 1526 ratam
684 1470 755 1525 ab
776 1469 1107 1525 Hildeberto
1126 1469 1392 1540 episcopo
1405 1468 1849 1534 Cenomanensi,
1868 1484 2117 1539 prasen-

484 1564 636 1619 tibus
664 1565 932 1631 Fulcone,
961 1562 1172 1618 comite
1202 1562 1605 1634 Andegavensi
1631 1565 1690 1617 ct
1713 1579 1929 1633 magna
1957 1562 2116 1617 nobi-

483 1658 625 1714 lium
659 1656 1049 1725 multitudine,
1078 1659 1322 1711 testatur
1346 1656 1756 1711 Bondonnetus
1784 1674 1838 1727 p.
1869 1658 1992 1722 241,
2018 1656 2115 1726 qui

484 1752 696 1808 deinde
722 1752 863 1807 duas
885 1751 1025 1806 alias
1056 1750 1464 1805 translationes
1502 1767 1605 1821 per
1650 1750 1909 1823 legitima
1952 1750 2114 1804 testi-

2212 533 2306 585 tur
2334 530 2523 602 potius
2548 533 2777 586 sanctus
2804 531 3048 584 Dosmus
3079 529 3224 584 alius
3251 547 3285 584 a
3326 534 3524 585 sancto
3566 531 3879 585 Domnolo

2213 624 2571 692 statuendus,
2604 624 2718 679 sive
2740 624 2789 678 is
2810 626 3049 696 martyr,
3084 624 3197 679 sive
3229 626 3526 680 confessor
3548 625 3877 680 habeatur.

2287 720 2520 774 Fatetur
2537 718 2951 774 Bondonnetus
2970 734 3085 772 non
3101 718 3300 773 adesse
3316 718 3670 775 Cenomanis
3690 722 3880 790 caput

2214 813 2332 869 imo
2355 830 2461 867 nec
2489 812 2691 871 omnia
2717 829 2845 867 ossa
2875 812 3057 867 sancti
3094 812 3359 868 Domnoli
3387 829 3399 867 :
3423 813 3525 867 sed
3573 829 3687 866 nec
3728 811 3876 866 inde

2214 908 2491 980 sequitur,
2522 923 2650 979 qua
2672 906 3092 974 desiderantur,
3114 923 3241 961 ossa
3261 907 3568 978 deportata
3586 906 3771 962 fuisse
3793 904 3878 960 ad

2214 1002 2493 1074 oppidum
2508 1001 2873 1056 Chaumense
2887 1003 2945 1055 et
2960 1000 3085 1055 istic
3104 1000 3386 1056 conficere
3407 1002 3726 1072 corpus.Ve
3735 1017 3875 1055 rum

2214 1096 2364 1151 hanc
2389 1094 2616 1166 utrique
2642 1094 2791 1166 parti
2813 1094 3264 1149 controversiam
3286 1094 3675 1149 decidendam
3691 1094 3876 1150 relin-

2216 1190 2461 1261 quimus,
2496 1191 2552 1243 et
2573 1191 2970 1259 exspectamus
2998 1191 3059 1242 ut
3086 1188 3480 1245 Chaumenses
3506 1206 3634 1255 sua,
3660 1188 3709 1241 si
3749 1205 3875 1259 qua

2213 1284 2449 1351 habent,
2485 1282 2836 1337 documenta
2860 1282 3162 1353 proferant
3187 1274 3360 1353 atque
3389 1282 3863 1348 communicent,

2216 1376 2435 1449 aliquid
2462 1376 2603 1431 lucis
2635 1376 2891 1431 fortassis
2919 1392 2952 1430 a
2980 1376 3145 1431 nobis
3166 1379 3488 1447 acceptura.

2290 1494 2321 1567 §
2349 1495 2413 1549 ll.
2446 1496 2673 1564 Tempus
2697 1494 2837 1548 sedis
2864 1497 2913 1547 et
2939 1494 3136 1567 obitus.
3168 1495 3397 1567 Peracta
3421 1495 3564 1548 circa
3595 1494 3806 1548 obitum

2553 1567 2728 1619 sancti
2749 1565 3018 1620 Leonardi
3049 1564 3488 1634 Vendoperensis.

2290 1661 2339 1711 5.
2372 1658 2663 1712 Habemus
2704 1657 3014 1712 Historiam
3052 1659 3402 1712 Francorum
3431 1658 3698 1729 Gregorii
3740 1657 3864 1728 epi-

2218 1751 2373 1822 scopi
2396 1751 2761 1818 Turonensis,
2795 1752 2933 1806 olim
2964 1768 2998 1805 a
3019 1751 3318 1805 Rosweido
3353 1755 3550 1806 nostro
3584 1753 3865 1805 collatam

483 1845 681 1903 monia
710 1847 935 1917 probat,
969 1861 1216 1917 quorum
1239 1844 1397 1915 prius
1424 1847 1509 1898 est
1528 1845 1640 1898 tale
1668 1861 1679 1898 :
1710 1866 1737 1893 «
1764 1846 1882 1915 Ego
1914 1843 2115 1899 Simon
2138 1825 2194 1897 Β
2219 1862 2371 1900 cum.
2395 1862 2501 1899 ms.
2532 1844 2916 1899 vetustissimo
2933 1844 3142 1901 Codice
3164 1845 3505 1900 monasterii
3525 1844 3709 1900 sancti
3721 1846 3866 1899 Tru-

484 1944 826 2009 Hayenouve,
846 1938 1085 1994 clericus
1100 1936 1528 2009 Andegavensis
1550 1936 1827 2003 dioecesis,
1845 1938 1904 1991 in
1926 1937 2120 1991 decre-

483 2034 557 2089 tis
584 2034 926 2100 licentiatus,
945 2031 1258 2104 apostolica
1284 2031 1623 2085 auctoritate
1642 2032 1918 2098 notarius,
1942 2030 2117 2085 ﬁdem

484 2128 632 2184 facio
665 2131 722 2182 et
755 2128 1048 2182 contestor
1086 2126 1329 2181 fratrem
1369 2125 1745 2180 Benedictum
1789 2126 2115 2195 Boulanger,

484 2222 756 2278 abbatem
776 2220 945 2292 hujus
972 2218 1311 2275 monasterii
1334 2219 1517 2274 sancti
1542 2219 1849 2286 Vincentii,
1871 2221 2119 2273 transtu-

484 2315 612 2371 lisse
649 2332 716 2370 ex
754 2313 1138 2369 vetustissima
1166 2329 1340 2384 capsa
1375 2313 1433 2367 in
1474 2312 1623 2367 hanc
1656 2329 1865 2368 novam
1913 2328 2117 2383 corpus

484 2409 667 2465 sancti
694 2408 979 2475 Domnoli,
1007 2406 1353 2463 confessoris
1378 2408 1436 2460 et
1455 2406 1706 2477 episcopi
1721 2406 2119 2461 Cenomanen-

484 2504 560 2559 sis
581 2506 639 2558 et
653 2502 927 2575 pracipui
940 2500 1264 2556 fundatoris
1286 2499 1548 2571 ejusdem
1564 2499 1923 2569 monasterii,
1943 2500 2034 2554 die
2048 2503 2116 2554 25

485 2595 700 2653 mensis
721 2595 979 2652 Januarii
1005 2611 1159 2649 anno
1180 2594 1410 2649 Domini
1428 2596 1586 2660 1535,
1610 2594 1989 2665 prasentibus
2011 2593 2114 2647 ibi-

485 2692 620 2746 dem
641 2690 1062 2745 venerabilibus
1081 2687 1215 2743 viris
1243 2688 1421 2742 fratre
1442 2688 1673 2743 Nicolao
1694 2690 1891 2751 Pivert,
1910 2687 2117 2743 abbate

486 2785 665 2841 sancti
694 2783 917 2839 Martini
945 2783 1255 2856 Sagiensis,
1292 2785 1455 2853 patre
1476 2782 1800 2837 Bremondo
1822 2782 1892 2836 de
1914 2783 2115 2850 Ponte,

486 2879 678 2951 priore
699 2877 1172 2947 claustralihujus
1197 2875 1555 2943 monasterii,
1583 2878 1641 2930 et
1666 2875 1840 2930 totius
1868 2892 2116 2930 conven-

485 2977 578 3029 tus
608 2972 879 3028 fratribus
898 2974 956 3025 et
976 2970 1099 3025 aliis
1127 2968 1570 3041 quamplurimis
1592 2972 1714 3024 tum
1741 2969 1960 3023 clericis
1992 2972 2118 3023 tum

488 3066 875 3133 sacularibus,
890 3068 1033 3120 teste
1055 3063 1242 3135 sigillo
1256 3080 1389 3119 meo
1406 3063 1665 3118 manuali
1679 3062 1769 3118 hic
1790 3062 2115 3134 apposito.»

485 3164 615 3217 Hac
666 3161 761 3216 ibi.
803 3163 877 3215 At
910 3157 1194 3230 posterius
1230 3156 1628 3213 testimonium
1673 3159 1759 3211 est
1786 3156 2072 3228 ejusmodi
2102 3173 2115 3212 :

493 3278 519 3303 ι(
546 3257 615 3311 Et
635 3241 743 3326 e'go
766 3253 1021 3325 Raphael
1042 3254 1238 3314 Marte,
1263 3251 1322 3305 in
1343 3251 1568 3321 legibus
1596 3250 1937 3318 licentiatus,
1964 3254 2123 3306 nota-

487 3349 607 3403 rius
635 3347 981 3419 apostolicus
1006 3348 1065 3400 et
1092 3344 1303 3415 regius,
1346 3344 1692 3399 Cenomanis
1729 3361 2120 3412 commorans,

487 3446 731 3498 attestor
759 3439 1146 3495 venerabilem
1176 3441 1424 3509 patrem,
1451 3439 1689 3493 fratrem
1717 3439 1994 3494 Iacobum
2022 3442 2124 3495 Ba-

486 3538 745 3602 docheau,
777 3534 1048 3590 abbatem
1071 3533 1240 3604 hujus
1260 3532 1596 3587 monasterii
1621 3533 1801 3587 sancti
1816 3531 2123 3612 Vincentiiz

490 3631 679 3687 missa
710 3627 985 3684 sacrificio
1019 3627 1361 3683 solemniter
1390 3627 1699 3693 celebrato,
1731 3626 1886 3680 idem
1918 3642 2124 3697 corpus

401 3766 415 3783 .
489 3724 670 3781 sancti
709 3722 995 3790 Domnoli,
1032 3724 1269 3794 propter
1306 3722 1585 3776 tumultus
1619 3721 1855 3775 bellicos
1901 3737 1966 3775 ex
2018 3720 2125 3774 hac

489 3836 639 3876 nova
669 3834 839 3890 capsa
867 3816 979 3872 alio
1009 3817 1374 3882 translatum,
1408 3814 1465 3869 in
1520 3814 1726 3869 eadem
1766 3814 1957 3869 denuo
2004 3830 2121 3867 res-

492 3916 719 3970 taurata
738 3909 1128 3967 recondidisse
1149 3909 1374 3964 decima
1390 3907 1828 3975 nonalanuarii,
1844 3924 1996 3963 anno
2014 3908 2125 3963 Do-

492 4007 634 4063 mini
663 4009 819 4073 l600,
837 4003 1216 4076 praesentibus
1236 4003 1454 4057 ibidem
1472 4002 1644 4058 totius
1664 4006 1978 4057 conventus
2010 4002 2125 4055 fra-

491 4101 674 4155 tribus
709 4101 768 4153 et
794 4097 1054 4153 discretis
1082 4096 1235 4165 viris,
1265 4096 1515 4151 Roberto
1544 4097 1687 4152 Oven
1716 4097 1921 4166 Anglo,
1954 4098 2012 4149 et
2040 4094 2129 4150 Ni-

492 4196 656 4250 colao
683 4193 818 4249 Noel
838 4191 1098 4258 Picardo,
1130 4189 1477 4262 presbyteris
1510 4192 1568 4243 et
1607 4188 1899 4243 canonicis
1943 4190 2125 4244 Ceno-

493 4286 864 4343 manensibus
886 4288 943 4340 et
971 4284 1095 4340 aliis
1118 4299 1297 4355 quam
1324 4281 1587 4353 plurimis
1601 4282 1951 4340 Cenomanis
1972 4299 2131 4338 com-

493 4379 876 4447 morantibus,
897 4382 1040 4434 teste
1057 4377 1244 4449 sigillo
1258 4392 1390 4430 meo
1402 4375 1659 4430 manuali
1680 4375 1770 4431 hic
1787 4377 2049 4447 apposito
2072 4380 2131 4433 et

491 4474 900 4547 pradictorum
949 4472 1030 4526 sic
1075 4471 1395 4540 signatum,
1451 4468 1770 4525 Badocheau
1814 4470 2010 4525 abbas.
2060 4471 2124 4526 Β.

491 4570 650 4631 Oren,
679 4569 744 4622 Ν.
770 4571 927 4629 Noet,
947 4566 1122 4622 Marte
1146 4562 1428 4618 Notarius.
1464 4584 1491 4611 »
1535 4564 1663 4618 Hac
1696 4563 1790 4618 ibi.

563 4663 615 4717 4.
642 4662 738 4715 Est
756 4677 928 4731 supra
946 4657 1193 4714 Parisios
1219 4656 1371 4711 inter
1390 4657 1719 4729 Sequanam
1739 4660 1796 4713 et
1812 4659 2131 4714 Matrouam

495 4754 790 4828 provincia
805 4753 936 4808 Bria
951 4752 1067 4807 sive
1090 4751 1338 4821 Brionia,
1354 4755 1413 4808 et
1428 4752 1487 4808 in
1505 4770 1574 4809 ea
1594 4752 1875 4825 oppidum
1898 4755 2133 4811 Chaume

493 4866 593 4905 seu
621 4848 859 4916 Chdmes,
888 4847 948 4903 in
970 4847 1131 4919 cujus
1158 4847 1398 4904 ecclesia
1422 4848 1575 4903 circa
1612 4864 1831 4902 annum
1868 4850 2004 4902 1530
2039 4846 2127 4902 in-

492 4946 730 4999 ventum
776 4941 948 4997 fuisse
984 4959 1191 5014 corpus
1225 4943 1408 4997 sancti
1449 4942 1645 4998 Dosmi
1672 4942 1902 5014 (Gallice
1925 4942 2129 5013 Dosme)

492 5037 732 5111 ejusque
758 5041 930 5108 caput
951 5036 1170 5092 ibidem
1207 5036 1526 5108 quiescere,
1566 5054 1632 5092 ac
1677 5036 1873 5091 multis
1910 5036 2131 5091 clarere

492 5131 805 5199 miraculis,
829 5148 895 5186 ac
917 5131 1026 5187 dici
1048 5130 1221 5186 fuisse
1245 5130 1579 5203 episcopum
1598 5131 2126 5197 Cenomanensem,

489 5229 738 5282 testatur
754 5225 1017 5282 Nicolaus
1029 5225 1187 5282 Gillis
1198 5224 1258 5280 in
1276 5225 1594 5280 Annalibus
1606 5225 1851 5293 Gallicis,
1876 5224 1935 5279 in
1951 5225 2126 5280 Fran-

489 5321 639 5376 cisco
667 5320 857 5393 primo
886 5336 1023 5392 rege
1050 5320 1424 5389 Francorum,
1454 5320 1553 5375 fol.
1593 5322 1693 5375 553
1722 5318 1992 5374 editionis
2020 5320 2126 5374 Pa-

490 5414 747 5470 risiensis
782 5418 935 5470 1617.
965 5413 1248 5469 Antonius
1277 5413 1639 5470 Corvaserius
1669 5413 1727 5467 in
1759 5430 1862 5468 sua
1905 5412 2124 5484 episco-

488 5523 697 5577 porum
706 5508 1245 5584 .Cenomanensium
1278 5507 1543 5575 Historia,
1570 5506 1882 5562 arbitratur
1906 5506 2127 5562 dictum

489 5618 698 5674 corpus
723 5603 907 5658 sancti
920 5602 1115 5659 Dosmi
1135 5619 1257 5657 esse
1280 5603 1461 5658 sancti
1487 5600 1797 5668 Dommoli,
1820 5600 1976 5671 quod
1998 5601 2125 5654 nul-

488 5695 608 5750 lum
645 5694 882 5750 alterius
918 5713 1136 5751 nomen
1179 5696 1365 5768 magis
1389 5695 1713 5753 conveniat.
1755 5696 1966 5749 Verum
1993 5712 2123 5750 cum

488 5787 698 5843 eodem
724 5789 988 5859 tempore
1015 5806 1223 5862 corpus
1253 5790 1436 5845 sancti
1462 5788 1734 5845 Domnoli
1759 5789 1934 5844 fuerit
1953 5789 2013 5844 in
2041 5807 2127 5845 ec-

488 5879 661 5937 clesia
688 5882 1027 5940 monasterii
1053 5883 1236 5942 sancti
1256 5882 2033 5957 Vincentiiﬁenomanensis,
2069 5887 2128 5941 et

2219 1938 2457 1994 donisin
2471 1938 2843 2006 Hasbania,in
2860 1955 2972 2010 quo
2991 1938 3242 2009 plurima
3265 1939 3474 1993 desunt
3493 1956 3622 2010 qua
3647 1939 3863 2010 passim

2218 2033 2277 2088 in
2300 2033 2518 2087 excusis
2535 2033 2955 2104 exemplaribus
2968 2034 3258 2102 leguntur,
3287 2033 3389 2087 sed
3402 2033 3603 2088 forsan
3619 2050 3654 2087 a
3666 2037 3861 2104 poste-

2216 2127 2295 2183 ris
2321 2127 2556 2194 inserta,
2579 2126 2658 2181 uti
2681 2126 2775 2181 alii
2799 2143 2865 2181 ex
2877 2144 3009 2187 mss.
3025 2126 3326 2183 Codicibus
3338 2126 3670 2185 Corbeiensi
3684 2132 3738 2181 et
3752 2127 3866 2181 Me-

2216 2220 2365 2275 tensi
2391 2220 2735 2275 indicarunt.
2766 2222 2827 2273 In
2857 2220 3090 2274 hismss.
3124 2220 3333 2274 desunt
3366 2221 3460 2275 illa
3482 2237 3610 2292 qua
3640 2221 3713 2275 de
3733 2237 3862 2273 san-

2218 2318 2309 2369 cto
2330 2314 2610 2369 Domnolo
2638 2313 2696 2367 in
2729 2330 2932 2367 excusa
2966 2313 3207 2368 historia
3233 2314 3313 2368 sic
3343 2315 3617 2385 leguntur
3653 2313 3753 2367 lib.
3785 2330 3858 2379 v1,

2218 2425 2343 2479 cap.
2370 2410 2403 2462 9
2438 2424 2449 2462 :
2483 2429 2511 2457 ‹‹
2536 2409 2852 2463 Domnolus
2879 2423 3013 2461 vero
3043 2410 3512 2464 Cenomanorum
3555 2407 3859 2479 episcopus

2216 2504 2501 2571 agrotare
2527 2501 2714 2572 capit.
2745 2501 3029 2572 Tempore
3056 2500 3214 2554 enim
3244 2500 3476 2557 Clotarii
3499 2501 3656 2572 regis
3705 2500 3861 2572 apud

2215 2596 2461 2650 Parisios
2480 2595 2553 2650 ad
2572 2594 2869 2649 basilicam
2885 2594 3067 2649 sancti
3080 2595 3373 2649 Laurentii
3386 2595 3551 2666 gregi
3571 2598 3867 2649 monaste-

2218 2690 2685 2761 rialiprafuerat.
2710 2689 2825 2744 Sed
2847 2689 3126 2760 quoniam
3149 2688 3515 2745 Childeberto
3536 2689 3766 2743 seniore
3788 2689 3864 2743 vi-

2218 2787 2409 2851 vente,
2434 2800 2666 2855 semper
2687 2772 2935 2839 Clotario
2952 2782 3077 2853 regi
3098 2782 3282 2836 ﬁdelis
3296 2783 3527 2850 exstitit,
3547 2785 3607 2838 et
3628 2784 3863 2837 nuntios

2217 2876 2396 2948 ipsius
2441 2877 2513 2931 ad
2554 2876 2968 2947 speculandum
3001 2876 3207 2931 missos
3239 2876 3495 2930 crebrius
3533 2876 3855 2942 occulebat,

2218 2970 2657 3042 praestolabatur
2684 2986 2782 3024 rex
2808 2971 2999 3024 locum
3029 2969 3087 3023 in
3118 2987 3230 3041 quo
3261 2970 3630 3041 pontiﬁcatus
3675 2971 3860 3024 hono-

2222 3081 2346 3119 rem
2379 3064 2681 3135 acciperet.
2710 3063 2987 3134 Migrante
3010 3066 3205 3119 autem
3231 3064 3692 3119 Avennionensis
3721 3064 3858 3118 civi-

2141 3197 2196 3272 C
2220 3158 2354 3213 tatis
2382 3158 2674 3229 pontifice,
2707 3157 2882 3272 istum
2918 3156 3231 3272 illuc‘odare
3269 3158 3708 3214 deliberaverat.
3747 3159 3864 3213 Sed

2221 3253 2425 3307 beatus
2452 3253 2769 3307 Domnolus
2798 3251 2921 3306 hac
2943 3251 3206 3319 audiens,
3237 3253 3309 3307 ad
3341 3252 3640 3307 basilicam
3680 3252 3861 3307 sancti

2222 3345 2449 3401 Martini
2475 3345 2765 3413 antistitis,
2791 3363 2904 3417 quo
2936 3349 3069 3401 tunc
3096 3347 3378 3404 Clotarius
3416 3364 3512 3402 rex
3539 3347 3614 3402 ad
3656 3346 3866 3401 oratio-

2223 3457 2359 3495 nem
2384 3443 2641 3506 venerat,
2665 3440 2929 3505 accessit;
2955 3443 3013 3495 et
3039 3445 3203 3495 nocte
3231 3444 3354 3496 tota
3374 3440 3434 3494 in
3465 3441 3675 3511 vigiliis
3695 3457 3857 3495 excu-

2222 3534 2388 3601 bans,
2418 3550 2521 3605 per
2548 3533 2769 3605 priores
2792 3534 2889 3604 qui
2916 3534 3297 3605 aderantregi
3324 3535 3759 3605 suggestionem
3780 3534 3864 3588 in-

2225 3628 2442 3695 tulit,ut
2452 3644 2565 3682 non
2580 3628 2742 3699 quasi
2754 3628 3008 3698 captivus
3020 3628 3091 3682 ab
3109 3628 3159 3699 ej
3168 3646 3231 3682 us
3244 3630 3618 3699 elongaretur
3629 3631 3866 3699 aspectu

2222 3738 2331 3777 nec
2348 3720 2751 3792 permitterent
2761 3721 3189 3793 simplicitatem
3203 3739 3364 3777 suam
3380 3722 3441 3776 in
3454 3726 3754 3777 senatores
3769 3738 3830 3777 so
3842 3753 3866 3762 -

2224 3815 2499 3887 phisticos
2530 3832 2595 3869 ac
2613 3815 2838 3886 judices
2866 3815 3293 3887 philosophicos
3319 3816 3572 3887 fatigari.
3612 3816 3699 3869 Ad
3740 3816 3863 3870 hac

2228 3925 2325 3963 rex
2350 3925 2629 3977 annuens,
2671 3908 2959 3979 migrante
3005 3910 3342 3965 Innocentio
3389 3912 3861 3965 Cenomanorum

2228 4003 2517 4074 episcopo,
2552 4003 2739 4073 ipsum
2769 4003 3033 4058 Ecclesia
3064 4003 3144 4058 illi
3175 4003 3509 4074 episcopum
3533 4003 3863 4058 destinavit.

2225 4099 2352 4153 lam
2380 4100 2675 4167 assumpto
2699 4097 3054 4167 episcopatu,
3082 4098 3256 4151 talem
3268 4114 3327 4151 se
3346 4100 3690 4167 tantumque
3708 4115 3861 4168 pra-

2229 4191 2371 4259 buit,
2403 4193 2464 4245 ut
2486 4190 2545 4244 in
2564 4206 2805 4245 summa
2819 4190 3137 4244 sanctitatis
3158 4192 3387 4245 culmen
3401 4194 3649 4256 evectus,
3684 4191 3865 4246 debili

2230 4301 2395 4339 usum
2409 4300 2734 4355 gressuum,
2755 4300 2904 4338 caeo
2923 4283 3467 4338 restitueretvisum.
3492 4284 3600 4348 Qui
3622 4288 3753 4355 post
3778 4285 3864 4338 vi-

2229 4379 2376 4450 ginti
2398 4378 2542 4433 duos
2556 4377 2918 4449 episcopatus
2936 4394 3139 4444 annos,
3157 4378 3293 4432 dum
3309 4394 3366 4433 se
3378 4381 3645 4431 cerneret
3658 4379 3862 4433 morbo

2230 4472 2391 4544 regio
2413 4473 2743 4543 calculoque
2769 4471 3103 4542 gravissime
3136 4470 3388 4543 fatigari,
3420 4471 3861 4542 Theodulphum

2147 4570 2207 4643 Ι)
2230 4566 2503 4622 abbatem
2533 4566 2593 4620 in
2628 4566 2816 4620 locum
2843 4582 3010 4619 suum
3037 4566 3356 4637 praelegit.
3388 4566 3560 4636 Cujus
3601 4583 3867 4621 assensus

2233 4678 2330 4715 rex
2374 4659 2621 4731 praebuit
2664 4659 3043 4714 voluntatem.
3105 4659 3221 4714 Sed
3264 4676 3381 4714 non
3430 4660 3683 4714 multum
3741 4664 3871 4731 post

2233 4758 2481 4826 tempus,
2508 4755 2732 4808 mutata
2766 4752 3072 4821 sententia,
3115 4753 3175 4807 in
3229 4753 3622 4825 Badegisilum
3664 4754 3869 4809 domus

2232 4849 2408 4919 regia
2438 4847 2723 4919 majorem
2757 4847 3101 4901 transfertur
3128 4847 3351 4903 electio.
3382 4847 3489 4913 Qui
3514 4850 3869 4917 tonsuratus,

2233 4942 2444 5014 gradus
2475 4958 2620 5013 quos
2645 4940 2837 4995 clerici
2863 4940 3183 4996 sortiuntur
3210 4941 3549 5010 ascendens,
3578 4947 3712 5014 post
3737 4960 3873 5015 qua-

2232 5035 2501 5107 draginta
2528 5035 2650 5090 dies
2676 5035 2965 5106 migrante
2992 5035 3291 5090 sacerdote
3319 5037 3608 5092 successit.
3636 5060 3663 5086 η

2301 5134 2352 5185 6.
2379 5131 2506 5186 Hac
2532 5129 2729 5185 omnia
2757 5128 2966 5184 desunt
2990 5130 3050 5183 in
3082 5130 3372 5201 pradictis
3412 5132 3540 5186 Mss.
3585 5134 3646 5186 et
3679 5131 3868 5187 viden-

2229 5229 2323 5279 tur
2352 5222 2720 5295 postmodum
2742 5222 2978 5292 inserta,
3013 5227 3072 5277 et
3093 5223 3150 5278 in
3182 5224 3379 5279 multis
3416 5225 3764 5280 refelluntur
3800 5244 3867 5280 ex

2228 5322 2384 5374 textu
2409 5317 2550 5371 Vita
2570 5316 2751 5372 sancti
2772 5317 3039 5373 Domnoli
3069 5318 3141 5373 ab
3170 5322 3404 5373 auctore
3423 5336 3614 5375 coavo
3643 5324 3703 5374 et
3721 5324 3863 5375 teste

2229 5414 2454 5469 oculato
2485 5412 2740 5484 scripta;
2775 5411 2891 5466 imo
2920 5414 2979 5467 et
3004 5429 3069 5466 ex
3105 5412 3232 5467 Vita
3263 5413 3511 5497 breviori
3540 5414 3639 5469 diu
3669 5418 3870 5485 postea

2229 5509 2488 5564 exarata:
2513 5506 2572 5561 in
2598 5506 2803 5579 quibus
2823 5510 3052 5561 sanctus
3073 5507 3393 5562 Domnolus
3411 5508 3741 5579 alienigena
3772 5509 3872 5563 ha-

2227 5603 2415 5668 betur,
2439 5618 2504 5655 ac
2532 5601 2717 5655 Roma
2738 5601 3141 5672 peregrinatus
3166 5600 3224 5655 in
3247 5601 3430 5656 Gallia
3444 5602 3570 5673 jam
3591 5605 3725 5657 tunc
3745 5603 3865 5673 epi-

2228 5712 2450 5767 scopus,
2472 5697 2914 5766 assumptusque
2927 5694 3001 5750 ad
3021 5695 3285 5766 regimen
3307 5696 3576 5751 Ecclesia
3590 5698 3872 5752 Cenoma-

2228 5805 2454 5844 norum.
2487 5788 2767 5844 Fabulosa
2798 5805 2937 5860 ergo
2979 5788 3247 5843 videntur
3291 5806 3423 5861 qua
3467 5790 3537 5843 de
3580 5791 3866 5845 Domnolo

2226 5883 2435 5941 abbate
2455 5882 2637 5941 sancti
2654 5882 2950 5943 Laurentii
2967 5882 3254 5955 dicuntur,
3275 5901 3341 5943 ac
3357 5884 3555 5943 forsan
3576 5885 3648 5942 ab
3672 5885 3863 5959 aliquo
