4006 6238
127 389 224 442 633

1438 388 1524 443 DE
1563 386 1819 444 SANCTO
1858 388 2196 445 DOMNOLO.

3405 394 3507 451 634

122 496 228 550 alio
259 495 576 551 Domonolo
602 500 763 566 gesta
780 496 850 551 ad
870 496 1024 551 hunc
1045 497 1535 553 Cenomanensem
1559 513 1760 569 perpe-
1781 510 1841 585 Α
1860 498 2093 554 ductum
2126 515 2243 555 esse
2277 504 2563 571 regestum
2598 498 2731 555 illud
2760 515 2939 572 usque
2964 500 3032 556 ad
3055 500 3333 556 domnum
3355 473 3501 557 Gau-

123 605 241 644 ram
267 589 728 659 tramferuntur;
750 589 924 662 idque
950 607 1018 645 eo
1038 591 1280 659 facilius,
1303 608 1416 663 quo
1432 592 1620 646 notior
1641 597 1764 647 erat

125 683 367 738 amicitia
404 700 541 756 quae
584 685 733 739 inter
758 689 1017 739 sanctum
1049 685 1394 740 Domnolum
1423 690 1479 739 et
1504 690 1762 741 sanctum

123 774 465 827 Germanum
494 773 827 844 episcopum
854 774 1229 829 Parisiensem
1256 775 1590 829 intercessit.
1615 776 1761 839 Quid

124 863 269 934 quod
295 863 377 917 ibi
415 866 649 917 sanctus
678 863 987 917 Domnulus
1012 866 1292 917 statuatur
1314 864 1549 933 alicujus
1579 864 1762 934 prodi-

124 957 284 1010 tionis
303 972 457 1025 reus,
478 957 581 1028 qui
601 956 835 1011 nuntios
849 956 1075 1011 Clotarii
1096 956 1246 1027 regis
1262 957 1331 1009 ad
1353 957 1761 1027 speculandum

125 1051 315 1105 missos
364 1050 624 1106 crebrius
668 1050 997 1104 occulebat?
1032 1050 1365 1121 Hujusmodi
1411 1066 1546 1105 sane
1595 1051 1762 1121 culpa

124 1146 237 1199 viro
280 1149 400 1199 tam
443 1148 640 1199 sancto
672 1160 789 1198 non
835 1142 1059 1198 videtur
1098 1147 1253 1198 recte
1290 1143 1486 1198 tribui.
1534 1144 1762 1199 Accedit

125 1238 265 1310 quod
286 1241 494 1292 auctor
512 1238 652 1293 Vita?
673 1237 842 1306 dicat,
860 1237 1206 1308 jampridem
1236 1236 1567 1292 defunctum
1588 1237 1761 1293 fuisse

123 1334 343 1386 beatum
380 1331 781 1386 Innocentium
807 1347 939 1385 cum
964 1333 1315 1385 Cenomanos
1340 1330 1493 1385 venit
1517 1331 1762 1385 Domno-

124 1428 223 1495 lus,
255 1425 505 1480 necdum
532 1425 642 1479 alio
660 1425 721 1479 in
746 1425 868 1495 ejus
892 1425 1079 1479 locum
1105 1424 1429 1496 subrogato.
1467 1425 1583 1480 Imo
1609 1426 1757 1480 Bon-

123 1520 395 1575 donnetus
423 1520 636 1591 aliique
667 1518 966 1589 scriptores
1004 1520 1475 1586 Cenomanenses,
1503 1518 1761 1590 allegatis

122 1608 345 1665 vetustis
364 1608 731 1665 chartulariis
755 1608 953 1663 dicunt
970 1623 1041 1663 ex
1060 1607 1129 1662 iis
1147 1607 1344 1663 haberi
1367 1607 1761 1663 Scienfredum

122 1705 448 1776 quemdam,
482 1704 585 1775 qui
624 1707 850 1757 mortuo
876 1701 1202 1757 Innocentio
1234 1702 1428 1757 sedem
1468 1702 1756 1773 invaserit,

123 1815 216 1854 seu
251 1797 446 1870 potius
486 1797 743 1853 Ecclesiae
777 1796 913 1869 jura
950 1813 1014 1850 ac
1039 1796 1209 1865 bona,
1240 1795 1450 1867 quippe
1486 1796 1584 1868 qui
1608 1812 1756 1851 nun-

122 1909 286 1965 quam
311 1909 370 1948 se
397 1892 786 1948 ordinandum
812 1890 1132 1959 curaverit;
1164 1891 1318 1946 unde
1352 1890 1570 1946 factum
1595 1890 1668 1945 sit
1697 1894 1762 1946 ut
1780 1884 1837 1957 B

124 1988 179 2043 in
193 1987 406 2043 conciio
430 1986 827 2042 Aurelianensi
850 2002 905 2057 γ,
930 2001 1081 2040 anno
1108 1984 1451 2040 Childeberti
1479 1988 1568 2055 38,
1598 1984 1758 2041 Chri-

124 2083 187 2136 sti
216 2083 336 2152 547,
359 2081 565 2136 vicinis
589 2081 856 2137 omnibus
883 2078 1158 2152 episcopis
1187 2080 1644 2151 comparentibus
1658 2096 1763 2151 per

126 2192 180 2231 se
214 2179 312 2232 aut
357 2176 564 2231 missos
619 2191 768 2244 suos,
816 2174 949 2229 solis
992 2172 1237 2230 defuerit
1286 2173 1756 2241 Cenomanensis;

124 2286 287 2341 quem
306 2270 443 2325 inde
461 2269 743 2341 colligunt
754 2273 890 2324 tunc
904 2268 1127 2323 nullum
1141 2266 1334 2322 fuisse.
1357 2268 1623 2339 Optarem
1635 2284 1761 2339 pro-

126 2364 244 2419 duci
280 2364 630 2419 chartularia
672 2364 765 2419 illa
800 2379 871 2419 ex
908 2361 1114 2435 quibus
1150 2361 1504 2418 Scienfredus
1528 2361 1633 2416 iste
1663 2378 1757 2417 eo-

127 2458 427 2530 gnoscitur,
453 2474 594 2513 nam
616 2474 687 2513 ex
714 2456 953 2529 publicis
982 2455 1115 2525 illis,
1136 2456 1181 2511 si
1219 2456 1468 2527 genuina
1494 2460 1644 2526 sunt,
1676 2456 1761 2511 in-

127 2553 447 2608 strumentis
463 2552 642 2624 longe
658 2551 867 2607 certius
878 2549 1100 2606 deﬁniri
1120 2550 1328 2621 poterit
1348 2550 1625 2622 cujusque
1647 2549 1761 2622 epi-

127 2647 268 2719 scopi
284 2652 711 2719 tempus,quam
724 2662 793 2701 ex
808 2645 1020 2701 incerta
1031 2648 1391 2715 posterorum
1409 2646 1755 2716 conjectura:

127 2740 236 2812 qui,
265 2745 326 2796 ut
347 2742 526 2813 longa
542 2757 825 2795 annorum
847 2738 1025 2812 spatia
1049 2737 1246 2810 paucis
1267 2737 1538 2810 episc0pis
1560 2739 1758 2811 imple-

128 2840 263 2905 rent,
291 2852 437 2907 qnos
463 2835 677 2891 scilicet
687 2835 832 2890 solos
851 2836 1143 2901 noverant,
1180 2832 1440 2903 pluribus
1454 2835 1597 2890 forte
1612 2834 1755 2889 obli-

127 2929 281 2984 vione
301 2929 526 3000 deletis,
548 2930 721 3001 longa
748 2929 860 2984 illis
883 2931 1062 3002 spatia
1081 2948 1361 2987 annorum
1380 2930 1751 3002 assignavere.

191 3028 240 3077 7.
285 3024 375 3079 Sic
425 3024 485 3079 in
526 3030 751 3095 regesto
790 3026 1129 3097 pontiﬁcalis
1174 3025 1435 3081 Ecclesia:
1479 3027 1755 3081 Cenoma-

126 3117 305 3173 nensis
331 3134 438 3173 ms.
471 3135 655 3191 usque
681 3119 752 3173 ad
777 3136 995 3174 annum
1016 3119 1243 3175 Domini
1268 3124 1422 3189 1255,
1451 3118 1753 3173 habentur:

131 3232 155 3261 α
192 3214 348 3268 Gesta
391 3213 595 3268 domui
633 3213 970 3284 Innocentis,
1015 3214 1401 3269 Cenomanicze
1437 3212 1593 3267 urbis
1634 3210 1752 3283 epi-

128 3307 289 3379 scopi,
319 3309 420 3380 qui
458 3308 572 3363 fuit
608 3264 970 3379 temporibus:
987 3308 1263 3364 Anastasii
1294 3264 1758 3379 imperatorisjet
1778 3264 1833 3338 Ο

129 3402 388 3457 Clodovaai
418 3401 593 3473 primi
619 3402 963 3457 Francorum
992 3403 1142 3475 regis
1181 3401 1483 3459 Christiani
1515 3404 1571 3455 et
1599 3400 1752 3455 Chil-

127 3495 329 3552 deberti
367 3495 473 3550 ﬁlii
512 3496 654 3567 ejus,
684 3518 713 3545 ››
754 3496 1073 3567 diciturque
1101 3497 1256 3569 quod
1289 3520 1316 3545 ‹‹
1349 3495 1491 3551 sedit
1518 3496 1577 3549 in
1603 3511 1751 3565 prae-

127 3589 262 3644 dicta
303 3590 436 3661 sede
478 3606 659 3645 annos
703 3592 768 3645 45
811 3606 1035 3646 menses
1078 3594 1140 3645 10
1188 3591 1306 3646 dies
1339 3594 1430 3660 25,
1458 3594 1513 3644 et
1540 3587 1672 3643 fecit
1696 3588 1755 3642 in

126 3682 237 3754 ipsa
282 3683 666 3739 ordinationes
706 3684 1158 3756 quinquaginta;
1199 3685 1556 3756 presbyteros
1599 3682 1754 3737 enim

129 3779 457 3834 consecravit
515 3780 640 3846 3I8,
700 3783 755 3833 et
808 3778 1003 3834 levitas
1059 3784 1229 3851 atque
1280 3779 1419 3833 alios
1468 3780 1755 3834 ministros

127 3876 392 3942 quantum
432 3888 663 3927 necesse
700 3872 833 3927 fuit.
870 3892 898 3925 ››
940 3872 1151 3927 Deinde
1176 3877 1493 3944 sequuntur
1523 3895 1553 3923 ‹‹
1592 3875 1755 3928 Gesta

129 3965 308 4037 domni
336 3966 619 4035 Domnoli,
648 3966 1038 4023 Cenomanicze
1058 3967 1210 4022 urbis
1236 3967 1504 4038 episcopi,
1529 3967 1627 4038 qui
1646 3967 1754 4023 fuit

129 4060 472 4131 temporibus
521 4060 742 4115 ultimis
800 4060 1146 4117 Childeberti
1190 4065 1247 4117 et
1304 4059 1531 4117 Clotarii
1583 4063 1754 4132 atque

130 4150 300 4219 primo
340 4157 598 4223 tempore
650 4150 951 4223 Chilperici
1141 4151 1318 4223 ipsius
1364 4150 1611 4221 Clotarii,
1654 4150 1754 4222 qui

127 4242 346 4299 fuerunt
369 4261 536 4317 reges
578 4245 960 4314 Francorum;
994 4268 1022 4295 ››
1063 4249 1120 4300 et
1147 4245 1353 4300 dicitur
1391 4245 1543 4317 quod
1570 4243 1757 4301 «sedit

130 4336 181 4390 in
206 4339 472 4408 praedicta
500 4339 628 4394 sede
649 4355 826 4393 annos
846 4338 934 4409 46,
967 4355 1190 4395 menses
1221 4342 1306 4405 11,
1336 4338 1455 4393 dies
1481 4340 1571 4406 24,
1605 4342 1660 4393 et
1678 4339 1757 4394 fe-

131 4431 198 4485 cit
224 4432 604 4489 ordinationes
623 4433 1002 4505 septuaginta,
1036 4433 1392 4505 presbyteros
1419 4436 1542 4503 360,
1574 4433 1757 4488 diaco-

136 4540 224 4579 nos
247 4530 370 4596 250,
402 4531 461 4582 et
490 4526 736 4598 reliquos
761 4526 1050 4582 ministros
1082 4527 1445 4583 sufﬁcienter.
1480 4549 1507 4577 »
1542 4526 1754 4583 Simili-

1861 588 2082 647 fridum'
2100 594 2169 647 de
2190 594 2480 662 Lauduno,
2503 610 2636 648 cum
2656 610 2769 665 quo
2796 594 3023 650 desinit.
3054 596 3164 650 Hoc
3186 600 3379 651 autem
3399 614 3505 668 po-

1862 687 1989 754 sito,
2019 703 2371 758 consequens
2398 688 2569 741 etiam
2592 687 2740 743 foret
2771 691 2952 743 totum
2974 705 3093 744 esse
3125 690 3505 761 compositum

1862 780 1966 833 sub
1985 780 2032 849 ej
2044 797 2106 832 us
2131 796 2448 835 successore
2480 782 2689 836 domno
2718 782 3020 837 Guilielmo
3051 784 3284 846 Roland,
3326 800 3505 839 saecu-

1862 873 1918 927 lo
1956 889 2071 942 xm,
2112 874 2280 943 juxta
2306 890 2431 929 eam
2466 892 2597 947 qua:
2624 881 2759 930 tunc
2797 876 3115 931 habebatur
3139 877 3273 931 satis
3304 878 3501 934 vitiosa

1864 968 2207 1021 Francorum
2238 984 2442 1038 regum
2470 969 2929 1041 chronologiam;
2960 974 3016 1024 et
3035 986 3303 1026 numeros
3332 989 3508 1027 anno-

1861 1076 2011 1127 rum,
2044 1060 2349 1128 mensium,
2376 1061 2620 1131 dierum,
2653 1064 2859 1135 cuique
2886 1064 3231 1134 episcopatui
3257 1067 3503 1120 attribu-

1864 1157 2087 1223 torum;
2131 1155 2229 1226 qui
2273 1160 2338 1210 ut
2376 1156 2779 1227 posterioribus
2826 1158 3044 1211 saaculis
3093 1159 3231 1213 certi
3269 1160 3504 1227 fuerint,

1860 1263 1976 1302 non
2004 1252 2087 1303 est
2111 1248 2380 1304 credibile
2407 1266 2501 1304 eos
2529 1267 2690 1321 seque
2723 1255 2900 1306 certos
2925 1252 3092 1307 fuisse
3120 1269 3217 1307 sex
3253 1252 3339 1307 vel
3372 1260 3498 1309 octo

1859 1341 2145 1412 prioribus
2178 1359 2192 1397 :
2235 1342 2352 1398 imo
2381 1360 2487 1415 pro
2513 1343 2711 1415 primis
2738 1344 2937 1399 saltem
2957 1346 3128 1416 gratis
3156 1362 3275 1402 esse
3300 1347 3503 1402 deﬁni-

1860 1443 1945 1494 tos
1983 1456 2102 1494 non
2128 1440 2313 1495 solum
2350 1458 2549 1497 censeo
2584 1458 2710 1513 ego,
2744 1442 2841 1496 sed
2884 1447 2941 1497 et
2980 1443 3404 1515 Bondonnetus,
3448 1449 3505 1502 et

1859 1533 2221 1589 versimiliter
2244 1533 2340 1588 alii
2364 1535 2516 1605 apud
2548 1535 2904 1589 Cenomanos
2931 1536 3142 1593 eruditi
3166 1536 3296 1591 viri.

1934 1631 1988 1683 8.
2023 1629 2085 1681 In
2120 1628 2393 1682 Domnolo
2422 1633 2572 1683 certe
2612 1628 2669 1682 id
2695 1629 2911 1684 clarum
2944 1633 3045 1701 est,
3079 1628 3170 1685 cui
3205 1631 3343 1686 anni
3381 1631 3502 1688 fere

1860 1721 2263 1793 quadringinta
2288 1726 2506 1793 septem
2534 1721 2865 1778 tribuuntur
2888 1723 2958 1779 ab
2981 1723 3200 1779 ultimis
3226 1724 3500 1798 tempori-

1862 1814 1967 1870 bus
1994 1814 2355 1886 Childeberti,
2386 1814 2486 1887 qui
2504 1814 2645 1871 obiit
2673 1832 2826 1872 anno
2852 1816 3017 1890 regni
3037 1819 3126 1889 49,
3151 1818 3359 1875 Christi
3378 1823 3501 1889 558,

1860 1925 2041 1980 usque
2084 1908 2270 1981 prima
2317 1912 2581 1982 tempora
2623 1910 2947 1983 Chilperici,
3000 1912 3101 1985 qui
3149 1913 3317 1984 coepit
3357 1931 3505 1968 anno

1860 2002 2066 2059 Christi
2105 2006 2229 2058 561.
2277 2003 2509 2059 Interim
2543 2020 2695 2059 anno
2730 2004 3074 2061 Childeberti
3108 2006 3262 2078 regis
3289 2010 3358 2063 3O
3399 2008 3501 2063 ha-

1861 2096 1979 2151 bita
2005 2100 2090 2152 est
2115 2097 2361 2169 synodus
2389 2098 2806 2153 Aurelianensis
2832 2115 2906 2166 1v,
2938 2099 3030 2154 cui
3061 2100 3418 2156 Innocentius
3443 2102 3504 2157 in

1859 2189 2067 2247 Christi
2096 2191 2332 2247 nomine
2363 2192 2662 2264 episcopus
2688 2192 2926 2248 civitatis
2950 2194 3340 2250 Cenomanica:
3364 2212 3501 2251 con-

1860 2285 2035 2341 sensit
2064 2290 2121 2341 et
2159 2286 2509 2358 subscripsit,
2546 2286 2686 2341 adeo
2724 2291 2790 2341 ut
2825 2287 2917 2341 hic
2949 2288 3199 2343 fortassis
3227 2305 3343 2344 non
3371 2293 3504 2346 ante

1860 2396 2076 2435 annum
2118 2379 2220 2435 546
2268 2380 2571 2436 excesserit
2607 2397 2638 2436 e
2679 2380 2840 2436 vivis.
2872 2381 3044 2452 Cujus
3082 2382 3271 2437 locum
3312 2382 3358 2437 si
3396 2383 3500 2438 ali-

1861 2490 2033 2545 quam
2061 2474 2256 2528 multis
2281 2474 2445 2528 annis
2468 2474 2648 2529 tenuit
2670 2491 2964 2547 nunquam
2996 2475 3291 2532 ordinatus
3315 2477 3502 2533 Scien—

1858 2567 2072 2638 fredus,
2090 2571 2359 2639 poterunt
2372 2566 2533 2622 initia
2550 2568 2834 2638 Domnoli,
2852 2569 3040 2640 potius
3059 2586 3231 2641 quam
3248 2570 3399 2640 ﬁnis,
3418 2588 3503 2627 re-

1858 2661 1994 2717 ferri
2022 2662 2094 2716 ad
2121 2662 2309 2733 prima
2343 2666 2601 2733 tempora
2634 2662 2937 2734 Chilperici
2971 2680 2984 2718 :
3018 2680 3122 2734 pro
3161 2680 3274 2735 quo
3304 2668 3500 2721 tamen

1860 2755 2066 2810 rectius
2106 2756 2449 2810 scriberetur
2493 2773 2701 2811 nomen
2736 2755 2925 2811 fratris
2964 2757 3300 2826 Chariberti,
3344 2759 3501 2839 Pari-

1860 2848 2043 2904 siense
2071 2865 2341 2922 regnum,
2364 2848 2468 2905 sub
2497 2867 2608 2922 quo
2629 2850 2936 2906 Cenomani
2962 2854 3142 2920 erant,
3172 2855 3301 2923 post
3323 2852 3499 2907 Clota-

1955 2942 2131 3013 patris
2163 2947 2406 2997 mortem
2436 2942 2760 3013 obtinentis,
2791 2943 2937 2998 sicut
2969 2960 3213 3015 regnum
3242 2945 3498 3000 Suessio-

1857 3051 2031 3091 nense
2061 3035 2350 3091 obtinebat
2377 3036 2744 3109 Chilpericus.
2767 3037 2979 3092 Poterit
2997 3038 3169 3093 etiam
3199 3039 3277 3094 sic
3295 3056 3500 3096 verum

1858 3145 1998 3199 esse,
2031 3129 2185 3201 quod
2222 3129 2477 3201 Gregorii
2512 3130 2849 3185 Turonensis
2885 3130 3276 3204 interpolator,
3304 3138 3502 3189 auctor

1855 3240 1972 3278 non
1999 3223 2232 3295 quidem
2258 3223 2636 3293 ﬁdelissimus,
2656 3226 2753 3280 sed
2771 3229 2962 3280 tamen
2989 3226 3248 3298 pluribus
3281 3228 3500 3283 saeculis

1855 3318 2149 3390 antiquior
2184 3323 2431 3391 regesto,
2465 3319 2535 3374 de
2575 3320 2853 3375 Domnolo
2882 3319 3122 3393 scripsit,
3158 3326 3281 3393 post
3304 3325 3503 3391 viginti

1855 3412 1990 3467 duos
2001 3414 2337 3483 episcopatus
2357 3428 2525 3468 annos
2540 3430 2918 3470 successorem
2930 3416 3239 3487 postulasse
3254 3420 3311 3470 et
3326 3416 3502 3488 impe-

1852 3510 2050 3561 trasse.
2067 3506 2230 3561 Certe
2250 3507 2437 3578 prima
2464 3507 2585 3577 ejus
2602 3508 2799 3562 notitia
2820 3526 2972 3564 anno
2993 3509 3203 3565 Christi
3231 3513 3333 3566 567
3350 3509 3501 3565 inve-

1853 3600 2013 3655 nitur
2039 3599 2098 3654 in
2124 3600 2336 3671 synodo
2360 3601 2672 3655 Turonensi
2699 3618 2758 3669 n,
2781 3606 2868 3657 cui
2895 3620 2964 3657 xv
2990 3604 3266 3658 Kalendas
3281 3606 3499 3659 Decem-

1855 3694 1986 3757 bris,
2017 3693 2345 3749 Chariberto
2368 3710 2583 3748 annum
2611 3699 2835 3751 sextum
2864 3701 3162 3767 regnante,
3183 3698 3505 3767 subscripsit

1852 3788 2163 3850 Damnatus,
2198 3792 2448 3858 peccator
2479 3790 2756 3859 episcopus
2782 3791 3027 3845 Ecclesia,u
3066 3790 3495 3846 Cenomanensis.

1924 3880 2215 3936 Obtulerat
2230 3881 2362 3936 huic
2379 3882 2593 3953 synodo
2614 3881 2913 3953 epistolam
2930 3888 3123 3938 sancta
3133 3884 3499 3955 Redegundis

1853 3975 2070 4047 regina,
2110 3990 2225 4046 qua
2252 3975 2416 4047 petiit
2447 3976 2682 4031 tutelam
2713 3980 2769 4031 et
2792 3976 3154 4033 stabilitatem
3168 3977 3444 4033 institutae
3466 3996 3501 4033 a

1854 4085 1911 4123 se
1937 4069 2383 4141 congregationi,
2422 4086 2595 4142 quam
2630 4070 3040 4126 conﬁrmarunt
3071 4076 3297 4127 sanctus
3322 4073 3497 4127 Dom-

1853 4162 2017 4218 nolus
2042 4162 2251 4234 aliique
2278 4162 2529 4235 episcopi
2557 4164 2782 4219 decreto
2804 4181 2927 4234 suo,
2956 4165 3109 4237 quod
3135 4169 3317 4221 exstat
3344 4155 3498 4238 apud

1854 4257 2194 4329 Gregorium
2235 4258 2643 4326 Turonensem,
2687 4258 2801 4315 lib.
2834 4275 2889 4315 Ix
2931 4260 3069 4315 Hist.
3118 4261 3494 4330 Francorum,

1854 4367 1978 4423 cap.
2002 4353 2090 4405 39.
2121 4352 2273 4406 Inter
2305 4351 2595 4424 episcopos
2633 4352 2732 4424 qui
2762 4357 2899 4407 tunc
2939 4352 3322 4408 interfuerunt
3346 4354 3498 4408 dicto

1855 4443 2092 4500 concilio
2116 4445 2427 4501 Turonensi
2460 4445 2571 4500 fuit
2596 4446 2750 4501 Felix
2778 4445 3074 4517 episc0pus
3100 4447 3494 4516 Nannetensis,

1855 4538 1924 4593 ad
1953 4555 2125 4609 quem
2154 4542 2336 4593 exstat
2354 4555 2558 4610 poema
2585 4539 2879 4593 Fortunati
2904 4538 3151 4609 episcopi
3181 4538 3494 4594 Pictavien-

136 4621 211 4672 ter
230 4620 285 4675 in
307 4620 595 4676 Addendis
616 4621 687 4675 ad
706 4623 773 4676 28
796 4621 1046 4676 Januarii
1080 4621 1442 4677 exhibuimus
1464 4621 1752 4694 (Bolland.)
1774 4639 1833 4712 D
1857 4632 1952 4699 sis,
1981 4631 2080 4686 lib.
2110 4648 2191 4697 ιιι,
2223 4648 2384 4687 num.
2408 4635 2462 4699 6,
2486 4633 2556 4688 de
2588 4631 2948 4686 Dedicationc
2968 4629 3215 4686 ecclesiae
3241 4648 3381 4701 suae,
3405 4633 3497 4687 cui

140 4713 327 4769 “Gesta
347 4715 547 4770 domui
563 4715 865 4783 Haduindi,
888 4716 1280 4772 Cenomanicm
1297 4715 1456 4769 urbis
1477 4715 1749 4788 episcopi,
1854 4728 2112 4781 sanctum
2142 4725 2481 4780 Domnolum
2507 4725 2826 4780 interfuisse
2854 4725 2961 4779 hoc
2989 4741 3157 4780 versu
3183 4726 3449 4782 meminit
3476 4746 3490 4781 :

136 4807 226 4876 qui
258 4809 363 4864 fuit
399 4810 604 4865 ultimo
638 4812 896 4881 tempore
939 4810 1163 4867 Clotarii
1209 4809 1309 4864 ﬁlii
1343 4808 1664 4881 Chilperici,
1698 4813 1754 4865 et

134 4903 372 4973 tempore
413 4903 720 4975 Dagoberti
893 4904 1147 4973 Clotarii,
1189 4908 1245 4959 et
1282 4903 1470 4974 primo
1498 4906 1752 4974 tempore

133 4994 394 5052 Clodovzei
417 4997 518 5053 ﬁlii
546 4997 797 5069 ejusdem
825 4998 1127 5069 Dagoberti
1156 5014 1168 5052 :
1206 5019 1233 5047 »
1262 4996 1421 5054 Circa
1445 4997 1619 5051 ﬁnem
1646 5014 1749 5051 au-

136 5092 240 5143 tem
258 5093 524 5148 asseritur
547 5092 701 5164 quod
725 5114 751 5141 ‹‹
785 5092 930 5147 sedit
948 5091 1008 5146 in
1030 5091 1301 5164 praedicta
1322 5091 1452 5147 sede
1467 5108 1646 5145 annos
1661 5093 1749 5161 30,

134 5198 340 5240 menses
366 5190 451 5256 11,
482 5186 599 5242 dies
623 5189 712 5241 23.
760 5208 788 5235 »
817 5186 1015 5257 Operae
1046 5184 1295 5257 pretium
1325 5190 1469 5240 esset
1492 5184 1632 5239 illud
1658 5201 1750 5240 re-

136 5283 343 5345 gestum
372 5281 663 5353 integrum
696 5280 819 5336 dari
857 5279 917 5334 in
946 5280 1151 5350 lucem,
1177 5285 1302 5334 tum
1327 5284 1563 5351 propter
1587 5279 1751 5351 plura

133 5368 465 5442 singulorum
484 5375 873 5447 episcoporum
889 5378 1046 5446 gesta
1061 5373 1183 5445 subj
1192 5379 1361 5429 uncta
1371 5373 1755 5429 instrumenta

135 5465 551 5525 Cenomanensis
580 5468 831 5525 historiae
858 5468 1231 5524 fundamenta
1257 5471 1313 5524 et
1334 5468 1618 5540 principia
1642 5468 1753 5523 for-

137 5573 226 5613 san
248 5561 604 5619 vehementer
632 5563 1003 5631 illustratum,
1030 5579 1135 5617 nec
1172 5578 1286 5617 non
1314 5562 1550 5633 reliquie
1579 5561 1749 5616 Galli-

136 5666 276 5707 canae
302 5655 547 5712 historiae
572 5674 849 5729 magnum
875 5655 1195 5712 subsidium
1220 5657 1493 5724 allatura;
1528 5660 1653 5709 tum
1680 5655 1751 5709 ad

137 5751 464 5805 commodius
484 5751 858 5822 judicandum
885 5752 953 5807 de
979 5751 1217 5824 singulis
1232 5769 1249 5821 ;
1293 5749 1570 5805 nonnulla
1597 5748 1751 5802 enim

139 5844 275 5895 certo
307 5843 615 5901 adulterata
656 5851 789 5900 sunt
822 5851 921 5901 aut
957 5846 1190 5900 omnino
1246 5843 1460 5899 fictitia.
1521 5840 1750 5915 Interim

141 5946 461 6003 Prasumerc
488 5938 636 6011 licet,
664 5956 777 6017 quo
805 5940 948 6015 stylo
975 5944 1224 6013 coeptum
1260 5941 1364 6012 est,
1392 5929 1590 5995 eodem
1618 5951 1749 6009 per-

1976 4832 2263 4882 Domnolus
2284 4831 2370 4895 hic
2395 4832 2558 4895 fulget
2589 4830 2804 4890 meritis,
2833 4830 3179 4895 Matacharius
3204 4831 3348 4893 inde,

2037 4896 2161 4945 Jure
2191 4894 2665 4945 sacerdotii'cultor
2688 4897 2904 4958 uterque
2934 4894 3047 4944 Dei.

1924 4998 2253 5055 Chariberto
2298 5015 2431 5071 rege
2464 4997 2811 5053 Parisiorum
2859 5004 3085 5053 mortuo
3134 5000 3237 5054 sub
3280 5016 3495 5054 annum

1854 5096 1976 5161 570,
2005 5091 2316 5148 Cenomani
2338 5092 2573 5148 fuerunt
2606 5092 2710 5147 sub
2740 5092 3023 5165 regimine
3052 5093 3353 5167 Chilperici
3377 5095 3493 5147 fra-

1853 5186 1953 5241 tris
1980 5187 2101 5258 ejus
2127 5186 2280 5259 regis
2306 5186 2692 5257 Suessionum,
2710 5187 2872 5258 cujus
2897 5186 3064 5259 regni
3092 5204 3243 5273 anno
3275 5190 3361 5255 11,
3384 5185 3496 5257 pri-

1853 5279 1943 5335 die
1968 5281 2152 5335 Nonas
2178 5280 2378 5349 Martii,
2419 5280 2476 5334 id
2505 5285 2587 5335 est
2624 5297 2734 5335 ano
2762 5284 2887 5351 572,
2916 5280 3358 5335 instrumentum
3389 5294 3493 5350 pro

1853 5374 2198 5429 monasterio
2226 5377 2554 5429 sanctorum
2581 5373 2860 5429 Vincentii
2886 5378 2941 5427 et
2966 5371 3273 5435 Laurentii,
3298 5370 3491 5442 signa—

1852 5472 1975 5523 tum
2003 5472 2085 5522 est
2121 5468 2191 5521 ab
2218 5468 2339 5538 ipso
2368 5467 2662 5534 Domnolo,
2704 5473 2760 5522 et
2789 5484 2821 5519 a
2847 5469 3038 5519 sancto
3063 5465 3340 5518 Germano
3370 5462 3490 5534 epi—

1851 5578 2017 5633 scopo
2044 5560 2361 5630 Parisiensi,
2392 5560 2495 5615 sub
2525 5577 2740 5614 annum
2770 5561 2869 5611 576
2900 5556 3015 5610 vita
3040 5557 3256 5611 functo.
3281 5556 3365 5610 Ab
3386 5557 3491 5610 hoc

1850 5661 2041 5709 autem
2069 5654 2448 5710 instrumento
2468 5653 2753 5708 diversum
2779 5649 2999 5704 videtur
3021 5649 3080 5703 id
3106 5649 3259 5720 quod
3288 5649 3493 5703 citatur

1850 5748 1907 5800 in
1939 5748 2062 5802 Vita
2090 5748 2355 5817 breviori,
2386 5762 2548 5801 num.
2582 5747 2636 5814 4,
2677 5748 2741 5798 ut
2762 5742 2975 5796 factum
3002 5758 3106 5811 pro
3136 5741 3335 5796 eodem
3362 5757 3486 5794 mo-

1851 5840 2095 5895 nasterio
2126 5857 2139 5894 :
2169 5840 2302 5912 quia
2328 5841 2677 5894 memoratus
2711 5833 3128 5901 Bondonnetus,
3157 5851 3214 5905 p.
3247 5834 3369 5901 268,
3399 5849 3485 5885 as-

1850 5933 1986 5994 serit
2011 5934 2119 5993 hoc
2152 5950 2271 5993 esse
2301 5934 2588 6009 signatum
2621 5930 2791 5988 Nonis
2823 5926 3187 6001 Septembris,
3229 5940 3380 5982 anno
3415 5927 3485 5980 20
