4006 6238
481 374 582 434 635

1376 371 1649 430 ’ΒΑΝΟΤΙ
1689 368 2002 436 DOMNOLI,
2046 367 2343 425 EPISCOPI
2381 364 2909 433 CENOMANENSIS,

3751 363 3856 419 636

475 482 797 557 Chilperici,
822 482 877 540 id
906 487 990 540 est
1016 481 1219 541 Christi
1247 484 1366 543 581.
1396 482 1511 537 Hoc
1537 496 1675 554 ergo
1699 493 1849 536 anno
1875 478 1923 535 si
1949 495 2104 534 mor-
2128 495 2186 570 Α
2207 482 2354 533 esset
2378 474 2710 546 differenda,
2740 474 3023 570 destructo
3045 476 3177 570 ante
3201 488 3378 530 annos
3401 469 3588 570 ferme
3612 468 3860 570 triginta

475 582 640 634 tuum
669 579 921 634 dicamus
959 583 1215 633 sanctum
1249 577 1591 632 Domnolum
1631 575 1783 646 (nam
1819 590 2106 629 successor

472 673 806 745 Badigisilus
852 672 1111 728 interfuit
1150 671 1386 726 concilio
1423 675 1455 727 2
1495 670 1907 740 Matisconensi,
1955 685 2104 724 anno

473 769 604 837 585;
637 772 712 837 et,
746 768 909 839 juxta
937 766 1191 837 Gregorii
1219 765 1548 838 interpolati
1580 781 1705 837 cap.
1736 767 1825 832 39,
1852 764 1950 818 lib.
1984 779 2101 833 vni,

476 863 662 932 quinto
696 862 903 933 conpleto
941 860 1348 929 ingrcdz’ebatur
1379 864 1591 915 scrtum
1624 861 1713 914 sui
1743 861 2102 929 episcopatus,

472 971 619 1010 anno
642 959 698 1011 11
722 954 1065 1009 Childeberti
1082 954 1499 1010 Austrasiorum
1527 954 1696 1025 regis,
1722 953 1927 1011 Christi
1956 953 2101 1023 587),

470 1049 818 1120 episcopatus
867 1048 1123 1102 Domnoli
1168 1065 1283 1103 non
1334 1051 1552 1104 tantum
1595 1048 1757 1103 initia
1804 1046 2107 1118 Chilperici

470 1142 743 1213 attigerit,
778 1142 876 1197 sed
902 1147 1089 1198 totum
1124 1143 1243 1199 fere
1286 1143 1438 1199 illius
1468 1160 1561 1198 am
1594 1143 1745 1215 apud
1783 1141 2106 1197 Suessiones

469 1253 642 1310 quam
673 1236 910 1293 Parisios
937 1255 1183 1311 regnum
1226 1239 1535 1310 aequaverit
1554 1255 1571 1307 ;
1610 1254 1714 1293 nec
1745 1242 1941 1292 tamen
1978 1236 2106 1307 plus

469 1332 648 1387 multo
673 1349 849 1404 quam
878 1332 1043 1388 annis
1068 1336 1136 1389 22
1168 1333 1394 1404 sederit,
1430 1332 1706 1404 incipiens
1725 1348 1874 1387 anno
1901 1329 2107 1386 Christi

468 1430 591 1497 559,
623 1430 681 1482 et
709 1432 967 1483 mortuus
995 1430 1120 1497 581,
1150 1427 1241 1483 die
1271 1431 1291 1483 1
1328 1427 1673 1483 Decembris.

539 1526 592 1577 9.
622 1523 741 1577 Alia
770 1523 939 1578 rebus
966 1522 1144 1577 sancti
1168 1521 1428 1578 Domnoli
1456 1521 1769 1577 obscuritas
1794 1519 2107 1575 offunditur

467 1633 535 1672 ex
561 1617 685 1672 Vita
709 1617 885 1672 sancti
914 1616 1111 1685 Mauri,
1138 1634 1313 1688 quam
1338 1617 1442 1672 sub
1464 1616 1695 1672 nomine
1720 1614 1911 1670 Fausti
1930 1613 2106 1669 coaevi

466 1710 766 1781 habemus,
796 1710 1166 1785 dedimusque
1193 1712 1265 1767 ad
1295 1716 1360 1767 15
1394 1710 1646 1767 Januarii
1677 1708 1989 1781 (Bolland.).
2026 1707 2106 1762 lbi

468 1806 641 1876 enim,
668 1822 832 1861 num.
878 1809 962 1875 16,
1005 1823 1039 1861 α
1083 1807 1386 1862 beatissimo
1416 1808 1809 1875 Bertigramno,
1854 1807 2107 1863 Cenoma-

2206 571 2494 628 Casinensi
2520 570 2790 639 coenobio,
2832 568 3059 642 quando
3091 569 3315 624 Maurus
3343 567 3520 622 sancti
3555 565 3859 621 Benedicti

2204 666 2512 738 discipulus
2539 664 2823 720 debuisset
2836 664 3009 719 fuisse
3033 663 3360 719 centenario
3388 661 3736 734 proximus),
3762 660 3862 715 sed

2204 762 2420 833 potius,
2444 764 2506 814 ut
2538 759 2826 831 prolixum
2854 758 2994 813 illud
3021 758 3090 812 de
3120 762 3316 812 sancto
3349 758 3538 811 Mauro
3565 755 3855 826 scriptum

2207 854 2379 927 (quod
2417 853 2594 909 veluti
2641 870 2713 908 ex
2766 852 3252 924 quaterniunculis
3310 868 3344 905 a
3406 851 3613 905 Fausto
3664 865 3861 904 (βοαθνο

2206 948 2426 1020 scriptis
2456 948 2603 1003 circa
2624 952 2884 1002 sanctum
2916 946 3283 1001 Benedictum
3309 947 3545 1018 ejusque
3591 944 3858 1015 discipu-

2204 1045 2307 1111 los,‘
2339 1044 2409 1098 ab
2441 1043 2637 1100 Odone
2676 1041 3125 1097 Glannofoliense
3166 1046 3460 1113 acceptum
3500 1039 3858 1111 expolitum-

2205 1154 2315 1211 que
2332 1138 2674 1209 obtruditur)
2694 1152 2918 1191 merum
2936 1152 3053 1192 esse
3075 1134 3364 1207 sequentis
3379 1134 3485 1189 azvi
3506 1134 3861 1205 ﬁgmentum

2205 1233 2432 1305 opinor,
2463 1232 2515 1286 ei
2540 1231 2721 1286 simile
2750 1230 2900 1303 quod
2939 1230 3007 1285 de
3044 1229 3320 1301 martyrio
3349 1229 3530 1284 sancti
3557 1228 3775 1283 Placidi
3802 1233 3865 1284 et

2206 1330 2507 1399 sociorum,
2537 1330 2640 1385 sub
2667 1329 2902 1385 nomine
2928 1328 3196 1384 Gordiani
3217 1329 3551 1384 eorumdem
3578 1327 3856 1396 ministri,

2204 1430 2474 1500 habetur;
2517 1428 2609 1484 cui
2647 1427 2785 1501 quid
2828 1427 3020 1483 solidae
3058 1426 3310 1483 veritatis
3348 1427 3545 1498 subsit,
3578 1427 3735 1483 inter
3772 1431 3859 1482 tot

2205 1523 2631 1580 mendaciorum
2658 1526 2911 1578 monstra
2933 1526 3183 1594 nequeat
3204 1522 3293 1577 vel
3330 1537 3435 1594 per
3462 1522 3858 1594 conjecturam

2205 1620 2549 1692 prudentem
2573 1617 2817 1673 deﬁniri.
2840 1616 2958 1672 Nisi
2982 1617 3127 1673 forte
3160 1617 3345 1689 placet
3364 1615 3662 1689 suspicari,
3684 1616 3858 1688 paulo

2204 1719 2335 1769 ante
2378 1712 2722 1769 Cassinensis
2768 1711 3105 1767 monasterii
3148 1711 3357 1767 factam
3397 1728 3432 1765 a
3470 1710 3860 1784 Langobardis

2204 1807 2662 1878 destructionem,
2711 1806 2769 1861 id
2819 1809 2904 1861 est
2952 1811 3083 1862 ante
3135 1823 3353 1861 annum
3406 1808 3531 1874 589,
3576 1822 3611 1860 a
3660 1810 3861 1860 sancto

465 1902 598 1955 πίσω
639 1901 790 1955 urbis
827 1900 1091 1972 θρίεοορο,
1146 1902 1411 1955 narratur
1435 1898 1644 1970 legatio
1667 1897 1841 1953 missa
1872 1898 1945 1953 ad
1984 1914 2108 1952 5811-
2126 1893 2183 1965 B
2208 1904 2614 1975 Bertegramno
2642 1901 2873 1974 quidem
2901 1903 3202 1957 exoratum
3230 1900 3516 1970 Bonitum,
3544 1916 3663 1956 non
3685 1901 3857 1955 Bene

469 1999 624 2050 ctum
650 1993 1038 2064 Benedictum,
1072 2011 1176 2066 pro
1204 2010 1440 2049 suorum
1470 1993 1684 2048 colonia
1723 1992 2057 2065 postulanda
2084 2009 2099 2047 :

466 2089 565 2167 qui
596 2092 855 2143 sanctum
882 2090 1140 2144 Maurum
1172 2088 1511 2160 discipulum
1533 2105 1664 2143 cum
1686 2087 1847 2142 sociis
1862 2090 2109 2160 quatuor

465 2182 734 2238 direxerit
764 2182 824 2237 in
846 2182 1105 2251 Galliam;
1146 2184 1243 2238 sed
1272 2182 1333 2238 hi
1362 2183 1445 2254 (ut
1482 2182 1690 2238 dicitur
1714 2199 1877 2237 num.
1906 2183 1992 2253 33)
2014 2182 2104 2236 in-

464 2277 785 2349 telligentes
810 2277 1055 2333 Aureliis
1083 2298 1112 2327 «
1150 2279 1382 2334 beatum
1413 2277 1873 2350 Bertigramnum
1899 2276 2108 2348 episco-

464 2389 605 2444 pum
633 2372 756 2443 jam
784 2371 1059 2444 migrasse
1091 2373 1163 2428 ad
1202 2372 1529 2440 Dominum,
1567 2372 1858 2443 aliumque
1894 2371 1954 2426 in
1984 2370 2106 2425 loco

469 2467 594 2537 ejus
616 2466 738 2538 jam
766 2466 1135 2522 substitutum
1172 2467 1499 2539 pontiﬁcem
1513 2484 1530 2537 ;
1565 2483 1687 2529 »,ac
1714 2465 1915 2521 deinde
1939 2482 2102 2521 num.

467 2564 555 2630 35,
597 2560 749 2632 quod
789 2560 943 2615 locus
988 2582 1016 2611 ‹‹
1057 2562 1361 2634 Rupiacus,
1403 2561 1508 2616 sibi
1553 2561 1623 2616 ad
1661 2560 2107 2615 construendum

465 2654 877 2709 monasterium
922 2672 956 2710 a
998 2655 1162 2710 beato
1210 2655 1602 2727 Bertigramno
1656 2654 1931 2726 provisus,
1990 2670 2106 2709 non

467 2748 773 2803 admodum
804 2755 969 2821 aptus
992 2754 1116 2805 erat
1144 2750 1394 2821 regulari
1434 2748 1812 2821 religioni.....
1842 2748 2106 2820 quodque

466 2843 775 2897 Domnolus
817 2843 1111 2916 episcopus
1143 2844 1285 2899 nihil
1324 2844 1393 2899 de
1439 2844 1545 2898 hac
1586 2860 1668 2913 re,
1700 2861 1727 2895 »
1755 2859 1928 2915 quam
1969 2859 2104 2897 suus

467 2937 727 2994 decessor
753 2954 987 2993 exorsus
1012 2942 1151 3008 erat,
1183 2960 1210 2989 «
1245 2939 1426 2994 facere
1453 2938 1640 3007 vellet,
1674 2959 1701 2987 ››
1736 2936 2103 3008 respondens,

471 3052 497 3082 ί(
550 3048 608 3087 se
632 3033 876 3104 propriis
935 3033 1120 3104 magis
1168 3050 1341 3104 quam
1401 3033 1599 3087 alienis
1652 3031 1792 3086 velle
1847 3030 2105 3086 insistere

467 3127 684 3198 coeptis,
716 3144 787 3181 ne
814 3145 983 3199 supra
1008 3127 1257 3182 alienum
1284 3127 1557 3182 aediﬁcare
1589 3126 1876 3181 videretur
1900 3126 2102 3181 funda-

468 3226 756 3287 mentum;
781 3242 808 3273 »
840 3223 984 3289 haec,
1014 3222 1273 3293 inquam,
1299 3220 1619 3292 intelligens
1640 3225 1864 3275 sanctus
1884 3222 2106 3276 Maurus

468 3331 598 3368 cum
638 3315 819 3385 sociis,
851 3316 1104 3370 oblatum
1128 3316 1189 3370 in
1233 3316 1446 3371 ditione
1482 3315 1878 3387 Andegavensi
1916 3316 2105 3369 locum

468 3408 790 3479 acceptarit,
824 3414 880 3465 et
912 3409 1367 3465 Glannofoliense
1396 3410 1806 3465 monasterium
1831 3409 2102 3465 fundarit.

470 3502 697 3556 Interim
725 3507 945 3558 constat
973 3504 1427 3575 Bertigramuum
1455 3522 1569 3559 non
1607 3504 1979 3576 praecessisse,
2008 3504 2101 3558 sed

466 3596 794 3651 successisse
820 3598 1035 3669 Majolo,
1068 3604 1194 3670 post
1214 3598 1541 3670 Baudigisili
1569 3599 2004 3671 quinquennem
2023 3603 2106 3669 ty-

464 3690 781 3758 rannidem,
815 3698 871 3746 et
912 3709 1062 3747 anno
1099 3695 1200 3747 589
1228 3693 1547 3765 rescripisse
1593 3694 1942 3747 Guntramno
1978 3692 2101 3763 regi

463 3785 522 3839 in
548 3802 717 3840 causa
749 3787 1162 3842 monachorum
1187 3787 1638 3853 Pictaviensium,
1663 3787 1811 3842 inter
1837 3792 1961 3841 octo
1987 3786 2103 3857 epi-

463 3896 657 3950 scopos
682 3880 974 3951 ultimum,
1006 3882 1159 3936 velut
1182 3882 1441 3937 omnium
1472 3882 1783 3952 juniorem.
1814 3881 1988 3934 Nemo
2020 3884 2104 3935 est

464 3973 640 4043 igitur
700 3974 848 4029 inter
891 3976 1194 4031 modernos
1237 3977 1537 4048 scriptores
1593 3974 1691 4045 qui
1736 3974 1937 4029 vitium
1986 3991 2102 4028 non

465 4073 734 4139 agnoscat
759 4069 1091 4140 Obrepsisse,
1110 4076 1207 4124 aut
1234 4070 1410 4124 Odoni
1432 4069 1619 4124 abbati
1641 4067 2098 4138 Glannofoliensi,

466 4163 645 4216 Vitam
673 4163 849 4217 sancti
886 4164 1087 4233 Mauri,
1122 4186 1148 4213 ‹‹
1180 4164 1329 4218 salva
1367 4164 1473 4217 ﬁde
1514 4163 1794 4217 dictorum
1831 4179 1893 4216 ac
1926 4162 2100 4216 mira-

463 4257 723 4311 culorum
771 4257 912 4311 inibi
967 4263 1345 4330 repertorum,
1398 4256 1682 4328 corrigere
1734 4256 2018 4327 satagenti
2071 4275 2099 4307 »

462 4367 611 4405 anno
638 4354 761 4421 868,
790 4355 889 4406 aut
925 4351 1094 4422 hujus
1120 4352 1298 4422 ipsius
1326 4349 1744 4421 interpolatori;
1780 4350 1876 4404 sed
1907 4366 2102 4405 omnes

460 4445 578 4500 fere
622 4446 681 4500 in
709 4446 815 4501 hoc
845 4446 1209 4509 conveniunt,
1250 4449 1314 4500 ut
1343 4461 1447 4516 pro
1488 4444 1901 4515 Bertigramno,
1931 4446 2100 4499 Inno-

461 4540 746 4610 centium;
777 4556 880 4611 pro
898 4540 1197 4607 Domnolo,
1223 4538 1604 4595 Scienfridum
1625 4538 1940 4593 invasorem
1968 4555 2099 4593 cen-

462 4639 619 4688 seant
646 4651 765 4688 esse
805 4633 1259 4687 substituendum
1297 4650 1310 4688 :
1342 4650 1409 4689 eo
1447 4634 1598 4706 quod
1634 4632 1735 4687 sibi
1779 4638 1929 4687 certo
1964 4650 2097 4704 per-

461 4728 735 4781 suadeant
768 4727 987 4781 vivente
1018 4726 1331 4783 etiamnum
1363 4734 1553 4783 sancto
1592 4727 1891 4783 Benedicto
1920 4728 2098 4783 dedu-

460 4825 610 4876 ctam
642 4837 761 4875 esse
802 4820 966 4875 istam
1004 4821 1411 4893 discipulorum
1444 4823 1565 4894 ejus
1594 4821 1905 4892 coloniam;
1932 4823 2100 4877 illum

462 4920 656 4969 autem
680 4931 783 4969 nos
811 4916 1159 4971 ostendimus
1185 4917 1387 4972 obiisse
1418 4934 1567 4972 anno
1593 4918 1718 4972 643.

536 5012 619 5065 10.
651 5010 769 5081 Ego
822 5026 953 5064 vero
1013 5010 1152 5066 dum
1194 5012 1488 5067 considero
1528 5011 1693 5067 toties
1755 5010 2102 5067 inculcatum

460 5104 836 5176 Bertigramni
854 5121 1066 5161 nomen
1095 5123 1328 5161 rursum
1349 5106 1529 5179 repeti
1557 5106 1616 5161 in
1641 5106 1876 5179 prologo
1897 5107 1968 5162 ad
1990 5106 2103 5161 his-

458 5198 665 5254 toriam
693 5199 1081 5255 translationis
1122 5200 1300 5255 sancti
1340 5200 1538 5271 Mauri,
1573 5221 1601 5254 «
1632 5216 1826 5273 quem,
1857 5222 1884 5249 ››
1914 5199 2103 5271 inquit

458 5294 595 5367 Odo,
624 5294 874 5351 scribens
908 5294 1146 5350 Almodo
1183 5294 1574 5351 Cenomanicae
1618 5294 1866 5350 ecclesiae
1910 5295 2098 5349 archi-

458 5388 709 5460 diacono,
746 5411 773 5439 ‹‹
806 5406 839 5444 a
866 5389 1133 5463 pontiﬁce
1173 5395 1382 5446 sanctae
1411 5390 1577 5461 sedis,
1612 5388 1701 5445 cui
1732 5390 1842 5445 Deo
1872 5394 2100 5444 auctore

457 5483 731 5551 deservis,
775 5485 939 5539 beato
979 5484 1192 5539 scilicet
1233 5485 1693 5553 Bertichramno,
1742 5484 1985 5553 nostris,
2042 5487 2102 5537 ut

459 5577 656 5646 nostis,
681 5578 921 5633 ascitum
941 5579 1256 5652 gaudemus
1277 5580 1595 5652 provinciis.
1619 5600 1646 5630 «
1673 5579 1820 5648 Hmc,
1843 5578 2096 5648 inquam,

459 5672 596 5725 dum
625 5672 939 5743 considero,
967 5674 1339 5729 vehementer
1360 5673 1647 5746 impellor,
1682 5688 1801 5726 non
1827 5676 1891 5725 ut
1920 5672 2101 5726 Berte-

465 5764 693 5830 gramni
712 5780 925 5820 nomen
952 5767 1316 5823 retinendum
1343 5772 1514 5839 atque
1537 5766 1606 5820 ab
1635 5765 1757 5835 ejus
1783 5780 2101 5820 successore

465 5859 655 5907 sancto
674 5855 1000 5912 Chadoiudo
1042 5860 1318 5929 rejectum
1355 5863 1614 5915 sanctum
1660 5859 1918 5913 Maurum
1969 5875 2097 5914 cen-

470 5959 620 5996 seam
648 5944 745 6013 (sic
773 5947 925 6002 enim
964 5948 1160 6004 missio
1189 5952 1283 6005 illa
1306 5969 1488 6025 usque
1515 5952 1585 6007 ad
1612 5967 1830 6009 annum
1854 5951 1972 6007 fere
1997 5954 2098 6008 618

2208 1996 2421 2053 dictum
2449 1997 2733 2066 abbatem,
2761 2012 2863 2051 suo
2893 1995 3277 2068 condiscipulo
3307 1996 3518 2065 Mauro,
3538 1994 3664 2065 jam
3691 1998 3856 2049 astate

2209 2092 2385 2164 gravi,
2428 2091 2673 2163 primam
2713 2095 2871 2146 trans
2916 2091 3088 2164 Alpes
3135 2090 3416 2145 coloniam
3457 2088 3853 2145 deducendam

2207 2186 2595 2257 commisisse;
2642 2187 2901 2242 Maurum
2950 2202 3087 2241 vero
3143 2183 3451 2254 intellecta,
3501 2199 3622 2237 non
3668 2187 3858 2238 morte

2207 2280 2479 2353 episcopi,
2506 2280 2604 2336 sed
2633 2280 2813 2336 turbis
2842 2281 2901 2335 iu
2927 2279 3254 2353 episcopatu
3292 2276 3571 2332 suscitatis
3598 2294 3631 2330 a
3657 2277 3854 2332 deces-

2207 2375 2351 2429 soris
2377 2374 2630 2431 defuncti
2656 2375 2844 2444 vidua,
2887 2373 3068 2446 ipsam
3097 2372 3243 2427 forte
3272 2370 3514 2443 Rupiaci
3542 2370 3855 2443 possessio-

2205 2486 2340 2524 nem
2369 2469 2440 2524 ad
2469 2486 2528 2525 se
2544 2470 2838 2538 trahente,
2872 2467 2994 2523 istis
3023 2466 3337 2522 substitisse
3370 2464 3468 2520 ubi
3495 2465 3855 2520 commodior

2205 2562 2678 2635 tranquilliorque
2718 2562 3060 2618 offerebatur
3102 2561 3257 2616 locus
3297 2575 3442 2615 novo
3479 2559 3727 2614 instituti
3767 2559 3859 2614 sui

2206 2656 2546 2713 monasterio
2591 2656 2907 2711 condendo.
2968 2656 3208 2710 lstarum
3250 2657 3400 2709 certe
3440 2652 3854 2708 controversia-

2205 2767 2302 2805 rus
2328 2750 2482 2805 testis
2508 2754 2591 2807 est
2618 2749 2719 2805 lib.
2749 2767 2868 2820 vni,
2908 2766 3032 2821 cap.
3079 2752 3167 2819 39,
3214 2746 3517 2819 Gregorius
3553 2748 3853 2802 Turonen-

2205 2844 2299 2914 sis,
2331 2843 2528 2900 saltem
2568 2844 2975 2917 interpolatus,
3008 2847 3064 2898 et
3098 2842 3358 2898 sufﬁcere
3394 2841 3509 2897 illae
3537 2845 3860 2914 potuerunt

2206 2938 2571 2994 disturbando
2596 2939 2781 3012 primo
2802 2936 3223 3009 Bertingramni
3238 2936 3488 3007 consilio,
3517 2936 3678 3008 quod
3705 2936 3854 2992 Cha-

2206 3032 2446 3089 doindus
2477 3051 2781 3102 successor,
2830 3033 2963 3088 satis
3001 3035 3267 3104 pacatum
3313 3029 3709 3102 pontiﬁcatum
3745 3030 3855 3085 ha-

2205 3128 2364 3198 bens,
2393 3126 2736 3184 exsecutioni
2763 3127 3066 3197 mandarit,
3103 3147 3131 3176 ‹‹
3160 3129 3218 3181 in
3241 3129 3359 3181 vico
3382 3126 3629 3188 Aurion,
3666 3143 3701 3179 a
3729 3127 3853 3180 Hu-

2206 3221 2367 3292 piaco
2394 3222 2522 3277 villa
2560 3222 2943 3293 dependente,
2984 3219 3396 3275 monasterium
3436 3224 3772 3274 construens
3799 3224 3861 3274 et

2205 3314 2436 3387 agmina
2458 3316 2870 3371 monachorum
2898 3314 3248 3386 regulariter
3284 3313 3426 3368 inibi
3450 3315 3564 3368 Deo
3594 3313 3855 3368 servien-

2204 3410 2349 3464 tium
2388 3409 2656 3465 nobiliter
2704 3409 3021 3464 instituens.
3072 3427 3099 3461 »
3145 3408 3249 3464 Sed
3293 3408 3414 3462 haec
3458 3408 3624 3479 plane
3661 3408 3854 3462 discu-

2204 3503 2394 3558 tienda
2445 3508 2614 3559 erunt
2655 3503 2715 3558 in
2763 3520 2911 3559 nova
2955 3507 3125 3575 atque
3165 3503 3224 3557 in
3262 3501 3506 3574 duplum
3545 3502 3845 3571 augenda,

2203 3614 2375 3668 quam
2403 3598 2615 3669 posteri
2641 3599 2941 3666 curabunt,
2968 3598 3214 3653 editione
3241 3596 3514 3667 Januarii,
3543 3596 3724 3650 multa
3761 3613 3854 3650 re-

2201 3690 2540 3746 formatione
2570 3691 2811 3763 egentis,
2859 3695 2925 3746 ut
2962 3697 3093 3748 sunt
3131 3690 3463 3763 imperfecta
3500 3706 3700 3745 rerum
3727 3706 3855 3744 om-

2201 3784 2365 3840 nium
2389 3786 2696 3858 principia.

2279 3884 2362 3935 ll.
2394 3882 2462 3935 Ut
2488 3885 2680 3935 autem
2718 3881 2790 3936 ad
2834 3884 3092 3935 sanctum
3133 3879 3472 3935 Domnolum
3510 3879 3583 3934 ab
3629 3879 3850 3953 impor-

2202 3980 2363 4043 tuna,
2397 3992 2574 4046 quam
2599 3975 2836 4047 ingestae
2861 3974 3068 4030 fabulae
3093 3978 3473 4042 extorserunt,
3495 3974 3852 4046 digressione

2202 4074 2575 4136 revertamur,
2605 4070 2949 4141 praeclarum
2968 4068 3357 4125 testimonium
3384 4068 3572 4124 eidem
3593 4069 3765 4123 datur
3788 4069 3852 4124 in

2202 4163 2324 4217 Vita
2351 4162 2528 4217 sancti
2554 4163 2830 4219 Leonardi
2855 4164 3228 4233 anachoretre,
3260 4163 3359 4235 qui
3383 4161 3444 4218 in
3472 4163 3596 4235 ejus
3626 4162 3851 4219 dioecesi

2201 4257 2305 4311 sub
2354 4256 2559 4312 sanctis
2614 4257 2939 4313 Innocentio
2975 4262 3031 4313 et
3072 4257 3195 4329 ipso
3236 4257 3519 4313 Domnolo
3569 4257 3851 4331 episcopis

2202 4351 2419 4421 ﬂoruit,
2450 4356 2506 4406 et
2526 4352 2729 4406 colitur
2760 4356 2820 4407 15
2854 4351 3138 4421 Octobris;
3171 4352 3323 4423 quod
3345 4352 3479 4407 inde
3507 4357 3845 4423 excerptum

2202 4445 2294 4500 hic
2322 4446 2545 4515 damus,
2569 4450 2625 4500 et
2641 4450 2724 4501 est
2739 4446 3017 4517 ejusmodi
3039 4462 3052 4500 :
3080 4464 3107 4498 ‹(
3125 4447 3257 4500 Erat
3273 4448 3498 4500 sanctus
3521 4446 3849 4501 Leonardus

2198 4541 2313 4596 Deo
2341 4540 2601 4594 amabilis
2628 4544 2684 4594 et
2704 4540 3030 4594 hominibus
3070 4539 3326 4595 dilectus.
3356 4540 3567 4596 Solitus
3595 4557 3847 4612 namque

2201 4639 2321 4690 erat
2345 4638 2570 4689 sanctus
2595 4634 2903 4689 Domnolus
2931 4634 3228 4706 episcopus
3258 4634 3721 4704 Cenomanensis,
3753 4652 3847 4690 cu-

2194 4729 2289 4801 jus
2315 4735 2372 4785 et
2398 4729 2710 4784 monachus
2736 4734 2875 4799 erat,
2901 4744 3034 4783 eum
3056 4728 3300 4801 dirigere
3325 4728 3397 4783 ad
3423 4733 3688 4784 sanctum
3707 4730 3847 4785 Ger-
3909 4770 3925 4781 .

2200 4840 2435 4878 manum
2479 4821 2827 4878 Parisiorum
2871 4822 3230 4895 episcopum,
3269 4823 3370 4896 qui
3394 4821 3671 4878 ambobus
3698 4824 3848 4879 dile-

2201 4923 2322 4973 ctus
2373 4922 2429 4974 et
2478 4917 2739 4972 credulus
2788 4921 3020 4972 erat.....
3085 4917 3235 4973 Obiit
3296 4922 3488 4973 autem
3542 4917 3854 4989 praedictus

2201 5017 2427 5067 sanctus
2455 5012 2782 5067 Leonardus
2810 5011 2912 5066 sub
2958 5010 3277 5083 Chilperico
3322 5013 3671 5067 Francorum
3708 5029 3849 5085 rege

2204 5106 2391 5161 Idibus
2411 5106 2682 5177 Octobris,
2704 5105 2764 5161 in
2802 5121 2964 5179 pace,
2987 5106 3189 5179 plenus
3209 5105 3452 5176 dierum,
3473 5104 3535 5160 in
3556 5111 3849 5162 senectute

2199 5199 2372 5270 bona,
2406 5204 2462 5255 et
2506 5201 2758 5272 sepultus
2813 5205 2899 5256 est
2946 5199 3007 5254 in
3052 5199 3377 5272 supradicta
3422 5199 3628 5255 cellula
3672 5217 3775 5255 sua
3812 5217 3852 5255 a

2201 5301 2389 5351 sancto
2415 5295 2693 5350 Domnolo
2720 5298 2850 5349 ante
2877 5294 3025 5350 dicto
3047 5293 3329 5366 episcopo.
3359 5295 3503 5349 Nam
3529 5294 3716 5367 pridie
3741 5311 3849 5349 an-

2199 5395 2431 5462 tequam
2458 5388 2688 5445 obiisset
2717 5389 2902 5445 dictus
2937 5393 3161 5443 sanctus
3187 5388 3526 5457 Leonardus,
3552 5388 3708 5445 venit
3729 5405 3841 5444 vox

2201 5484 2391 5538 divina
2410 5483 2481 5538 ad
2508 5483 2847 5538 Domnolum
2867 5487 2999 5538 ante
3020 5482 3236 5537 dictum
3262 5482 3615 5554 episc0pum,
3639 5484 3848 5554 praeci—

2198 5577 2363 5649 piens
2406 5576 2455 5632 ei
2498 5582 2563 5632 ut
2602 5576 2711 5631 iret
2737 5578 2847 5632 Deo
2874 5576 2991 5631 suis
3023 5575 3387 5630 sanctissimis
3428 5576 3693 5648 precibus
3718 5577 3847 5631 ani-

2200 5688 2353 5727 mam
2398 5671 2800 5727 commendare
2841 5670 3150 5744 supradicti
3188 5653 3526 5726 confessoris
3564 5689 3578 5726 :
3613 5670 3750 5743 quia
3778 5671 3852 5727 de

2200 5766 2403 5821 saeculo
2430 5764 2673 5820 crastina
2716 5764 2806 5821 die
2833 5781 2967 5821 eum
2995 5765 3244 5837 migrare
3263 5808 3276 5835 ,
3312 5770 3368 5820 et
3395 5782 3528 5819 cum
3556 5766 3765 5821 sanctis
3790 5771 3851 5822 et

2200 5859 2389 5915 electis
2414 5858 2512 5913 Dei
2554 5859 2808 5913 animam
2848 5858 3103 5913 collocari
3142 5858 3458 5930 oportebat.
3503 5858 3613 5924 Qui
3654 5860 3852 5917 statim

2202 5969 2335 6007 cum
2376 5952 2491 6007 suis
2534 5952 2842 6023 ministris,
2886 5953 2993 6008 hoc
3027 5952 3178 6028 quod
3226 5953 3277 6010 ei
3306 5954 3535 6027 jussum
3572 5953 3852 6015 divinitus
