4006 6238
548 382 650 434 639

1487 377 1718 432 SANCTI
1758 374 2078 441 DOMNOLI,
2119 375 2629 431 CENOMANENSIS
2666 376 2983 444 EPISCOPI,

3836 376 3949 431 640

546 486 917 561 intelligitur:
941 491 998 545 et
1017 486 1497 561 quemadmodum
1512 485 1729 540 fructus
1740 483 2182 554 arboris,'etiam-
2201 494 2260 568 Α
2282 486 2483 541 devote
2512 486 2585 541 sit
2608 493 2923 543 exsecutus.
2952 489 3124 543 Porro
3148 490 3342 544 autem
3381 487 3528 542 socia
3556 484 3847 541 charitate
3874 499 3947 539 ac

546 582 593 636 si
629 585 827 655 procul
862 587 1200 654 asportetur,
1238 598 1353 636 non
1388 585 1581 635 tamen
1606 579 1814 634 amittit
1847 579 2179 635 suavitatem

545 693 719 748 quam
749 694 817 731 ex
860 678 1046 731 radice
1076 676 1321 747 accepit;
1355 674 1431 728 sic
1459 674 1629 729 etiam
1656 674 1748 728 hic
1772 673 2179 729 sacratissimus

545 771 652 839 vir,
683 771 1077 841 undecumque
1115 769 1229 824 sive
1248 769 1700 841 quibuscumque
1730 785 1799 823 ex
1829 769 2083 840 partibus
2107 769 2181 824 ad

550 882 651 919 nos
671 864 979 931 advenerit,
999 867 1203 919 sanctae
1225 862 1534 918 nobilitatis
1558 880 1675 918 suae
1693 863 2057 918 dulcedinem
2077 879 2180 917 nos

546 958 723 1012 celare
751 974 866 1012 non
908 958 1113 1029 potuit.
1155 957 1268 1012 Etsi
1292 973 1429 1011 vero
1455 957 1606 1028 apud
1634 973 1735 1011 nos
1762 957 1823 1010 in
1853 956 2181 1028 episcopum

545 1056 900 1106 consecratus
923 1068 1041 1105 non
1067 1052 1195 1122 fuit,
1224 1052 1297 1106 ad
1324 1068 1428 1106 nos
1451 1055 1646 1107 tamen
1664 1051 1724 1106 in
1754 1052 2065 1106 multorum
2090 1067 2177 1105 sa-

493 1128 499 1133 .
542 1146 720 1200 lutem
743 1144 1009 1200 divinitus
1033 1150 1118 1201 est
1142 1146 1520 1201 transmissus.
1542 1147 1684 1200 Nam
1704 1146 1775 1201 ad
1802 1145 2181 1200 imitationem

544 1239 782 1294 Abrahae
812 1240 1165 1311 patriarchae,
1200 1240 1293 1295 cui
1327 1258 1360 1294 a
1392 1242 1502 1295 Deo
1534 1240 1748 1295 dictum
1768 1244 1884 1295 est:
1913 1239 2181 1307 Egredere

542 1333 609 1387 de
635 1338 780 1389 terra
807 1338 921 1397 tua,
949 1338 1000 1390 et
1024 1336 1089 1389 de
1122 1336 1433 1405 cognatione
1462 1339 1577 1401 tua,
1618 1338 1669 1388 et
1708 1334 1775 1388 de
1810 1333 1965 1388 domo
1999 1334 2180 1403 patris

543 1430 643 1491 tui,
673 1432 724 1483 et
746 1431 872 1483 veni
894 1431 949 1483 in
974 1432 1175 1484 terram
1197 1445 1361 1499 quam
1389 1432 1752 1483 monstravero
1780 1429 1914 1494 tibi;
1936 1428 2059 1498 jam
2083 1443 2176 1481 or-

543 1521 769 1577 dinatus
792 1522 927 1577 alibi
956 1523 1270 1594 episcopus,
1300 1522 1496 1578 relicta
1524 1521 1709 1593 patria
1738 1525 1794 1576 et
1822 1520 2175 1592 parentibus,

543 1615 870 1688 cunctisque
922 1616 1093 1671 rebus
1154 1633 1291 1688 quas
1347 1615 1632 1688 possidere
1688 1615 2002 1685 videbatur,
2066 1616 2175 1669 Ro-

542 1726 697 1764 mam
727 1710 1011 1780 profectus
1042 1714 1157 1779 est,
1186 1710 1387 1764 limina
1422 1709 1876 1765 beatissimorum
1905 1709 2179 1780 apostolo—

540 1820 672 1857 rum
697 1804 965 1858 orationis
995 1804 1179 1875 gratia
1217 1804 1559 1859 visitaturus.
1591 1803 1696 1857 Ubi
1726 1820 1858 1857 cum
1885 1802 2064 1857 animi
2089 1804 2177 1858 sui

543 1896 825 1951 devotioni
867 1897 1088 1952 fecisset
1131 1896 1283 1967 Satis,
1329 1902 1455 1969 post
1488 1897 1659 1968 longa
1688 1896 1906 1951 itineris
1949 1874 2254 1952 emensaB

543 1990 740 2061 spatia,
769 1991 1012 2045 Domino
1039 1992 1413 2061 gubernante,
1442 1991 1514 2045 ad
1537 1994 1892 2047 Cenomanos
1917 1990 2173 2062 appulit:

542 2100 683 2155 quos
720 2088 951 2155 propter
989 2083 1209 2138 obitum
1247 2084 1335 2138 sui
1380 2084 1661 2154 pontiﬁcis
1688 2101 1899 2155 magno
1943 2084 2179 2140 offendit

538 2177 713 2232 animi
771 2194 1012 2233 maerore
1061 2177 1309 2233 affectos.
1349 2178 1470 2231 Jam
1518 2178 1744 2249 pridem
1789 2178 1943 2233 enim
1983 2179 2180 2234 beatus

539 2273 813 2327 Innocens
846 2272 917 2343 (a)
957 2272 1029 2326 ad
1071 2271 1375 2327 Dominum
1415 2272 1707 2343 migrarat,
1757 2277 1814 2326 et
1856 2272 2062 2326 laboris
2091 2272 2179 2327 sui

540 2370 661 2421 erat
684 2366 921 2437 praamia
949 2370 1314 2434 consecutus;
1340 2365 1398 2419 in
1423 2366 1545 2437 ejus
1563 2383 1695 2421 vero
1720 2366 1908 2420 locum
1934 2366 2178 2421 necdum

541 2459 687 2514 alius
712 2460 1053 2530 subrogatus
1078 2459 1207 2514 fuit.
1235 2462 1377 2515 Cum
1420 2459 1597 2530 igitur
1633 2460 1785 2514 hunc
1830 2460 2014 2514 virum
2054 2476 2179 2515 san-

540 2552 855 2606 ctissimum
882 2551 1338 2622 conspexissent,
1368 2569 1615 2624 eumque
1636 2554 1758 2624 jam
1785 2553 2175 2625 episcopatum

541 2645 864 2700 ordinatum
915 2645 1259 2713 didicissent,
1310 2650 1428 2701 tam
1483 2663 1743 2718 proceres
1785 2650 1842 2701 et
1894 2646 2178 2718 principes

542 2755 716 2811 quam
746 2739 926 2793 clerus
954 2739 1249 2794 universus
1286 2745 1341 2794 et
1365 2741 1627 2812 populus,
1660 2758 1776 2795 non
1805 2740 1988 2795 solum
2014 2741 2179 2795 urba-

540 2850 668 2900 nus,
697 2834 793 2889 sed
817 2833 991 2888 etiam
1017 2834 1263 2888 ruricola
1286 2877 1300 2902 ,
1336 2834 1525 2889 divino
1555 2835 1612 2890 id
1643 2834 1914 2889 instinctu
1947 2839 2173 2905 agente,

538 2944 655 2981 uno
681 2944 794 2995 ore,
826 2927 1025 2983 eadem
1054 2928 1232 2982 animi
1270 2929 1547 2983 sententia
1574 2928 1779 2983 obnixe
1807 2946 1939 2983 eum
1969 2929 2173 3001 depre-

538 3022 826 3092 cabantur,
857 3022 1022 3077 vellet
1048 3022 1201 3094 ipsos
1244 3022 1612 3094 ipsorumque
1652 3022 1935 3077 civitatem
1980 3027 2038 3077 et
2081 3039 2176 3093 pa-

538 3115 708 3169 triam
731 3132 847 3170 non
873 3117 1083 3170 invitus
1119 3116 1551 3187 gubernandam
1577 3116 1880 3187 suscipere.
1910 3116 2174 3181 Quamvis

537 3214 727 3263 autem
758 3225 823 3264 ea
848 3210 909 3263 in
935 3226 997 3265 re
1024 3210 1186 3264 valde
1215 3227 1272 3264 se
1311 3210 1600 3264 difﬁcilem
1642 3210 1943 3282 praeberet,
1972 3210 2043 3265 ad
2071 3226 2170 3264 ex-
2193 3249 2248 3323 Ο

538 3307 779 3323 ιμμηυ
829 3307 1009 3323 ,μη-
1440 3321 1543 3323 Ml
2034 3304 2168 3323 μη,

538 3307 787 3357 tremum
828 3307 1018 3358 tamen
1059 3304 1217 3358 aliud
1242 3320 1411 3375 agere
1438 3321 1554 3358 non
1580 3304 1767 3375 potuit
1807 3320 1980 3376 quam
2023 3304 2174 3376 quod

537 3397 781 3468 p0pulus
810 3398 920 3452 Deo
945 3396 1253 3469 inspirante
1278 3398 1598 3470 postulavit.

609 3493 662 3545 3.
694 3491 946 3562 Suscepit
990 3492 1058 3562 (b)
1104 3491 1300 3562 igitur,
1345 3492 1444 3547 sed
1500 3508 1633 3547 sane
1669 3491 1878 3546 invitus
1920 3497 1977 3547 et
2025 3508 2173 3547 com-

536 3584 751 3655 pulsus,
780 3585 1030 3657 episcopi
1054 3585 1439 3641 ministerium
1460 3603 1592 3640 cum
1610 3586 1789 3640 multa
1811 3585 2130 3642 humilitate
2154 3603 2168 3641 :

538 3678 886 3751 Dominoque
912 3683 1271 3750 cooperante,
1305 3685 1421 3735 toto
1448 3680 1578 3734 vitae
1606 3696 1720 3735 suae
1752 3684 2026 3751 tempore,
2055 3697 2172 3735 non

537 3790 751 3844 parum
771 3773 878 3827 illis
895 3773 1102 3845 quibus
1120 3779 1359 3845 praeerat
1377 3774 1631 3832 contulit.
1666 3774 1918 3845 Denique
1946 3774 2172 3844 qualem

535 3882 593 3921 se
621 3872 1011 3939 quantumque
1052 3867 1165 3922 illic
1201 3868 1555 3939 praestiterit,
1598 3867 1720 3938 ejus
1755 3868 1885 3922 vitm
1925 3867 2054 3922 ﬁnis
2080 3868 2171 3923 de-

535 3961 784 4028 claravit,
813 3961 871 4015 in
910 3978 1022 4032 quo
1050 3960 1172 4016 laus
1213 3962 1397 4017 omnis
1437 3964 1558 4017 tute
1599 3961 1840 4016 canitur.
1878 3963 2010 4017 Erat
2038 3978 2171 4017 vero

535 4053 645 4108 hoc
695 4053 817 4124 ejus
866 4054 1176 4109 nobilitatis
1231 4055 1476 4126 insigne,
1520 4056 1671 4127 quod
1715 4054 1935 4110 Christo
1974 4054 2063 4110 die
2106 4072 2170 4110 ac

534 4151 696 4202 nocte
725 4147 894 4201 alacri
922 4152 977 4202 et
992 4148 1246 4219 jucundo
1272 4148 1462 4203 animo
1490 4154 1710 4219 gratam
1730 4149 2030 4205 exhibebat
2047 4165 2166 4205 ser-

534 4240 792 4311 vitutem,
819 4258 1005 4314 neque
1034 4248 1224 4298 tamen
1240 4243 1327 4297 vel
1352 4260 1385 4297 a
1406 4242 1629 4314 generis
1649 4242 1960 4310 nobilitate,
1983 4244 2073 4298 vel
2098 4243 2168 4299 ab

533 4351 771 4406 operum
797 4337 1089 4392 sanctitate
1119 4336 1365 4409 gloriolae
1388 4340 1444 4390 et
1467 4335 1647 4391 laudis
1672 4336 1858 4391 fumos
1886 4336 2165 4408 captabat;

534 4429 631 4483 sed
657 4430 924 4500 praeclara
952 4430 1020 4485 de
1049 4447 1107 4486 se
1136 4430 1399 4501 praebens
1417 4428 1694 4484 virtutum
1714 4430 1993 4501 exempla,
2016 4429 2170 4486 intra

533 4540 593 4578 se
613 4540 742 4578 suos
759 4525 1051 4580 thesauros
1068 4523 1346 4595 deposuit,
1365 4527 1421 4578 et
1435 4523 1746 4607 meinum
1764 4524 1980 4579 mundo
2000 4525 2168 4581 corde

2282 584 2481 634 mutua
2528 580 2924 636 benevolentia
2958 582 3295 653 conjunctus
3339 581 3449 636 fuit
3509 580 3802 636 Germano
3874 578 3946 649 (ο)

2280 674 2630 730 sanctissimo
2649 675 2991 731 Parisiorum
3008 676 3248 731 antistiti
3273 691 3287 729 ε
3311 691 3484 747 quem
3503 679 3562 730 et
3580 673 3947 728 creberrime

2279 768 2521 824 invisere
2551 770 2865 839 consuevit,
2894 775 2952 825 et
2978 770 3048 824 ab
3074 770 3173 825 illo
3193 770 3391 826 itidem
3430 785 3544 824 non
3572 784 3708 823 raro
3732 767 3945 822 visita-

2280 867 2371 918 tus
2386 866 2490 918 est.
2520 865 2775 936 Cumque
2790 881 2849 919 se
2869 864 3111 919 invicem
3138 864 3344 919 divinis
3363 863 3805 918 inﬂammarent
3829 861 3944 916 ad-

2278 957 2714 1027 hortationibus,
2737 957 3002 1029 subjectis
3029 958 3252 1030 populis
3269 962 3390 1013 tam
3407 957 3594 1013 verbis
3615 973 3803 1029 quam
3829 972 3944 1011 ex-

2280 1051 2482 1123 emplis
2519 1052 2673 1107 haud
2708 1051 3021 1124 vulgariter
3054 1052 3339 1124 profuere.
3368 1052 3489 1107 Non
3528 1050 3690 1107 enim
3718 1051 3944 1106 imme-

2279 1162 2465 1201 mores
2490 1149 2655 1201 erant
2679 1145 2833 1201 illius
2860 1146 3161 1201 dominicae
3188 1145 3503 1214 sententias,
3533 1145 3696 1218 quod
3724 1146 3780 1199 si
3825 1145 3947 1199 duo

2279 1256 2346 1296 ea:
2366 1241 2515 1296 vobis
2540 1243 2903 1296 consenserint
2932 1236 3094 1312 super
3118 1245 3319 1296 terram
3342 1241 3410 1295 de
3437 1242 3586 1295 omni
3610 1255 3692 1302 re,
3728 1254 3946 1308 quam-

2280 1350 2487 1405 cunque
2532 1336 2825 1405 petierint,
2878 1337 2968 1403 ﬁet
3010 1335 3122 1389 illis
3180 1351 3217 1389 a
3266 1336 3431 1389 Patre
3471 1349 3619 1399 meo;
3670 1332 3949 1404 itemque

2279 1428 2453 1497 illius,
2501 1429 2602 1484 Ubi
2640 1432 2767 1483 sunt
2812 1428 2919 1483 duo
2969 1429 3055 1483 vel
3094 1431 3199 1484 tres
3243 1430 3555 1498 congregati
3595 1429 3654 1483 in
3705 1429 3945 1483 nomine

2278 1538 2411 1585 meo,
2440 1522 2519 1576 ibi
2544 1537 2663 1577 sum
2687 1524 2747 1576 in
2773 1523 2947 1577 medio
2972 1538 3174 1577 eorum.

2350 1616 2402 1671 4.
2443 1615 2706 1671 Extruxit
2734 1620 2926 1671 autem
2952 1621 3163 1671 sanctae
3208 1615 3454 1671 ecclesia:
3479 1619 3706 1671 amator
3751 1615 3935 1670 devo-

2279 1710 2530 1765 tissimus
2554 1711 2965 1765 monasterium
2990 1710 3280 1782 quoddam
3299 1709 3359 1764 in
3382 1708 3655 1764 suburbio
3680 1700 3936 1763 civitatis

2279 1821 2417 1874 suae,
2445 1809 2570 1859 tum
2598 1809 2663 1860 ut
2691 1805 2813 1876 ejus
2856 1804 3016 1859 urbis
3052 1809 3198 1860 esset
3223 1804 3676 1871 munimentum,
3708 1806 3840 1857 tum
3864 1806 3936 1857 ut

2278 1904 2467 1970 posset
2484 1898 2726 1953 Domino
2745 1898 2964 1952 animas
2978 1897 3308 1953 lucrifacere
3330 1914 3343 1953 :
3362 1898 3531 1969 idque
3551 1896 3616 1951 in
3639 1897 3937 1952 honorem

2278 1996 2604 2047 sanctorum
2664 1996 2984 2062 martyrum
3046 1990 3326 2047 Vincentii
3372 1995 3429 2047 et
3489 1989 3787 2046 Laurentii
3850 1990 3935 2059 (cf)

2277 2086 2641 2156 consecravit,
2672 2085 2781 2156 ipsi
2807 2089 3000 2141 autem
3050 2085 3466 2141 consecrationi
3499 2085 3693 2140 adesse
3742 2084 3939 2139 voluit

2280 2184 2657 2235 memoratum
2682 2180 3032 2235 Germanum
3058 2179 3409 2251 episcopum,
3428 2181 3496 2234 ut
3510 2179 3820 2233 amborum
3839 2194 3934 2232 so—

2276 2274 2452 2330 lemni
2495 2274 2848 2329 dedicatione
2882 2274 2955 2328 ad
2981 2274 3257 2345 majorem
3282 2273 3526 2346 populus
3556 2272 3937 2328 devotionem

2280 2369 2628 2423 incitaretur.
2661 2370 2723 2422 In
2750 2368 2872 2439 ejus
2913 2385 3047 2424 vero
3083 2368 3505 2423 consecratione
3529 2367 3600 2422 de
3624 2366 3801 2421 rebus
3829 2382 3932 2421 ec—

2277 2462 2458 2517 clesia
2481 2478 2598 2517 suae
2623 2462 2801 2516 multa
2830 2465 3169 2518 testamento
3197 2461 3250 2516 ei
3277 2461 3486 2533 legavit
3509 2463 3683 2531 atque
3711 2459 3929 2513 conﬁr-

2277 2552 2469 2622 mavit,
2496 2552 2867 2624 permittente
2893 2556 2949 2607 et
2972 2551 3197 2607 favente
3233 2549 3546 2625 Chilperico
3572 2550 3935 2604 Francorum

2277 2662 2412 2717 rege
2428 2645 2475 2716 ej
2484 2661 2663 2716 usque
2674 2644 3048 2716 principibus,
3064 2644 3261 2699 multis
3276 2644 3445 2699 etiam
3466 2643 3521 2698 id
3541 2642 3593 2699 ei
3609 2658 3935 2714 suggeren-

2276 2740 2426 2795 tibus
2469 2738 2764 2810 episcopis,
2812 2737 3095 2810 imprimis
3137 2742 3331 2794 autem
3376 2741 3569 2792 sancto
3611 2737 3929 2806 Germano,

2276 2834 2425 2889 clero
2470 2849 2697 2904 quoque
2737 2832 3061 2905 populoque
3107 2836 3170 2888 ut
3214 2832 3274 2886 id
3307 2831 3515 2887 faceret
3554 2831 3930 2899 adhortante,

2274 2922 2761 3000 quemadmodum
2802 2927 2861 2981 in
2897 2927 3018 2998 ejus
3058 2927 3198 2981 actis
3241 2927 3575 2981 adnotatum
3600 2928 3689 2979 est
3728 2941 3743 2978 :
3778 2924 3921 2979 sub-

2275 3020 2495 3093 scripsit
2533 3024 2725 3075 antem
2760 3037 2861 3076 sua
2906 3038 3083 3075 manu
3123 3024 3181 3076 et
3228 3018 3561 3092 approbavit
3605 3019 3671 3089 (e)
3722 3018 3933 3073 beatus

2273 3117 2604 3183 Germanus,
2632 3115 2940 3188 pluresque
2982 3114 3077 3169 alii
3114 3115 3382 3186 episcOpi.
3425 3116 3596 3169 Porro
3622 3112 3687 3167 in
3715 3113 3929 3168 eadem

2274 3209 2505 3265 ecclesia
2548 3213 2718 3281 caput
2752 3209 2904 3264 beati
2931 3208 3207 3263 Vincentii
3246 3207 3512 3279 martyris
3549 3211 3605 3262 et
3643 3223 3933 3278 magnam

2273 3303 2556 3359 craticulae
2583 3308 2805 3375 partem
2834 3303 2894 3357 in
2927 3320 3040 3375 qua
3075 3307 3301 3357 sanctus
3330 3300 3670 3356 Laurentius
3704 3306 3931 3355 assatus

2272 3402 2376 3467 est,
2407 3397 2718 3453 honoriﬁce
2738 3396 3023 3469 reposuit;
3056 3396 3364 3451 monachos
3384 3395 3557 3451 etiam
3576 3394 3685 3463 sub
3707 3411 3847 3449 cura
3866 3400 3929 3450 et

2272 3492 2658 3547 moderatione
2704 3490 2870 3546 Leusi
2916 3490 3155 3558 abbatis,
3194 3506 3366 3562 quem
3394 3490 3515 3561 ipse
3539 3488 3821 3561 praefecit,
3847 3489 3926 3544 ad

2272 3587 2487 3658 regulae
2514 3585 2909 3657 praescriptum
2941 3584 3058 3639 illic
3088 3585 3295 3656 degere
3321 3583 3681 3654 Dominoque
3708 3583 3922 3637 servire

2271 3679 2466 3735 voluit.
2488 3681 2664 3734 Tanto
2682 3683 2876 3734 autem
2910 3695 3103 3734 amore
3136 3677 3531 3733 beatissimum
3558 3677 3920 3732 Germanum

2272 3775 2599 3845 episcopum
2627 3774 3127 3845 complectebatur,
3155 3778 3221 3828 ut
3245 3772 3306 3827 in
3335 3788 3403 3827 ea
3428 3772 3553 3843 ipsa
3580 3775 3917 3826 sanctorum

2270 3867 2550 3922 Vincentii
2574 3871 2632 3923 et
2656 3867 2945 3923 Laurentii
2973 3871 3293 3939 martyrum
3322 3865 3573 3935 ecclesia,
3603 3864 3919 3937 sepulturae

2270 3962 2456 4016 locum
2492 3961 2543 4016 ei
2601 3961 2966 4033 praepararit;
3020 3960 3120 4016 ubi
3154 3964 3352 4015 tamen
3395 3963 3593 4031 postea
3635 3960 3710 4013 ob
3735 3963 3917 4013 certas

2269 4056 2538 4129 quasdam
2565 4072 2778 4126 causas,
2810 4072 2925 4110 non
2951 4059 3177 4110 sanctus
3206 4056 3542 4124 Germanus,
3558 4053 3659 4109 sed
3676 4054 3914 4125 ipsemet

2269 4151 2443 4223 digne
2469 4151 2738 4205 humatus
2763 4154 2864 4204 est.

2339 4250 2392 4300 5.
2418 4245 2677 4316 Cumque
2705 4243 2996 4316 religionis
3020 4243 3349 4313 monasticae
3368 4241 3724 4315 propositum
3748 4240 3907 4295 miri-

2270 4340 2372 4394 ﬁce
2397 4338 2886 4411 complecteretur,
2908 4337 2969 4393 in
2991 4354 3056 4393 ea
3072 4337 3275 4392 cellula
3293 4337 3351 4391 in
3368 4352 3481 4409 qua
3500 4338 3730 4390 sanctus
3748 4333 3907 4390 Julia-

2270 4449 2396 4503 nus,
2437 4433 2661 4504 primus
2693 4433 3149 4487 Cenomanorum
3190 4430 3508 4503 episcopus,
3548 4445 3787 4501 corpore
3810 4443 3899 4483 re-

2266 4525 2501 4597 quiescit
2514 4526 2581 4596 (f)
2590 4567 2604 4593 ,
2613 4526 2635 4596 j
2644 4529 2777 4580 uxta
2793 4525 3202 4581 monasterium
3215 4523 3443 4580 Victorii
3464 4523 3534 4593 (g)
3543 4564 3557 4592 ,
3572 4521 3725 4594 quod
3736 4521 3903 4575 situm

532 4618 933 4690 complectens,
952 4634 1227 4690 pompam
1241 4633 1475 4671 omnem
1492 4618 1695 4673 mundi
1710 4619 1880 4689 hujus
1893 4622 2010 4674 toto
2030 4635 2163 4690 pec-
2184 4628 2243 4701 D
2266 4624 2349 4674 est
2378 4620 2449 4674 ad
2468 4619 2684 4674 ﬂumen
2724 4619 2969 4686 Sartam,
2996 4618 3377 4673 monasticum
3403 4616 3733 4672 institutum
3758 4613 3905 4686 quod

531 4716 652 4766 tore
701 4713 1060 4783 contempsit.
1116 4714 1177 4765 ln
1223 4711 1653 4767 conversatione
1690 4718 1815 4768 erat
1848 4712 2167 4769 humilitate
2259 4714 2605 4785 jampridem
2630 4714 2747 4768 illic
2767 4714 2969 4768 ﬂorere
2996 4716 3267 4785 coeperat,
3300 4710 3542 4766 miriﬁce
3566 4712 3902 4782 augmenta-

530 4806 882 4876 conspicuus,
930 4805 1221 4860 charitatis
1266 4806 1565 4861 dulcedine
1607 4807 1851 4875 fervens,
1897 4806 2167 4861 castitatis

531 4900 829 4971 splendore
870 4898 1127 4967 illustris,
1161 4898 1515 4971 jejuniorum
1555 4901 1893 4973 pinguedini
1922 4901 2163 4966 deditus,

530 4993 842 5065 disciplina:
864 5009 997 5049 vero
1023 4994 1232 5050 caelesti
1257 4995 1396 5051 adeo
1410 5012 1470 5051 se
1486 4978 1670 5051 totum
1687 4995 1921 5066 addixit,
1941 4999 2008 5050 ut
2025 5012 2167 5067 pon-

531 5088 735 5143 tiﬁcale
775 5087 1161 5145 ministerium
1189 5106 1295 5162 pro
1322 5089 1620 5163 dignitate,
1651 5094 1707 5147 et
1731 5090 1963 5163 quidem
1991 5089 2084 5162 pie
2110 5094 2167 5148 et

601 5296 673 5367 (a)
702 5295 937 5351 Sanctus
972 5296 1246 5352 lnnocens
1289 5296 1405 5352 sive
1448 5295 1811 5353 Innocentius
1847 5296 2053 5352 colitur
2100 5301 2164 5352 16

527 5368 700 5423 Junii.

601 5440 669 5510 (ὁ)
711 5440 948 5495 Sanctus
986 5439 1291 5494 Domnolus
1328 5439 1561 5511 suscipit
1597 5439 1982 5511 episcopatum
2034 5454 2163 5493 cum

520 5511 889 5582 jampridem,
920 5516 986 5565 ut
1012 5527 1183 5582 supra
1207 5512 1441 5577 dictum,
1472 5512 1632 5566 sedes
1652 5513 1921 5566 vacasset.

601 5580 664 5653 (οὗ
720 5584 901 5636 Vitam
948 5580 1125 5654 sancti
1190 5582 1452 5638 Germani
1514 5583 1859 5637 Parisiorum
1920 5580 2164 5654 episcOpi

527 5655 725 5708 damus
752 5656 821 5708 28
853 5653 995 5707 Maii.

598 5725 691 5803 (et):
712 5723 1045 5803 Appellatur
1065 5723 1380 5803 etiamnum
1400 5723 2160 5803 monasteriumsanctiyim

527 5793 698 5865 centii
725 5794 1014 5865 martyris,
1045 5796 1205 5865 cujus
1249 5798 1385 5850 Acta
1409 5795 1669 5849 dedimus
1692 5798 1760 5849 22
1801 5795 2082 5864 Januarii,
2110 5799 2165 5851 et

530 5862 617 5929 §2
658 5863 727 5915 de
770 5862 1025 5940 reliquiis
1063 5862 1244 5922 sancti
1287 5865 1565 5921 Vincentii
1610 5866 1764 5921 varia
1807 5862 2165 5923 controversa

533 5947 949 6001 proposuimus.

2265 4807 2367 4876 vit,
2385 4807 2524 4863 adeo
2550 4811 2615 4863 ut
2631 4806 3050 4880 quinquaginta
3073 4806 3191 4860 fere
3214 4804 3520 4860 monachos
3548 4803 3665 4858 illic
3689 4802 3905 4877 regula-

2266 4901 2405 4956 riter
2428 4902 2634 4974 degere
2660 4901 2918 4971 voluerit,
2938 4916 3115 4973 eaque
3129 4915 3259 4971 quae
3280 4899 3352 4955 ad
3362 4899 3575 4955 victum
3595 4900 3901 4973 pertinent,

2265 4996 2622 5051 tamillorum
2635 5013 2807 5069 quam
2822 4995 3259 5067 peregrinorum
3273 4998 3330 5049 et
3347 4993 3778 5049 adventantium
3791 5012 3904 5051 ma-

2267 5090 2474 5162 gniﬁce
2498 5088 2892 5164 suppeditarit.
2914 5088 3083 5144 Aliud
3106 5105 3334 5162 quoque
3353 5088 3818 5145 monasteriolum
3844 5096 3903 5147 et

2339 5294 2403 5366 (e)
2442 5296 2593 5350 Infra
2620 5295 2681 5349 in
2714 5298 3051 5351 testamento
3076 5298 3430 5366 memoratur
3451 5293 3904 5366 Audoveus,aliis

2266 5365 2435 5423 etiam
2462 5366 2754 5422 Audoinus
2775 5366 3080 5438 episcopus
3104 5365 3555 5438 Andegave‘nsis.

2338 5440 2401 5509 (f)
2441 5438 2677 5493 Sanctus
2701 5436 2957 5493 Julianus
2975 5436 3130 5491 anno
3164 5436 3292 5491 12M
3327 5436 3460 5491 inde
3481 5437 3785 5509 translatus
3818 5442 3903 5492 est

2264 5510 2334 5564 ad
2355 5507 2648 5565 eCclesiam
2670 5509 3084 5575 cathedralem;
3106 5512 3163 5562 et
3188 5524 3319 5579 quae
3340 5512 3492 5577 ante,
3511 5513 3577 5562 ut
3595 5507 3746 5563 infra
3762 5507 3899 5563 dici-

2264 5585 2378 5651 tur,
2408 5586 2529 5636 erat
2557 5581 2738 5636 dicata
2764 5580 2877 5651 sub
2908 5580 3139 5634 nomine
3175 5584 3382 5634 sanctas
3416 5579 3603 5634 Maria
3639 5596 3702 5651 ac
3726 5580 3902 5635 sancti

2265 5649 2511 5708 Gervasii
2557 5657 2612 5708 et
2652 5650 2906 5719 Protasii,
2958 5650 3028 5723 ab
3076 5666 3155 5723 eo,
3182 5656 3438 5723 tempore
3469 5649 3683 5723 mansit
3710 5656 3898 5707 sancto

2262 5723 2484 5779 Iuliano
2506 5740 2677 5779 sacra.
2709 5723 2888 5795 Hujus
2913 5722 3101 5781 Vitam
3126 5721 3391 5778 dedimus
3419 5721 3491 5777 ad
3518 5722 3671 5778 diem
3710 5726 3777 5777 27
3802 5723 3896 5778 Ja-

2266 5812 2449 5850 nuaru
2457 5838 2469 5850 .

2335 5867 2406 5936 (g)
2444 5867 2681 5922 Sanctus
2733 5864 3009 5921 Victorius
3057 5871 3158 5921 aut
3218 5866 3503 5922 Victurius
3567 5872 3655 5922 est
3712 5870 3897 5922 sextus

2263 5936 2703 5993 Cenomanensis
2756 5936 3075 6013 episcopus,
3130 5942 3188 5997 et
3222 5938 3426 5997 colitur
3465 5943 3488 5998 1
3531 5937 3892 6015 Septembris.
