4006 6238
69 318 148 370 641
1624 307 1797 369 VITA.

3308 320 3407 374 642

68 417 463 478 xenodochium
485 418 635 474 ultra
657 418 885 475 Sartam
899 418 1141 487 ﬂumen,
1159 420 1219 474 in
1241 421 1527 477 honorem
1544 420 1677 474 bea-
1697 431 1757 503 Α
1778 420 2071 491 latamque
2094 436 2305 493 aquam
2324 420 2592 476 minister
2606 420 2664 476 in
2683 422 2806 493 ejus
2821 436 3030 477 manus
3049 423 3402 491 infunderet,

70 516 276 570 tissimze
300 513 503 567 matris
527 513 627 567 Dei
651 518 708 567 et
738 513 988 585 Virginis
1014 514 1203 569 Mariae.
1229 515 1521 586 sapienter
1545 514 1679 567 trdi-

69 609 233 665 ﬁcavit
264 610 434 678 atque
480 623 595 661 suae
625 608 880 662 ecclesiae
919 608 1090 662 rebus
1136 608 1373 675 dotavit,
1416 611 1677 663 accurate

75 703 399 758 constituens
418 704 483 755 ut
502 700 615 754 illic
634 717 916 773 pauperes
934 705 993 755 et
1011 702 1302 773 peregrini
1325 705 1676 772 egentesque

74 812 267 861 omnes,
304 794 399 865 qui
436 795 591 848 intra
618 795 819 849 urbem
847 799 1086 867 propter
1111 796 1234 866 ejus
1254 796 1457 866 jugem
1488 800 1673 849 custo-

72 892 204 944 diam
227 887 449 943 admitti
482 905 597 943 non
622 893 880 960 possent,
909 889 1324 960 reciperentur.
1352 891 1530 943 Porro
1558 906 1677 943 mo-

72 984 258 1038 nachos
295 982 499 1052 viginti
540 986 790 1053 quatuor
822 983 937 1037 illic
979 983 1053 1037 ad
1091 984 1305 1053 regula)
1343 983 1675 1037 monasticae

72 1075 434 1150 praescriptum
460 1076 652 1131 vivere
678 1077 857 1131 voluit
877 1076 974 1148 qui
1002 1081 1060 1131 et
1083 1076 1369 1148 perpetim
1397 1076 1675 1130 servirent

72 1173 169 1226 Deo
192 1173 245 1224 et
269 1170 648 1224 adventantes
679 1187 963 1241 pauperes
992 1173 1343 1235 recrearent,
1377 1173 1550 1241 atque
1578 1170 1675 1223 ho-

72 1265 222 1335 spites
246 1263 487 1317 comiter
516 1266 575 1317 et
601 1267 990 1335 congruenter
1014 1264 1359 1334 acciperent.
1383 1263 1454 1316 Iis
1480 1266 1672 1317 autem

69 1357 337 1412 monachis
358 1357 674 1427 quemdam
698 1374 728 1410 e
747 1358 862 1411 suis
878 1357 1294 1429 probatissima)
1316 1357 1445 1411 vitae
1466 1357 1670 1423 virum,

73 1450 362 1507 Paduinum
388 1450 463 1519 (α)
493 1451 751 1517 nomine,
781 1451 1034 1505 ecclesim
1062 1451 1365 1505 beatorum
1391 1450 1671 1505 Vincentii

70 1543 397 1598 etLaurentii
410 1560 517 1615 per
528 1544 585 1599 id
601 1547 826 1616 tempus
840 1545 1233 1617 praepositum,
1249 1544 1517 1599 abbatem
1534 1562 1674 1616 prie-

71 1638 215 1692 fecit:
244 1639 546 1709 locumque
576 1639 763 1709 ipsum
796 1642 853 1692 et
890 1638 995 1693 sibi
1029 1642 1088 1692 et
1113 1638 1532 1693 successoribus
1561 1638 1674 1692 suis

72 1731 331 1786 subditum
366 1748 491 1786 esse
528 1732 741 1786 debere
769 1732 1041 1799 decrevit,
1075 1732 1335 1787 adhibita
1367 1732 1541 1787 etiam
1569 1733 1668 1786 ad-

1779 516 1838 567 et
1849 514 1978 568 lotis
1992 515 2259 569 manibus
2274 516 2384 569 mal
2394 516 2608 570 luvium
2621 520 2961 588 asportaret,
2978 534 3158 573 caecus
3169 519 3407 589 quidam

1779 606 2034 677 Siagrius
2064 607 2304 662 numine
2334 609 2385 663 ei
2413 609 2569 663 venit
2591 610 2842 679 obviam,
2871 616 2929 666 et
2954 629 3167 683 aquam
3188 629 3314 683 quae
3336 612 3407 666 de

1778 701 2047 755 manibus
2068 702 2357 772 pontiﬁcis
2374 702 2692 757 deﬂuxerat
2713 704 2962 760 sibidari
2982 706 3163 777 petiit,
3188 723 3256 760 ea
3275 723 3408 761 suos

1779 796 1973 849 oculos
1988 792 2306 850 abluturus.
2332 796 2585 850 Minister
2606 797 2663 851 id
2684 799 2845 868 parvi
2866 800 3144 869 pendens,
3169 799 3329 853 dedit
3354 800 3405 853 ei

1776 905 2008 959 aquam,
2042 892 2104 942 ut
2134 890 2397 960 petierat.
2436 892 2512 944 Ea
2537 908 2717 945 caecus
2746 909 2877 946 suos
2905 893 3161 964 perfudit
3190 894 3403 959 oculos,

1777 981 1907 1035 etin
1929 981 2136 1036 Christi
2158 983 2415 1049 nomine,
2440 984 2659 1037 meritis
2679 986 2860 1039 sancti
2879 986 3150 1040 Domnoli
3169 1004 3300 1041 mox
3324 1004 3406 1040 re-

1776 1075 1973 1130 stituto
2012 1076 2153 1143 visu,
2184 1077 2346 1129 lactus
2377 1077 2668 1133 abscessit.
2698 1079 2881 1142 Quem
2916 1080 3150 1150 quidem
3188 1098 3402 1135 caecum

1776 1169 1981 1238 smpius
2009 1185 2117 1239 ego
2143 1169 2277 1235 vidi,
2307 1170 2589 1241 multique
2622 1188 2651 1225 e
2675 1172 2842 1226 sociis
2875 1174 3100 1240 nostris,
3131 1177 3301 1244 atque
3332 1175 3404 1229 ab

1776 1260 1872 1315 illo
1899 1265 2021 1316 tum
2042 1263 2193 1317 istud
2221 1266 2344 1317 tum
2370 1265 2534 1334 plura
2562 1265 2671 1319 alia
2699 1266 2878 1320 sancti
2899 1267 3004 1320 viri
3030 1267 3307 1322 miracula
3327 1267 3405 1321 di-

1776 1355 2137 1410 dici.Perlata
2150 1360 2236 1410 est
2248 1360 2441 1412 autem
2455 1358 2625 1428 hujus
2638 1359 2888 1414 reifama
2901 1360 2971 1414 ad
2988 1361 3298 1415 multorum
3310 1377 3405 1415 au-

1776 1466 1887 1515 res,
1902 1449 2146 1505 etinvito
2160 1452 2427 1520 pontiﬁce
2440 1453 2611 1521 longe
2626 1454 2853 1524 lateque
2867 1453 3091 1521 diﬂ‘usa,
3112 1455 3403 1508 eratenim

1775 1543 2166 1598 sanctissimus
2180 1544 2272 1597 ille
2286 1562 2459 1599 senex
2474 1546 2749 1616 singulari
2764 1547 3038 1618 praeditus
3050 1548 3227 1601 animi
3242 1565 3406 1602 mun-

1776 1636 1918 1691 ditia
1938 1642 1995 1691 et
2020 1638 2367 1693 humilitate.
2391 1640 2503 1692 Nec
2530 1638 2768 1693 dubium
2793 1640 2932 1710 quin
2961 1641 3113 1711 apud
3147 1641 3405 1712 omnipo-

1774 1731 1950 1785 tentis
1974 1732 2077 1785 Dei
2100 1731 2451 1802 singularem
2472 1732 2930 1787 misericordiam
2953 1735 3197 1788 multum
3220 1736 3407 1790 valeat

65 1825 322 1896 juratione
364 1830 423 1879 et
468 1825 874 1893 detestatione,
918 1830 982 1880 ut
1024 1827 1305 1897 hospitale
1351 1826 1473 1897 ejus
1519 1806 2012 1880 urbithumani
2045 1826 2233 1880 cordis
2261 1825 2480 1895 puritas
2516 1830 2573 1879 et
2607 1826 2963 1898 simplicitas,
2996 1829 3407 1884 convenienter

69 1919 328 1990 perpetuis
366 1920 727 1991 temporibus
768 1920 827 1973 in
863 1919 1202 1991 pontiﬁcum
1241 1919 1458 1973 ditione
1501 1923 1667 1973 esset.

127 2015 170 2067 6.
216 2013 435 2077 Quanta
482 2016 677 2069 autem
719 2013 872 2085 apud
908 2030 1007 2067 vos
1052 2014 1270 2083 degens
1316 2013 1401 2067 vir
1444 2017 1673 2067 sanctus

71 2123 247 2177 corpus
276 2124 439 2161 suum
472 2106 823 2161 abstinentia
854 2106 1128 2174 aﬂ‘ecerit,
1167 2123 1341 2177 quam
1379 2123 1439 2160 se
1467 2124 1668 2178 perpe-

71 2200 161 2253 tuis
181 2200 487 2255 confecerit
510 2199 736 2271 vigiliis,
765 2216 938 2271 quam
963 2200 1020 2254 in
1048 2200 1390 2271 praestandis
1418 2200 1669 2253 eleemo-

72 2294 198 2363 synis
248 2294 499 2349 liberalis
551 2298 609 2349 et
654 2294 922 2365 profusus
969 2294 1179 2360 fuerit,
1236 2294 1387 2349 solus
1448 2293 1542 2347 ille
1600 2292 1669 2346 ad

71 2387 275 2458 plenum
314 2387 477 2442 novit
522 2387 611 2442 cui
652 2388 884 2458 cognita
931 2391 1063 2442 sunt
1101 2387 1338 2454 omnia;
1390 2404 1495 2441 nec
1532 2390 1670 2457 puto

74 2480 351 2551 quemdam
411 2481 753 2536 mortalium
809 2480 974 2535 facile
1025 2480 1221 2535 omnia
1270 2480 1566 2551 explorare
1616 2482 1671 2533 et

72 2573 315 2646 indagare
332 2575 604 2645 potuisse,
624 2574 1095 2646 quandoquidem
1110 2573 1393 2645 ejusmodi
1410 2574 1503 2628 ille
1522 2575 1669 2628 clam

73 2667 232 2737 potius
256 2685 427 2739 quam
452 2670 647 2740 palam
668 2668 933 2723 faciebat.
964 2669 1050 2735 Et,
1086 2671 1148 2722 ut
1167 2668 1361 2740 paucis
1382 2669 1562 2722 multa
1584 2685 1674 2722 ex-

72 2761 360 2831 pediamus,
390 2762 577 2833 qualis
608 2764 970 2834 quantusque
1001 2762 1194 2829 fuerit,
1226 2778 1354 2833 qua),
1380 2765 1437 2817 et
1456 2765 1673 2833 quanta

72 2856 308 2924 gesserit,
334 2873 449 2911 non
473 2858 665 2928 potest
686 2855 945 2911 mortalis
971 2855 1168 2927 lingua
1190 2856 1493 2927 explicare,
1517 2855 1671 2926 quod

72 2964 216 3020 supra
242 2950 538 3005 hominem
568 2948 743 3005 fuerit
772 2949 1053 3021 quidquid
1074 2950 1195 3003 fere
1223 2952 1451 3019 gestum
1477 2949 1547 3004 ab
1580 2966 1669 3005 eo.

70 3040 356 3098 Macerabat
381 3060 440 3098 se
473 3046 534 3098 et
562 3040 772 3115 vigiliis
799 3047 857 3098 et
884 3043 1158 3098 continua
1188 3043 1404 3111 inedia,
1435 3043 1581 3098 adeo
1612 3045 1675 3097 ut

73 3133 219 3190 etiam
237 3136 531 3192 fortissimi
542 3137 785 3208 juvenes
804 3138 852 3209 ej
862 3154 926 3191 us
942 3137 1363 3209 parcimoniam
1385 3137 1535 3192 ferre
1555 3153 1671 3191 non
1693 3179 1748 3255 Ο

73 3232 270 3255 ἰΑρ’--.ιι
322 3232 395 3255 ΙΙ.-
424 3248 625 3255 -Α-----
650 3248 812 3255 -----...
839 3230 1139 3255 ..-Δ;..-ι..-ι
1168 3230 1222 3255 2...
1256 3231 1482 3255 --ξ-ξι---
1508 3230 1648 3255 --....ζ

72 3232 292 3299 possent.
320 3232 402 3285 Ita
420 3248 629 3303 corpus
650 3248 817 3286 suum
839 3230 1145 3302 redigebat
1168 3230 1227 3285 in
1254 3231 1485 3303 spiritus
1506 3230 1674 3285 servi-

72 3325 246 3391 tutem,
275 3323 536 3396 adeoque
576 3323 717 3380 illud
748 3325 1162 3392 mortiﬁcabat,
1206 3327 1269 3379 ut
1308 3328 1504 3396 posset
1534 3324 1671 3379 illud

74 3418 416 3487 apostolicum
448 3436 567 3474 non
596 3419 890 3474 immerito
926 3416 1008 3473 illi
1036 3419 1463 3473 accommodari
1490 3436 1503 3474 :
1539 3421 1673 3475 Vivo

72 3516 225 3567 autem
244 3514 363 3581 jam
400 3530 514 3568 non
550 3530 663 3582 ego,
700 3516 835 3569 vivit
867 3530 991 3569 vero
1025 3516 1085 3568 in
1111 3529 1194 3569 me
1234 3515 1500 3572 Christus.
1530 3514 1671 3568 Cum

72 3605 325 3673 equitaret
348 3608 404 3661 in
436 3606 666 3674 itinere,
700 3623 930 3679 semper
951 3607 1022 3661 de
1046 3609 1160 3663 Deo
1188 3609 1288 3661 aut
1306 3606 1671 3679 loquebatur,

73 3700 157 3750 aut
187 3700 433 3756 canebat.
469 3702 714 3757 Cursum
744 3701 816 3772 (ὁ)
848 3718 979 3756 vero
1007 3718 1174 3756 suum
1210 3700 1290 3771 (id
1320 3704 1404 3755 est
1429 3717 1672 3772 pensum

72 3805 279 3860 precum
291 3794 723 3868 canonicamm)
737 3812 842 3866 per
852 3795 1025 3850 horas
1036 3794 1329 3867 legitimas
1344 3796 1674 3866 persolvens

74 3884 265 3957 reliquo
291 3888 402 3942 diei
431 3892 721 3960 tempore,
750 3889 983 3960 quando
1020 3893 1411 3961 opportunum
1439 3888 1669 3943 videba-

78 3980 167 4046 tur,
187 3981 427 4036 studium
449 3982 734 4054 psallendi
758 3982 951 4037 divina
971 3983 1221 4054 eloquia,
1239 3985 1339 4037 aut
1354 3982 1671 4049 lectitandi,

75 4076 157 4125 aut
168 4072 219 4127 in
232 4092 424 4146 preces
434 4076 815 4132 incumbendi
832 4092 947 4131 non
963 4077 1286 4133 omittebat.
1299 4076 1387 4131 Ad
1409 4093 1673 4132 mensam

76 4162 176 4233 ipso
208 4170 529 4239 accedente,
571 4187 712 4226 mox
748 4170 951 4225 aderat
989 4171 1170 4226 lector
1202 4170 1451 4226 recitans
1483 4170 1675 4225 divina

77 4259 300 4333 eloquia:
324 4268 384 4319 ut
404 4265 558 4320 inter
574 4266 773 4336 epulas
794 4264 1000 4336 quibus
1021 4282 1154 4320 caro
1174 4265 1496 4333 fovebatur,
1514 4263 1676 4336 spiri-

78 4354 292 4411 tualibus
317 4358 607 4415 alimoniis
632 4358 823 4430 potius
851 4359 1101 4433 convivae
1129 4360 1513 4430 explerentur.
1547 4360 1676 4413 Nul-

76 4445 175 4502 lum
188 4452 414 4508 omnino
431 4453 540 4508 sibi
560 4455 793 4524 tempus
809 4453 1140 4524 praeterlabi
1156 4453 1401 4520 sinebat,
1423 4470 1537 4523 quo
1556 4470 1674 4508 non

1774 1919 1856 1971 illi
1892 1918 2192 1973 sententiae
2228 1920 2570 1974 Salvatoris:
2608 1922 2765 1976 Beati
2802 1922 3004 1976 mundo
3048 1922 3225 1987 corde,
3270 1940 3400 1993 quo-

1771 2014 1924 2067 niam
1947 2015 2057 2083 ipsi
2086 2016 2254 2067 Deum
2280 2014 2560 2068 videbunt.

1845 2109 1897 2161 8.
1920 2106 2017 2159 Vir
2043 2106 2279 2177 quidam
2301 2106 2529 2171 nobilis,
2560 2122 2772 2177 genere
2805 2110 2864 2160 et
2893 2108 3097 2178 opibus
3126 2110 3404 2180 praedives

1773 2199 2079 2271 regiusque
2125 2200 2501 2267 consiliarius,
2546 2200 2605 2253 in
2650 2200 2845 2254 villam
2892 2202 3157 2256 Ecclesiae
3190 2203 3279 2258 cui
3320 2206 3405 2259 vir

1772 2292 1869 2348 Dei
1900 2296 2166 2364 praeerat,
2200 2294 2533 2348 Tridentem
2558 2295 2855 2362 vocabulo,
2886 2295 3055 2350 sitam
3086 2296 3144 2350 in
3172 2298 3403 2354 condita

1772 2387 2125 2443 Diablentica
2170 2387 2235 2458 (c)
2282 2388 2569 2442 obstinato
2619 2388 2814 2442 animo
2854 2388 3081 2455 invasit,
3128 2407 3257 2445 eam
3299 2393 3403 2447 sibi

1772 2480 2086 2535 vindicans.
2111 2480 2323 2535 Crebro
2344 2485 2539 2535 autem
2562 2480 2723 2535 illum
2746 2482 3054 2537 admonuit
3069 2484 3153 2537 vir
3176 2489 3404 2540 sanctus

1775 2578 1836 2629 ut
1865 2592 1901 2628 a
1926 2574 2040 2629 suis
2067 2574 2363 2629 maleﬁciis
2384 2574 2763 2646 resipisceret,
2788 2579 2846 2629 et
2865 2576 2940 2630 ad
2962 2578 3266 2633 meliorem
3293 2581 3404 2634 fru-

1772 2685 1907 2738 gem
1927 2685 1986 2722 se
2009 2667 2311 2739 reciperet.
2335 2668 2545 2722 Videris
2567 2672 2763 2723 autem
2786 2686 2846 2723 se
2870 2669 3011 2724 nihil
3032 2672 3255 2727 ratione
3276 2689 3406 2744 pro-

1772 2764 1963 2829 ﬁcere,
1996 2763 2069 2816 ad
2100 2762 2458 2833 precandum
2495 2762 2809 2817 Dominum
2846 2780 2904 2818 se
2933 2766 3192 2831 contulit,
3222 2769 3283 2820 ut
3312 2784 3404 2822 res

1773 2873 1878 2927 pro
1906 2855 2204 2927 expiandis
2229 2855 2478 2926 peccatis
2509 2854 2647 2909 olim
2679 2873 2713 2909 a
2743 2856 3006 2911 ﬁdelibus
3027 2859 3280 2913 ecclesiae
3307 2861 3403 2915 do-

1774 2952 1940 3004 natas
1966 2949 2071 3019 ipsi
2098 2948 2442 3004 restitueret.
2474 2950 2710 3003 Interim
2734 2950 3045 3021 sacrilegus
3071 2968 3263 3007 rerum
3288 2955 3402 3010 Deo

1775 3043 2095 3098 dicatarum
2115 3046 2442 3114 occupator,
2463 3043 2657 3098 divina
2678 3043 2894 3098 ultione
2916 3044 2972 3098 in
2994 3061 3125 3100 eum
3144 3046 3405 3102 animad-

1774 3140 2031 3191 vertente
2062 3138 2222 3192 febre
2250 3136 2571 3209 corripitur,
2594 3137 2917 3209 eademque
2943 3139 3308 3194 continenter
3328 3143 3406 3197 la-

1772 3231 1957 3286 borat.
1983 3231 2097 3286 Sed
2121 3248 2310 3303 neque
2337 3230 2414 3285 sic
2438 3233 2635 3286 tamen
2659 3249 2750 3286 res
2772 3234 2922 3288 male
2956 3238 3257 3305 usurpatas
3277 3236 3404 3291 red-

1774 3326 1910 3381 dere
1930 3325 2127 3393 voluit,
2149 3328 2213 3380 ut
2231 3325 2352 3396 ejus
2374 3342 2543 3396 poena
2563 3327 2729 3381 ﬁeret
2748 3328 3110 3383 cumulatior.
3134 3331 3275 3384 Cum
3300 3347 3400 3385 au-

1774 3423 1893 3475 tem
1920 3436 1989 3474 ea
2008 3420 2168 3474 febre
2191 3419 2313 3474 dire
2336 3419 2731 3489 afﬁictaretur,
2756 3422 2904 3477 lecto
2931 3422 3305 3492 decumbens,
3328 3425 3405 3479 vi-

1774 3532 1868 3568 sus
1891 3518 1977 3567 est
1992 3514 2095 3568 sibi
2114 3514 2366 3585 quadam
2385 3518 2553 3569 nocte
2573 3514 2768 3569 videre
2784 3516 3021 3571 Matrem
3042 3519 3273 3573 Domini
3292 3519 3401 3591 (cui

1774 3625 1866 3662 res
1884 3608 1956 3661 ab
1976 3607 2100 3678 ipso
2120 3610 2427 3678 usurpatae,
2452 3624 2681 3679 unaque
2702 3608 2885 3663 beatis
2906 3612 3253 3682 martyribus
3274 3613 3405 3668 Ger-

1774 3702 1929 3756 vasio
1958 3705 2015 3756 et
2034 3701 2290 3757 Protasio
2319 3701 2523 3756 dicatae
2549 3702 2734 3772 erant)
2762 3702 2950 3757 ferreo
2977 3706 3186 3759 malleo
3218 3706 3405 3776 ipsum

1774 3795 1833 3850 in
1869 3796 2058 3850 fronte
2095 3796 2535 3867 percutientem.
2578 3796 2699 3850 Mox
2740 3795 2918 3866 igitur
2959 3798 3139 3852 multo
3182 3801 3403 3855 terrore

1774 3892 2089 3960 correptus,
2108 3889 2183 3943 ad
2204 3892 2467 3943 sanctum
2493 3889 2842 3943 Domnolum
2862 3889 3019 3944 misit
3039 3890 3135 3961 qui
3156 3908 3289 3947 eum
3308 3910 3400 3948 ro-

1775 3986 1982 4054 garent
2008 3986 2069 4037 ut
2093 4000 2185 4037 res
2214 3982 2321 4054 ipsi
2344 3982 2563 4037 ablatas
2590 3999 2723 4038 cum
2745 3983 2946 4038 fenore
2966 3985 3265 4056 reciperet.
3291 3988 3405 4042 Nec

1773 4080 1971 4131 tamen
1986 4077 2177 4148 potuit
2192 4076 2421 4131 sanitati
2438 4077 2661 4131 restitui
2704 4077 2888 4132 donec
2908 4082 3138 4134 sanctus
3157 4081 3407 4137 Domno-

1773 4172 1860 4225 lus
1886 4171 1962 4226 ad
1988 4188 2123 4226 eum
2150 4171 2389 4226 veniret.
2423 4171 2529 4225 Ubi
2569 4175 2765 4226 autem
2794 4172 2890 4227 ille
2926 4173 3176 4242 advenit,
3208 4174 3405 4231 omnia

1772 4263 1832 4319 in
1864 4264 2103 4336 duplum
2136 4265 2385 4319 restituit
2414 4266 2666 4321 ecclesiae
2697 4266 2995 4334 ministris,
3032 4271 3091 4321 et
3120 4272 3251 4340 post
3282 4268 3403 4324 dies

1774 4375 1987 4430 paucos
2008 4359 2272 4429 precibus
2292 4362 2350 4412 et
2369 4359 2592 4413 meritis
2613 4359 2764 4414 beati
2787 4361 2891 4414 viri
2914 4362 3064 4414 salus
3092 4362 3145 4415 ei
3176 4363 3405 4420 reddita

1775 4457 1894 4521 est;
1918 4453 2020 4507 sed
2040 4452 2292 4509 vulneris
2313 4453 2436 4523 ejus
2467 4453 2639 4508 fronti
2663 4454 2874 4508 malleo
2902 4454 3186 4525 impressi,
3211 4457 3404 4525 quoad

82 4545 164 4594 aut
184 4545 468 4613 prodesset
486 4547 630 4615 aliis,
656 4550 755 4601 aut
776 4546 850 4601 ad
870 4563 1003 4602 suos
1017 4547 1307 4617 profectus
1333 4546 1552 4617 aliquid
1572 4547 1671 4600 ad-
1694 4558 1754 4631 D
1775 4547 1932 4616 vixit,
1954 4547 2196 4618 vestigia
2218 4563 2609 4617 permansere.
2641 4547 2805 4611 Quod
2828 4548 3038 4602 idcirco
3060 4549 3275 4603 factum
3298 4553 3403 4619 est,

76 4632 270 4704 jiceret,
297 4640 449 4709 quod
479 4640 523 4695 si
551 4640 678 4712 quis
708 4640 831 4711 ejus
866 4641 1019 4695 facta
1049 4640 1326 4695 curiosius
1351 4640 1677 4711 inquisierit

80 4725 354 4786 innumera
379 4750 730 4805 magnarum
748 4734 1023 4789 virtutum
1046 4733 1326 4790 miracula
1346 4733 1620 4801 inveniet,
1645 4751 1675 4788 e

82 4821 258 4888 quibus
284 4843 386 4882 nos
410 4828 500 4882 vel
530 4845 713 4899 pauca
736 4845 1090 4901 promemus.

692 4975 915 5035 CAPUT
954 4979 1019 5033 II.

389 5090 558 5149 Varia
584 5092 853 5148 miracula
877 5093 938 5146 in
962 5093 1078 5147 vita
1096 5095 1344 5163 patrata.

142 5208 184 5259 7.
216 5206 470 5272 Quodam
493 5209 583 5265 die
612 5204 935 5279 Dominico,
958 5224 1091 5264 cum
1111 5210 1345 5280 peracto
1378 5207 1569 5264 ofﬁcio
1592 5224 1677 5262 so-

86 5296 240 5354 lemni
268 5302 339 5357 ad
363 5319 625 5359 mensam
654 5320 968 5376 pransurus
989 5319 1057 5357 ex
1076 5319 1240 5358 more
1273 5302 1593 5372 accederet,
1617 5301 1678 5355 il-

142 5441 206 5515 (a)
224 5443 332 5498 Sub
347 5446 580 5501 nomine
595 5444 1050 5513 sanctiPaduini,
1069 5445 1240 5515 vulgo
1260 5445 1442 5499 sancti
1460 5444 1675 5509 Pavini,

86 5514 157 5591 Est
178 5517 443 5591 parochia‘
464 5519 523 5591 in
544 5518 774 5591 diqacesi
800 5514 1226 5591 Cenomanensi
1257 5515 1352 5570 ubi
1384 5516 1678 5591 coliturl’d

85 5578 406 5661 Novembris.
428 5588 551 5661 Vita
568 5589 761 5661 aliqua
781 5589 904 5661 ejus
922 5592 1104 5661 exstat
1120 5588 1275 5661 inter
1293 5590 1432 5642 Acta
1448 5590 1673 5641 sancto-

86 5667 194 5729 rum
219 5657 426 5713 ordinis
451 5657 1024 5715 Benedictini'saaculi
1045 5658 1237 5729 primi.

116 5725 210 5802 '(b)
229 5729 445 5802 Cursus,
472 5735 531 5802 ut
553 5732 642 5785 hic
669 5725 1065 5802 explicationis
1082 5746 1253 5785 causa
1280 5728 1531 5802 additur,
1546 5744 1679 5802 pas-

91 5798 182 5869 ξω]
209 5814 305 5869 pro
330 5800 530 5856 divinis
558 5798 761 5857 ofﬁciis
790 5804 890 5856 aut
918 5801 1073 5856 horis
1093 5798 1384 5869 canonicis
1410 5799 1674 5853 sumitur.

92 5864 162 5920 lta
189 5864 528 5930 memoratur
559 5877 786 5930 sanctus
839 5874 1161 5929 Germanus
1207 5868 1405 5927 solitus
1448 5885 1677 5926 cursum

1776 4646 1841 4697 ut
1870 4642 1964 4695 ille
1994 4658 2096 4695 suo
2136 4640 2397 4711 exemplo
2439 4657 2473 4693 a
2510 4640 2682 4694 simili
2717 4641 2972 4696 facinore
3007 4642 3150 4696 alios
3187 4643 3403 4699 abster-

1776 4738 1948 4791 reret.
1973 4735 2125 4799 Quas
2146 4736 2340 4788 autem
2360 4749 2451 4787 res
2471 4733 2564 4787 ille
2587 4733 2904 4803 duplicatas
2924 4738 3048 4789 tum
3068 4740 3264 4791 sancto
3285 4737 3406 4793 viro

1776 4828 2046 4895 restituit,
2082 4844 2181 4882 eas
2213 4826 2453 4882 ecclesia
2486 4829 2683 4882 nostra
2714 4827 2991 4883 hactenus
3020 4829 3291 4901 possidet.

1848 4926 1902 4978 9.
1922 4921 2187 4987 Quodam
2212 4920 2674 4992 quadragesima}
2691 4924 2953 4993 tempore
2977 4922 3032 4977 in
3057 4925 3261 4979 cellam
3277 4925 3409 4981 Ani‘

1779 5018 1913 5072 solas
1942 5016 2017 5087 (d)
2042 5014 2382 5071 monasterii
2410 5014 2493 5069 vir
2524 5018 2753 5070 sanctus
2779 5032 2902 5071 sese
2931 5017 3261 5088 abdiderat,
3294 5021 3404 5077 Do.

1777 5111 1938 5165 mino
1961 5109 2021 5163 in
2043 5109 2268 5163 silentio
2293 5111 2351 5162 et
2375 5108 2683 5163 solitudine
2706 5114 3025 5166 vacaturus.
3048 5114 3189 5168 Ecce
3210 5117 3405 5168 autem

1778 5205 2029 5258 Francus
2056 5202 2290 5274 quidam
2320 5202 2527 5257 nobilis
2554 5220 2789 5274 genere,
2816 5206 2943 5276 regi
2967 5206 3131 5260 valde
3156 5207 3406 5260 familia-

1780 5298 1877 5365 ris,
1910 5294 2226 5369 quamdam
2264 5296 2387 5366 ejus
2418 5297 2681 5353 Ecclesia
2710 5299 2926 5367 villam,
2967 5298 3264 5353 Bonallam
3301 5315 3405 5353 no-

1782 5443 1938 5501 nudo
1965 5444 2150 5515 capite
2180 5442 2389 5511 dicere,
2418 5443 2500 5498 uti
2530 5440 2585 5498 in
2617 5444 2738 5515 ejus
2767 5444 2892 5498 Vita
2919 5444 3277 5515 Fortunatus.

1855 5517 1921 5589 (c)
1945 5514 2187 5589 Condita
2203 5516 2559 5589 Diablcntica
2580 5514 2805 5589 videtur
2824 5531 2946 5568 esse
2968 5514 3405 5589 ditioCenoma‘

1784 5586 2154 5658 niscontigua
2165 5586 2500 5641 Perchensis
2523 5586 2847 5650 comitatus,
2872 5600 3064 5658 versus
3076 5586 3403 5658 Nogentum

1782 5654 2087 5714 Rotrudis':
2122 5662 2177 5712 et
2203 5676 2268 5711 ex
2296 5674 2431 5711 voce
2458 5658 2674 5711 condita
2699 5673 2825 5726 pro,
2859 5654 3227 5726 regiuncula,
3246 5672 3409 5710 mau-

1782 5730 1917 5783 sisse
1951 5729 2178 5784 Francis
2204 5745 2416 5783 nomen
2442 5728 2636 5795 Condé,
2668 5722 2842 5781 etiam
2866 5722 3039 5779 hedie
3066 5724 3323 5794 pluribus
3344 5726 3404 5780 in

1782 5800 1963 5856 Gallia
1985 5799 2124 5855 locis
2149 5815 2481 5855 commune.

1855 5869 1933 5946 (ἀ)
1962 5869 2214 5939 Anisola,
2248 5870 2362 5924 sive
2397 5868 2672 5924 Aninsula
2708 5866 2932 5924 celebre
2965 5864 3403 5937 monasterium,
