4006 6238
539 324 639 381 643

1476 314 1709 369 8ΑΝΟΤ1
1748 312 2064 378 DOMNOLI,
2106 307 2614 365 CENOMANENSIS
2651 305 2968 373 EPISCOPI,

3802 300 3899 352 ﬂii

538 434 716 501 mine,
740 432 799 486 in
819 446 971 503 pago
994 426 1258 483 Stadinse
1281 424 1472 490 sitam,
1497 422 1571 476 ad
1594 438 1655 475 se
1677 420 1886 492 rapuit.
1912 418 2015 474 Ubi
2038 434 2166 489 pas-
2191 428 2252 503 Α
2273 416 2363 470 die
2395 415 2455 468 in
2483 414 2616 469 villa
2651 419 2861 469 nostrae
2897 411 3171 478 ecclesiae,
3214 426 3388 481 quam
3420 406 3773 464 Baiadonem
3806 424 3897 460 vo-

540 528 718 583 chalis
744 524 1077 581 solemnitas
1105 518 1401 593 prmteriit,
1426 533 1556 571 eam
1580 515 1945 586 iniquitatem
1964 513 2050 567 vir
2072 514 2174 567 Dei

543 624 785 677 moleste
804 622 1015 685 ferens,
1037 617 1351 685 dolensque
1372 629 1429 665 se
1450 611 1673 665 vivente
1693 627 1855 664 suam
1876 608 2173 664 ecclesiam

544 716 753 770 nudari
798 710 1162 768 facultatibus
1207 708 1340 773 suis,
1390 706 1533 773 duos
1576 704 1849 759 diaconos
1896 704 2054 758 misit
2101 702 2173 756 ad

542 812 823 865 Francnm
841 808 998 861 illum
1017 802 1385 873 sacrilegum,
1410 804 1469 854 et
1488 799 1633 854 mire
1648 799 1775 869 jam
1796 798 2169 853 obstinatum.

543 904 656 961 Sed
684 900 909 958 diaconi
934 900 1155 953 nullum
1186 897 1257 950 ab
1280 914 1348 950 eo
1372 896 1541 967 quale
1564 894 1776 947 vellent
1793 893 2039 947 retulere
2062 910 2174 945 res-

540 1014 807 1071 ponsum.
836 997 978 1048 Tum
1008 1010 1142 1047 vero
1172 993 1402 1045 sanctus
1428 989 1540 1057 vir,
1570 988 1741 1043 corde
1772 990 2171 1058 compunctus,

540 1093 735 1147 animo
774 1087 1116 1159 intrepidus,
1151 1104 1218 1141 eo
1262 1103 1320 1139 se
1354 1084 1616 1150 contulit,
1660 1086 1724 1137 ut
1758 1100 1848 1136 res
1887 1099 2003 1135 sua:
2040 1080 2175 1135 ﬁdei

541 1186 789 1240 creditas
816 1184 1204 1254 recuperaret,
1230 1180 1409 1234 fretus
1430 1178 1637 1233 auxilio
1660 1175 2029 1249 praepotentis
2059 1175 2172 1230 Dei.

539 1282 682 1337 Cum
714 1279 887 1349 igitur
917 1277 1007 1331 die
1037 1276 1291 1347 quodam
1312 1274 1563 1327 Francus
1594 1273 1686 1326 ille
1716 1273 2009 1326 solemnes
2035 1272 2177 1324 cele-

539 1373 737 1429 braret
765 1373 962 1443 epulas
992 1371 1047 1424 in
1076 1370 1208 1423 villa
1229 1385 1333 1439 per
1360 1366 1724 1437 sacrilegium
1756 1365 1965 1431 ablata,
1997 1364 2171 1417 habe-

540 1472 744 1539 retque
774 1466 925 1538 apud
955 1483 1013 1519 se
1037 1466 1305 1535 parentes
1327 1466 1384 1516 et
1410 1460 1643 1527 amicos,
1670 1460 1996 1514 nuntiatum
2019 1461 2104 1512 est
2125 1457 2175 1511 ei

538 1581 659 1635 pra:
692 1562 909 1616 foribus
941 1560 1139 1614 adesse
1172 1560 1431 1611 sanctum
1460 1557 1814 1626 episcopum,
1842 1570 2047 1624 resque
2071 1552 2175 1623 ipsi

542 1676 576 1713 a
601 1656 847 1711 Domino
873 1652 1310 1709 commendatas
1337 1653 1624 1721 repetere.
1658 1649 1713 1702 ld
1738 1652 1799 1702 ut
1822 1647 2039 1702 audivit
2060 1647 2174 1713 ille,

540 1751 707 1805 valde
729 1750 926 1803 animo
949 1749 1294 1825 commotus,
1311 1744 1481 1815 jussit
1511 1760 1643 1796 eum
1666 1760 1699 1796 a
1720 1745 1841 1797 tota
1868 1742 1999 1795 villa
2020 1757 2178 1811 pror-

545 1864 637 1901 sus
668 1844 887 1899 excludi
922 1846 979 1895 et
1006 1842 1153 1912 ejici.
1194 1841 1267 1893 At
1293 1839 1591 1909 episcopus
1630 1855 1745 1891 non
1786 1836 2173 1901 recalcitrans,
2197 1810 2253 1882 B

544 1937 1037 2011 quemadmodum
1070 1934 1358 2005 apostolus
1390 1934 1609 1998 monet,
1646 1930 1808 1984 dedit
1838 1930 2029 1984 locum
2054 1928 2172 1995 irae,

546 2034 645 2087 sed
678 2034 756 2087 ita
788 2031 925 2085 ultio
959 2029 1149 2083 divina
1178 2028 1235 2081 in
1266 2027 1608 2097 sacrilegum
1638 2024 1880 2079 excitata
1908 2027 2011 2077 est.

620 2131 703 2182 10.
729 2128 873 2181 Cum
897 2124 1053 2178 enim
1076 2126 1242 2176 nocte
1270 2121 1542 2191 illajuxta
1557 2136 1785 2174 morem
1807 2121 2034 2173 sanctus
2056 2118 2172 2189 epi-

542 2238 748 2293 scopus
773 2220 829 2273 in
851 2218 1112 2274 oratione
1134 2216 1484 2287 persisterct,
1509 2214 1853 2284 sacrilegum
1881 2212 2063 2266 virum
2084 2212 2174 2265 in-

521 2317 687 2391 .vasit
708 2314 899 2381 febris,
924 2328 1053 2383 quae
1074 2310 1363 2365 infelicem
1396 2310 1654 2364 animam
1679 2309 1860 2362 altero
1882 2323 2053 2362 mane
2077 2323 2173 2360 ex-

540 2409 796 2466 torsitab
814 2408 911 2462 illo
936 2424 950 2473 ;
979 2406 1172 2476 sicque
1195 2404 1516 2458 miserrime
1537 2403 1817 2457 excedens
1841 2420 1870 2455 e
1894 2402 2028 2470 vita,
2047 2402 2173 2456 abs-

544 2522 657 2576 que
694 2505 851 2557 luctu
885 2505 941 2555 et
972 2500 1094 2554 sine
1122 2500 1386 2572 precibus
1420 2499 1476 2552 in
1508 2497 1658 2552 bivio
1696 2498 1951 2568 sepultus
1977 2500 2079 2552 est.
2110 2498 2178 2550 Et

544 2599 780 2671 quidem
808 2596 1016 2667 dignus
1042 2598 1165 2649 erat
1190 2593 1291 2647 tali
1324 2595 1529 2659 morte,
1561 2592 1660 2663 qui
1686 2595 1948 2646 sanctum
1986 2592 2174 2647 virum

543 2710 714 2748 ausus
740 2692 847 2745 fuit
866 2690 1226 2753 contristare,
1252 2691 1309 2741 et
1333 2687 1653 2741 oblationes
1679 2686 1937 2740 ﬁdelium
1968 2703 2174 2758 resque

544 2790 662 2843 Deo
696 2786 910 2840 dicatas
938 2784 1044 2838 sibi
1074 2782 1385 2837 vindicare.
1418 2782 1652 2835 Factum
1693 2785 1778 2834 est
1817 2781 1925 2835 hoc
1956 2782 2176 2835 meritis

542 2882 698 2937 beati
728 2879 1016 2943 antistitis,
1039 2881 1099 2931 ut
1125 2877 1313 2932 caeteri
1337 2877 1408 2930 ab
1434 2874 1762 2946 hujusmodi
1779 2876 2062 2930 maleﬁcio
2082 2877 2179 2930 ab—

543 2978 916 3041 sterreantur,
933 2990 1005 3027 ne
1020 2971 1374 3042 similiaipsis
1392 2970 1687 3024 accedant.
1706 2971 1850 3025 Cum
1878 2969 1955 3023 sic
1978 2973 2173 3024 autem

542 3071 636 3125 ille
663 3087 767 3142 per
794 3068 968 3136 iisset,
993 3065 1188 3121 multis
1218 3064 1469 3119 ecclesiis
1494 3081 1583 3118 res
1614 3064 1867 3135 ipsarum
1898 3064 2175 3119 restituta:

543 3169 694 3232 sunt,
724 3180 865 3235 quas
894 3160 1120 3233 tyranni
1140 3158 1498 3231 jampridem
1534 3175 1638 3229 per
1671 3158 2060 3212 temeritatem
2086 3158 2173 3213 iu-

540 3261 827 3314 vaserant.
852 3257 995 3310 Nam
1020 3255 1227 3309 timore
1251 3251 1517 3325 perculsi,
1548 3269 1663 3307 non
1688 3253 1923 3306 fuerunt
1947 3252 2066 3306 ausi
2092 3270 2175 3306 re-

540 3354 727 3408 tinere
746 3352 899 3420 illas;
924 3353 1095 3420 atque
1120 3348 1197 3402 ita
1216 3348 1384 3401 unius
1406 3346 1698 3402 horrenda
1718 3345 2013 3400 damnatio
2034 3347 2175 3401 mul-

542 3449 613 3502 tis
632 3446 847 3518 profuit
867 3445 939 3499 ad
958 3442 1433 3514 resipisccntiam,
1458 3441 1821 3511 reddiditque
1835 3441 2175 3512 pmnitentia

541 3540 899 3596 emendatos.
925 3538 1015 3594 Sic
1040 3537 1313 3591 nimirum
1345 3535 1713 3607 omnipotens
1734 3536 1885 3588 Deus
1913 3551 2019 3605 per
2038 3535 2175 3589 ﬁde-

536 3637 656 3691 lem
688 3651 913 3689 servum
939 3649 1106 3686 suum
1137 3648 1269 3685 suas
1301 3628 1641 3689 restauravit
1665 3628 1954 3697 ecclesias,
1986 3630 2176 3684 multi-

540 3750 649 3806 que
669 3728 922 3784 serviDei
940 3728 1203 3798 ingentes
1216 3725 1460 3779 Domino
1476 3723 1673 3779 laudes
1694 3727 1751 3777 et
1768 3727 1960 3795 grates
1977 3741 2171 3795 egere,

529 3825 801 3901 jucundis
826 3822 1057 3878 vocibus
1080 3822 1407 3876 cantantes:
1441 3819 1685 3888 Adjutor
1714 3823 1765 3873 et
1782 3823 2056 3889 protector
2081 3822 2170 3887 fa-

536 3929 651 3979 ctus
678 3925 755 3976 est
776 3919 931 3973 nobis
955 3919 1213 3973 Dominus
1240 3917 1299 3968 in
1324 3915 1571 3968 salutem.

612 4021 697 4072 il.
728 4012 1003 4069 Puernlus
1024 4009 1281 4081 quidam,
1306 4007 1609 4063 Rainarius
1632 4006 1890 4075 nomine,
1916 4024 1951 4062 a
1972 4024 2175 4079 paren-

538 4110 689 4166 tibus
720 4107 943 4163 oblatus
980 4109 1065 4160 est
1101 4106 1297 4159 sancto
1338 4101 1478 4157 viro.
1522 4103 1568 4155 Is
1606 4119 1751 4173 puer
1789 4104 1846 4155 et
1885 4119 2087 4170 caecus,
2117 4107 2174 4157 et

538 4203 764 4269 surdus,
796 4205 855 4256 et
876 4205 1086 4267 mutus,
1112 4203 1169 4253 et
1199 4197 1434 4253 claudus
1462 4200 1600 4250 erat.
1631 4195 1801 4249 Unxit
1820 4199 2014 4250 autem
2037 4213 2171 4251 cum

536 4301 623 4355 vir
641 4299 738 4355 Dei
760 4299 886 4352 oleo
925 4292 1259 4359 benedicto,
1285 4295 1343 4345 et
1361 4290 1542 4344 crucis
1564 4289 1730 4359 signo
1756 4306 1890 4343 eum
1913 4308 2168 4345 commu-

539 4394 701 4459 nivit,
741 4398 797 4447 et
828 4393 975 4446 totus
1005 4386 1264 4443 revaluit.
1300 4384 1550 4441 Clericus
1582 4383 1821 4454 quidam
1855 4385 2173 4439 Oximensis

537 4491 632 4564 (ιι),
652 4485 1013 4543 Eleutherins
1030 4481 1287 4546 nomine,
1307 4478 1506 4533 videns
1524 4481 1609 4532 tot
1625 4478 1967 4533 admiranda
1992 4479 2117 4534 ﬁeri
2140 4497 2173 4533 a

2273 514 2425 577 cant,
2458 514 2655 563 sancto
2682 510 2949 580 episcopo
2990 505 3317 578 pontiﬁcale
3356 502 3695 575 exsequenti
3734 500 3900 555 mini-

2274 609 2533 673 sterium,
2557 604 2875 674 Magnatins
2900 602 3135 673 quidam
3163 601 3388 655 oblatus
3418 602 3524 665 est,
3554 596 3654 668 qui
3685 595 3776 649 die
3802 596 3904 648 Do-

2273 703 2485 758 minico
2508 702 2661 755 intra
2680 699 2857 769 ipsius
2882 697 3028 751 villae
3055 697 3197 749 tines
3219 695 3289 748 ab
3312 710 3487 765 opere
3517 710 3575 745 se
3605 708 3722 746 non
3744 690 3906 745 absti-

2274 815 2440 863 nens,
2468 798 2585 850 Deo
2610 793 2941 859 ulciscente,
2973 790 3286 845 luminibus
3317 788 3554 843 orbatus
3578 787 3783 840 fuerat.
3812 784 3908 837 Vir

2274 896 2503 947 sanctus
2523 891 2942 944 sacrosanctam
2965 886 3236 940 invocans
3254 882 3617 947 Trinitatem,
3645 896 3905 950 expresso

2276 987 2441 1058 signo
2469 984 2671 1051 crucis,
2709 982 3027 1037 caecitatem
3060 978 3299 1050 depulit,
3334 976 3517 1031 visum
3550 974 3906 1035 reformavit,

2275 1081 2613 1151 monuitque
2635 1076 3026 1132 hominemne
3045 1074 3364 1145 quidquam
3389 1069 3726 1142 hnjusmodi
3755 1068 3913 1122 dein-

2276 1193 2407 1248 ceps
2436 1173 2789 1229 admitteret.

2351 1318 2435 1369 t2.
2466 1313 2612 1368 Exiit
2642 1311 2987 1384 quandoque
3019 1309 3102 1364 vir
3135 1309 3338 1363 beatus
3380 1310 3539 1361 extra
3570 1304 3771 1359 urbem
3804 1321 3910 1357 no-

2278 1413 2476 1475 stram,
2492 1406 2824 1476 audivitque
2840 1405 3252 1459 damnatorum
3274 1419 3441 1457 voces
3455 1419 3485 1455 e
3500 1417 3748 1455 carcere.
3766 1399 3914 1453 Misit

2278 1508 2473 1579 itaque
2499 1505 2825 1560 ministrum
2846 1520 3010 1557 suum
3028 1502 3101 1556 ad
3129 1501 3428 1556 custodem
3450 1499 3715 1565 carceris,
3741 1498 3831 1570 qui
3859 1499 3913 1549 ei

2279 1602 2513 1667 diceret,
2555 1603 2615 1654 ut
2644 1590 2862 1652 vinctos
2898 1598 3024 1652 illos
3067 1596 3360 1650 absolutos
3396 1598 3697 1667 pateretur
3730 1593 3906 1647 abire.

2279 1694 2595 1768 Respondit
2619 1696 2809 1748 custos
2841 1708 2957 1746 non
2984 1708 3042 1744 se
3068 1690 3122 1744 id
3154 1707 3361 1745 ausum
3390 1706 3534 1757 esse,
3569 1706 3641 1742 ne
3675 1688 3791 1759 ipse
3821 1704 3909 1740 co-

2279 1808 2413 1862 gere
2423 1790 2583 1845 tnrin
2604 1788 2833 1843 illorum
2848 1787 3039 1841 locum
3059 1784 3383 1840 succedere.
3402 1786 3545 1838 Tum
3563 1783 3650 1836 vir
3667 1781 3763 1835 Dei
3781 1798 3909 1834 cum

2278 1884 2544 1956 lacrymis
2571 1882 2794 1954 rogavit
2814 1880 3125 1935 Dominum
3147 1896 3251 1951 pro
3280 1878 3420 1933 illis:
3451 1883 3507 1932 et
3535 1894 3667 1931 ecce
3695 1875 3784 1929 die
3804 1879 3914 1928 ter-

2278 1980 2358 2035 tio
2396 1996 2499 2032 sua
2539 1981 2742 2048 Sponte
2785 1975 3026 2047 patescit
3056 1990 3271 2041 carcer,
3315 1975 3639 2043 exeuntque
3677 1969 3774 2042 qui
3801 1969 3915 2022 illic

2279 2073 2708 2137 detinebantur,
2739 2074 2797 2123 et
2822 2069 2894 2125 ad
2932 2071 3192 2123 nostram
3228 2066 3529 2121 ecclesiam
3563 2082 3685 2119 sese
3714 2064 3913 2119 confe—

2277 2170 2432 2223 runt.
2463 2165 2713 2222 Clericus
2742 2162 2973 2235 quidam
3011 2162 3346 2233 Ragnoinus
3385 2160 3622 2216 nomine
3658 2157 3815 2213 venit
3840 2157 3915 2210 ad

2279 2265 2539 2318 sanctum
2567 2259 2922 2331 pontiﬁcem,
2954 2274 3167 2328 rogans
3203 2260 3266 2310 ut
3302 2254 3624 2311 sacerdotio
3656 2252 3913 2307 initiare-

2278 2362 2389 2412 tur.
2419 2356 2792 2410 Percontatus
2819 2356 2903 2406 est
2929 2355 3124 2407 autem
3154 2368 3220 2405 ex
3250 2350 3346 2406 illo
3376 2351 3461 2405 vir
3489 2352 3744 2415 sanctus,
3775 2364 3917 2401 num

2278 2454 2431 2507 caste
2461 2452 2677 2504 viveret
2707 2452 2766 2502 et
2795 2464 2827 2501 a
2854 2446 3086 2501 feminis
3113 2464 3170 2501 se
3200 2449 3455 2500 servaret
3485 2443 3916 2499 incontamina-

2278 2550 2420 2601 tum.
2450 2546 2547 2600 Illo
2583 2545 2917 2598 constanter
2954 2541 3363 2613 respondente,
3403 2557 3462 2594 se
3498 2539 3781 2593 hactenus
3806 2538 3918 2591 im-

2277 2642 2497 2713 pollnto
2540 2654 2781 2709 corpore
2826 2636 3076 2691 Domino
3113 2635 3392 2702 serviisse,
3425 2633 3511 2687 vir
3550 2633 3755 2687 beatus
3781 2631 3834 2685 ei
3864 2634 3919 2683 et

2279 2737 2490 2801 locum,
2521 2738 2578 2787 et
2594 2737 2840 2804 tempus,
2868 2735 2925 2786 et
2952 2730 3259 2785 mulierem
3276 2728 3531 2784 libidinis
3548 2727 3676 2797 ejus
3697 2725 3919 2781 sociam

2278 2827 2570 2884 indicavit.
2602 2829 2856 2883 Cernens
2887 2825 3124 2880 clericus
3162 2842 3223 2879 se
3260 2825 3440 2879 latere
3476 2821 3783 2878 hominem
3815 2820 3921 2873 Dei

2279 2941 2395 2979 non
2423 2939 2608 2994 posse,
2644 2920 2879 2993 propria
2911 2919 3201 2975 convictus
3232 2917 3604 2983 conscientia,
3638 2916 3712 2970 ad
3740 2914 3926 2988 pedes

2279 3018 2401 3089 ejus
2428 3016 2691 3088 procidit,
2717 3018 2775 3069 et
2804 3016 3033 3086 culpam
3058 3032 3222 3068 suam
3256 3014 3551 3069 confessus
3582 3015 3689 3065 est.
3720 3010 3783 3064 Id
3818 3009 3925 3063 ubi

2278 3112 2352 3167 ad
2381 3112 2625 3167 aliorum
2649 3111 2918 3166 notitiam
2943 3109 3223 3181 pervenit,
3248 3107 3416 3163 multi
3439 3106 3616 3162 sacris
3644 3105 3930 3159 initiandi

2198 3187 2253 3262 Ο
2278 3207 2350 3261 ab
2383 3207 2505 3277 ejus
2532 3223 2589 3261 se
2613 3208 2922 3277 conspectu
2950 3204 3269 3258 subduxere
3294 3221 3307 3271 ;
3339 3203 3610 3274 maleque
3638 3200 3747 3255 sibi
3777 3217 3925 3255 con-

2277 3300 2396 3369 scii,
2438 3318 2553 3356 non
2598 3301 2757 3354 fuere
2795 3299 2919 3353 ausi
2958 3315 3149 3352 sacros
3181 3297 3414 3353 ordines
3446 3297 3516 3351 ab
3554 3296 3650 3350 illo
3690 3297 3931 3366 petere.

2275 3388 2433 3449 certo
2464 3411 2801 3466 persuasum
2840 3393 3142 3459 habentes,
3181 3409 3299 3448 non
3339 3408 3473 3446 eum
3508 3391 3691 3445 latere
3736 3389 3929 3443 etiarn

2277 3493 2497 3545 secreta
2525 3489 2807 3545 cordium.

2352 3638 2434 3689 13.
2462 3635 2556 3688 Est
2584 3633 2715 3687 villa
2744 3631 2997 3686 ecclesize
3029 3634 3239 3686 nostrze
3266 3646 3441 3701 quam
3471 3629 3793 3685 Crisiacum
3818 3647 3924 3685 vo-

2275 3732 2427 3784 cant.
2459 3731 2519 3782 lu
2548 3744 2617 3781 ea
2644 3744 2775 3782 cum
2800 3730 2949 3780 esset
2978 3725 3065 3779 vir
3092 3725 3212 3793 Dei,
3245 3724 3475 3779 adducti
3514 3729 3650 3779 sunt
3676 3724 3756 3779 ad
3785 3742 3928 3779 eum

2276 3823 2389 3878 duo
2413 3821 2777 3887 daemoniaci,
2808 3820 3207 3892 rogabantque
3236 3836 3370 3873 eum
3390 3823 3663 3891 parentes
3684 3836 3929 3882 eorum,

2276 3920 2338 3971 ut
2357 3916 2472 3970 suis
2492 3914 2755 3987 precibus
2776 3914 2902 3969 illos
2927 3917 3179 3968 sanaret.
3201 3912 3610 3969 Sciscitabatnr
3626 3916 3835 3968 autem
3859 3932 3931 3968 ex

2277 4012 2358 4066 eis
2392 4014 2619 4065 sanctus
2660 4010 2916 4076 antistes,
2957 4025 3058 4063 cur
3084 4007 3142 4062 id
3181 4008 3316 4080 ipsis
3356 4007 3692 4073 accidisset;
3729 4011 3791 4061 et
3820 4026 3934 4080 per

2276 4123 2476 4161 eorum
2507 4121 2606 4159 ora
2633 4102 3067 4175 respondebant
3098 4101 3383 4157 immundi
3419 4102 3670 4173 spiritus,
3706 4120 3771 4157 se
3800 4106 3925 4158 tor-

2276 4200 2436 4273 queri
2458 4199 2528 4253 ab
2554 4199 2697 4271 ipso,
2732 4215 2839 4252 nec
2864 4214 3030 4269 posse
3061 4214 3254 4252 coram
3286 4214 3354 4253 eo
3377 4197 3563 4252 celare
3594 4198 3925 4269 praestigias

2274 4294 2441 4349 suas:
2471 4293 2757 4364 rogabant
2796 4296 2990 4347 autem
3037 4309 3170 4346 eum
3210 4296 3272 4346 ut
3306 4292 3351 4346 si
3387 4291 3541 4363 ipsos
3578 4290 3718 4345 inde
3748 4294 3923 4345 vellet

2274 4389 2502 4459 ejicere,
2530 4389 2733 4442 saltem
2766 4388 2982 4441 sineret
3006 4386 3259 4458 migrare
3286 4386 3344 4441 in
3383 4402 3612 4458 porcos.
3643 4386 3925 4441 Permisit

2274 4482 2382 4537 hoc
2402 4483 2487 4536 vir
2503 4485 2734 4537 sanctus
2752 4485 2809 4535 ct
2828 4481 3009 4535 crucis
3036 4480 3202 4552 signo
3231 4481 3385 4536 edito
3411 4480 3747 4553 proﬂigavit
3770 4481 3924 4547 illos,

535 4587 732 4640 sancto
759 4581 902 4645 viro,
930 4576 1137 4633 obtulit
1169 4575 1221 4628 ei
1252 4572 1436 4628 ﬁlium
1465 4589 1653 4640 suum,
1687 4589 1863 4643 quem
1895 4566 2249 4638 diuturnaD
2273 4576 2424 4631 itaut
2437 4593 2639 4632 omnes
2653 4574 3229 4631 astanteslandarent
3242 4574 3551 4630 Dominum
3578 4576 3921 4630 mirabilem

535 4679 712 4736 febris
730 4674 1109 4731 vehementer
1125 4668 1455 4724 afﬂictabat.
1478 4666 1858 4723 Misericordia
1877 4671 2069 4723 motus
2087 4668 2171 4722 vir

538 4774 634 4831 Dei
658 4765 1057 4845 aquamjussit
1080 4762 1293 4819 afferri.
1321 4763 1589 4831 Allatam,
1619 4779 1748 4816 cum
1777 4762 1934 4833 prius
1961 4762 2169 4819 Christi

535 4884 753 4926 nomen
773 4863 1110 4927 invocasset,
1134 4862 1192 4913 et
1212 4874 1343 4911 eam
1367 4873 1532 4911 cruce
1556 4856 1968 4927 consignasset,
1990 4873 2168 4929 puero

534 4961 852 5021 bibendam
876 4955 1099 5012 obtulit.
1132 4952 1278 5007 Bibit
1296 4952 1413 5017 ille,
1439 4954 1497 5004 et
1517 4950 1739 5006 Christo
1762 4951 2032 5022 propitio,
2052 4969 2170 5006 me-

534 5058 659 5115 ritis
676 5051 927 5126 episcopi
949 5049 1223 5105 continuo
1246 5063 1417 5101 sanus
1435 5046 1670 5100 effectus
1692 5049 1794 5099 est.
1814 5045 1911 5099 Vir
1930 5046 2166 5117 quidam

531 5146 983 5220 Andegavensis,
1013 5143 1238 5199 Stritius
1260 5140 1521 5206 nomine,
1547 5139 1604 5193 in
1629 5140 1863 5193 maxilla
1883 5140 2028 5195 mire
2048 5158 2169 5195 crn-

535 5246 794 5304 ciabatnr
820 5259 887 5295 ex
913 5240 1139 5312 pustula
1170 5253 1405 5308 magna.
1440 5234 1697 5289 Occurrit
1721 5237 1916 5289 sancto
1946 5235 2164 5307 episco-

532 5360 627 5417 po,
658 5338 821 5413 petiit
851 5339 1011 5390 tanto
1032 5334 1187 5386 malo
1216 5330 1594 5385 medicinam:
1626 5329 1824 5385 salliva
1853 5347 1956 5385 sua
1976 5335 2168 5402 pustu-

532 5439 651 5493 lam
672 5431 861 5504 tetigit
876 5429 959 5484 vir
976 5432 1224 5494 sanctus,
1244 5429 1302 5480 et
1320 5425 1495 5479 homo
1516 5427 1748 5480 curatus
1770 5428 1874 5479 est.
1900 5425 2166 5489 Quodam

535 5572 568 5609 a
592 5555 789 5607 sancto
810 5545 1055 5603 Carilefo
1078 5547 1338 5614 tempore
1362 5541 1713 5597 Childeberti
1740 5540 1894 5614 regis
1915 5545 2169 5596 construo

534 5629 691 5679 etum
720 5623 775 5676 in
805 5619 1076 5673 inferiore
1107 5613 1530 5670 Cenomanensi
1559 5629 1698 5682 agro
1730 5613 1883 5682 apud
1914 5614 2169 5668 Vindoci-

536 5711 777 5750 nensem
794 5692 1020 5756 urbem,
1046 5690 1107 5741 ut
1127 5687 1372 5740 diximus
1394 5683 1957 5756 Kalendisltlartiiad
1979 5685 2168 5739 Vitam

538 5766 716 5819 sancti
736 5761 977 5816 Siviardi
1008 5754 1233 5812 abbatis
1264 5754 1636 5821 Anisolensis,
1660 5754 1829 5808 latius
1858 5754 2062 5810 dicturi
2092 5758 2167 5811 ad

538 5836 722 5888 Vitam
743 5830 924 5885 sancti
943 5829 1168 5884 Carileﬁ
1195 5833 1211 5880 1
1238 5827 1389 5881 Julii.
1422 5825 1659 5879 Videtur
1678 5824 1726 5879 is
1748 5830 2009 5880 mortuus
2032 5832 2166 5883 ante

543 5904 854 5961 adventum
880 5899 1059 5956 sancti
1085 5898 1261 5954 Mauri
1288 5897 1348 5952 in
1380 5896 1608 5967 Gallias,
1640 5900 1701 5953 ut.
1734 5898 1821 5953 vel
1853 5897 1987 5955 hinc
2017 5915 2164 5973 prae-

2271 4671 2331 4726 in
2345 4672 2555 4726 sanctis
2568 4671 2996 4727 suis.Suntvero
3012 4670 3189 4724 etiam
3205 4671 3370 4724 multi
3387 4670 3483 4725 alii
3497 4687 3530 4725 a
3546 4670 3929 4726 daemonibus

2273 4766 2507 4834 obsessi,
2532 4766 2604 4820 ab
2628 4783 2695 4821 eo
2720 4764 2965 4820 liberati.
2991 4766 3103 4820 Hac
3125 4770 3320 4819 autem
3336 4764 3758 4821 miraculorum
3780 4768 3925 4822 assi-

2271 4860 2488 4915 duitate
2503 4862 2657 4915 fama
2670 4861 2793 4931 ejus
2805 4859 3505 4931 nbiquedivulgabatnr,et
3511 4860 3638 4931 jam
3655 4863 3924 4934 quadam

2273 4954 2364 5009 die
2386 4956 2695 5010 revertenti
2718 4955 2788 5009 ab
2812 4953 3088 5026 expeditis
3115 4954 3461 5025 quibusdam
3486 4957 3766 5027 negotiis,
3788 4974 3925 5029 qua“

2271 5049 2345 5104 ad
2374 5050 2571 5121 populi
2602 5050 2779 5122 ipsius
2808 5066 2956 5103 cura:
2981 5048 3273 5103 commissi
3307 5049 3619 5104 utilitatem
3652 5052 3921 5123 pertine-

2270 5147 2420 5209 rent,
2444 5144 2623 5197 multa
2642 5143 2801 5214 plebs
2820 5144 2871 5197 ei
2894 5143 3143 5197 occurrit
3158 5143 3450 5198 adducens
3467 5161 3660 5216 aegros
3682 5150 3745 5201 et
3765 5148 3926 5201 male

2271 5237 2531 5307 affectos,
2585 5236 2935 5309 diversisque
2986 5237 3359 5309 languoribus
3407 5238 3779 5310 laborantes,
3824 5244 3927 5314 qni

2271 5348 2474 5387 omnes
2497 5330 2569 5386 ab
2598 5348 2665 5386 eo
2696 5332 3014 5387 incolumes
3039 5349 3350 5388 recessere.

2271 5543 2653 5631 sumi‘possit,
2692 5543 2844 5617 quod
2887 5543 3078 5631 eidem
3113 5546 3349 5631 regulae,
3388 5564 3566 5631 quam
3607 5548 3923 5606 Anisoluni

2271 5617 2575 5742 SBIiVElDant
2602 5634 2703 5671 sua
2741 5619 3093 5674 monasteria
3132 5617 3437 5691 subjecerit
3468 5626 3712 5677 sanctus
3743 5625 3921 5679 Dom-

2272 5705 2345 5742 no
2373 5706 2454 5742 ns.

2341 5760 2416 5832 (α)
2435 5757 2700 5843 Oximum
2718 5761 2994 5843 oppidum
3020 5762 3388 5843 Normanniaa
3411 5764 3517 5820 sub
3526 5764 3921 5838 juridictione

2268 5830 2672 5888 Alenconiensi
2699 5830 2871 5905 vulgo
2890 5835 3130 5890 Hiesmes
3157 5834 3391 5893 dictum.
