4006 6238
173 302 273 356 645

800 406 1018 461 CAPUT
1064 406 1155 460 Ill.

171 504 404 561 Virtutes
429 501 607 557 sancti
623 500 889 563 Domnoli,
916 501 1113 563 obitus,
1158 499 1442 570 sepultura
1460 540 1473 559 ,
1502 498 1791 553 miracula.

235 598 317 651 14.
355 596 473 650 Etsi
497 600 686 650 autem
717 594 934 649 celebre
962 597 1109 649 esset
1138 609 1348 648 nomen
1386 593 1508 664 ejus
1537 596 1593 648 et
1619 592 1791 646 subli-

166 691 267 746 mis
292 690 502 761 gradus
528 690 780 759 honoris,
810 694 1061 744 attamen
1086 688 1271 759 major
1296 690 1418 741 erat
1444 692 1500 742 et
1519 686 1797 758 insignior

167 786 333 840 virtus
359 784 502 855 ejus.
534 784 821 840 Serviebat
848 783 968 838 sine
996 782 1307 837 oll‘ensione
1332 782 1385 836 ei
1412 782 1509 853 qui
1524 797 1694 853 prope
1720 786 1796 836 est

167 880 397 935 omnibus
425 879 797 934 invocantibus
814 894 935 934 eum
952 881 1010 932 in
1023 880 1270 940 veritate,
1293 880 1344 930 et
1358 878 1453 946 qui
1464 877 1793 930 voluntatem

167 976 458 1029 timentium
490 989 545 1028 se
586 975 745 1041 facit,
778 978 829 1027 et
871 973 1293 1044 deprecationem
1333 986 1513 1025 eorum
1546 970 1791 1024 exaudit.

166 1071 415 1123 Poteram
441 1068 676 1140 quidem
700 1068 867 1139 plura
895 1068 1015 1138 ejus
1035 1081 1480 1121 commemorare
1500 1064 1791 1132 miracula,

166 1162 257 1217 sed
281 1163 462 1217 multa
486 1161 847 1233 praetermisi,
876 1177 947 1216 ne
981 1160 1176 1215 lectori
1200 1159 1489 1214 fastidium
1510 1174 1789 1230 parerem.

166 1254 354 1323 Magna
377 1254 573 1305 autem
604 1252 662 1307 in
688 1268 755 1306 eo
784 1251 962 1306 virtus
984 1251 1187 1317 inerat,
1211 1255 1268 1306 et
1288 1250 1468 1304 multa
1487 1250 1793 1304 verborum

164 1346 243 1400 vel
284 1362 352 1400 ex
399 1344 525 1417 ejus
566 1362 663 1400 ore
710 1346 1096 1417 promebatur.
1126 1347 1268 1401 Cum
1306 1344 1531 1416 populis
1558 1344 1794 1398 verbum

165 1439 375 1495 Domini
403 1440 771 1494 annuntiaret
794 1482 808 1510 ,
836 1440 929 1495 vix
967 1440 1269 1511 quisquam
1316 1444 1433 1493 tam
1459 1439 1641 1493 ferreo
1666 1455 1792 1492 ver-

163 1535 382 1589 sabatur
408 1538 660 1605 pectore,
693 1549 867 1605 quem
916 1534 1038 1604 ejus
1075 1533 1372 1589 conciones
1410 1533 1482 1587 ad
1520 1534 1793 1604 lacrymas

163 1645 270 1683 non
291 1634 609 1683 moverent.
637 1628 988 1683 Mirabantur
1009 1628 1297 1685 auditores
1324 1626 1645 1699 spirituales
1673 1643 1791 1681 ser-

162 1739 349 1778 mones
377 1723 523 1793 ejus,
551 1722 652 1794 qui
679 1722 1018 1794 plerumque
1051 1723 1189 1781 adeo
1216 1723 1535 1776 humanum
1563 1724 1791 1792 captum

1762 294 1933 351 VITA.

1815 402 2115 499 Adicabat
2165 403 2398 474 utilitas,
2442 402 2521 458 ita
2563 406 2756 499 tamen
2794 405 2859 499 ut
2894 406 2951 459 et
2988 405 3181 458 noctes
3218 402 3436 499 studies
3474 404 3529 458 in

3430 296 3531 352 646

1895 499 2017 569 ejus
2043 499 2389 571 expenderet
2413 497 2717 569 obsequiis,
2743 497 2841 569 qui
2866 501 2922 553 et
2946 501 3141 553 noctes
3165 499 3223 553 et
3246 496 3365 553 dies
3392 514 3527 554 con-

1895 594 2059 650 didit.

1971 692 2056 743 16.
2095 688 2243 743 Nihil
2280 689 2402 759 ejus
2442 689 2501 743 in
2548 688 2862 743 actionibus
2896 688 3233 744 cernebatur
3263 689 3417 761 quod
3457 689 3525 743 ad

1898 783 2080 838 Deum
2106 800 2221 838 non
2250 783 2592 854 pertineret;
2624 784 2769 838 nihil
2796 783 2854 838 in
2881 783 3236 838 sermonibus
3256 783 3376 854 ejus
3395 784 3534 840 otio-

1897 893 2025 931 sum
2052 877 2492 948 percipiebatur.
2522 877 2606 931 Ad
2632 877 2806 931 altare
2842 894 2968 931 raro
3003 876 3123 931 sine
3148 878 3432 948 lacrymis,
3459 880 3527 934 ad

1896 988 2152 1026 mensam
2180 987 2475 1042 nunquam
2501 971 2620 1025 sine
2650 971 2877 1041 lectore,
2921 987 3216 1043 nunquam
3247 972 3366 1027 sine
3391 990 3526 1028 con-

1896 1066 2034 1120 vivis
2070 1065 2416 1137 pauperibus
2460 1066 2710 1121 accessit.
2766 1065 3076 1120 Periculose
3124 1083 3331 1137 corpus
3372 1069 3527 1138 pasci

1893 1160 2289 1229 arbitrabatur,
2323 1160 2431 1213 nisi
2470 1160 2682 1230 pariter
2715 1165 2769 1214 et
2800 1160 3085 1215 Christum
3118 1160 3178 1214 in
3212 1161 3333 1231 ejus
3356 1178 3531 1217 mem-

1894 1254 2011 1309 bris
2053 1258 2327 1325 pasceret,
2377 1257 2433 1309 et
2471 1253 2591 1324 ipse
2634 1253 2787 1307 intus
2830 1254 2999 1308 verbo
3044 1254 3141 1308 Dei
3184 1261 3526 1324 pasceretur.

1894 1348 2084 1413 Qualis
2110 1364 2240 1402 vero
2278 1347 2563 1419 putandus
2594 1352 2678 1401 est
2716 1346 2887 1401 fuisse
2926 1363 3062 1418 erga
3090 1348 3396 1418 proximos,
3429 1350 3527 1420 qui

1894 1458 2126 1496 suarum
2148 1440 2491 1511 injuriarum
2512 1440 2833 1510 immemor,
2868 1440 3037 1495 etiam
3062 1440 3423 1496 inimicorum
3446 1444 3528 1498 in-

1888 1536 2055 1607 juriis
2076 1535 2348 1590 dolebat?
2364 1536 2543 1598 Quem
2564 1535 2654 1589 ille
2685 1551 2940 1607 unquam
2959 1538 3057 1589 aut
3074 1535 3217 1589 facto
3242 1540 3340 1590 aut
3358 1537 3528 1591 verbo

1894 1630 2145 1698 laederet,
2190 1629 2287 1701 qui
2333 1628 2505 1683 etiam
2539 1629 2687 1682 lesus
2728 1629 2878 1683 ultro
2920 1629 3157 1699 ignovit,
3204 1646 3308 1686 nec
3352 1630 3529 1685 iratus

1895 1724 2071 1778 solem
2100 1722 2240 1778 vidit
2266 1723 2734 1777 occumbentem‘?
2757 1723 2901 1786 Quid
2928 1722 3021 1776 illa
3044 1723 3232 1777 anima
3263 1741 3527 1779 mansue-

164 1818 523 1887 excedehant,
569 1822 630 1872 ut
679 1816 751 1871 ab
798 1818 1000 1889 angelo
1047 1817 1298 1888 proferre
1340 1816 1687 1870 viderentur.
1739 1807 2031 1885 lnBtius,
2074 1835 2201 1890 quae
2243 1818 2383 1872 nulli
2423 1818 2638 1887 obesse,
2672 1817 2937 1871 omnibus
2968 1817 3232 1888 prodesse
3274 1820 3526 1889 cupiens,

164 1912 513 1984 episcopatus
550 1911 841 1966 functione
872 1912 950 1965 ita
979 1927 1037 1966 se
1076 1910 1265 1982 gessit,
1296 1915 1361 1965 ut
1386 1909 1632 1964 celebres
1671 1926 1793 1963 ma-

155 2007 298 2078 jores
342 2023 475 2061 suos
517 2006 638 2077 ipse
683 1997 983 2060 celebriori
1017 2004 1241 2059 vivendi
1282 2004 1501 2058 ratione
1527 2003 1695 2058 etiam
1723 2002 1793 2056 il-

159 2100 421 2155 lustrarit.
476 2100 587 2154 Nec
626 2104 818 2155 tamen
862 2099 950 2153 vel
991 2116 1057 2154 ex
1101 2098 1321 2171 generis
1365 2097 1680 2168 splendore,
1710 2097 1796 2151 vel

158 2193 436 2266 pontificia
467 2194 745 2266 dignitate
773 2194 896 2264 ejus
925 2193 1182 2247 animum
1210 2192 1328 2247 ulla
1354 2192 1573 2246 inﬂavit
1599 2191 1792 2259 elatio;

159 2288 350 2359 spiritu
378 2305 602 2359 pauper
629 2288 788 2360 prius
826 2286 1080 2342 moribus
1109 2287 1226 2358 egit
1253 2286 1599 2359 pontificem,
1623 2302 1796 2357 quam

160 2382 224 2437 ad
248 2383 535 2454 pontiﬁcis
580 2382 819 2454 gradum
864 2386 1009 2436 esset
1035 2387 1277 2436 evectus.
1323 2380 1569 2437 Collatus
1610 2380 1794 2434 honor

115 2479 124 2489 '
159 2479 340 2531 tantus
380 2493 516 2531 eum
564 2475 781 2530 meritis
831 2475 1201 2546 conspicuum
1242 2491 1358 2528 non
1384 2473 1534 2541 fecit,
1578 2473 1675 2527 sed
1705 2474 1792 2527 in-

162 2571 305 2626 venit
332 2589 346 2624 :
377 2570 588 2625 virtute
613 2570 925 2624 instructus
952 2574 1071 2623 erat
1096 2571 1402 2640 antequam
1442 2571 1584 2622 esset
1609 2584 1793 2621 sacer-

161 2666 274 2720 dos.
294 2664 617 2720 Sacerdotio
638 2663 814 2718 virtus
836 2663 1049 2735 pariter
1066 2680 1166 2717 sua
1177 2662 1390 2733 accepit
1414 2661 1789 2716 incrementa.

161 2760 285 2813 Tota
312 2759 435 2830 ejus
461 2759 523 2813 in
566 2757 897 2829 pontiﬁcatu
921 2757 1033 2812 vita
1060 2756 1187 2812 talis
1214 2756 1321 2811 fuit
1350 2773 1479 2828 qua:
1506 2755 1793 2826 pontificis

162 2853 402 2908 ofﬁcium
446 2858 503 2908 et
536 2853 709 2907 verbo
739 2857 794 2907 et
820 2851 1082 2923 exemplo
1121 2854 1437 2922 praestaret.
1482 2851 1591 2904 Nec
1630 2850 1794 2921 culpa

160 2963 345 3002 vacare
370 2946 613 3018 putavit,
639 2945 971 3017 judicioque
1016 2944 1205 2999 divino
1236 2944 1547 2999 obnoxium
1588 2960 1646 2999 se
1673 2944 1793 2998 fore

159 3040 364 3110 timuit,
393 3041 441 3095 si
479 3039 582 3112 qui
617 3039 723 3094 sibi
758 3039 859 3095 uni
899 3043 1066 3094 antea
1103 3038 1358 3110 privatus
1392 3038 1645 3107 vixisset,
1665 3038 1787 3109 jam

160 3134 445 3207 episcopus
479 3151 598 3189 non
636 3133 849 3189 viveret
888 3132 1183 3187 universis.
1225 3133 1360 3187 Inde
1402 3133 1542 3188 adeo
1575 3133 1789 3186 factum

158 3234 253 3299 est,
269 3232 332 3284 ut
352 3230 473 3300 ipse
503 3245 731 3301 semper
756 3227 969 3299 aliquid
995 3227 1264 3299 adjiceret
1282 3227 1353 3281 ad
1381 3227 1618 3282 virtutes
1640 3243 1787 3292 suas,

160 3329 211 3379 et
247 3322 524 3378 Dominus
560 3322 633 3377 ad
669 3339 957 3377 coronam.
999 3325 1240 3378 Cantans
1277 3322 1466 3393 itaque
1506 3321 1791 3375 canticum

162 3417 453 3488 graduum,
492 3417 556 3471 in
589 3432 716 3472 eam
754 3432 951 3471 curam
988 3415 1240 3470 intentus
1276 3414 1405 3485 fuit,
1434 3430 1507 3470 ne
1543 3415 1611 3470 ad
1638 3414 1791 3468 illam

157 3527 453 3583 supernam
488 3511 776 3566 civitatem
817 3510 969 3565 solus
995 3511 1343 3576 ascenderet,
1384 3510 1482 3565 sed
1518 3509 1692 3564 socios
1721 3525 1788 3564 eo

158 3623 341 3662 secum
363 3606 684 3678 permultos
708 3606 1035 3661 adduceret.
1062 3607 1247 3677 Atque
1272 3604 1333 3658 in
1360 3603 1466 3659 hac
1491 3604 1578 3658 via
1597 3620 1790 3659 servus

162 3700 255 3755 Dei
275 3700 605 3773 simpliciter
629 3700 882 3773 prudens
910 3704 965 3755 et
994 3699 1264 3754 severiter
1286 3698 1446 3767 lenis,
1476 3698 1790 3753 doctrinam

158 3795 282 3865 vita,
308 3811 500 3851 mores
535 3795 797 3850 comitate
829 3812 892 3850 ac
931 3792 1383 3863 mansuetudine,
1424 3792 1607 3848 zelum
1647 3792 1790 3863 legis

158 3889 384 3945 scientia
416 3889 854 3945 commendavit.
883 3889 1040 3945 Unde
1068 3890 1277 3943 factum
1295 3892 1381 3943 est
1402 3892 1469 3943 ut
1494 3887 1658 3941 illum
1683 3903 1786 3958 po-

158 3984 271 4055 puli
292 3986 450 4040 favor
475 3988 534 4039 et
563 3985 746 4056 gratia
776 3984 1123 4056 principum,
1157 3998 1447 4038 sermones
1473 3997 1607 4037 vero
1640 3981 1788 4036 illius

158 4095 266 4135 non
292 4079 593 4136 mediocris
619 4081 921 4135 consecuta
950 4078 1022 4133 sit
1044 4078 1366 4133 auctoritas.

226 4178 310 4230 t5.
344 4176 500 4229 Inter
523 4173 646 4228 haec
672 4178 866 4229 autem
902 4172 999 4228 ille
1024 4172 1258 4228 humilis
1301 4174 1359 4226 et
1393 4170 1502 4225 sibi
1529 4173 1788 4225 constans

158 4269 541 4340 permanebat,
580 4268 847 4323 adversus
885 4284 954 4323 ea
978 4267 1168 4322 omnia
1191 4266 1434 4339 pervigil
1457 4270 1514 4321 et
1540 4266 1785 4321 circum-

159 4368 394 4433 spectus,
420 4378 554 4435 quas
593 4361 859 4417 suﬂ‘urari
900 4362 1085 4417 solent
1120 4361 1297 4415 animi
1323 4361 1467 4416 bene
1494 4361 1788 4432 compositi

158 4457 480 4528 puritatem.
524 4457 734 4512 Eodem
778 4456 939 4512 vultu
989 4462 1045 4511 et
1098 4455 1334 4511 immoto
1376 4461 1598 4528 pectore
1639 4455 1788 4510 inter

1897 1912 2189 1967 cbarilatis
2222 1916 2278 1966 et
2308 1911 2460 1983 pacis
2490 1918 2608 1965 erat
2641 1910 2987 1965 domicilium
3006 1912 3219 1965 ?Multa
3248 1912 3423 1966 animi
3438 1913 3530 1967 de-

1894 2006 2119 2061 votione
2162 2022 2335 2076 opera
2377 2004 2744 2076 benignitatis
2786 2010 2843 2059 et
2892 2004 3290 2060 misericordia:
3334 2023 3527 2077 prose-

1897 2100 2194 2173 quebatur,
2220 2098 2591 2170 studebatque
2606 2097 2798 2153 adesse
2812 2098 3092 2167 desolatis,
3111 2104 3340 2168 egentes
3359 2100 3528 2167 alere,

1896 2194 2097 2248 vestire
2121 2193 2320 2261 nudos,
2345 2196 2399 2247 et
2416 2193 2461 2245 si
2484 2192 2669 2263 reipsa
2696 2208 2812 2246 non
2830 2196 3037 2263 posset,
3058 2198 3322 2263 prompta
3351 2194 3527 2247 animi

1895 2288 2290 2343 benevolentia
2320 2286 2587 2341 omnibus
2616 2287 2763 2341 ferre
2792 2302 2980 2357 opem.
3012 2289 3357 2342 Conversans
3381 2304 3527 2342 non-

1896 2399 2190 2454 nunquam
2210 2382 2352 2436 'cum
2389 2380 2455 2434 iis
2493 2380 2591 2451 qui
2630 2381 2946 2451 gloriantur
2974 2380 3033 2434 in
3071 2380 3286 2435 malitia
3324 2385 3381 2435 et
3409 2398 3526 2436 ser-

1895 2492 2093 2531 mones
2122 2475 2355 2531 Domini
2400 2474 2706 2545 projiciunt
2740 2478 3071 2544 retrorsum,
3109 2474 3316 2529 Christi
3347 2475 3530 2530 bonus

1894 2571 2034 2625 odor
2082 2569 2411 2642 permansit,
2460 2584 2609 2622 unus
2662 2568 2930 2639 idemque
2981 2585 3363 2639 perseverans,
3412 2569 3527 2625 sive

1895 2681 2023 2718 cum
2052 2664 2151 2733 eis,
2186 2668 2248 2718 ut
2274 2663 2343 2717 ad
2366 2662 2659 2716 meliorem
2682 2678 2739 2716 se
2764 2662 2991 2733 frugem
3012 2662 3349 2733 reciperent,
3371 2662 3531 2717 blan-

1894 2759 2129 2826 diretur,
2187 2757 2303 2811 sive
2347 2774 2476 2811 cum
2531 2755 2839 2810 obstinatos
2892 2756 3137 2810 severius
3180 2756 3523 2828 objurgaret.

1895 2852 2098 2906 Omnia
2143 2869 2210 2907 ex
2260 2850 2531 2905 charitate
2584 2850 2823 2904 faciebat
2873 2849 3177 2920 discipulus
3221 2850 3523 2905 charitatis.

1964 2946 2114 3001 Nihil
2144 2945 2223 3000 illi
2254 2961 2385 3000 cum
2416 2959 2812 3014 perversorum
2846 2943 2994 2997 vitiis
3032 2943 3113 2996 rei
3151 2949 3289 3013 erat,
3317 2948 3529 3015 przeter

1894 3040 2092 3095 odium
2118 3044 2175 3094 et
2205 3038 2629 3110 castigationem
2650 3037 2917 3092 vitiorum
2946 3054 2959 3091 :
2989 3053 3117 3109 qua)
3140 3042 3195 3092 et
3220 3038 3409 3093 animo
3435 3040 3524 3093 in-

1892 3138 2136 3189 sectatus
2158 3138 2260 3203 est,
2291 3137 2346 3187 et
2370 3131 2681 3204 pontificali
2707 3132 3036 3186 auctoritate
3057 3132 3316 3188 correxit.
3343 3134 3525 3188 Bonos

1892 3182 2134 3189 --ν-,κ-
2163 3182 2260 3203 -_-,
2298 3182 2345 3187 _-
2370 3182 2681 3204 πηῷ-η--
2712 3182 3033 3186 ήκω---πη
3343 3182 3523 3188 νη--

1812 3182 1866 3257 C
1892 3232 1949 3283 et
1987 3228 2369 3283 observatores
2410 3225 2807 3281 mandatorum
2846 3225 2946 3280 Dei
2981 3230 3173 3280 sancto
3210 3232 3267 3281 et
3306 3226 3524 3281 sincero

1890 3324 2370 3395 complectebatur
2403 3323 2625 3391 affectu,
2667 3319 2993 3392 mutuisque
3037 3319 3521 3375 exhortationibus

1891 3422 1948 3472 et
1973 3418 2189 3489 profuit
2217 3422 2275 3473 et
2312 3418 2569 3490 profecit.

1962 3516 2048 3567 t7.
2091 3512 2368 3567 Germano
2405 3509 2704 3567 Parisiensi
2749 3508 3099 3564 sanctissimo
3132 3508 3419 3581 episcopo,
3456 3514 3523 3564 ut.

1882 3606 2005 3678 jam
2031 3612 2161 3661 ante
2187 3606 2401 3661 dictum
2430 3610 2532 3675 est,
2560 3603 2724 3658 valde
2750 3602 3040 3656 familiaris
3065 3603 3191 3670 fuit,
3211 3604 3523 3675 crebroque

1890 3699 2307 3755 etinvisebatur
2335 3699 2545 3765 abillo,
2577 3702 2634 3753 et
2670 3697 2791 3768 ipse
2819 3695 2979 3749 illum
3017 3696 3299 3751 visitabat.
3332 3699 3394 3751 In
3433 3714 3526 3753 eo-

1889 3811 2021 3849 rum
2062 3794 2363 3866 colloquiis
2399 3798 2457 3848 et
2500 3789 2819 3847 actionibus
2845 3790 2987 3843 nihil
3019 3789 3371 3858 versabatur,
3412 3791 3521 3845 nisi

1890 3888 2047 3959 quod
2066 3887 2140 3943 ad
2161 3888 2489 3943 animarum
2514 3885 2647 3957 ipsis
2668 3882 3103 3939 commissarum
3123 3884 3369 3937 salutem
3388 3900 3519 3955 per-

1890 3982 2120 4037 tineret.
2160 3982 2409 4037 Invicem
2438 3998 2497 4035 se
2529 3978 2737 4036 Christi
2776 3976 2988 4033 milites
3034 3977 3361 4046 armabant,
3405 3995 3522 4033 non

1888 4077 2221 4149 ignorantes
2244 4074 2633 4131 adversarium
2656 4075 2918 4128 nostrum
2954 4072 3251 4126 diabolum
3287 4073 3524 4129 circuire

1888 4176 1946 4227 et
1977 4189 2236 4243 quaerere
2266 4187 2439 4242 quem
2472 4169 2736 4224 devoret:
2768 4166 2857 4221 cui
2883 4166 3229 4221 resistebant
3251 4168 3430 4222 fortes
3465 4169 3523 4223 in

1886 4267 2022 4333 ﬁde,
2057 4266 2221 4320 veriti
2260 4283 2375 4320 non
2414 4281 2473 4318 se
2518 4262 2814 4318 habituros
2852 4262 3189 4333 pontificum
3218 4263 3447 4331 merita,
3480 4263 3524 4317 si

1888 4361 1959 4415 de
1973 4360 2229 4432 principe
2260 4359 2653 4425 tenebrarum,
2678 4357 2747 4411 de
2775 4373 2889 4426 quo
2914 4355 3039 4425 jam
3067 4355 3173 4426 ipsi
3202 4356 3520 4427 triumpha-

1885 4458 2019 4511 rant
2047 4454 2222 4509 etiam
2252 4453 2348 4508 alii
2378 4469 2483 4525 per
2506 4452 2656 4523 ipsos
2687 4467 2803 4505 non
2847 4449 3291 4519 triumpharent.
3328 4451 3523 4521 Itaque

160 4567 417 4623 prospera
449 4555 506 4606 et
540 4550 772 4606 adversa
808 4550 1172 4623 perdurabat.
1212 4553 1354 4607 Cum
1396 4549 1652 4621 apostolo
1692 4565 1783 4603 ca-
1806 4564 1865 4638 D
1886 4550 1989 4603 viri
2030 4548 2109 4602 illi
2142 4546 2553 4602 misericordiae
2589 4545 2827 4600 sollicite
2858 4560 2927 4597 eo
2962 4542 3423 4610 connitebantur,
3459 4548 3525 4598 ut

161 4644 397 4716 stigabat
432 4661 636 4717 corpus
678 4661 867 4715 suum,
906 4644 1142 4716 jejuniis
1200 4650 1258 4700 et
1298 4642 1607 4698 multifaria
1648 4642 1787 4698 illud

162 4738 457 4794 afﬂictione
491 4755 858 4812 persequens,
900 4739 1053 4794 unde
1097 4744 1153 4794 et
1195 4737 1519 4793 conﬁrmari
1558 4736 1788 4809 spiritus

162 4839 514 4902 assuesceret,
562 4838 620 4888 et
664 4850 795 4889 caro
840 4833 1026 4888 carnis
1084 4832 1356 4888 oblivisci.
1398 4830 1651 4886 Addebat
1702 4833 1789 4887 his

162 4928 329 4983 etiam
349 4944 533 4983 sacras
561 4928 802 5000 vigilias,
830 4945 936 5000 qua
946 4944 1074 4982 rum
1093 4926 1356 4999 perpetui
1376 4926 1534 4981 fuere
1556 4926 1788 4981 comites

162 5026 215 5077 et
236 5023 334 5079 alti
378 5023 638 5095 gemitus
662 5028 720 5078 et
758 5023 1131 5078 fecundarum
1174 5020 1357 5094 gratia
1384 5021 1785 5093 lacrymarum.

162 5118 335 5189 Atque
360 5116 418 5172 id
438 5134 615 5190 genus
637 5116 837 5172 studiis
863 5117 1144 5189 potiorem
1171 5115 1353 5171 noctis
1379 5120 1600 5187 partem
1625 5113 1786 5170 attri-

161 5209 349 5279 buens,
395 5212 456 5267 in
491 5212 694 5284 spiritu
723 5210 1062 5266 humilitatis
1100 5215 1156 5266 et
1178 5210 1368 5265 animo
1394 5209 1636 5265 contrito
1658 5209 1787 5280 pin-

164 5304 491 5374 gmissimum
531 5306 647 5361 Deo
677 5305 961 5362 cremabat
998 5305 1411 5360 holocaustum.
1442 5304 1497 5360 Si
1533 5303 1670 5375 quid
1696 5303 1787 5357 in-

162 5399 340 5455 terdiu
378 5400 568 5456 minus
602 5400 825 5456 fecisset
858 5417 1035 5473 quam
1060 5416 1165 5472 par
1191 5415 1310 5454 esse
1339 5403 1585 5472 putaret,
1619 5397 1789 5470 idque

163 5494 398 5565 negotiis
451 5494 810 5550 sacularibus
856 5494 1182 5568 impeditus,
1234 5498 1409 5549 noctu
1470 5492 1786 5564 supplebat.

163 5586 277 5642 Nox
314 5591 543 5644 secretis
573 5589 836 5661 precibus
865 5595 922 5645 et
962 5589 1169 5645 divinae
1204 5586 1667 5659 contemplationi
1694 5602 1787 5640 ac-

165 5683 583 5755 commodatior,
628 5684 700 5739 ad
743 5684 981 5739 litandas
1026 5682 1371 5755 ejuscemodi
1413 5680 1628 5737 hostias
1671 5680 1791 5735 viro

168 5773 260 5831 Dei
300 5781 551 5849 optatam
595 5779 865 5834 afferebat
905 5776 1391 5851 opportunitatem
1436 5778 1495 5830 et
1537 5773 1788 5846 copiam;

170 5868 315 5929 diem
351 5875 540 5930 autem
574 5874 665 5931 vel
704 5889 859 5931 sacra
904 5872 1102 5931 concio
1135 5873 1226 5929 vel
1268 5870 1497 5946 publica
1534 5869 1641 5926 sibi
1663 5868 1787 5926 vin-

1890 4642 2258 4714 quotidianas
2282 4639 2685 4695 infestationes
2714 4641 2772 4692 et
2800 4635 3037 4691 insidias
3064 4636 3306 4707 maligni
3349 4637 3527 4693 hostis

1889 4736 2191 4792 eliderent.
2221 4737 2408 4805 Atque
2432 4733 2489 4787 in
2530 4734 2639 4788 hoc
2664 4735 2907 4802 uterque
2926 4733 3083 4785 totus
3120 4734 3261 4799 erat,
3300 4734 3364 4786 ut
3405 4731 3519 4787 sive

1888 4847 2019 4886 cum
2045 4830 2265 4885 Martha
2290 4828 2485 4883 sedulo
2514 4826 2925 4895 ministrarent,
2945 4825 3061 4879 sive
3083 4841 3213 4879 cum
3232 4826 3407 4881 Maria
3434 4843 3522 4881 se-

1889 4926 2096 4981 derent
2116 4923 2188 4978 ad
2206 4923 2384 4995 pedes
2408 4923 2561 4988 Jesu,
2584 4936 2829 4992 regnum
2848 4918 3063 4974 diaboli
3089 4919 3523 4991 imminuerent,

1890 5024 1949 5074 et
1982 5019 2082 5074 Dei
2118 5018 2409 5073 civitatem
2442 5019 2741 5086 augerent.
2774 5014 2959 5079 Quam
2987 5015 3163 5070 etiam
3196 5017 3270 5071 ob
3296 5030 3523 5071 causam

1887 5114 2091 5168 beatus
2129 5113 2465 5181 Domnolus,
2499 5127 2565 5165 ex
2597 5109 2855 5181 ejusdem
2887 5110 3067 5165 sancti
3093 5110 3369 5165 Germani
3398 5127 3528 5164 eon-

1888 5207 2035 5274 silio,
2078 5207 2137 5260 in
2181 5205 2424 5260 civitatis
2467 5220 2583 5259 suae
2620 5203 2894 5259 suburbio
2928 5204 3349 5259 monasterium
3395 5219 3527 5258 con-

1889 5301 2125 5367 struxit;
2172 5299 2231 5353 in
2278 5315 2391 5370 quo
2425 5298 2586 5353 etilli
2620 5315 2763 5369 quos
2786 5301 3096 5367 tempestas
3144 5296 3315 5366 hujus
3349 5297 3524 5350 maris

1888 5395 2089 5467 magni
2114 5398 2171 5448 et
2200 5393 2431 5465 spatiosi
2467 5393 2804 5463 jactaverat,
2840 5389 3174 5444 monasticzc
3199 5390 3523 5460 tranquilli-

1893 5491 2022 5545 tatis
2048 5492 2279 5561 portum
2307 5486 2519 5559 adepti,
2556 5486 2925 5557 respirarent,
2950 5487 3007 5537 et
3035 5482 3154 5552 ipse
3183 5483 3353 5536 certis
3384 5487 3527 5537 tem-

1890 5584 2125 5656 poribus
2153 5581 2568 5647 sollicitudinis,
2588 5596 2715 5650 qua:
2733 5596 2797 5631 ex
2818 5574 3135 5631 ministerio
3155 5581 3418 5647 suscepto
3444 5577 3526 5630 in-

1891 5678 2215 5744 cumbebat,
2256 5677 2533 5743 laborem,
2558 5675 2765 5727 sanctae
2794 5668 3297 5738 contemplationis
3324 5670 3441 5724 otio
3469 5673 3525 5724 et

1888 5771 2194 5844 refrigerio
2235 5771 2535 5824 relevaret.
2566 5769 2656 5833 At,
2698 5767 2762 5819 ut
2785 5778 2956 5834 supra
2991 5775 3219 5833 quoque
3251 5761 3522 5833 diximus,

1891 5845 1948 5925 ei
1973 5863 2328 5924 monasterio
2356 5863 2426 5918 de
2456 5859 2709 5918 ecclesiae
2735 5874 2851 5913 suae
2882 5854 3333 5930 possessionibus
3356 5871 3521 5928 quas-
