4006 6238
456 272 557 328 647

1385 266 1619 322 SANCTI
1656 263 1972 327 DOMNOLI,
2012 260 2527 318 CENOMANEMSIS
2563 260 2863 317 EPISCOPI
2882 301 2896 328 ,

3736 260 3845 312 648

458 380 593 433 dam
634 378 884 448 donavit,
937 376 1080 431 nihil
1121 392 1179 430 se
1212 376 1409 429 fecisse
1454 373 1805 440 existimans,
1853 371 1961 423 nisi
1987 370 2097 423 illis
2119 381 2177 453 Α
2199 368 2339 422 muli
2371 384 2531 433 uxor,
2568 371 2852 438 quartana
2880 365 3041 420 febre
3075 365 3357 436 divexata,
3390 365 3465 420 ad
3489 364 3615 436 ejus
3637 380 3851 419 monu-

453 473 660 544 quibus
683 473 923 527 domum
944 470 1222 525 orationis
1242 469 1636 522 construxerat
1657 465 1831 519 etiam
1846 464 1974 517 vita:
1997 463 2091 517 de-

456 568 661 637 gelidae
688 584 778 621 res
803 565 1151 620 necessarias
1188 562 1526 633 assignaret.

532 665 616 716 18.
642 663 819 715 Porro
846 662 1042 714 autem
1080 656 1300 710 militias
1336 654 1653 709 certamine
1673 654 1800 724 jam
1833 656 2086 723 peracto,

460 759 517 807 et
554 753 926 824 impendente
956 748 1320 803 resolutionis
1349 747 1471 818 ejus
1498 750 1780 818 tempore,
1810 745 1982 816 ccepit
2008 745 2092 798 vir

455 848 583 918 pius
608 847 811 901 morbo
842 845 1123 909 laborare,
1148 859 1253 896 nec
1280 845 1474 895 tamen
1503 858 1565 893 os
1594 840 1716 910 ejus
1753 839 1944 894 morbi
1974 838 2089 892 visa

455 941 747 994 laudando
775 940 887 992 Deo
916 937 1103 1008 potuit
1127 936 1416 990 cohibere.
1440 936 1771 990 Convocans
1799 937 1993 987 autem
2011 932 2092 986 di-

456 1035 700 1105 scipulos
734 1049 885 1097 suos,
917 1031 1071 1085 diem
1115 1033 1173 1083 et
1208 1030 1412 1084 horam
1454 1028 1642 1082 obitus
1676 1027 1762 1081 sui
1810 1027 1919 1081 illis
1952 1043 2091 1097 prae-

455 1126 922 1181 dixitimminere
957 1142 969 1179 :
1001 1124 1307 1193 docuitque
1336 1140 1433 1177 eos
1455 1120 1953 1193 quemadmodum
1988 1136 2088 1174 an-

453 1219 600 1290 tiqui
620 1220 799 1274 hostis
826 1217 1060 1272 insidias
1085 1219 1373 1283 caverent,
1404 1221 1461 1271 et
1479 1233 1513 1270 a
1532 1215 1686 1269 malo
1709 1231 1767 1267 se
1797 1214 2091 1268 abstinen-

451 1317 559 1382 tes,
575 1314 743 1369 bonis
764 1311 1416 1383 operibusinbaercrent.
1435 1309 1655 1363 Deinde
1670 1308 1808 1379 ipsis
1824 1306 2093 1362 Kalendis

452 1408 780 1464 Decembris
810 1406 867 1459 in
890 1408 1183 1459 senectute
1199 1405 1354 1458 bona
1371 1404 1457 1457 vir
1471 1402 1834 1457 beatissimus
1862 1402 1921 1455 in
1952 1418 2092 1472 pace

455 1502 690 1574 quievit,
718 1502 1104 1569 humatusque
1136 1501 1222 1552 est
1243 1514 1275 1551 a
1303 1497 1591 1569 discipulis
1617 1497 1731 1549 suis
1752 1496 1809 1550 in
1856 1494 2095 1549 ecclesia

455 1596 761 1651 beatorum
825 1597 1147 1663 martyrum
1195 1590 1479 1645 Vincentii
1528 1595 1584 1645 et
1632 1589 1947 1656 Laurentii,
1999 1588 2093 1641 ubi

454 1690 628 1759 longe
654 1691 787 1741 ante
820 1688 1145 1757 sepulcrum
1173 1685 1343 1738 beato
1371 1686 1660 1738 Germano
1680 1683 1798 1753 ipse
1827 1681 2096 1737 condide-

2197 465 2461 516 mentum
2489 461 2747 523 veniens.
2770 465 2833 515 ut
2858 462 2915 515 in
2939 476 3141 515 somno
3156 460 3457 515 admonita
3474 462 3623 525 erat,
3648 474 3853 512 orans-

2191 573 2303 627 que
2335 555 2446 609 illic
2465 572 2595 608 cum
2616 555 3013 621 luminaribus,
3043 558 3099 608 et
3126 554 3313 609 triduo
3333 554 3645 618 excubans,
3670 552 3853 606 meri-

2192 650 2261 703 tis
2288 649 2442 703 beati
2471 649 2575 703 viri
2610 650 2855 703 salutem
2888 648 3239 719 impetravit.
3280 648 3497 711 Quarto
3530 646 3710 701 etiam
3750 645 3847 698 die

2191 743 2325 797 caeci
2358 746 2473 796 tres
2501 742 2575 796 ad
2615 743 2736 813 ejus
2769 744 3052 797 tumulum
3090 741 3255 795 nobis
3286 739 3721 812 aspectantibus
3754 755 3853 792 ve-

2193 854 2331 891 nere
2358 840 2532 907 atque
2556 836 2693 889 inde
2710 836 2837 890 luce
2865 836 3260 905 redintegrata
3279 836 3602 889 incolumes
3619 833 3843 887 abiere.

2190 932 2392 986 Multos
2433 931 2576 984 alios
2611 930 2850 984 diversis
2871 930 3112 984 afﬂictos
3141 929 3358 983 morbis
3384 929 3459 982 ad
3491 928 3615 998 ejus
3648 928 3845 997 sepul-

2192 1041 2353 1078 crum
2389 1024 2585 1077 venire
2634 1023 3054 1093 conspeximus,
3109 1022 3458 1093 eosdemque
3515 1020 3676 1075 beati
3739 1020 3845 1074 viri

2194 1118 2416 1172 meritis
2443 1134 2613 1171 sanos
2633 1117 2768 1171 inde
2810 1117 3080 1171 recedere
3120 1116 3385 1170 vidimus.
3424 1114 3603 1169 Nimis
3641 1118 3841 1168 autem

2193 1211 2395 1283 prolixi
2439 1211 2678 1280 erimus,
2719 1210 2767 1264 si
2811 1210 3003 1265 audita
3047 1213 3105 1264 et
3126 1210 3245 1263 visa
3271 1208 3469 1264 omnia
3495 1208 3718 1263 referre
3751 1224 3845 1261 ve-

2194 1305 2391 1359 limus:
2416 1307 2656 1375 possunt
2689 1321 2757 1359 ea
2784 1320 2910 1375 quae
2929 1303 3175 1358 diximus
3202 1303 3274 1357 ad
3292 1303 3468 1357 ﬁdem
3502 1301 3839 1358 faciendam

2193 1398 2460 1452 ﬁdelibus
2482 1398 2766 1452 sufficere.

2270 1494 2353 1546 19.
2379 1493 2447 1547 Et
2470 1508 2619 1546 nunc
2641 1492 3008 1546 obsecramus
3023 1491 3299 1545 eumdem
3320 1490 3721 1545 beatissimum
3743 1507 3840 1562 pa—

2195 1589 2432 1640 tronum
2457 1589 2720 1640 nostrum
2746 1588 3010 1640 sanctum
3032 1586 3402 1649 Domnolum,
3433 1588 3498 1639 ut
3525 1602 3631 1656 pro
3664 1602 3836 1656 supe-

2196 1679 2363 1734 rioris
2400 1678 2529 1733 vita!
2582 1679 2830 1751 peccatis
2879 1677 3088 1733 nostris
3138 1679 3237 1733 Dei
3278 1678 3651 1733 clementiam
3703 1678 3841 1733 velit

444 1754 585 1837 'rat:
605 1783 683 1835 Eo
717 1781 774 1834 in
810 1754 933 1834 loco
960 1778 1181 1833 meritis
1210 1782 1267 1831 et
1300 1777 1564 1848 precibus
1593 1776 1715 1846 ejus
1738 1776 1906 1830 multi
1937 1790 2094 1829 mor-
2114 1754 2172 1828 Β
2198 1791 2451 1841 exorare,
2473 1774 2835 1845 gratiamque
2850 1773 3015 1828 nobis
3044 1773 3226 1828 abillo
3245 1773 3577 1844 impetrare,
3597 1776 3664 1828 ut
3680 1772 3844 1827 dein-

453 1875 574 1932 bidi
588 1876 837 1946 gratiam
861 1873 1121 1927 sanitatis
1142 1872 1425 1927 obtinent.
1450 1873 1591 1925 Nam
1614 1870 1785 1923 tertio
1808 1870 1900 1923 die
1916 1872 2097 1923 trans-

453 1969 687 2023 lationis
703 1967 924 2038 ejus,ad
938 1967 1263 2036 sepulcrum
1274 1965 1395 2035 ejus
1412 1981 1841 2035 energumenus
1859 1962 2095 2033 quidam

456 2064 552 2133 qui
568 2080 625 2116 se
641 2062 827 2133 ipsum
839 2059 1199 2130 discerpebat
1211 2059 1488 2113 adductus
1506 2061 1610 2124 est;
1629 2061 1685 2111 et
1698 2060 1825 2128 post
1844 2056 2095 2110 triduum

453 2160 705 2223 curatus,
735 2156 972 2210 domum
1002 2170 1135 2207 cum
1176 2152 1509 2224 parentibus
1560 2168 1756 2222 sospes
1802 2149 2093 2204 abscessit.

453 2251 754 2321 Multisque
782 2249 949 2303 annis
980 2249 1280 2303 nobiscum
1306 2264 1475 2301 sanus
1504 2262 1874 2317 permanens,
1906 2243 2005 2297 Dei
2036 2260 2093 2296 se

455 2346 727 2399 devotum
758 2343 975 2397 studuit
998 2342 1264 2397 exhibere
1291 2342 1593 2395 cultorem.
1635 2339 1854 2393 Deinde
1895 2354 2093 2391 mense

455 2438 787 2505 Februario,
810 2438 901 2491 die
922 2436 1165 2504 sabbati,
1188 2435 1488 2505 cujusdam
1510 2436 1719 2488 nostra:
1736 2432 1990 2487 ecclesiae
2010 2433 2095 2485 fa-

2197 1885 2331 1939 ceps
2358 1885 2394 1923 a
2421 1868 2588 1922 malis
2612 1885 2718 1922 nos
2749 1867 3137 1921 abstineamus
3162 1884 3174 1932 ;
3214 1869 3276 1921 ut
3300 1870 3681 1922 sacrosanctae
3714 1866 3834 1921 Tri-

2198 1961 2359 2016 nitati
2394 1962 2768 2029 reconciliati,
2811 1961 2915 2015 etsi
2944 1961 3066 2031 ejus
3116 1961 3314 2032 gloria).
3356 1961 3667 2032 participes
3711 1977 3835 2014 esse

2198 2073 2315 2110 non
2363 2071 2675 2121 meremur,
2733 2056 2963 2122 saltem,
3005 2058 3373 2125 peccatorum
3432 2054 3840 2109 remissionem

2198 2148 2415 2219 adepti,
2441 2148 2513 2202 ab
2537 2148 2849 2219 impiorum
2872 2148 3158 2203 consortio
3174 2164 3537 2219 separemur:
3563 2152 3843 2220 praastan-

2196 2244 2253 2296 te
2300 2242 2543 2297 Domino
2590 2246 2786 2296 nostro
2820 2244 2952 2297 Jesu
2985 2242 3229 2310 Christo,
3268 2242 3365 2314 qui
3401 2259 3533 2296 cum
3579 2243 3748 2297 Patre
3784 2246 3843 2295 et

2196 2335 2407 2406 Spiritu
2437 2340 2632 2390 sancto
2659 2335 2811 2403 vivit,
2843 2339 2901 2389 et
2926 2336 3278 2407 gloriﬁcatur
3301 2337 3451 2391 Deus
3470 2352 3576 2406 per
3612 2336 3847 2390 inﬁnita

2196 2431 2404 2485 smeula
2426 2431 2788 2485 saeculorum.
2810 2431 3014 2485 Amen.

462 2616 707 2620 ﬁ,

833 2748 1229 2856 SANCTI
1302 2766 1866 2872 DOMNOLI,
1947 2763 2813 2851 CENOMANENSIS
2884 2764 3448 2871 EPISCOPI,

1661 2949 2071 3087 ALIA
2177 2945 2639 3085 VITA.

1848 3159 1952 3230 (Em
1979 3175 2078 3215 ms.
2110 3159 2441 3231 Ansolensi.)

533 3390 582 3441 1.
610 3383 707 3441 Vir
741 3382 974 3456 illustris
1014 3381 1282 3438 dominus
1319 3383 1655 3451 Domnolus,
1694 3384 2096 3439 Cenomanicw
2118 3389 2468 3469 Acoeperat,
2520 3383 2760 3439 miriﬁce
2797 3380 3183 3453 amplificavit,
3233 3385 3290 3436 et
3325 3381 3507 3435 ferme
3557 3380 3847 3452 quinqua-

398 3510 404 3516 -
457 3480 694 3536 civitatis
724 3480 1041 3550 episcopus,
1074 3478 1304 3532 natione
1335 3477 1663 3549 alienigena
1688 3478 2094 3550 nobilibusque

458 3592 527 3628 ex
551 3573 886 3645 parentibus
912 3576 1089 3639 ortus,
1118 3588 1520 3643 successorque
1548 3572 1704 3626 beati
1743 3572 2094 3639 Innocentis,

458 3666 720 3738 ejusdem
751 3666 906 3720 urbis
934 3665 1214 3737 praesulis,
1240 3665 1358 3736 qui,
1398 3668 1633 3736 pr0pter
1670 3682 1932 3720 amorem
1972 3665 2095 3732 Dei,

456 3761 705 3833 patriam
717 3765 887 3831 atque
902 3777 1136 3815 omnem
1150 3758 1573 3831 possessionem
1589 3775 1751 3813 suam
1764 3759 2097 3831 relinquens

455 3855 746 3926 profectus
767 3858 851 3908 est
869 3855 1135 3920 Romam,
1164 3852 1367 3908 limina
1387 3852 1685 3907 beatorum
1706 3855 2098 3924 apostolorum

455 3965 627 4003 causa
667 3948 944 4003 orationis
984 3948 1331 4002 visitaturus.
1375 3947 1512 4001 Inde
1549 3964 1779 4018 quoque
1824 3945 2102 4001 remeavit

457 4059 638 4113 usque
659 4042 726 4095 ad
747 4041 1193 4096 Cenomanicam
1216 4040 1523 4107 civitatem,
1548 4044 1607 4094 et
1622 4041 1681 4094 in
1700 4058 1831 4095 eam
1853 4041 2097 4095 Domino

458 4136 707 4190 ducente
734 4134 1014 4204 pervenit.
1044 4137 1169 4205 Ipsa
1190 4150 1329 4203 ergo
1362 4133 1587 4188 civitate
1608 4137 1665 4188 et
1684 4135 1898 4205 populo
1920 4134 2099 4206 ipsius

456 4227 746 4300 parochiae
768 4227 1065 4297 indigente
1078 4226 1368 4297 pontiﬁce,
1394 4230 1451 4281 et
1471 4227 1663 4298 aliquo
1686 4231 1946 4298 tempore
1969 4228 2097 4281 abs-

458 4338 572 4393 que
593 4322 715 4393 ipso
738 4324 998 4388 vacante,
1027 4320 1363 4392 praedictum
1396 4320 1697 4375 dominum
1727 4322 2095 4388 Domnolum,

450 4416 576 4488 jam
589 4415 921 4487 pontiﬁcem
934 4414 1263 4469 ordinatum
1274 4456 1286 4480 ,
1295 4400 1653 4485 gratulanter
1665 4414 1721 4468 in
1736 4415 2100 4485 pontiﬁcatus

459 4510 727 4565 ordinem
742 4509 985 4566 Domino
1009 4509 1353 4579 disponente
1382 4513 1785 4579 susceperunt;
1812 4512 1869 4563 et
1884 4508 2096 4581 princi-

456 4620 561 4677 pes
588 4604 849 4674 ejusdem
875 4602 1149 4674 regionis,
1184 4605 1356 4673 atque
1404 4602 1730 4657 sacerdotes
1762 4602 1877 4657 sive
1907 4602 2098 4658 clerici

457 4699 545 4752 vel
590 4698 811 4752 nobiles
840 4713 1043 4751 omnes
1072 4696 1248 4768 ipsius
1288 4696 1596 4767 parochias,
1646 4713 1779 4750 eum
1807 4696 2097 4768 deprecati

2198 3480 2360 3549 ginta
2386 3479 2704 3533 monachos
2732 3476 2811 3532 ibi
2839 3478 3133 3547 regulares
3153 3476 3365 3546 degere
3385 3475 3702 3543 constituit,
3728 3476 3851 3547 ple-

2199 3590 2389 3644 neque
2410 3571 2838 3627 eisvictualiain
2866 3570 3134 3627 omnibus
3162 3569 3599 3624 necessitatibus
3611 3586 3844 3635 eorum,

2198 3666 2314 3719 sive
2357 3667 2802 3738 peregrinorum
2849 3669 3023 3736 atque
3072 3663 3509 3719 adventantium
3566 3663 3844 3731 fratrum,

2200 3760 2524 3832 adimplens
2552 3761 2717 3815 docte
2746 3760 3045 3831 supplevit,
3076 3762 3135 3814 et
3165 3774 3263 3813 eos
3282 3757 3629 3828 regulariter
3650 3758 3845 3812 vivere

2200 3854 2412 3909 docuit.
2448 3854 2781 3909 Antedictus
2812 3869 3063 3923 namque
3094 3852 3296 3907 beatus
3315 3852 3631 3906 Domnolus
3650 3851 3843 3922 ponti-

2199 3948 2311 4016 fex,
2340 3948 2816 4003 monasteriolum
2840 3947 2897 4001 in
2911 3947 3189 4002 honorem
3212 3945 3845 4001 sanctorumVincentii

2201 4046 2258 4097 et
2286 4041 2576 4097 Laurentii
2607 4046 2930 4113 martyrum
2965 4039 3174 4096 Christi
3192 4041 3360 4111 juxta
3396 4040 3599 4094 urbem
3627 4040 3842 4094 consti-

2202 4137 2329 4204 tuit,
2351 4136 2493 4192 etad
2516 4135 2786 4190 effectum
2815 4153 2993 4207 usque
3007 4135 3289 4206 perduxit.
3312 4134 3399 4188 Ad
3413 4133 3844 4189 dedicationem
3916 4162 3919 4165 -

2201 4230 2412 4301 quippe
2436 4229 2614 4300 ipsius
2635 4229 3033 4284 monasterioli
3062 4228 3314 4283 ecclesiae
3340 4228 3576 4282 beatum
3605 4229 3848 4282 Germa-

2200 4340 2361 4390 num,
2393 4323 2729 4377 Parisiensis
2760 4323 3002 4377 civitatis
3032 4322 3321 4393 insignem
3353 4320 3711 4392 episcopum,
3746 4338 3843 4376 vo-

2200 4416 2374 4484 cavit;
2406 4420 2465 4471 et
2492 4434 2621 4471 cum
2648 4416 2771 4488 ejus
2791 4433 3074 4471 consensu
3097 4421 3154 4471 et
3173 4414 3577 4487 deprecatione
3598 4415 3741 4469 cleri
3762 4416 3845 4486 ip-

2200 4510 2314 4565 sius
2352 4510 2594 4565 civitatis
2624 4514 2683 4564 et
2708 4510 2906 4582 populi
2948 4509 3097 4563 illius
3136 4509 3290 4563 urbis
3320 4525 3385 4562 ac
3424 4509 3737 4579 parochiaa,
3785 4513 3844 4562 et

2198 4620 2333 4657 cum
2349 4620 2629 4658 consensu
2653 4621 2875 4671 eorum,
2900 4603 2972 4658 de
2998 4603 3168 4657 rebus
3188 4606 3400 4657 sanctae
3421 4602 3613 4657 Marias
3634 4606 3841 4657 etsan-

2199 4702 2420 4753 ctorum
2434 4701 2755 4770 martyrum
2768 4698 3018 4755 Gervasii
3032 4701 3089 4751 et
3101 4696 3566 4765 Protasii,matris
3578 4696 3842 4767 ejusdem

458 4794 594 4845 sunt
619 4795 681 4844 ut
704 4791 892 4862 ipsam
923 4790 997 4844 ad
1024 4790 1346 4861 regendam
1379 4790 1694 4861 susciperet
1709 4789 2020 4861 civitatem,
2043 4775 2174 4847 etB
2199 4791 2441 4847 civitatis
2487 4793 2762 4861 ecclesiae,
2793 4793 2921 4864 jam
2963 4792 3180 4846 dictum
3208 4790 3648 4859 monasterium,
3683 4791 3842 4862 quod

458 4885 677 4939 clerum
709 4887 763 4938 et
782 4887 1052 4940 cunctum
1078 4884 1357 4956 populum
1384 4883 1694 4955 episcopali
1730 4883 2096 4939 ordinatione

458 4994 525 5033 ac
570 4977 853 5048 regimine
899 4978 1197 5033 ordinaret
1217 4993 1282 5032 ac
1303 4980 1551 5048 regeret,
1589 4980 1647 5031 et
1674 4976 1919 5032 Domino
1948 4979 2095 5033 mul-

457 5071 729 5144 tiplieiter
758 5073 1076 5126 lucraretur
1104 5089 1115 5126 :
1151 5071 1247 5142 qui
1281 5075 1339 5125 et
1369 5071 1477 5126 hoc
1504 5070 1732 5137 invitus,
1779 5075 1837 5126 et
1873 5090 1907 5126 a
1944 5074 2096 5127 clero

454 5167 543 5221 vel
584 5167 798 5239 populo
838 5169 1087 5233 coactus,
1121 5165 1254 5219 licet
1284 5165 1511 5233 nobilis,
1551 5164 1876 5220 humilitate
1902 5169 2095 5221 tamen

456 5262 708 5333 suscepit
752 5261 1045 5325 ofﬁcium;
1099 5262 1156 5313 et
1199 5276 1315 5314 non
1371 5258 1666 5314 modicum
1706 5259 1777 5313 ab
1831 5262 2099 5316 omnibus

455 5359 663 5411 cuncto
697 5358 957 5427 tempore
986 5356 1114 5407 vitae
1141 5370 1255 5408 suae
1278 5353 1645 5424 pontificatus
1682 5353 1883 5409 tribuit
1912 5355 2094 5410 admi-

455 5450 735 5504 niculum.

524 5546 577 5598 2.
612 5542 710 5596 Hic
741 5542 799 5595 in
828 5543 952 5597 loco
985 5540 1043 5594 in
1064 5557 1177 5612 quo
1198 5540 1401 5594 beatus
1429 5541 1706 5607 Julianus,
1741 5540 1958 5611 primus
1974 5539 2097 5609 jam

453 5636 620 5691 dictas
650 5635 806 5689 urbis
854 5636 1174 5706 episcopus,
1221 5651 1459 5705 corpore
1509 5634 1896 5706 requiescens,
1936 5633 2099 5703 juxta

452 5728 871 5783 monasterium
914 5728 1131 5781 scilicet
1163 5727 1342 5781 sancti
1376 5728 1609 5781 Victurii
1650 5743 1830 5799 prope
1862 5726 2097 5781 fluvium

455 5818 699 5885 Sarthae,
731 5819 1148 5876 monachorum
1180 5835 1465 5889 normam,
1486 5836 1614 5892 quae
1642 5819 1861 5877 dudum
1889 5820 2096 5876 florere

2200 4902 2302 4941 suo
2333 4903 2509 4956 opere
2541 4889 2599 4940 et
2627 4886 2824 4940 labore
2856 4904 2889 4941 a
2910 4886 3290 4941 fundamento
3321 4885 3645 4954 aediﬁcavit,
3671 4884 3837 4939 dota-

2198 4980 2277 5034 vit
2304 4997 2315 5034 :
2347 4983 2405 5034 et
2432 4980 2589 5033 villas
2618 4980 2894 5052 episcopii
2920 4980 2994 5035 ad
3020 4980 3290 5035 eamdem
3317 4979 3641 5047 ecclesiam,
3665 4995 3841 5050 quam

2198 5073 2259 5127 in
2278 5073 2485 5129 eodem
2508 5074 2866 5130 monasterio
2889 5092 3002 5129 una
3021 5091 3153 5129 cum
3170 5074 3339 5128 beato
3361 5075 3676 5140 Germano,
3700 5090 3842 5145 prie.

2200 5167 2365 5222 dictae
2386 5168 2718 5223 Parisiensis
2748 5169 2988 5224 civitatis
3008 5168 3220 5241 insigni
3250 5168 3540 5239 episcopo,
3570 5172 3629 5222 et
3654 5169 3713 5222 in
3736 5169 3839 5223 ho-

2202 5279 2404 5317 norem
2436 5266 2768 5317 sanctorum
2796 5266 3117 5333 martyrum
3142 5262 3426 5317 Vincentii
3458 5266 3515 5316 et
3545 5262 3840 5317 Laurentii

2200 5355 2469 5410 Kalendis
2516 5354 2851 5410 Novembris
2901 5356 3283 5424 dedicaverat,
3321 5355 3518 5425 dedit;
3561 5357 3620 5410 et
3664 5356 3721 5410 in
3774 5374 3842 5410 eo

2200 5453 2373 5520 caput
2395 5449 2552 5504 beati
2580 5449 2865 5505 Vincentii
2892 5453 2950 5505 et
2971 5467 3241 5521 magnam
3289 5454 3516 5521 partem
3552 5450 3842 5504 craticula:

2199 5558 2369 5613 super
2396 5560 2569 5614 quam
2592 5547 2820 5599 sanctus
2851 5544 3189 5599 Laurentius
3218 5548 3440 5599 assatus
3469 5546 3574 5613 est,
3604 5544 3843 5600 honori-

2199 5638 2304 5690 ﬁce
2344 5637 2660 5692 collocavit.
2696 5639 2805 5692 Per
2842 5634 3103 5693 chartam
3137 5654 3270 5692 vero
3324 5655 3426 5692 sua
3472 5654 3742 5707 munera,
3786 5644 3845 5693 ut

2201 5730 2415 5785 dictum
2441 5735 2546 5799 est,
2587 5732 2985 5787 consentiente
3014 5732 3280 5788 universo
3312 5733 3465 5789 clero
3486 5734 3577 5789 vel
3602 5735 3838 5807 p0pulo,

2200 5828 2258 5882 et
2270 5823 2506 5881 domino
2519 5825 2807 5884 Germano
2824 5843 3118 5884 assensum
3131 5827 3614 5901 praebente,villas
3631 5833 3841 5887 sancta:
