4006 6238
154 310 248 363 649

1549 305 2056 362 TESTAMENTL’M.

3376 318 3479 370 650

143 411 303 470 Mariae
326 426 387 464 ac
413 414 730 464 sanctorum
757 412 1002 466 Gervasii
1021 416 1077 466 et
1102 414 1356 481 Protasii,
1385 415 1455 468 ad
1477 416 1736 471 eamdem
1757 426 1816 499 Α
1838 415 2146 471 cessoribus
2173 417 2290 471 suis
2313 417 2719 489 perpetualiter
2745 418 2886 474 inibi
2908 420 3327 478 xenodochium
3354 423 3469 478 mi-

143 505 343 562 tradidit
367 503 666 559 ecclesiam.
698 503 1095 561 Subscribente
1121 512 1313 562 autem
1348 509 1576 563 domino
1609 510 1738 564 Ger-

144 615 288 655 mano
317 598 498 668 ipsum
542 601 967 669 testamentum,
1001 601 1231 673 suisque
1261 603 1646 657 sacerdotibus
1685 608 1741 658 et

143 693 330 748 clericis
372 691 621 762 ejusdem
679 692 914 747 civitatis
967 699 1023 749 et
1066 696 1350 766 parochiae
1400 696 1575 768 ipsius
1626 714 1741 751 non

144 786 329 859 paucis,
357 785 572 839 sicutin
600 787 799 841 eodem
826 788 1097 843 hactenus
1133 793 1469 844 testamento
1495 791 1746 845 contine-

144 887 239 948 tur,
266 878 408 934 dedit
431 879 618 933 villam
639 885 844 935 sanctae
870 882 1059 936 Mariae
1080 886 1137 937 et
1152 888 1475 938 sanctorum
1494 885 1743 939 Gervasii

146 977 190 1026 et
220 972 457 1040 Protasii,
487 972 793 1028 Tritionem
840 991 969 1029 cum
1014 976 1171 1029 omni
1197 976 1542 1047 integritate,
1571 995 1743 1049 quam

144 1066 332 1121 dudum
378 1066 799 1122 Habundantius
853 1072 910 1123 et
956 1069 1263 1123 Mallaricus
1325 1070 1593 1124 diaconus
1644 1088 1746 1141 per

142 1159 368 1233 pnedicti
396 1159 640 1231 episcopi
665 1161 884 1216 domini
919 1163 1179 1217 Domnoli
1217 1163 1559 1218 beneﬁcium
1584 1169 1742 1219 tene-

142 1257 257 1311 bant
282 1273 293 1310 :
323 1260 376 1310 et
397 1257 584 1312 villam
618 1259 924 1330 Fraxinidi,
949 1277 1124 1331 quam
1162 1264 1311 1333 Aper
1335 1263 1592 1317 sacerdos
1616 1280 1746 1317 cum

144 1350 246 1420 ejus
276 1349 540 1405 beneficio
580 1352 863 1423 habebat;
908 1357 964 1409 et
994 1355 1201 1409 Bucces
1244 1355 1495 1411 villulam
1524 1356 1609 1410 sui
1633 1356 1747 1426 epi-

143 1444 312 1514 scopii,
334 1460 460 1498 cum
489 1446 752 1499 omnibus
780 1447 849 1500 ad
881 1463 938 1501 se
974 1448 1410 1518 pertinentibus,
1446 1464 1619 1520 quam
1644 1451 1749 1503 Eu-

143 1537 335 1591 therius
374 1538 670 1610 presbyter
711 1555 814 1611 per
849 1541 1189 1596 beneﬁcium
1235 1543 1492 1613 praedicti
1533 1543 1748 1597 domini

142 1631 370 1686 Domnoli
388 1632 659 1701 habebat;
682 1636 803 1705 pari
820 1635 985 1689 modo
1006 1640 1300 1707 etpratum
1319 1652 1489 1707 super
1508 1636 1746 1691 ﬂuvium

141 1725 313 1793 Sartaa,
341 1742 449 1780 una
475 1743 607 1780 cum
650 1744 849 1799 campo
875 1729 1041 1799 juxta
1072 1730 1275 1800 posito,
1307 1746 1483 1801 quam
1520 1731 1747 1784 Habun-

1838 510 2089 565 rabiliter
2114 511 2353 566 ornavit.
2392 512 2454 566 In
2500 511 2780 583 hospitali,
2825 512 3078 584 ejusdem
3120 514 3277 570 urbis
3324 532 3470 587 pon-

1839 607 2104 677 tiﬁcibus,
2144 608 2348 664 futuris
2387 625 2614 681 semper
2648 611 3000 681 temporibus
3035 617 3093 668 et
3130 612 3233 668 sub
3272 614 3470 685 conju-

1842 700 2082 755 rationis
2103 702 2493 779 detestatione,
2540 702 2979 775 hospitalitatem
3026 721 3146 761 esse
3184 706 3467 777 instituit;

1843 798 1900 848 et
1921 796 2284 866 sequentibus
2316 796 2666 867 temporibus
2693 797 2950 853 Ecclesia:
2983 815 3101 853 suae
3135 799 3301 869 sedis,
3343 816 3471 856 cum

1844 888 2105 944 omnibus
2155 890 2225 944 ad
2286 905 2346 945 se
2406 890 2823 961 pertinentibus
2842 933 2856 959 ,
2921 892 3290 965 subjugatum
3351 910 3470 950 esse

1848 985 2114 1041 instituit.

1916 1080 1969 1133 4.
2000 1079 2176 1151 Ipsius
2216 1097 2441 1152 quoque
2483 1080 2699 1136 domini
2743 1082 3000 1137 Domnoli
3045 1083 3291 1155 episc0pi
3328 1088 3470 1140 tem-

1843 1188 2001 1244 pore,
2028 1172 2309 1244 cellulam,
2344 1190 2461 1229 una
2498 1191 2629 1230 cum
2661 1190 2761 1229 sua
2785 1175 3040 1245 ecclesia,
3069 1191 3199 1247 quae
3229 1180 3311 1232 est
3337 1194 3471 1232 con-

1846 1266 2040 1321 stituta
2068 1266 2129 1320 in
2157 1267 2373 1322 honore
2416 1268 2597 1323 sancti
2624 1268 2865 1339 Martini,
2902 1268 2963 1322 in
3006 1284 3204 1324 eorum
3244 1271 3476 1342 preprio

1846 1361 2269 1415 constituerunt
2301 1361 2450 1416 infra
2486 1361 2790 1431 civitatem,
2826 1362 2992 1432 juxta
3034 1367 3274 1418 matrem
3328 1364 3478 1420 vide-

1845 1454 1977 1509 licet
2016 1454 2309 1509 ecclesiam
2351 1454 2529 1526 ipsius
2577 1454 2837 1524 civitatis,
2881 1455 3139 1511 Eularius
3180 1456 3479 1528 presbyter

1847 1550 1905 1602 et
1937 1547 2248 1603 Godomara
2292 1548 2406 1602 Deo
2448 1550 2695 1616 sacrata;
2743 1552 2800 1603 et
2842 1546 3173 1618 praedictam
3214 1548 3475 1603 cellulam

1847 1640 2022 1696 sancti
2035 1640 2252 1696 Martini
2273 1681 2287 1709 ,
2319 1640 2797 1695 haereditaverunt
2819 1640 2887 1695 de
2908 1639 3117 1695 villulis
3134 1640 3481 1696 inMorniaco

1851 1739 1909 1788 et
1944 1733 2135 1788 villula
2168 1735 2333 1788 Vasta
2364 1750 2428 1788 ac
2466 1733 2765 1805 Popiliaco,
2804 1734 2964 1791 Ciaco
2990 1748 3215 1805 quoque
3242 1737 3299 1789 et
3319 1734 3483 1790 Vera-

142 1818 340 1873 dantius
360 1837 392 1873 a
416 1820 648 1875 domino
679 1822 952 1877 Domnolo
972 1824 1102 1893 jure
1132 1824 1493 1878 beneficiario
1518 1823 1753 1895 adipisci
1774 1800 1829 1872 Β
1852 1827 1998 1881 tiaco
2036 1843 2102 1881 ac
2144 1826 2397 1895 Muliaco,
2425 1843 2541 1881 una
2571 1842 2703 1882 cum
2744 1826 2866 1881 aliis
2904 1827 3068 1897 villis,
3113 1832 3170 1882 et
3205 1826 3275 1881 de
3315 1826 3483 1881 rebus

141 1913 357 2003 meruit;
389 1918 444 1968 et
471 1914 611 1968 alias
653 1916 832 1978 villas,
863 1933 993 1988 quae
1031 1917 1091 1970 in
1117 1918 1388 1989 praedicto
1416 1921 1755 1973 testamento

142 2006 349 2060 insertae
387 2024 505 2062 esse
547 2013 866 2064 noscuntur
902 2011 1222 2080 insigniter,
1251 2012 1322 2064 ad
1366 2011 1757 2082 praescriptam

142 2100 348 2154 tradidit
372 2102 687 2157 ecclesiam.
732 2102 887 2156 Multi
910 2103 1081 2157 etiam
1108 2104 1344 2169 nobiles,
1378 2108 1495 2158 tam
1523 2104 1582 2158 in
1604 2120 1754 2175 prae-

142 2193 269 2247 senti
304 2211 471 2265 quam
501 2200 558 2248 et
582 2195 641 2248 in
670 2200 939 2267 sequente
976 2203 1253 2268 tempore,
1284 2213 1483 2252 eorum
1509 2196 1755 2251 hzrredi-
1796 2216 1816 2237 ν

144 2291 264 2340 tates
295 2288 363 2341 ad
398 2289 726 2358 praedictam
774 2290 1069 2344 ecclesiam
1113 2297 1436 2346 sanctorum
1480 2290 1759 2345 Vincentii

146 2385 191 2433 et
214 2380 490 2435 Laurentii
514 2383 868 2453 legaverunt.
904 2386 1092 2455 Ipsum
1130 2388 1323 2440 autem
1352 2382 1759 2438 monasterium

147 2473 432 2541 subditum,
474 2491 608 2530 cum
644 2476 911 2531 omnibus
948 2478 1019 2531 ad
1060 2478 1115 2532 id
1163 2477 1599 2549 pertinentibus,
1640 2476 1762 2548 jam

145 2568 309 2622 dictus
330 2569 595 2624 dominus
622 2571 932 2625 Domnolus
960 2588 1078 2625 suae
1106 2572 1254 2625 sedis
1279 2571 1525 2626 ecclesim
1563 2569 1760 2641 subju-

148 2661 300 2731 gavit,
345 2667 400 2717 et
447 2663 564 2718 suis
600 2664 1016 2719 successoribus
1060 2664 1430 2720 ecclesiastico
1464 2665 1525 2718 in
1565 2663 1762 2718 ordine

142 2755 353 2826 paciﬁce
375 2757 446 2811 ad
468 2757 788 2829 regendum
811 2762 866 2813 et
885 2759 1319 2829 gubernandum
1341 2756 1572 2827 dimisit,
1594 2762 1765 2828 atque

143 2850 467 2919 perennibus
510 2852 865 2923 temporibus
903 2853 973 2907 ad
1012 2857 1257 2923 matrem
1302 2851 1540 2906 civitatis
1584 2851 1761 2905 eccle-

143 2940 288 3008 siam,
317 2948 371 2998 et
396 2945 761 3015 pontiﬁcibus
804 2944 1015 3000 ibidem
1060 2950 1229 3016 atque
1266 2944 1483 2999 clericis
1522 2946 1634 2999 Deo
1674 2944 1766 2998 de-

146 3037 392 3105 gentibus
418 3038 650 3108 habere,
682 3032 889 3093 futuris
916 3039 1209 3093 constituit
1246 3038 1619 3109 temporibus.

206 3132 255 3184 3.
284 3131 442 3203 Saepe
470 3132 652 3186 dictus
682 3131 894 3186 scilicet
924 3131 1187 3186 dominus
1217 3132 1523 3186 Domnolus
1552 3130 1763 3203 episco-

144 3239 240 3293 pus
272 3225 533 3279 cellulam
559 3241 728 3295 super
753 3225 994 3280 ﬂuvium
1037 3226 1233 3295 Sartaz,
1266 3230 1322 3279 et
1350 3224 1769 3280 xenodochium

141 3321 193 3376 in
223 3321 503 3378 honorem
544 3327 751 3378 sanctae
786 3323 973 3378 Mariae
1012 3322 1348 3378 mirabiliter
1382 3340 1445 3377 ac
1483 3323 1769 3394 sapienter

144 3421 392 3486 operatus
431 3421 550 3487 est;
583 3421 639 3471 et
679 3434 805 3472 eam
841 3434 909 3472 ex
948 3417 1118 3473 rebus
1153 3416 1420 3488 predicta:
1464 3415 1661 3470 matris
1687 3415 1768 3469 ci-

140 3508 311 3564 vitatis
354 3510 610 3566 ecclesiaa
660 3511 892 3578 dotavit,
947 3516 1004 3566 et
1045 3510 1397 3582 receptiones
1452 3525 1772 3582 pauperum

140 3603 557 3660 adventantium
583 3604 699 3660 sive
724 3604 985 3659 omnium
1010 3604 1413 3676 indigentium,
1437 3604 1537 3675 qui
1566 3603 1627 3657 in
1650 3603 1773 3674 ipsa
1801 3602 1823 3623 ‘

142 3696 349 3754 civitate
384 3700 586 3769 talem,
613 3704 850 3771 propter
888 3698 1200 3754 custodiam
1236 3697 1493 3765 civitatis,
1526 3714 1638 3752 non
1666 3713 1769 3768 p0-

142 3796 314 3847 terant
355 3793 571 3848 habere
612 3792 1022 3865 receptionem,
1076 3792 1220 3848 sicut
1268 3792 1327 3846 in
1374 3792 1468 3845 illo
1510 3792 1631 3846 loco
1678 3790 1773 3844 ubi

142 3886 466 3956 praedictum
504 3886 636 3959 fecit
659 3887 1079 3942 xenodochium
1112 3903 1125 3942 :
1158 3886 1239 3941 ibi
1270 3885 1427 3941 enim
1461 3884 1774 3940 monachos

142 3978 331 4051 viginti
356 3986 605 4053 quatuor
629 3981 733 4036 sub
760 3981 958 4052 regula
987 3981 1257 4051 degentes
1287 3979 1595 4049 constituit,
1626 3982 1691 4033 ut
1717 3982 1775 4033 et

143 4072 212 4127 ibi
238 4091 519 4146 pauperes
544 4079 883 4145 recrearent,
913 4078 971 4130 et
995 4091 1191 4130 omnes
1215 4074 1465 4145 hospites
1493 4072 1774 4144 condigne

143 4172 194 4222 et
216 4169 540 4225 amabiliter
575 4169 942 4241 susciperent,
976 4173 1033 4225 et
1066 4168 1177 4240 ipsi
1220 4172 1409 4223 sancte
1442 4184 1507 4221 ac
1543 4166 1772 4238 regula-

141 4260 270 4317 riter
302 4263 580 4319 viverent.
626 4265 688 4318 ln
726 4263 927 4319 eodem
962 4261 1317 4319 xenodochio
1352 4260 1622 4334 praedicto
1648 4276 1772 4315 mo-

142 4356 382 4413 nachum
409 4374 580 4412 suum
595 4356 1076 4430 probatissimum,
1107 4356 1404 4439 dominum
1430 4355 1644 4410 scilicet
1666 4356 1773 4409 Pa-

143 4449 399 4521 duinum,
442 4451 545 4524 qui
580 4455 715 4506 tunc
756 4451 1093 4524 praepositus
1120 4451 1190 4507 de
1237 4451 1439 4507 Sancto
1486 4447 1777 4505 Vincentio

134 4550 264 4617 erat,
292 4546 562 4601 abbatem
599 4528 919 4615 constituit;
959 4550 1016 4601 et
1055 4545 1161 4600 sibi
1202 4561 1301 4601 seu
1345 4543 1607 4600 omnibus
1644 4559 1773 4599 suc-

1855 1920 1972 1975 suis
1996 1919 2254 1991 legaliter
2277 1920 2648 1989 dotaverunt;
2677 1924 2735 1974 et
2759 1924 2954 1991 postea
2978 1935 3111 1974 cum
3134 1919 3396 1975 omnibus
3413 1920 3481 1975 ad

1856 2029 1914 2068 se
1952 2012 2364 2085 pertinentibus
2400 2013 2472 2068 ad
2513 2017 2757 2068 matrem
2802 2012 2981 2083 ipsius
3024 2012 3262 2068 civitatis
3299 2013 3481 2068 eccle-

1859 2106 2003 2161 siam
2042 2121 2143 2177 per
2177 2121 2379 2160 eorum
2408 2105 2689 2160 chartulas
2732 2103 2992 2175 legaliter
3025 2104 3395 2176 formiterque
3434 2104 3486 2159 ei

1858 2199 1966 2270 ipsi
1996 2198 2227 2254 domino
2262 2199 2538 2253 Domnolo
2577 2196 2836 2269 episcopo
2869 2196 3242 2253 tradiderunt.
3288 2196 3489 2252 Praafa-

1860 2296 1952 2346 tus
1970 2292 2146 2363 igitur
2160 2291 2429 2346 dominus
2458 2290 2767 2345 Domnolus
2785 2290 3083 2362 episcopus
3103 2290 3241 2347 emit
3257 2290 3491 2362 insuper

1861 2389 2084 2457 partem
2119 2384 2288 2456 villas,
2316 2401 2386 2440 ex
2424 2384 2691 2439 thesauro
2717 2383 2970 2439 ecclesia:
2999 2384 3105 2440 sibi
3128 2384 3443 2439 commissae
3471 2399 3487 2438 :

1864 2478 1973 2533 alia
1999 2494 2134 2534 vero
2165 2494 2295 2550 pars
2325 2477 2395 2533 de
2429 2494 2530 2533 suo
2566 2478 2826 2550 episcopo
2863 2481 3001 2549 erat,
3043 2476 3134 2533 cui
3158 2476 3492 2533 vocabulum

1864 2574 1948 2626 est
1969 2574 2179 2642 Canon,
2207 2586 2380 2643 quam
2403 2574 2460 2627 et
2485 2586 2591 2643 per
2614 2571 2906 2627 licentiam
2938 2570 3342 2628 canonicorum
3366 2586 3491 2626 suo-

1864 2680 1994 2719 rum
2022 2665 2333 2734 monachis,
2364 2662 2423 2719 in
2448 2664 2682 2720 ecclesia
2723 2664 2901 2720 sancti
2928 2665 3204 2721 Vincentii
3230 2669 3287 2720 et
3313 2664 3492 2721 sancti
3528 2730 3531 2731 ν

1864 2757 2150 2813 Laurentii
2200 2757 2217 2829 (
2243 2774 2415 2830 quam
2440 2757 2560 2829 ipse
2585 2774 2619 2812 a
2658 2774 2802 2813 novo
2825 2756 3083 2814 fundavit
3108 2758 3126 2829 )
3155 2757 3496 2829 regulariter

1864 2851 2220 2923 degentibus,
2263 2867 2368 2923 per
2405 2868 2575 2907 suum
2615 2855 2996 2907 strumentum
3036 2851 3211 2908 dedit.
3247 2851 3389 2905 Nam
3430 2854 3496 2905 ut

1865 2945 1971 2999 sub
2002 2948 2281 3016 potestate
2319 2944 2498 3015 ipsius
2530 2944 2685 2999 urbis
2716 2944 2986 3016 episc0pi,
3012 2948 3130 3000 tam
3162 2942 3271 3015 ipsi
3299 2959 3500 2999 mona-

1836 3031 1961 3092 'chi
1985 3054 2158 3109 quam
2194 3042 2251 3092 et
2281 3037 2421 3108 ipsae
2462 3053 2551 3092 res
2590 3038 2670 3108 (in
2698 3053 2897 3093 eorum
2933 3040 3125 3092 tamen
3162 3052 3272 3091 usu
3310 3036 3496 3108 dispo-

1867 3135 2039 3186 nente
2089 3130 2385 3203 episcopo)
2442 3131 2650 3186 futuris
2692 3131 3064 3203 .persisterent
3109 3129 3495 3202 temporibus,

1868 3224 2224 3294 contradidit,
2260 3223 2406 3279 sicut
2438 3224 2622 3281 adhuc
2668 3225 2729 3280 in
2766 3225 2889 3297 ipso
2910 3229 3225 3281 strumento
3250 3222 3499 3280 traditio-

1870 3319 1961 3373 nis
1986 3316 2228 3373 inveniri
2255 3322 2461 3389 potest.

1870 3415 1907 3484 j,
1945 3415 1997 3467 5.
2040 3411 2140 3465 Hic
2177 3410 2321 3466 sedit
2346 3411 2407 3466 in
2449 3411 2722 3483 praedicta
2745 3412 2874 3468 sede
2907 3428 3084 3468 annos
3102 3426 3248 3481 vaI,
3276 3427 3500 3468 menses

1872 3520 1929 3561 x1
1946 3546 1961 3575 ,
1984 3503 2102 3559 dies
2126 3520 2277 3575 XXIV,
2306 3508 2363 3560 et
2384 3504 2518 3559 fecit
2544 3504 2922 3561 ordinationes
2956 3521 3117 3576 ιω,
3142 3504 3501 3578 presbyteros

1872 3613 2055 3669 CCCLX,
2087 3597 2352 3653 diaconos
2377 3613 2493 3668 CCL,
2537 3602 2593 3653 et
2626 3598 2871 3670 reliquos
2903 3598 3194 3654 ministros
3213 3597 3499 3653 sufﬁcien-

1871 3698 1977 3748 ter.
2006 3691 2178 3763 Cujus
2200 3690 2262 3745 in
2288 3691 2402 3746 vita
2425 3690 2630 3745 multas
2658 3691 2780 3763 ejus
2816 3691 3035 3747 meritis
3073 3691 3341 3746 Dominus
3385 3690 3499 3747 vir-

1872 3790 2021 3841 tutes
2061 3784 2324 3853 ostendit,
2354 3783 2497 3839 sicut
2519 3784 2582 3839 in
2607 3783 2729 3855 ejus
2756 3784 2879 3839 Vita
2907 3784 3116 3857 liquet;
3147 3788 3203 3840 et
3228 3789 3359 3856 post
3380 3785 3503 3856 ejus

1873 3880 2092 3936 obitum
2132 3876 2575 3934 innumerabiles
2616 3877 2677 3932 in
2701 3878 2822 3933 loco
2841 3878 3145 3950 sepulturae
3170 3878 3309 3949 ejus,
3337 3877 3396 3933 id
3420 3881 3505 3933 est

1874 3976 1936 4030 in
1955 3974 2101 4029 dicta
2115 3972 2291 4028 sancti
2308 3970 2586 4027 Vincentii
2598 3972 2847 4040 ecclesia,
2868 3971 3101 4027 virtutes
3119 3975 3380 4043 operatus
3398 3974 3502 4027 est.

1875 4067 2025 4123 Obiit
2045 4066 2201 4123 enim
2227 4065 2527 4138 praedictus
2554 4065 2752 4121 beatus
2777 4064 3087 4121 Domnolus
3111 4064 3171 4120 in
3196 4080 3355 4137 pace,
3386 4063 3503 4136 ple.

1875 4179 1984 4217 nus
2024 4161 2269 4229 dierum,
2299 4159 2561 4217 Kalendis
2605 4159 2928 4216 Decembris
2957 4175 2970 4215 :
3001 4158 3101 4231 qui
3126 4174 3257 4214 cum
3285 4157 3507 4215 Christo

1875 4252 2013 4308 vivit
2044 4252 2106 4307 in
2127 4256 2424 4321 aeternum,
2457 4254 2516 4306 et
2553 4265 2684 4304 cum
2724 4248 2931 4305 sanctis
2973 4252 3174 4320 regnat
3196 4247 3257 4302 in
3284 4245 3463 4318 gloria
3488 4261 3504 4302 :

1877 4364 2011 4403 cum
2038 4363 2152 4419 quo
2176 4351 2233 4402 et
2256 4362 2359 4401 nos
2387 4344 2693 4400 auxiliante
2718 4342 2960 4399 Domino
2978 4340 3275 4396 humiliter
3294 4338 3507 4411 suppli-

1877 4446 2066 4497 cantes
2091 4440 2278 4496 vivere
2301 4454 2652 4509 mereamur,
2677 4451 2782 4509 per
2806 4434 3027 4492 inﬁnita
3051 4432 3259 4490 saecula
3276 4431 3502 4489 saculo-

1877 4554 2030 4594 rum.
2064 4537 2269 4591 Amen.

140 4678 3499 4731 Μ

852 4844 1165 4918 SANCTI
1210 4846 1626 4935 DOMNOLI,
1676 4840 2343 4916 CENOMANENSIS
2389 4835 2799 4925 EPISCOPI,

1100 5004 2555 5148 TESTAMBNTUM.

1620 5211 2034 5226 ψ

214 5306 537 5363 Venerabili
576 5306 821 5364 ecclesiae
862 5304 1249 5365 Cenomanicae
1288 5310 1438 5366 clero
1478 5310 1784 5366 Domnolus
1802 5323 1862 5395 D
1884 5312 2026 5366 Cum
2054 5322 2191 5377 ergo
2209 5320 2312 5377 pro
2340 5300 2519 5358 salute
2547 5298 2747 5373 populi
2768 5296 2860 5395 vel
2884 5293 3130 5395 custodia
3156 5292 3389 5395 civitatis
3414 5307 3506 5395 re:

147 5400 465 5473 episcopus.

1883 5402 2087 5476 liquias
2112 5402 2435 5456 sanctorum
2459 5398 2777 5466 martyrum
2803 5387 3079 5447 Vincentii
3119 5390 3176 5441 et
3199 5385 3506 5460 Laurentii,

215 5502 554 5571 Congruum
599 5501 761 5556 nobis
802 5502 909 5558 fuit
954 5507 1016 5558 ut
1051 5507 1247 5559 votum
1299 5502 1669 5560 desiderabile
1726 5503 1784 5557 in
1884 5496 2269 5553 intercedente
2302 5488 2770 5564 praesumptione,
2809 5483 2931 5538 ausi
2962 5478 3241 5535 fuerimus
3261 5479 3511 5551 deferre;

150 5593 445 5650 charitatis
469 5600 668 5651 vestrae
706 5596 970 5653 notitiam
1003 5615 1345 5670 poneremus
1376 5615 1389 5653 :
1418 5597 1552 5670 quia
1576 5598 1622 5651 si
1648 5613 1785 5652 con-

149 5703 347 5743 sensus
372 5691 560 5744 vester
583 5690 927 5747 desiderium
954 5693 1136 5748 cordis
1153 5693 1335 5749 nostri
1361 5695 1418 5747 et
1442 5692 1664 5746 decreta
1685 5706 1787 5745 an-

151 5783 351 5838 nuerit
393 5784 673 5840 credimus
705 5785 918 5842 nullius
942 5786 1057 5843 ullo
1085 5804 1341 5860 unquam
1370 5790 1629 5858 tempore
1654 5800 1789 5840 con-

154 5876 449 5934 trarietate
496 5896 530 5935 a
573 5878 735 5935 nobis
786 5881 997 5952 pariter
1045 5881 1268 5937 ﬁrmata
1313 5896 1476 5953 posse
1529 5877 1790 5934 convelli.

491 5979 769 6049 PATROL.
815 5981 1049 6048 LXXII.

1888 5592 2033 5648 sicut
2058 5606 2189 5645 cum
2210 5587 2311 5643 Dei
2345 5582 2623 5657 adjutorio
2652 5579 2740 5634 vel
2763 5580 2947 5631 vestro
2976 5571 3194 5629 eisdem
3219 5572 3409 5629 locum
3436 5573 3516 5629 di-

1892 5683 2118 5759 gnitatis
2156 5681 2438 5739 ereximus
2477 5678 2538 5732 in
2570 5670 2838 5740 culmine,
2865 5668 2943 5724 ita
2967 5664 3222 5738 petimus
3248 5669 3314 5721 ut
3334 5670 3517 5724 vestro

1891 5778 2108 5852 pariter
2146 5777 2356 5833 ditetur
2397 5776 2455 5829 et
2476 5782 2733 5825 munere.
2765 5764 2834 5819 Et
2857 5762 2904 5819 si
2931 5772 3132 5852 sensus
3157 5763 3340 5817 vester
3361 5759 3524 5852 nobis

1895 5850 2197 5930 Contulerit
2247 5866 2580 5925 charitatem
2639 5862 2806 5927 hanc,
2867 5850 3141 5928 paginola
3195 5850 3528 5923 donationis,

3142 5959 3217 6018 21
