4006 6238
479 359 575 414 651
1459 357 1712 412 SANCTA
1752 354 2061 410 RADEGL'N

2259 354 2493 409 {EGINA
2533 353 2860 410 FRANCI.~E.
3749 357 3841 407 652

478 487 652 542 quam
679 470 993 525 Aunulfum
1019 469 1322 525 diaconum
1350 467 1621 539 perﬁcere
1645 467 1995 522 unanimiter
2021 484 2105 521 ro-
2128 478 2186 550 Α
2208 466 2424 537 psalmo
2451 466 2754 521 centesimo
2788 470 2980 520 octavo
3017 464 3173 520 Judae
3215 463 3481 534 cantavit;
3513 468 3569 519 et
3592 480 3842 536 praesens

479 564 735 636 gavimus
763 564 1239 629 conscribendam,
1269 566 1452 617 vestro
1475 578 1801 633 quaesumus
1827 567 1890 615 ut
1917 562 2104 616 ﬁrme-
2205 560 2411 632 pagina
2450 565 2678 615 maneat
2714 559 3062 628 inconvulsa,
3110 576 3281 631 quam
3322 576 3425 630 pro
3466 559 3546 613 rei
3574 558 3841 612 ﬁrmitate

477 662 574 712 tur
595 658 797 713 robore
827 676 840 712 :
872 662 932 712 ut
967 655 1278 728 [quidquid
1305 671 1406 711 nos
1433 655 1450 725 ]
1478 672 1581 725 per
1605 656 1752 710 hanc
1777 655 2102 726 paginolam
2205 672 2382 709 manu
2420 655 2649 725 propria
2696 653 3030 724 subscripsi,
3073 656 3129 707 et
3185 654 3428 707 dominis
3467 657 3524 707 et
3574 652 3843 706 fratribus

476 751 792 806 donationis
821 753 1036 804 constat
1061 750 1364 820 delegasse,
1395 754 1715 820 noncupata
1749 749 1977 802 basilica
2004 750 2102 802 ha-
2203 749 2342 803 meis
2371 747 2741 802 muniendam
2768 747 2982 818 rogavi.
3011 749 3212 801 Actum
3251 747 3310 801 in
3357 746 3736 801 Cenomanica
3761 746 3836 800 ci-

474 844 622 910 beat,
651 848 853 910 teneat,
893 843 1193 913 possideat,
1230 840 1404 915 [nec]
1436 843 1760 915 quicunque
1789 842 1900 897 loci
1933 843 2102 912 hujus
2201 842 2390 910 vitate,
2419 859 2570 896 anno
2610 840 2911 895 undecimo
2938 840 3101 911 regni
3127 841 3320 896 domni
3339 841 3513 896 nostri
3541 839 3840 912 Chilperici

478 937 810 1008 dignitatem
857 936 1188 1006 perceperit,
1227 936 1358 1006 jure
1403 936 1763 991 hiereditario
1805 941 2102 1006 perpetua-
2202 935 2371 1007 regis,
2403 935 2588 1006 pridie
2625 937 2807 989 Nonas
2835 934 3032 990 Martii.

476 1029 605 1085 liter
623 1028 848 1083 sibimet
885 1029 1131 1084 vindicet
1173 1014 1595 1101 possidendum.
1618 1029 1674 1085 Si
1697 1030 1813 1083 ullo
1848 1045 2100 1100 unquam
2274 1030 2584 1083 Domnolus
2624 1028 2918 1100 episcopus
2957 1027 3303 1098 subscripsit.
3347 1028 3658 1083 Germanus
3689 1029 3841 1100 epis—

475 1127 752 1193 tempore,
795 1126 894 1177 aut
934 1123 1184 1193 pontifex
1227 1123 1481 1192 civitatis,
1523 1128 1620 1178 aut
1661 1123 1926 1194 quaelibet
1967 1139 2098 1199 per-
2201 1139 2374 1193 copus
2410 1126 2643 1194 rogante
2679 1122 2828 1176 clero
2869 1121 3211 1192 subscripsit.
3246 1121 3541 1177 Andoveus
3575 1122 3841 1194 Andega-

475 1231 630 1285 sona,
660 1233 694 1270 a
719 1216 879 1270 nobis
905 1217 1110 1272 donata
1135 1217 1222 1272 vel
1245 1218 1452 1273 tradita
1482 1217 1550 1272 de
1589 1217 1974 1272 dominatione
1999 1217 2098 1271 ba-
2201 1233 2400 1271 vorum
2444 1216 2741 1286 episcopus
2780 1219 3015 1286 rogante
3055 1216 3326 1269 Domnolo
3369 1215 3664 1287 episcopus
3704 1216 3839 1270 sub-

473 1309 640 1364 silicaa
679 1310 851 1380 hujus
889 1311 1213 1366 abstrahere
1257 1311 1515 1380 voluerit,
1566 1311 1820 1365 incurrat
1864 1311 2098 1366 maledi-
2202 1310 2441 1380 scripsit.
2484 1309 2781 1364 Leodulfus
2824 1309 3116 1379 presbyter
3163 1309 3510 1379 subscripsit.
3558 1309 3846 1363 Aunulfus

473 1403 687 1458 tionem
750 1421 854 1475 pro
910 1404 1321 1472 benedictione,
1370 1409 1426 1460 et
1473 1404 1695 1458 Domini
1747 1405 1924 1459 nostri
1972 1406 2132 1458 Jesu.
2201 1403 2494 1474 presbyter
2546 1401 2893 1473 subscripsit.
2958 1401 3292 1456 Leodericus
3358 1401 3654 1472 presbyter
3703 1403 3842 1456 sub-

471 1494 699 1566 Christi,
728 1502 783 1552 et
807 1503 1011 1552 sanctae
1035 1498 1220 1553 Maria
1248 1514 1471 1569 semper
1502 1497 1756 1569 virginis,
1789 1501 1847 1552 et.
1879 1502 2098 1552 sancto-
2200 1495 2442 1565 scripsit.
2472 1495 2742 1550 Dinanius
2801 1495 3096 1566 presbyter
3157 1495 3508 1566 subscripsit.
3573 1496 3847 1550 Drantius

472 1605 604 1643 rum
654 1591 1069 1661 apostolorum,
1121 1592 1208 1647 vel
1267 1592 1525 1646 omnium
1573 1596 1898 1646 sanctorum
1946 1607 2098 1645 mar-
2200 1589 2492 1660 presbyter
2565 1589 2914 1660 subscripsit.
2979 1588 3288 1659 lnjuriosus
3343 1590 3639 1660 presbyter
3713 1590 3849 1644 sub-

474 1688 687 1754 tyrum,
739 1685 1124 1740 confessorum
1175 1689 1343 1756 atque
1383 1684 1692 1756 virginum,
1728 1685 1980 1740 incurrat
2013 1685 2097 1739 of—
2199 1683 2436 1752 scripsit.
2495 1682 2754 1738 Meterius
2809 1682 3104 1754 presbyter
3165 1682 3515 1753 subscripsit.
3591 1683 3849 1738 Cennius

474 1777 725 1848 fensam;
778 1783 835 1834 et
887 1779 1144 1834 voluntas
1197 1783 1389 1835 nostra
1437 1779 1745 1850 perpetim,
1797 1779 2100 1834 auxiliante
2201 1777 2470 1830 diaconus
2499 1777 2848 1848 subscripsit.
2878 1776 3153 1831 Romulus
3177 1777 3447 1830 diaconus
3483 1776 3843 1848 subscripsit.

474 1870 734 1941 Domino,
780 1873 962 1944 capiat
1007 1873 1353 1928 ﬁrmitatem.
1403 1873 1516 1926 Hoc
1555 1888 1690 1944 ergo
1733 1850 2177 1928 inserendumB
2203 1871 2444 1924 Datdeus
2487 1870 2760 1924 diaconus
2789 1870 3140 1941 subscripsit.
3183 1870 3540 1925 Sennonteus
3566 1871 3851 1925 diaconus

473 1964 688 2034 rogavi,
719 1970 782 2020 ut
828 1966 925 2037 qui
969 1965 1244 2022 voluntati
1281 1982 1425 2022 mea:
1459 1965 1653 2021 obvius
1688 1982 1805 2022 esse
1839 1966 2098 2033 voluerit,
2200 1964 2550 2036 subscripsit.
2582 1965 2726 2018 Noso
2748 1964 3016 2019 diaconus
3039 1963 3388 2036 subscripsit.

471 2058 925 2116 maledictionem
961 2059 1115 2114 illam
1156 2065 1476 2128 concurrat,
1517 2076 1691 2132 quam
1734 2060 2015 2132 propheta
2041 2059 2101 2114 in

1749 2380 1914 2426 ANNO
1960 2380 2174 2426 DOMINI
2223 2380 2535 2425 DLXXXVII
2545 2410 2557 2424 .

815 2497 1720 2704 SANCTA
1907 2497 3481 2700 RADEGUNDIS

1518 2775 2031 2888 REGINA
2107 2776 2772 2886 FRANCIAS.

732 3044 1472 3206 SANCTXE
1584 3068 2736 3204 RADEGUNDIS
2851 3076 3567 3208 REGINAE

1418 3451 1796 3533 DUOBUS
1897 3450 2208 3530 LIBRIS
2301 3451 2853 3534 COMPOSITA.

1706 3580 2602 3618 ————-ao-€=-————

983 3885 1348 3952 AUCTORE
1390 3884 1791 3950 VENANTIO
1834 3883 2310 3949 FOBTUNATO
2357 3883 2732 3950 EPISCOPO
2777 3883 3298 3949 PICTAVIENSI.

663 4015 773 4078 Ad
795 4033 948 4078 ms.
983 4014 1143 4080 Cod.
1180 4014 1254 4078 S.
1294 4013 1613 4080 Germani
1636 4013 1974 4078 Pratensz’s
2019 4019 2081 4073 et
2120 4011 2508 4077 (.70nchensz's
2536 4013 2939 4076 monasterii.
2974 4021 3034 4075 et
3074 4014 3156 4077 D.
3191 4013 3619 4077 d’Herouval.

1844 4243 2302 4372 113111109115.

535 4415 585 4466 l.
617 4411 1008 4483 Redemptoris
1032 4409 1214 4466 nostri
1238 4411 1462 4464 tantum
1505 4407 1658 4463 dives
1685 4412 1767 4464 est
1793 4410 2042 4483 largitas,
2083 4415 2149 4466 ut
2178 4412 2238 4465 in
2276 4426 2414 4465 sexu
2437 4408 2703 4464 muliebri
2730 4408 2973 4463 celebret
2998 4408 3170 4463 fortes
3197 4405 3473 4473 victorias,
3503 4411 3562 4462 et
3593 4424 3866 4481 corpore

461 4509 776 4582 fragiliores
801 4510 946 4582 ipsas
983 4509 1181 4564 reddat
1215 4507 1453 4563 feminas
1481 4507 1687 4564 virtute
1716 4509 1925 4564 mensis
1949 4509 2172 4581 inclyta:
2217 4510 2504 4581 gloriosas.
2546 4509 2696 4572 Quas
2733 4507 3007 4562 habentes
3047 4507 3325 4562 nascendo
3354 4505 3662 4561 mollitiem
3715 4509 3866 4564 facit

461 4609 714 4666 Christus
736 4610 992 4664 robustas
1016 4625 1086 4664 ex
1112 4609 1221 4663 ﬁde
1254 4625 1266 4662 :
1294 4612 1359 4663 ut
1383 4625 1513 4680 quae
1539 4608 1801 4664 videntur
1825 4609 2148 4680 imbecilles,
2177 4612 2315 4666 dum
2354 4614 2697 4665 coronantur
2717 4626 2786 4664 ex
2814 4609 3049 4679 meritis,
3085 4625 3117 4663 a
3139 4625 3250 4680 quo
3284 4607 3613 4662 efficiuntur
3643 4609 3872 4665 fortes.

460 4708 688 4763 laudem
711 4707 799 4763 sui
827 4706 1120 4762 cumulent
1157 4705 1452 4774 Creatoris,
1480 4707 1742 4762 habendo
1780 4708 1840 4762 in
1865 4708 2009 4762 vasis
2035 4709 2298 4763 ﬁctilibus
2326 4709 2618 4764 thesauros
2645 4707 2770 4762 coeli
2801 4707 3119 4762 reconditos
3164 4724 3176 4762 :
3211 4707 3270 4761 in
3316 4723 3566 4778 quarum
3611 4708 3880 4764 visceri-

459 4805 566 4860 bus
591 4822 722 4860 cum
746 4805 861 4861 suis
888 4805 1092 4860 divitiis
1127 4806 1248 4876 ipse
1289 4806 1409 4861 Rex
1447 4805 1731 4861 habitator
1771 4811 1855 4861 est
1869 4805 2151 4862 Christus.
2186 4808 2320 4871 Quae
2360 4805 2764 4862 mortiﬁcantes
2790 4823 2848 4861 se
2875 4807 3099 4877 saeculo,
3130 4806 3391 4876 despecto
3421 4811 3592 4860 terrae
3609 4823 3882 4864 consor-

458 4904 559 4974 tio,
588 4905 855 4961 defaecato
889 4907 998 4979 [ΑΙ.
1029 4904 1264 4978 deserto]
1298 4906 1498 4961 mundi
1521 4907 1799 4979 contagio,
1831 4926 1946 4962 non
1982 4908 2326 4964 conﬁdentes
2355 4909 2413 4963 in
2438 4908 2677 4978 lubrico,
2707 4925 2825 4963 non
2851 4912 3061 4963 stantes
3095 4908 3154 4961 in
3182 4908 3362 4978 lapsu,
3398 4914 3752 4978 qlizerentes
3786 4912 3878 4966 vi-

462 5019 592 5060 vere
617 5004 752 5074 Deo,
785 5003 855 5058 ad
881 5004 1119 5074 gloriam
1146 5004 1538 5076 Redemptoris
1564 5012 1698 5062 sunt
1722 5008 1996 5078 copulata:
2023 5008 2302 5079 paradiso.
2337 5011 2399 5063 In
2425 5025 2537 5079 quo
2564 5012 2648 5063 est
2672 5008 2882 5079 pariter
2912 5024 3175 5077 numero,
3200 5007 3361 5077 cujus
3387 5007 3517 5062 vitae
3541 5014 3879 5079 praesentis

460 5121 709 5174 cursum,
738 5103 868 5159 licet
895 5119 1152 5158 sermone
1179 5103 1414 5175 privato,
1443 5105 1590 5163 ferre
1615 5108 1955 5164 tentavimus
1982 5108 2041 5162 in
2069 5108 2364 5180 publicum
2399 5126 2410 5163 :
2445 5113 2509 5164 ut
2553 5108 2715 5178 cujus
2741 5113 2824 5164 est
2847 5108 2959 5162 vita
2987 5125 3117 5163 cum
3143 5107 3362 5163 Christo
3387 5106 3446 5160 in
3477 5107 3705 5178 gloria,
3740 5127 3876 5167 me-

460 5205 642 5260 moria
665 5203 838 5259 relata
864 5202 1177 5259 celebretur
1200 5204 1259 5259 in
1288 5207 1524 5262 mundo.

1716 5304 2005 5399 VITA
2084 5305 2576 5401 INCIPIT.

528 5443 584 5494 2.
627 5435 950 5492 Beatissima
985 5436 1164 5509 igitur
1188 5437 1568 5510 Radegundis,
1591 5441 1821 5496 natione
1846 5443 2084 5498 barbara
2108 5456 2161 5530 Ο
2187 5443 2496 5512 barbarica,
2532 5444 2881 5496 Francorum
2921 5441 3148 5496 victoria
3191 5439 3422 5512 regione
3451 5444 3719 5514 vastata,
3750 5449 3879 5503 vice

459 5534 527 5588 de
556 5531 786 5601 regione
812 5530 1119 5604 Thoringa,
1151 5547 1252 5585 avo
1292 5549 1425 5604 rege
1458 5534 1702 5604 Bassino,
1735 5539 1936 5606 patruo
1956 5538 2087 5592 Her—
2190 5537 2487 5592 Israelitica
2516 5537 2632 5591 exit
2659 5540 2714 5590 et
2741 5535 2949 5608 migrat
2973 5536 3042 5590 de
3065 5534 3267 5606 patria.
3309 5536 3465 5590 Tunc
3498 5535 3679 5594 inter
3707 5542 3878 5614 ipsos

459 5625 759 5692 menfrido,
785 5628 948 5696 patre
974 5642 1109 5697 rege
1135 5626 1482 5683 Berethario.
1529 5631 1592 5682 In
1637 5634 1915 5699 quantum
1952 5631 2082 5686 alti-
2185 5631 2421 5687 victores
2445 5632 2606 5702 cujus
2637 5635 2781 5686 esset
2816 5630 2874 5684 in
2916 5629 3107 5701 praeda
3132 5629 3334 5700 regalis
3359 5630 3572 5700 puella,
3618 5633 3701 5691 ﬁt
3726 5655 3873 5694 con-

457 5719 594 5773 tudo
625 5717 815 5771 seaculi
837 5720 1038 5791 tangit,
1068 5718 1224 5789 regio
1249 5720 1318 5774 de
1346 5719 1600 5790 germine
1621 5727 1762 5791 orta,
1785 5724 1929 5779 celsa
1954 5725 2084 5781 licet
2185 5728 2360 5783 tentio
2403 5728 2472 5783 de
2509 5727 2744 5798 captiva.
2778 5728 2844 5781 Et
2889 5725 2995 5780 nisi
3041 5725 3262 5782 reddita
3303 5725 3502 5780 fuisset
3543 5729 3875 5793 transacto

460 5808 700 5877 origine,
741 5808 922 5863 multo
968 5809 1167 5864 celsior
1212 5811 1446 5867 actione.
1494 5814 1626 5876 Quae
1673 5833 1804 5870 cum
1847 5820 2083 5874 summis
2185 5825 2512 5894 certamine,
2535 5826 2594 5880 in
2621 5842 2680 5880 se
2709 5841 2873 5898 reges
2892 5841 3048 5880 arma
3073 5825 3401 5881 movissent.
3430 5826 3575 5890 Quae
3609 5835 3875 5891 veniens

459 5898 571 5951 suis
596 5899 925 5966 parentibus
951 5900 1107 5956 brevi
1127 5905 1421 5962 mansisset
1446 5910 1718 5980 tempore,
1749 5914 2081 5983 tempestate
2183 5917 2242 5972 in
2271 5924 2482 5975 sortem
2506 5919 2757 5992 praecelsi
2786 5919 2937 5991 regis
2959 5920 3228 5978 Chlotarii
3255 5920 3315 5978 in
3347 5921 3867 5989 Veromadensem
