4006 6238
244 349 349 408 653

1563 358 1735 414 VITA.
1778 359 1977 416 LIBER
2024 361 2291 418 PRIMUS.

3501 364 3607 419 654

240 460 410 516 ducta
439 459 659 514 Atteias
689 459 765 532 (a)
798 460 859 514 in
895 460 1028 516 villa
1058 462 1223 534 regia
1247 462 1543 519 nutriendi
1570 480 1742 521 causa
1771 483 1864 521 cu-
1890 486 1949 559 Α
1969 472 2246 525 Inmensa
2263 484 2398 524 vero
2421 466 2771 534 subocculte,
2798 483 2871 521 ne
2893 466 3042 521 forte
3064 470 3509 539 cognosceretur
3529 469 3601 523 ab

234 554 496 608 stodibus
527 556 612 608 est
643 554 939 626 deputata.
975 556 1114 621 Quae
1144 558 1337 628 puella
1363 557 1517 612 inter
1537 559 1649 613 alia
1670 576 1866 631 opera,

234 664 360 719 qua:
375 648 533 701 sexui
555 647 677 719 ejus
696 649 1116 720 congruebant,
1134 650 1342 705 litteris
1366 655 1452 706 est
1480 652 1706 708 erudita
1728 671 1741 709 :
1760 654 1870 708 fre-

235 744 478 813 quenter
498 743 741 814 loquens
765 760 899 798 cum
920 744 1192 815 parvulis,
1211 745 1258 799 si
1275 747 1568 801 conferret
1587 764 1708 802 sors
1731 751 1869 802 tem-

231 835 404 906 poris,
424 839 650 908 martyr
669 837 793 891 ﬁeri
810 838 1063 909 cupiens.
1086 838 1379 894 Indicabat
1392 840 1726 896 adolescens
1740 842 1868 912 jam

231 933 362 984 tunc
383 929 597 986 merita
621 932 954 1000 senectutis,
986 932 1257 988 obtinens
1283 950 1388 1005 pro
1416 938 1579 1006 parte
1613 952 1740 1007 quas
1764 953 1864 1007 pe-

231 1022 335 1078 tiit.
365 1023 628 1095 Denique
656 1024 797 1080 dum
812 1028 963 1080 esset
978 1026 1038 1081 in
1058 1043 1201 1098 pace
1219 1028 1433 1083 ﬂorens
1452 1029 1721 1097 Ecclesia,
1744 1029 1868 1101 ipsa

231 1119 314 1171 est
339 1134 373 1171 a
398 1116 733 1174 domesticis
760 1119 1226 1191 persecutionem
1250 1138 1544 1194 perpessa.
1573 1124 1703 1178 Jam
1730 1128 1868 1179 tunc

231 1209 288 1264 id
329 1226 514 1282 agens
555 1211 862 1281 infantula,
909 1214 1195 1287 quidquid
1245 1215 1351 1271 sibi
1395 1216 1770 1272 remansisset
1804 1218 1866 1273 in

230 1320 463 1372 mensa,
508 1306 761 1361 collectis
801 1308 1074 1379 parvulis,
1133 1310 1331 1363 lavans
1369 1311 1559 1382 capita
1602 1310 1862 1383 singulis,

229 1398 561 1469 compositis
587 1401 821 1473 sellulis,
850 1402 1154 1472 porrigens
1183 1419 1399 1475 aquam
1422 1404 1710 1473 manibus,
1740 1406 1865 1478 ipsa

229 1491 381 1546 cibos
401 1491 711 1561 inferebat,
737 1494 860 1566 ipsa
888 1496 1171 1552 miscebat
1198 1497 1519 1553 infantulis.
1550 1500 1666 1554 Hoc
1687 1499 1864 1554 etiam

228 1586 639 1657 praemeditans
659 1604 790 1643 cum
808 1589 1079 1645 Samuele
1099 1582 1338 1663 parvulo
1361 1592 1569 1647 clerico
1600 1592 1860 1663 gerebat.

227 1679 394 1735 Facta
418 1697 586 1735 cruce
618 1681 810 1752 lignea
834 1684 1199 1754 praecedente
1219 1726 1234 1754 ,
1264 1686 1680 1758 subsequentes
1708 1687 1861 1758 psal-

226 1773 398 1828 lendo
419 1774 495 1828 ad
512 1776 831 1831 oratorium
851 1794 981 1832 cum
1000 1778 1280 1849 gravitate
1300 1783 1530 1835 matura
1551 1780 1719 1835 simul
1738 1797 1867 1852 par-

1971 564 2162 637 aliquo
2184 606 2198 633 ,
2226 566 2361 618 ante
2392 579 2451 617 se
2483 561 2672 634 posito
2701 577 2832 616 cum
2857 560 3153 632 legumine
3179 561 3427 630 ferculo,
3450 561 3602 617 inter

1970 660 2167 730 epulas
2184 674 2411 729 regum,
2436 673 2600 711 more
2626 655 2799 710 trium
2822 671 3159 727 puerorum,
3176 655 3307 710 fava
3323 655 3499 727 [faba]
3513 657 3601 710 vel

1968 752 2240 808 lenticula
2262 749 2679 806 delectabiliter
2703 749 3059 805 vescebatur.
3083 751 3163 803 De
3183 766 3350 805 cursu
3371 749 3449 823 (ἀ)
3467 766 3600 806 vero

1969 845 2353 913 decantando,
2394 845 2501 898 etsi
2540 844 2771 899 sederet
2808 843 2867 897 in
2910 843 3176 915 prandio,
3225 859 3498 898 excusans
3542 860 3601 898 se

1969 938 2093 1010 regi
2124 939 2316 1010 aliquo
2348 954 2501 1008 casu,
2535 940 2599 991 ut
2626 938 2744 991 Deo
2772 935 3043 991 redderet
3065 936 3347 1005 debitum,
3379 953 3439 990 se
3466 936 3597 991 sub-

1969 1032 2218 1089 ducebat
2246 1030 2522 1086 convivio.
2548 1030 2671 1095 Quo
2691 1046 2921 1102 egressa
2949 1029 3193 1085 Domino
3214 1030 3514 1101 psallebat,
3543 1033 3601 1085 et

1967 1126 2188 1182 curiose
2217 1124 2549 1196 requirebat
2568 1124 2721 1197 quali
2751 1124 2877 1180 cibo
2905 1123 3045 1179 foris
3071 1140 3355 1196 pauperes
3375 1124 3601 1180 refecis-

1968 1223 2115 1276 sent.

2038 1342 2089 1393 5.
2122 1338 2266 1391 Item
2290 1336 2574 1389 nocturno
2613 1336 2875 1405 tempore
2898 1376 2912 1401 ,
2950 1350 3080 1389 cum
3124 1333 3434 1389 reclinaret
3466 1350 3596 1389 cum

1966 1430 2243 1503 principe,
2276 1445 2491 1500 rogans
2515 1443 2573 1481 se
2595 1444 2700 1499 pro
2720 1428 2979 1482 humana
2999 1428 3337 1483 necessitate
3359 1445 3593 1483 consur-

1968 1542 2124 1597 gere,
2148 1526 2342 1579 levans
2363 1538 2594 1594 egressa
2612 1521 2891 1589 cubiculo,
2912 1521 3134 1576 tamdiu
3156 1525 3290 1576 ante
3311 1525 3595 1576 secretum

1967 1617 2216 1674 orationi
2246 1615 2615 1671 incumbebat
2631 1615 2852 1685 jactato
2889 1614 3093 1681 cilicio,
3140 1617 3202 1668 ut
3245 1616 3365 1669 solo
3403 1615 3596 1668 calens

1966 1712 2168 1784 spiritu
2175 1712 2397 1782 jaceret
2415 1710 2545 1781 gelu
2562 1710 2887 1780 penetrata,
2902 1710 3024 1762 tota
3038 1722 3209 1762 carne
3226 1710 3594 1779 praemortua:

1967 1823 2085 1862 non
2097 1822 2304 1861 curans
2315 1803 2572 1875 corporis
2584 1804 2875 1858 tormento
2892 1801 3292 1856 mensintenta
3308 1799 3595 1872 paradiso,

228 1867 337 1972 tu,“
364 1869 780 1972 ΡΓΟΡθξδδεηί·
810 1872 879 1925 Et
914 1871 1040 1972 ipsa
1068 1875 1264 1972 ίξυηθη
1293 1890 1423 1928 cum
1459 1879 1743 1972 male?”
1774 1875 1860 1972 Πξ·
1884 1863 1941 1935 Β
1966 1902 2087 1956 leve
2119 1902 2393 1972 reputans
2417 1863 2586 1969 ‘quod
2611 1897 2820 1963 ferret,
2852 1898 3079 1950 tantum
3111 1911 3185 1949 ne
3206 1863 3431 1950 Christo
3457 1863 3593 1949 vile;

227 1959 415 2015 tidans
434 1962 856 2033 pavimentum,
891 1965 1040 2020 circa
1057 1967 1238 2021 altare
1255 1984 1390 2022 vero
1418 1985 1548 2023 cum
1562 1968 1864 2041 facitergio

232 2053 301 2126 (ὁ)
309 2055 609 2125 jacentem
622 2059 918 2129 pulverem
930 2059 1226 2131 colligens,
1240 2060 1381 2116 foris
1395 2078 1528 2116 cum
1541 2063 1865 2118 reverentia

227 2149 599 2218 recondebat,
624 2152 811 2222 potius
832 2169 1009 2224 quam
1033 2155 1325 2225 vergebat.
1351 2155 1538 2220 Quam
1558 2172 1690 2211 cum
1720 2173 1863 2228 prae-

226 2244 439 2313 paratis
470 2245 735 2315 expensis
763 2246 1075 2302 Victoriace
1112 2250 1178 2320 (ο)
1216 2249 1487 2303 voluisset
1521 2266 1620 2305 rex
1648 2250 1859 2322 praedi-

227 2339 346 2391 ctus
370 2338 633 2409 accipere
650 2381 665 2407 ,
687 2356 792 2411 per
814 2341 1150 2397 Beralcham
1183 2343 1254 2397 ab
1288 2344 1509 2398 Atteias
1532 2347 1705 2399 nocte
1731 2361 1862 2400 cum

227 2431 418 2502 paucis
444 2433 644 2505 elapsa
680 2436 785 2489 est.
829 2435 1050 2490 Deinde
1088 2436 1408 2492 Suessionis
1446 2454 1578 2493 cum
1614 2456 1745 2494 eam
1773 2439 1858 2493 di-

226 2524 460 2581 rexisset
483 2530 549 2581 ut
561 2528 826 2598 reginam
852 2529 1122 2600 erigeret,
1140 2530 1363 2586 evitans
1386 2548 1664 2604 pompam
1688 2549 1856 2605 rega-

227 2618 339 2673 lem
370 2636 442 2675 ne
466 2622 677 2677 saeculo
708 2626 1008 2692 cresceret,
1049 2624 1151 2679 sed
1189 2625 1278 2679 cui
1316 2625 1639 2682 debebatur
1663 2630 1722 2681 et
1751 2628 1855 2682 hu-

229 2728 401 2769 mana
430 2715 619 2786 gloria
644 2733 763 2772 non
789 2720 1066 2773 mutatur.

295 2810 347 2862 3.
388 2808 563 2863 Nubit
589 2826 729 2882 ergo
761 2814 995 2867 terreno
1026 2812 1294 2884 principi,
1327 2830 1435 2867 nec
1462 2818 1662 2870 tamen
1692 2831 1855 2885 sepa-

226 2904 346 2956 rata
379 2918 413 2956 a
458 2904 694 2959 caelesti.
736 2907 817 2959 Ac
865 2905 1006 2960 dum
1049 2906 1156 2960 sibi
1204 2907 1535 2963 accessisset
1572 2908 1859 2964 saecularis

227 2998 496 3066 potestas,
525 2997 712 3068 magis
739 3014 915 3070 quam
946 3000 1314 3070 permitteret
1339 3001 1611 3072 dignitas,
1643 3019 1704 3057 se
1731 3004 1859 3073 plus

226 3087 808 3147 inclinavitvoluntas.
831 3092 1075 3148 Subdita
1091 3110 1321 3165 semper
1335 3096 1476 3163 Deo,
1494 3099 1719 3151 sectans
1739 3113 1859 3152 mo-

227 3182 343 3237 nita
366 3184 756 3254 sacerdotum,
789 3187 917 3257 plus
935 3187 1283 3259 participata
1310 3189 1533 3245 Christo
1562 3206 1737 3261 quam
1765 3207 1856 3246 so-

226 3275 369 3332 ciata
397 3278 693 3350 conjugio.
719 3280 821 3335 Illo
852 3297 987 3336 vero
1019 3281 1122 3337 sub
1155 3284 1417 3353 tempore
1445 3286 1738 3339 tentamus
1764 3301 1861 3356 pa-

226 3370 473 3427 tefacere
504 3372 575 3427 de
605 3373 801 3428 multis
834 3391 1018 3446 pauca
1055 3392 1184 3448 qua;
1208 3377 1473 3447 gesserit.
1500 3377 1633 3432 Ideo
1656 3378 1860 3448 juncta

226 3465 486 3537 principi,
531 3466 744 3522 timens
782 3485 856 3522 ne
890 3470 1007 3525 Deo
1047 3470 1441 3542 degradasset,
1485 3488 1616 3527 cum
1652 3472 1857 3527 mundi

226 3559 404 3628 gradu
430 3561 760 3632 proﬁceret,
789 3579 850 3617 se
877 3580 980 3619 sua
1006 3581 1138 3619 cum
1170 3566 1443 3620 facultate
1472 3567 1857 3638 eleemosynm

229 3652 526 3710 dedicavit.
545 3656 692 3710 Nam
706 3673 838 3712 cum
856 3657 963 3712 sibi
978 3658 1197 3731 aliquid
1217 3659 1288 3714 de
1306 3659 1532 3716 tributis
1551 3660 1854 3730 accideret,

232 3760 292 3800 ex
317 3748 590 3803 omnibus
616 3765 744 3821 qua:
769 3751 1063 3807 venissent
1087 3752 1161 3807 ad
1185 3770 1335 3822 eam,
1360 3758 1495 3810 ante
1526 3754 1686 3809 dedit
1709 3754 1857 3810 deci-

225 3855 343 3895 mas
361 3859 541 3915 quam
563 3845 799 3917 recepit.
820 3846 1037 3903 Deinde
1056 3847 1212 3920 quod
1229 3852 1547 3920 supererat,
1566 3852 1857 3905 monaste-

224 3934 316 3989 riis
342 3936 735 4011 dispensabat,
755 3942 814 3994 et
844 3956 956 4012 quo
980 3940 1063 3996 ire
1081 3942 1229 4013 pede
1257 3959 1377 3997 non
1402 3946 1649 4013 poterat,
1672 3947 1855 4025 trans-

224 4028 391 4085 misso
425 4047 676 4088 munere
704 4032 998 4091 circuibat.
1036 4038 1085 4089 A
1126 4036 1286 4107 cujus
1324 4036 1722 4092 muniﬁcentia
1747 4053 1855 4092 nec

224 4119 339 4193 ipse
363 4141 422 4180 se
457 4125 814 4183 abscondere
844 4128 1032 4200 potuit
1054 4130 1334 4199 eremita;
1366 4134 1424 4186 et
1441 4130 1609 4186 sicuti
1634 4148 1707 4186 ne
1729 4147 1855 4202 pre-

223 4222 480 4274 meretur
506 4237 542 4275 a
566 4221 811 4291 sarcina,
841 4223 998 4295 quod
1014 4228 1332 4296 acceperat
1357 4225 1655 4297 erogabat.
1686 4225 1853 4296 Apud

222 4326 389 4381 quam
415 4314 592 4386 egeni
616 4332 725 4371 vox
751 4332 870 4372 non
904 4316 1158 4374 inaniter
1186 4319 1397 4389 sonuit,
1435 4336 1541 4374 nec
1567 4319 1701 4391 ipsa
1720 4334 1852 4374 eam

219 4406 385 4462 surda
411 4410 731 4479 praeteriit:
760 4427 912 4483 saepe
946 4412 1173 4468 donans
1202 4413 1569 4483 indumenta,
1608 4414 1852 4469 credens

220 4498 318 4553 sub
345 4501 540 4573 inopis
570 4507 725 4558 veste
754 4506 963 4561 Christi
992 4507 1258 4563 membra
1292 4524 1351 4563 se
1378 4510 1615 4580 tegere:
1653 4508 1764 4564 hoc
1790 4525 1851 4563 se

1964 1998 2167 2051 sceret.
2184 1993 2321 2048 Inde
2342 2007 2606 2063 regressa
2621 1990 2968 2055 cubiculum,
2988 1990 3077 2042 vix
3090 1987 3349 2059 tepeﬁeri
3370 1991 3598 2059 poterat

1964 2090 2051 2144 vel
2080 2088 2209 2143 foco
2229 2087 2319 2141 vel
2348 2085 2575 2140 lectulo.
2600 2085 2681 2138 De
2706 2099 2820 2154 qua
2840 2082 2963 2152 regi
2986 2081 3284 2137 dicebatur
3302 2082 3518 2137 habere
3536 2097 3596 2135 se

1962 2182 2153 2256 potius
2167 2181 2429 2253 jugalem
2453 2178 2803 2234 monacham
2831 2192 3007 2247 quam
3037 2175 3323 2247 reginam.
3352 2175 3516 2230 Unde
3539 2179 3599 2229 et

1964 2277 2085 2349 ipse
2105 2275 2360 2331 irritatus
2379 2274 2517 2344 [Al.,
2540 2270 2736 2340 tantis]
2759 2286 2864 2341 pro
2884 2268 3053 2324 bonis
3079 2272 3206 2324 erat
3222 2268 3593 2340 asperrimus.

1964 2371 2079 2427 Sed
2108 2370 2205 2424 illa
2228 2385 2331 2440 pro
2364 2369 2526 2438 parte
2567 2364 2793 2432 liniens,
2829 2380 2934 2435 pro
2962 2367 3124 2434 parte
3154 2362 3440 2417 tolerabat
3468 2378 3595 2418 mo-

1964 2465 2125 2520 deste
2152 2462 2304 2518 rixas
2330 2461 2515 2515 illatas
2542 2475 2576 2514 a
2602 2458 2872 2529 conjuge.

2034 2590 2086 2643 6.
2111 2584 2322 2641 Diebus
2347 2598 2482 2638 vero
2506 2578 2980 2651 Quadragesimze
3006 2577 3142 2633 satis
3168 2580 3255 2632 est
3280 2576 3424 2632 scire
3454 2592 3594 2649 qua-

1960 2680 2093 2736 liter
2117 2696 2176 2734 se
2203 2676 2409 2733 retexit
2426 2675 2579 2731 inter
2598 2676 2782 2728 vestes
2804 2671 2993 2743 regias
3025 2670 3394 2743 singulariter
3412 2670 3594 2742 poeni-

1959 2780 2107 2831 tens.
2123 2772 2303 2845 Igitur
2314 2768 2816 2843 appropinquante
2829 2766 2910 2837 jej
2919 2766 3041 2821 unii
3054 2769 3109 2821 te
3118 2781 3344 2837 mpore,
3360 2765 3600 2820 mittens

1961 2869 2035 2925 ad
2047 2866 2379 2940 religiosam
2391 2863 2739 2919 monacham
2754 2878 2790 2915 n
2801 2860 2994 2916 omine
3012 2860 3173 2915 Piam
3188 2858 3248 2913 in
3261 2861 3457 2913 sancto
3469 2874 3598 2930 pro-

1959 2962 2167 3035 posito,
2194 2961 2293 3015 illa
2309 2957 2596 3029 dirigebat
2623 2957 2968 3033 veneranter
2986 2953 3047 3008 in
3072 2952 3256 3008 linteo
3278 2951 3591 3024 sigillatum

1959 3056 2207 3112 cilicium
2230 3071 2243 3109 :
2268 3051 2425 3125 quod
2446 3053 2639 3105 sancta
2664 3048 2911 3103 induens
2928 3047 3003 3102 ad
3033 3063 3257 3118 corpus,
3280 3062 3385 3118 per
3410 3049 3593 3101 totam

1961 3147 2478 3220 Quadragesimam
2505 3144 2702 3198 subter
2720 3146 2873 3196 veste
2896 3140 3058 3212 regia
3075 3140 3222 3195 dulci
3251 3138 3518 3211 portabat
3532 3139 3593 3193 in

1880 3241 1936 3316 C
1962 3243 2198 3300 sarcina.
2232 3237 2554 3296 Transactis
2593 3236 2813 3303 diebus,
2857 3233 3120 3290 similiter
3154 3233 3472 3306 sigillatum
3498 3248 3592 3287 re-

1958 3335 2388 3395 transmittebat
2411 3332 2679 3389 cilicium.
2709 3329 2807 3385 Sin
2840 3334 3036 3384 autem
3062 3344 3161 3382 rex
3185 3327 3432 3394 deesset,
3467 3326 3595 3398 quis

1960 3432 2158 3489 credat
2184 3428 2430 3502 qualiter
2468 3443 2527 3481 se
2563 3423 2810 3481 orationi
2839 3422 3214 3490 diffunderet,
3249 3420 3497 3493 qualiter
3532 3437 3591 3475 se

1957 3533 2239 3598 tanquam
2256 3520 2557 3595 prmsentis
2567 3518 2775 3575 Christi
2788 3516 3031 3589 pedibus
3045 3515 3331 3587 alligaret;
3353 3519 3410 3569 et
3430 3513 3593 3586 quasi

1958 3621 2181 3693 repleta
2208 3615 2443 3683 deliciis,
2482 3612 2561 3668 sic
2588 3614 2764 3683 longo
2788 3609 3013 3682 jejunio
3053 3608 3288 3664 satiaret
3323 3607 3383 3662 in
3408 3608 3590 3680 lacry-

1957 3715 2069 3770 mis
2088 3713 2115 3768 ?
2143 3711 2246 3768 Cui
2273 3710 2541 3781 despecto
2568 3704 2784 3761 ventris
2809 3703 3001 3759 edulio
3021 3701 3277 3758 Christus
3304 3704 3426 3757 tota
3446 3701 3593 3756 refe-

1957 3809 2089 3877 ctio,
2119 3809 2178 3862 et
2198 3807 2323 3860 tota
2349 3803 2534 3858 fames
2562 3801 2688 3855 erat
2706 3798 2765 3852 in
2796 3796 3041 3853 Christo.

2028 3934 2081 3985 7.
2110 3926 2254 3983 Illud
2269 3942 2383 3998 qua
2402 3922 2611 3996 pietate
2630 3918 2947 3994 peragebat
2964 3915 3225 3984 sollicita,
3249 3917 3312 3969 ut
3332 3930 3461 3986 quae
3482 3930 3589 3987 per

1958 4021 2210 4080 oratoria
2224 4020 2315 4075 vel
2337 4019 2463 4074 loca
2481 4012 2833 4071 venerabilia
2858 4014 2981 4067 tota
2999 4013 3167 4065 nocte
3194 4009 3584 4081 perlucerent,

1955 4116 2225 4174 candelas
2255 4112 2370 4169 suis
2400 4109 2668 4167 manibus
2696 4108 2878 4163 factas
2914 4104 3136 4177 jugiter
3171 4101 3589 4158 ministrabat?

1955 4211 2117 4268 Unde
2138 4211 2283 4265 hora
2305 4205 2578 4273 serotina,
2600 4203 2739 4259 dum
2760 4202 2813 4256 ei
2840 4198 3203 4255 nuntiaretur
3225 4196 3409 4265 tarde,
3433 4194 3590 4270 quod

1956 4323 2085 4363 eam
2114 4304 2189 4361 ad
2213 4317 2479 4359 mensam
2518 4315 2618 4353 rex
2658 4297 2945 4370 quaereret
2968 4336 2981 4363 ,
3015 4291 3164 4349 circa
3196 4308 3291 4346 res
3315 4290 3416 4346 Dei
3447 4290 3586 4345 dum

1956 4399 2275 4472 satagebat,
2305 4396 2455 4451 rixas
2493 4391 2748 4448 habebat
2785 4408 2818 4445 a
2852 4388 3119 4459 conjuge,
3156 4386 3238 4439 ita
3279 4388 3343 4439 ut
3373 4384 3588 4439 vicibus

1954 4492 2151 4551 multis
2187 4490 2452 4564 princeps
2489 4503 2593 4559 per
2635 4499 2881 4541 munera
2925 4479 3300 4546 satisfaceret,
3341 4477 3497 4549 quod
3532 4477 3586 4532 ei

224 4599 496 4666 reputans
510 4598 757 4670 perdere
776 4599 1059 4673 quidquid
1078 4604 1426 4675 pauperibus
1446 4620 1564 4658 non
1581 4602 1849 4659 dedisset.
1872 4620 1932 4694 D
1954 4606 2059 4664 Per
2083 4588 2344 4677 linguam
2370 4582 2680 4656 Peccasset-

288 4688 340 4743 4.
370 4690 576 4747 Adhuc
597 4693 858 4750 animum
884 4694 1129 4751 tendens
1148 4696 1223 4752 ad
1248 4713 1390 4768 opus
1415 4697 1850 4768 misericordias,

222 4780 433 4839 Atteias
466 4785 707 4842 domum
733 4788 981 4858 instruit,
1007 4790 1103 4845 ubi
1129 4790 1290 4845 lectis
1316 4792 1464 4847 culte
1497 4792 1851 4863 compositis,

225 4881 586 4951 congregatis
614 4882 817 4953 egenis
837 4883 1088 4953 feminis,
1116 4885 1241 4957 ipsa
1269 4902 1366 4940 eas
1391 4887 1589 4941 lavans
1614 4886 1674 4940 in
1696 4887 1850 4941 ther-

222 4969 344 5040 mis,
370 4974 825 5049 morborumque
848 4995 1058 5033 curans
1085 4980 1441 5051 putredines.
1467 4981 1736 5037 Virorum
1759 4998 1853 5036 ca-

225 5063 340 5133 pita
355 5066 601 5139 diluens,
624 5070 1013 5128 ministerium
1032 5074 1270 5144 faciens,
1288 5091 1432 5148 quos
1455 5079 1589 5132 ante
1609 5077 1850 5145 lavarat,

225 5157 436 5216 eisdem
464 5180 565 5219 sua
582 5181 761 5220 manu
777 5158 1076 5238 miscebat,
1101 5172 1163 5224 ut
1178 5172 1358 5226 fessos
1379 5171 1450 5226 de
1473 5171 1680 5227 sudore
1705 5185 1854 5225 sum-

225 5254 320 5322 pta
340 5256 497 5325 potio
518 5265 827 5316 recrearet.
853 5261 945 5318 Sic
966 5263 1172 5319 devota
1188 5266 1409 5321 femina
1434 5268 1571 5321 nata
1592 5269 1651 5321 et
1673 5267 1855 5336 nupta

226 5348 444 5418 regina,
463 5352 661 5423 palatii
680 5354 937 5424 domina,
956 5359 1306 5429 pauperibus
1323 5361 1599 5415 servierat
1622 5358 1852 5415 ancilla.

296 5459 604 5554 (51;)‘Atteia,
643 5466 857 5533 Athiés,
888 5468 950 5522 in
983 5470 1403 5551 Yeromanduis
1439 5472 1511 5528 ad
1551 5472 1855 5554 Suminam

227 5527 434 5615 flumen
466 5527 600 5615 erat
620 5554 687 5615 ex
716 5527 919 5615 eorum
944 5541 1204 5615 vicorum
1252 5560 1513 5611 numero,
1547 5527 1692 5615 quos
1719 5544 1855 5614 quia

226 5600 556 5689 ﬁscilerant,
579 5611 749 5689 vulgo
778 5612 1351 5689 vill_as_public_as_a_ut
1375 5600 1848 5689 regias‘appe‘lla-

226 5669 378 5801 ἓξὲξ
407 5678 487 5734 uti
512 5669 834 5738 Hadrianus
865 5669 1118 5739 Valesius
1142 5686 1201 5740 in
1230 5686 1367 5741 Hist.
1402 5669 1500 5742 lib.
1528 5669 1848 5741 xx1‘o‘bser-

330 5764 347 5801 1
377 5790 389 5801 .

229 5757 389 5802 νεινιι.

232 5817 779 5961 teligatb‘acitergium
809 5842 914 5898 pro
956 5827 1210 5896 sudario,
1246 5829 1403 5901 quod
1436 5828 1609 5887 faciei
1657 5825 1857 5883 sordes

301 5959 363 6035 (ὃ)
383 5966 466 6023 Al.
494 5969 765 6040 Victoriae,
789 5970 1093 6025 vernacule
1133 5973 1312 6042 Vitry,
1335 5972 1395 6026 in
1418 5972 1613 6046 Belgio
1635 5968 1859 6025 duobus

2024 4704 2076 4758 8.
2099 4699 2187 4756 Ad
2210 4697 2370 4769 cujus
2398 4693 2736 4767 opinionem
2764 4688 2809 4743 si
2838 4686 2966 4759 quis
2991 4698 3287 4740 servorum
3315 4679 3418 4737 Dei
3436 4677 3587 4735 visus

1956 4796 2156 4853 fuisset
2177 4793 2267 4848 vel
2295 4807 2401 4864 per
2426 4806 2486 4844 se
2514 4787 2603 4841 vel
2634 4786 2779 4858 [Sun
2806 4782 2967 4839 addit
2993 4796 3098 4852 per
3126 4776 3325 4848 alium]
3355 4779 3588 4837 vocatus

1958 4904 2278 4956 occurrere,
2306 4885 2529 4940 videres
2546 4881 2730 4947 illam,
2753 4876 3041 4933 ccelestem
3065 4873 3278 4929 habere
3302 4869 3585 4937 laetitiam;

1957 4992 2016 5043 et
2042 4986 2188 5041 hora
2207 4980 2391 5038 noctis
2408 4991 2642 5033 recursa
2662 4990 2793 5029 cum
2814 4968 3011 5044 paucis
3033 4983 3282 5041 pergens
3299 4969 3358 5021 et
3373 4962 3590 5020 intimis

1957 5098 2061 5154 per
2081 5079 2297 5144 nivem,
2318 5076 2528 5139 lutum,
2544 5070 2632 5124 vel
2650 5069 2969 5141 pulverem,
2991 5080 3143 5160 aqua
3163 5059 3349 5160 calida
3363 5061 3587 5160 parata,

1955 5177 2082 5249 ipsa
2106 5171 2337 5228 lavabat
2358 5172 2416 5223 et
2433 5163 2699 5237 tergebat
2717 5157 3035 5252 venerandi
3051 5155 3294 5227 vestigia
3312 5168 3428 5252 pec
3445 5155 3584 5252 tesi:

1958 5244 2145 5325 stente
2177 5280 2339 5321 servo
2373 5260 2475 5317 Dei
2508 5263 2565 5314 et
2593 5254 2944 5331 propinabat
2972 5251 3032 5307 in
3058 5253 3279 5322 patera.
3309 5244 3586 5316 Sequenti

1959 5362 2072 5429 die,
2092 5374 2289 5415 curam
2311 5356 2520 5411 domus
2540 5349 2910 5408 committens
2929 5340 3261 5407 creditariis,
3284 5337 3410 5409 ipsa
3428 5351 3488 5390 se
3506 5337 3589 5389 to‘

1957 5473 2135 5533 leucis
2160 5489 2194 5527 a
2213 5472 2435 5527 Duaco:
2468 5466 2565 5522 ubi
2595 5462 2915 5539 Sigibertus
2947 5471 3046 5539 rex
3074 5444 3583 5539 instinctuzii‘redq-

2043 5524 2412 5601 Iridisﬂdccisus
2433 5542 2537 5595 est.
2564 5524 2730 5591 Aliud
2758 5535 2845 5587 est
2865 5524 3126 5604 ejusdem
3148 5524 3397 5577 nominis
3423 5524 3587 5604 oppi-

2043 5565 2169 5601 l'ltllS
2195 5565 2412 5599 ocelsus
2433 5565 2537 5621 6:35.
2564 5565 2730 5591 tuiuu
2758 5565 2845 5587 σοι,
2865 5565 2914 5598 υδ
2925 5565 3126 5604 “Juv-1:
3148 5565 3396 5577 ..ν-μμ.--
3427 5565 3558 5641 ,Ἑτ-

1961 5565 2101 5675 g‘dm
2131 5617 2191 5671 in
2212 5618 2548 5684 Campania,
2588 5605 2688 5661 sed
2707 5609 2845 5658 tunc
2866 5595 3159 5684 Chlprtayp
3169 5589 3585 5684 jngnparenf.

2133 5659 2561 5743 sive
2589 5659 2783 5762 cursus
2807 5684 2915 5762 prq
2934 5659 3585 5762 αξξεἱίἷέἶὲ-

2002 5742 2472 5818 οἶίὃῨΤιιινοηθηεί
2509 5754 2567 5804 et
2609 5744 2918 5801 Fortunato
2958 5750 3078 5817 non
3120 5748 3254 5814 raro
3302 5742 3593 5852 usurparii

2003 5834 2168 5852 unua-
2216 5834 2293 5852 --Α
2319 5827 2374 5852 ε..
2413 5823 2533 5852 van
2565 5814 2742 5852 agnati
2786 5813 3053 5852 Harman!
3083 5818 3254 5852 enlsc.
3300 5802 3484 5852 Paris.
3513 5813 3548 5852 8.

2002 5779 2123 5818 ΟΙῚΟ
2164 5779 2472 5815 luroneusi
2509 5779 2567 5804 cu.
2611 5779 2916 5801 ruuuuuw
2960 5779 3078 5817 ...τ-
3122 5779 3250 5814 -._.--
3308 5779 3536 5813 Μήνη

1959 5779 2176 5889 dictum
2211 5834 2296 5885 est
2319 5827 2379 5881 in
2413 5823 2538 5877 Vita
2565 5814 2747 5892 sancti
2782 5802 3548 5892 GCWantCBtscinyé-llsgg

1962 5873 2585 5959 3311?.“isfiié'éahiare
2615 5886 2707 5941 hic
2742 5889 2799 5939 et
2815 5878 2945 5936 alibi
2978 5873 3195 5949 passim
3224 5886 3328 5945 pro
3355 5873 3590 5927 recitare

1962 5974 2221 6031 sumitur.
