4006 6238
345 361 449 422 655

1333 365 1586 421 SANCTA
1624 363 2067 434 RADEGUNDIS,
2109 357 2357 422 REGINA
2395 366 2721 422 FBANCLE.

3603 361 3709 418 656

343 479 465 529 tam
498 472 812 544 occupabat
831 472 980 528 circa
1001 472 1104 526 viri
1114 472 1251 543 justi
1272 473 1472 538 verba,
1492 471 1640 527 circa
1658 474 1854 528 salutis
1881 474 1971 528 in-
1997 487 2056 558 Α
2078 479 2236 545 geret
2246 475 2609 530 monacham.
2623 473 2823 529 Adhuc
2838 473 3072 529 beatum
3090 471 3278 528 virum
3296 472 3712 544 perturbabant

347 567 562 634 stituta,
582 571 639 620 et
655 567 804 622 circa
826 566 1194 638 adipiscenda
1212 566 1341 620 vitae
1363 567 1603 620 caelestis
1624 568 1974 622 commercia

343 663 742 717 retentabatur
785 680 890 734 per
933 663 1075 716 dies.
1120 663 1189 715 Et
1228 662 1271 714 si
1315 662 1564 718 venisset
1603 663 1878 734 pontifex,
1913 663 1972 717 iu

344 761 578 827 aspectu
592 757 640 827 ej
651 756 1138 823 uslaetiﬁcabatur,
1155 760 1212 822 et
1225 761 1664 812 remuneratum
1678 757 1974 812 relaxabat

343 850 468 921 ipsa
492 850 670 918 tristis
697 850 769 903 ad
794 848 1046 920 propria.

415 947 466 998 9.
507 943 646 997 Illud
679 958 906 1013 quoque
946 958 1118 1012 quam
1155 942 1473 1013 prudenter
1511 946 1698 998 totum
1733 962 1835 1015 pro
1870 961 1974 998 sua

341 1038 521 1091 salute
545 1035 883 1106 providebat
911 1036 1283 1105 impendere:
1319 1037 1543 1108 quoties
1566 1038 1727 1108 quasi
1761 1039 1974 1092 mafor-

340 1135 460 1184 tem
483 1129 784 1201 (aXnovum
805 1129 1024 1182 lincum
1044 1130 1346 1197 sabanum,
1362 1148 1502 1185 auro
1524 1133 1613 1185 vel
1630 1131 1874 1202 gemmis
1886 1148 1972 1185 or-

342 1229 540 1278 natum
560 1239 722 1277 more
744 1222 1022 1277 vestiebat
1043 1223 1113 1277 de
1131 1224 1399 1292 barbaro,
1420 1241 1453 1278 a
1470 1225 1974 1280 circumstantibus

338 1317 539 1387 puellis
559 1315 606 1369 si
623 1316 959 1371 laudaretur
980 1317 1459 1387 pulcherrimum,
1481 1317 1783 1387 indignam
1805 1334 1863 1371 se
1877 1298 1973 1371 aii-

332 1409 598 1481 judicans
619 1410 718 1464 tali
739 1410 1010 1480 componi
1031 1410 1290 1478 linteolo,
1315 1428 1447 1465 mox
1477 1427 1690 1464 exuens
1712 1428 1770 1465 se
1801 1411 1967 1465 vesti-

340 1509 541 1559 mento
563 1503 990 1575 dirigebatloco
1008 1508 1227 1572 sancto,
1257 1505 1516 1575 quisquis
1537 1506 1756 1558 essetin
1783 1505 1968 1575 proxi-

338 1614 456 1665 mo,
490 1601 548 1650 et
579 1613 683 1668 pro
715 1598 867 1667 palla
890 1598 1212 1667 ponebatur
1241 1597 1498 1652 divinum
1536 1615 1708 1669 super
1733 1599 1932 1652 altare.

413 1694 498 1746 10.
533 1690 788 1755 Qualiter
813 1707 947 1744 vero
979 1690 1024 1744 si
1055 1691 1180 1761 quis
1218 1708 1322 1761 pro
1351 1692 1520 1762 culpa
1557 1691 1875 1761 criminali,
1909 1694 1972 1744 ut

339 1785 568 1851 assolet,
596 1802 630 1838 a
653 1800 791 1855 rege
817 1784 1203 1854 deputabatur
1225 1784 1474 1840 interﬁci
1501 1785 1859 1840 sanctissima
1876 1801 1966 1838 re-

2073 585 2340 640 proceres
2365 574 2421 623 et
2440 585 2541 640 per
2568 568 2859 623 basilicam
2890 568 3136 638 graviter
3160 566 3230 620 ab
3257 567 3418 621 altari
3445 566 3701 620 retrahe-

2073 662 2228 730 bant,
2259 679 2332 717 ne
2361 663 2575 717 velaret
2610 662 2732 733 regi
2773 662 3163 732 conjunctam,
3204 677 3276 715 ne
3301 661 3588 715 videretur
3615 675 3707 712 sa-

2074 772 2136 810 ce
2163 756 2282 811 doti
2306 761 2370 811 ut
2394 758 2769 827 praesumeret
2803 755 3046 826 principi
3083 755 3394 809 subducere
3420 754 3706 824 reginam,

2072 866 2190 904 non
2224 849 2608 921 publicanam,
2642 849 2740 904 sed
2774 849 3061 920 publicam
3097 849 3179 918 (Id
3214 853 3308 911 est,
3347 848 3570 918 publice
3607 863 3708 901 seu

2073 944 2401 999 solemniter
2418 943 2698 1014 nuptam).
2720 944 2840 1007 Quo
2861 943 3209 997 sanctissima
3223 942 3472 1013 cognito,
3486 941 3708 994 intrans

2075 1037 2134 1091 in
2159 1038 2487 1106 sacrarium,
2508 1037 2870 1091 monarchica
2890 1041 3041 1091 veste
3067 1035 3342 1104 induitur,
3365 1034 3619 1106 procedit
3634 1033 3706 1087 ad

2072 1132 2267 1201 altare,
2295 1130 2685 1186 beatissimum
2718 1130 3046 1185 Medardum
3073 1130 3160 1184 his
3187 1129 3371 1183 verbis
3397 1127 3710 1198 alloquitur

2073 1225 2296 1280 dicens:
2320 1224 2374 1279 Si
2394 1241 2487 1280 me
2509 1240 2836 1279 consecrare
2855 1223 3154 1289 distuleris,
3186 1225 3243 1278 et
3258 1223 3382 1293 plus
3409 1221 3708 1276 hominem

2072 1335 2246 1390 quam
2280 1320 2458 1372 Deum
2485 1317 2745 1372 timueris
2767 1359 2780 1386 ,
2811 1318 2880 1372 de
2920 1333 3097 1370 manu
3136 1321 3232 1370 tua
3257 1333 3290 1369 a
3323 1320 3549 1386 pastore
3586 1314 3707 1367 ovis

2071 1411 2262 1466 anima
2286 1411 2626 1482 requiratur.
2661 1412 2781 1475 Quo
2817 1411 2912 1465 ille
2949 1409 3368 1468 contestationis
3403 1424 3706 1462 concussus

2071 1505 2344 1570 tonitruo,
2363 1521 2537 1558 manu
2553 1505 2923 1575 superposita,
2940 1503 3283 1559 consecravit
3303 1502 3702 1570 diaconam](c).

2146 1601 2232 1654 13.
2260 1600 2384 1654 Mox
2412 1598 2815 1652 indumentum
2853 1598 3043 1652 nobile
3072 1614 3184 1669 quo
3211 1595 3584 1651 celeberrima
3613 1595 3705 1648 die

2071 1692 2284 1746 solebat
2315 1709 2525 1764 pompa
2561 1692 2867 1746 comitante
2907 1692 3105 1762 regina
3147 1690 3490 1762 procedere,
3534 1693 3707 1743 exuta

2069 1786 2230 1855 ponit
2249 1785 2310 1838 in
2325 1785 2518 1854 altare,
2543 1785 2769 1846 blattas,
2789 1789 3189 1856 gemmataque
3205 1787 3536 1838 ornamenta
3560 1782 3700 1852 [Al.,

338 1879 477 1950 gina
497 1878 852 1933 moriebatur
876 1877 1150 1946 cruciatu,
1175 1895 1248 1931 ne
1267 1878 1600 1949 designatus
1627 1896 1758 1934 reus
1785 1895 1970 1933 more—
1990 1860 2047 1932 Β
2069 1879 2278 1948 blattis,
2305 1879 2549 1950 gemmis
2567 1877 2936 1950 ornamentis]
2961 1895 2974 1933 :
2994 1895 3247 1934 mensam
3269 1877 3474 1931 divina:
3501 1874 3705 1946 gloria:

336 1977 496 2027 retur
509 1972 566 2026 in
580 1971 772 2042 gladio
798 1972 809 2026 l
833 1971 876 2034 Ο
886 1971 996 2024 uali
1004 1975 1090 2025 ter
1103 1972 1483 2026 concursabat
1497 1989 1603 2042 per
1616 1971 1968 2026 domesticos

335 2065 536 2119 fideles
553 2065 865 2119 servientes
891 2069 950 2119 et
975 2081 1263 2134 proceres,
1287 2081 1534 2136 quorum
1554 2066 1971 2120 blandimentis

335 2159 627 2214 mulcebat
657 2158 916 2213 animum
943 2158 1236 2230 principis,
1262 2159 1447 2213 donec
1469 2159 1527 2212 in
1547 2159 1671 2230 ipsa
1691 2159 1776 2214 ira
1791 2160 1965 2230 regis,

336 2253 490 2307 unde
521 2255 879 2328 processerat
901 2268 1024 2307 sors
1055 2253 1280 2321 mortis,
1305 2253 1440 2308 inde
1471 2257 1728 2308 curreret
1749 2270 1854 2308 vox
1885 2270 1969 2309 sa-

333 2347 467 2402 lutis
487 2347 499 2402 !

408 2445 493 2495 11.
521 2439 616 2494 His
641 2439 816 2510 igitur
845 2438 1030 2493 beatis
1059 2439 1277 2493 actibus
1308 2445 1649 2510 occupatam
1676 2440 1967 2494 intantum

332 2533 593 2607 provexit
613 2533 804 2586 divina
820 2533 1148 2600 clementia,
1173 2535 1237 2586 ut
1257 2533 1432 2587 etiam
1461 2533 1646 2588 adhuc
1675 2535 1731 2587 in
1755 2534 1966 2604 palatio

330 2628 478 2684 laica
507 2626 751 2682 Domino
779 2626 1060 2696 largiente
1091 2626 1524 2681 declararentur
1554 2645 1658 2698 per
1690 2644 1820 2682 eam
1857 2627 1962 2681 mi-

333 2722 546 2776 racula.
569 2721 828 2791 Denique
848 2721 906 2773 in
925 2722 1191 2774 Perunna
1219 2719 1489 2793 [Peranna]
1513 2721 1642 2775 villa
1654 2727 1782 2792 post
1800 2738 1969 2792 pran-

334 2816 494 2870 diiun
522 2815 660 2869 dum
699 2815 1026 2869 ambularet
1069 2830 1171 2884 per
1205 2813 1440 2868 hortum
1473 2815 1854 2882 sanctissima,
1885 2815 1966 2869 rei

333 2909 542 2963 retrusi
571 2925 674 2980 pro
706 2907 950 2963 crimine
972 2907 1222 2961 succurri
1252 2907 1358 2962 sibi
1380 2909 1730 2977 clamabant,
1757 2909 1963 2964 vocife-

332 3006 528 3058 rantes
558 3002 628 3056 de
649 3018 896 3057 carcere.
921 3004 1046 3072 Ipsa
1068 3001 1208 3071 quid
1231 3007 1381 3056 esset
1409 3001 1734 3073 interrogat
1757 3020 1770 3058 :
1800 3020 1963 3056 men-

333 3097 555 3151 tiuntur
584 3095 853 3164 ministri,
884 3095 1040 3166 quod
1065 3094 1466 3150 mendicorum
1493 3097 1662 3150 turba
1684 3101 1970 3167 quaereret

2068 1977 2153 2028 tot
2189 1972 2349 2027 donis
2377 1977 2574 2027 onerat
2608 1989 2712 2044 per
2741 1973 3042 2027 honorem.
3074 1971 3377 2042 Cingulum
3405 1969 3530 2023 auri
3555 1984 3704 2039 pon-

2070 2067 2331 2122 deratum
2351 2066 2595 2121 fractum
2612 2067 2707 2122 dat
2725 2068 2783 2121 in
2803 2083 2944 2138 Opus
2961 2081 3302 2137 pauperum.
3324 2063 3598 2119 Similiter
3616 2078 3706 2116 ac-

2069 2161 2271 2216 cedens
2297 2161 2366 2215 ad
2396 2161 2593 2215 cellam
2627 2161 2800 2216 sancti
2824 2159 3087 2226 Jumeris,
3117 2159 3208 2213 die
3235 2175 3352 2212 uno
3380 2173 3493 2229 quo
3523 2172 3580 2210 se
3608 2172 3698 2209 or-

2068 2255 2238 2309 nabat
2272 2254 2406 2309 felix
2445 2255 2683 2326 regina,
2727 2255 3034 2326 composito
3091 2268 3354 2309 sermone
3403 2256 3464 2306 ut
3505 2252 3706 2322 loquar

2067 2348 2328 2418 barbaro,
2385 2348 2703 2420 stapionem
2745 2349 2840 2420 (d),
2883 2349 3137 2418 camisas,
3186 2345 3458 2415 manicas,
3497 2345 3701 2412 cofeas,

2068 2441 2288 2512 ﬁbulas,
2319 2446 2520 2497 cuncta
2545 2458 2704 2512 auro,
2735 2442 2996 2513 quaedam
3025 2441 3266 2512 gemmis
3286 2443 3575 2509 exornata,
3599 2454 3706 2510 per

2067 2535 2345 2590 circulum
2391 2536 2495 2590 sibi
2539 2537 2837 2606 profutura
2879 2539 3071 2590 sancto
3120 2534 3292 2589 tradit
3341 2533 3524 2588 altari.
3570 2532 3703 2586 [nde

2066 2630 2377 2700 procedens
2412 2629 2482 2684 ad
2521 2630 2720 2684 cellam
2763 2628 3094 2685 venerabilis
3131 2628 3419 2694 Datdonis,
3459 2627 3550 2682 die
3589 2642 3704 2696 qua.

2068 2723 2264 2778 debuit
2298 2723 2485 2778 ornari
2513 2728 2850 2795 praastanter
2883 2723 2943 2777 in
2981 2722 3206 2790 saeculo,
3237 2721 3516 2794 quidquid
3541 2719 3704 2775 indui

2067 2822 2312 2888 poterat,
2340 2834 2512 2873 censu
2537 2818 2709 2873 divite
2740 2817 2973 2887 femina,
3003 2817 3205 2871 abbate
3230 2820 3589 2871 remunerate
3616 2817 3699 2868 to-

2067 2914 2191 2965 tum
2217 2911 2371 2966 dedit
2404 2911 2677 2966 coenobio.
2709 2911 2963 2982 [Equiter
3007 2909 3306 2981 [similiter]
3348 2909 3525 2963 sancti
3551 2909 3702 2963 Gun-

2069 3003 2236 3073 dulﬁ,
2277 3008 2403 3074 post
2437 3004 2569 3058 facti
2601 3004 2782 3059 Mettis
2827 3003 3072 3075 episcopi
3111 3003 3172 3073 (e)
3209 3018 3508 3073 progressa
3544 3016 3703 3055 rece-

2067 3099 2294 3168 ptaculo
2319 3140 2333 3167 ,
2388 3115 2503 3153 non
2548 3098 2768 3153 minore
2813 3097 3074 3152 laboratu
3130 3095 3444 3151 nobilitavit
3493 3095 3701 3166 Synar-

335 3191 787 3266 eleemosynam.
815 3189 1068 3244 Credens
1086 3188 1193 3242 hoc
1212 3188 1311 3256 illa
1333 3190 1672 3244 transmittit
1690 3208 1802 3261 quo
1825 3190 1970 3244 indi-
1988 3233 2043 3308 Ο
2071 3190 2230 3262 gium
2263 3192 2352 3263 (f).

337 3283 505 3308 .....‘L..a.
538 3283 727 3308 :..,...:-
786 3284 1005 3308 ῐηιλκλη
1043 3298 1067 3308 η
1104 3281 1289 3308 ζημιζηη
1320 3284 1748 3308 ,ΛΜ-λιι--..ι.-..
1777 3288 1964 3308 1.-----
2147 3289 2162 3308 ι
2185 3287 2200 3308 z
2267 3285 2352 3308 ru-

334 3283 511 3354 gebat
538 3283 753 3353 in0pia.
785 3284 1012 3336 Interea
1040 3298 1074 3334 a
1097 3281 1290 3350 judice
1317 3284 1748 3354 compelluntur
1777 3288 1966 3338 tacere

337 3377 436 3448 qui
459 3376 810 3431 tenebantur
835 3376 894 3430 in
917 3378 1216 3449 compede.
1246 3379 1387 3432 Cum
1407 3394 1541 3432 vero
1569 3395 1680 3432 nox
1708 3394 1970 3448 superve-

337 3471 534 3537 nisset,
566 3469 704 3523 dum
736 3470 844 3523 sibi
863 3487 1093 3525 cursum
1123 3471 1360 3538 diceret,
1394 3471 1588 3525 fractis
1610 3471 1847 3525 vinculis
1878 3488 1966 3525 so-

2144 3287 2229 3340 14.
2266 3285 2408 3340 Hinc
2436 3286 2584 3341 felici
2621 3285 2847 3356 navigio
2872 3283 3111 3338 Turonis
3136 3282 3373 3354 appulsa
3406 3298 3537 3354 qua:
3564 3299 3701 3353 sup-

2068 3379 2222 3450 pleat
2251 3380 2598 3451 eloquentia,
2628 3384 2906 3451 quantum
2945 3376 3271 3446 officiosam,
3310 3382 3703 3447 quantumque

2071 3490 2129 3528 se
2166 3475 2504 3529 monstravit
2531 3473 2861 3529 muniﬁcam
2882 3473 2910 3526 τ
2937 3471 3088 3535 Quid
3125 3469 3302 3542 egerit
3337 3469 3485 3524 circa
3525 3469 3707 3524 sancti

332 3563 440 3618 luti
466 3567 772 3618 occurrunt
801 3567 1012 3618 sanctae
1035 3565 1105 3619 de
1137 3581 1386 3620 carcere.
1421 3565 1544 3629 Quo
1578 3565 1810 3636 cognito
1841 3582 1970 3619 reos
2069 3568 2292 3623 Martini
2342 3568 2516 3638 atria,
2567 3567 2810 3639 templa,
2856 3565 3177 3633 basilicam,
3227 3563 3398 3633 ﬂens,
3445 3563 3711 3634 lacrymis

336 3674 395 3711 se
415 3657 682 3712 viderunt
701 3657 797 3728 qui
817 3658 1003 3712 beatae
1024 3658 1254 3714 mentiti
1277 3661 1428 3726 sunt,
1463 3658 1602 3714 dum
1627 3659 1724 3730 qui
1746 3658 1830 3714 rei
1850 3660 1968 3713 fue-
2072 3661 2350 3732 insatiata,
2392 3661 2619 3733 singula
2647 3661 2842 3732 jacens
2882 3675 2986 3731 per
3026 3658 3242 3728 limina,
3283 3657 3384 3712 ubi
3420 3657 3592 3711 missa
3615 3674 3710 3713 re-

337 3754 472 3806 rant
495 3751 566 3806 de
588 3751 805 3806 catenis
831 3752 1000 3806 soluti
1031 3756 1180 3806 sunt.
2072 3760 2263 3810 vocata
2306 3756 2397 3826 (g),
2439 3755 2685 3810 vestibus
2725 3759 2782 3810 et
2819 3755 3184 3822 ornamento,
3227 3768 3342 3824 quo
3379 3767 3438 3807 se
3486 3751 3712 3807 clariori

411 3849 496 3900 12.
525 3847 592 3899 Et
621 3846 896 3916 quoniam
928 3846 1264 3916 frequenter
1299 3847 1493 3917 aliqua
1529 3845 1849 3914 occasione,
1883 3845 1968 3899 di-
2072 3849 2228 3904 cultu
2279 3848 2492 3902 solebat
2545 3849 2694 3902 ferre
2737 3847 2798 3901 in
2837 3846 3048 3917 palatio
3073 3887 3086 3911 ,
3149 3861 3372 3900 sacrum
3419 3844 3715 3916 componit

335 3938 576 3994 vinitate
604 3942 1000 4009 prosperante,
1019 3956 1181 3993 casus
1202 3939 1354 3994 cedit
1374 3940 1446 3994 ad
1466 3939 1733 4007 salutem,
1764 3943 1827 3993 ut
1850 3940 1973 3994 haec
2071 3943 2269 3997 altare.
2302 3941 2442 3997 Hinc
2471 3958 2603 3996 cum
2627 3941 2685 3995 in
2705 3940 2893 3995 vicum
2911 3939 3318 3994 Condatensem
3345 3937 3560 4010 [Condé]
3574 3981 3588 4008 ,
3608 3938 3710 3993 ubi

337 4031 664 4103 religiosius
682 4031 916 4098 viveret,
941 4031 1118 4086 frater
1136 4033 1478 4087 interﬁcitur
1504 4032 1847 4087 innocenter
1869 4032 1973 4102 [in-
2075 4035 2351 4107 gloriosus
2379 4035 2465 4090 vir
2493 4035 2758 4091 Martinus
2795 4038 2852 4089 et
2877 4033 3089 4088 Christi
3119 4032 3250 4088 satis
3275 4031 3512 4086 intimus
3539 4048 3707 4087 sena-

340 4125 576 4195 nocens]
597 4124 691 4196 (b).
712 4124 938 4179 Directa
964 4124 1138 4197 igitur
1159 4144 1193 4181 a
1218 4143 1357 4198 rege
1385 4126 1622 4181 veniens
1643 4127 1716 4181 ad
1736 4127 1972 4180 beatum
2074 4135 2163 4184 tor
2190 4129 2456 4201 migravit
2483 4129 2552 4184 de
2583 4128 2810 4197 saeculo,
2839 4127 3043 4181 ancilla
3084 4125 3311 4181 Domini
3333 4125 3709 4197 pervenisset,

339 4217 675 4275 Medardum
697 4218 1068 4289 Noviomago,
1089 4221 1369 4292 supplicat
1388 4221 1692 4287 instanter,
1710 4225 1771 4274 ut
1789 4220 1973 4290 ipsam

340 4316 566 4369 mutata
590 4317 743 4368 veste
761 4312 1007 4368 Domino
1022 4317 1403 4368 consecraret.
1421 4314 1533 4369 Sed
1546 4330 1775 4368 memor
1788 4314 1975 4368 dicen-

2075 4222 2229 4278 dedit
2251 4241 2366 4278 non
2392 4223 2678 4289 inferiora,
2712 4221 2936 4276 Domini
2965 4236 3220 4276 crescens
3247 4219 3307 4274 in
3338 4219 3536 4290 gratia.

2151 4320 2213 4371 15
2241 4317 2379 4372 Hinc
2420 4333 2550 4371 cum
2582 4316 2642 4370 in
2682 4315 2813 4369 villa
2846 4315 3075 4370 Suaadas
3112 4312 3253 4386 [Suis
3283 4313 3435 4368 inter
3457 4313 3715 4368 Turones

344 4409 416 4462 tis
446 4407 725 4479 apostoli:
764 4407 823 4462 Si
857 4423 970 4478 qua
1005 4407 1185 4479 ligata
1220 4408 1292 4462 sit
1323 4407 1577 4479 conjugi,
1607 4425 1723 4463 non
1755 4411 1977 4479 quaerat
2076 4415 2131 4466 et
2154 4410 2427 4482 Pictones]
2448 4410 2672 4465 Pictavo
2686 4408 2969 4464 territorio
2983 4409 3151 4479 juxta
3163 4406 3503 4479 praedictum
3521 4406 3717 4460 vicum

344 4501 573 4558 dissolvi
596 4501 643 4573 (Ι
669 4504 787 4560 Cor.
819 4501 937 4573 vu),
971 4500 1278 4556 differebat
1296 4501 1581 4573 reginam,
1618 4519 1688 4556 ne
1710 4506 1864 4557 veste
1892 4502 1970 4555 le-

2076 4504 2340 4560 decenter
2368 4504 2677 4572 accederet,
2715 4502 2918 4558 itinere
2953 4505 3352 4574 prosperante,
3383 4499 3628 4572 qualiter
3651 4515 3714 4554 se

416 4639 492 4711 (a)
515 4638 750 4693 Maforte
773 4635 1057 4711 muliebre
1080 4635 1280 4711 capitis
1301 4639 1704 4711 tegumentum
1731 4654 1744 4702 ;
1779 4639 1977 4711 (incum
1994 4611 2054 4683 D
2077 4655 2227 4694 casu.
2251 4639 2625 4694 Scribendum
2648 4638 2890 4705 videtur,
2910 4638 3233 4711 scapionem,
3253 4635 3328 4711 ad_
3341 4635 3578 4711 regium
3597 4633 3716 4688 dia-

344 4707 607 4765 saba’num
624 4710 678 4780 (a
698 4724 832 4780 voce
847 4707 1134 4780 theotisca
1151 4707 1373 4780 Sabum,
1392 4725 1519 4778 quae
1539 4708 1781 4762 linteum
1805 4709 1978 4779 signi-

346 4780 497 4851 ﬁcat)
510 4780 602 4834 hic
614 4778 1114 4850 Sumividetur'pro
1128 4779 1472 4834 vestimento
1487 4796 1551 4833 ex
1561 4780 1680 4835 lino
1692 4778 1971 4846 confecto,

347 4852 438 4906 cui
462 4867 667 4905 aurum
696 4854 752 4905 et
773 4866 1022 4921 gemma:
1049 4856 1253 4905 assuta:
1286 4855 1471 4905 erant.

420 4923 494 4993 (ὸ)
525 4923 867 4994 Fortunatus
900 4921 959 4994 in
988 4922 1246 4994 carmine
1282 4922 1353 4994 de
1382 4922 1600 4994 excidio
1627 4923 1973 4994 Thoringiaa,

349 4992 714 5066 supplemtl,
745 4992 966 5046 inducit
987 4993 1406 5064 Radegundem
1433 4993 1626 5047 fratris
1653 4992 1975 5065 necem—pa-

345 5064 590 5120 theticos
617 5065 950 5118 deﬂentem.

421 5137 486 5209 (c)
505 5138 785 5209 Ettamen
813 5136 983 5209 paulo
1003 5137 1136 5209 ante
1159 5134 1461 5209 concilium
1483 5136 1895 5192 Aurelianense
1913 5153 1973 5204 Π,

350 5205 505 5263 anno
537 5206 742 5263 Christi
765 5209 865 5260 533
898 5205 1252 5260 celebratum
1281 5207 1358 5260 sic
1389 5209 1587 5262 statuit
1613 5226 1835 5263 canone
1871 5212 1971 5264 l8:

2076 4711 2240 4765 dema
2266 4711 2700 4782 designandum.
2732 4706 3188 4782 NamCermanis
3219 4706 3512 4782 hodieque
3522 4706 3710 4782 Scap-

2075 4783 2167 4852 pel
2210 4782 2352 4836 vitta
2392 4777 2492 4836 seu
2533 4781 2730 4852 capitis
2773 4779 3173 4852 redimiculum
3217 4777 3444 4852 dicitur.
3481 4777 3535 4832 Si
3573 4793 3710 4852 vero

2075 4848 2200 4924 quis
2223 4855 2522 4929 stapionem
2550 4848 2912 4929 retinendum
2937 4850 3091 4929 velit,
3134 4866 3240 4929 vos
3269 4848 3469 4929 istade
3497 4849 3714 4929 pedum

2078 4920 2424 4978 ornamentis
2459 4921 3039 4994 interpretandaierit,
3068 4921 3256 4992 qualia
3299 4920 3467 4994 Isaias
3501 4920 3564 4974 in
3584 4936 3711 4990 cap.

2076 5011 2135 5050 III
2149 5000 2575 5050 commemorat.
2597 4991 2740 5048 Nam
2759 4993 2960 5064 stapio,
2979 4991 3707 5064 equestresuppedaneum.

2148 5067 2210 5138 (e)
2238 5068 2318 5121 Ita
2351 5084 2483 5121 mss.
2512 5066 2682 5120 Codd.
2711 5070 2768 5138 et
2792 5062 2982 5138 tamen
3008 5062 3198 5117 nullus
3223 5062 3488 5138 Gundulﬁ
3515 5062 3577 5138 in
3603 5079 3712 5138 n_o-:

2075 5133 2229 5193 mine
2257 5138 2466 5209 legitur
2495 5137 2780 5192 Mettensis
2809 5135 3312 5209 episcopususque
3349 5133 3420 5209 ad
3445 5133 3714 5209 Ludovici

2075 5211 2156 5264 Pii
2187 5205 2432 5264 aetatem.
2463 5211 2549 5262 An
2578 5209 2721 5263 forte
2746 5205 3143 5276 pro’Gun’dulli
3170 5205 3478 5276 legendum
3503 5205 3708 5260 Gosce-

347 5280 566 5335 Placuit
593 5281 756 5332 etiam
784 5281 847 5331 ut
878 5278 1021 5330 nulli
1055 5279 1392 5347 postmodum
1429 5281 1648 5346 femina:
1674 5281 1976 5335 diaconalis
2075 5281 2195 5347 lini,
2227 5281 2326 5348 qui
2355 5281 2560 5335 saeculo
2591 5297 2643 5334 v1
2673 5277 2792 5334 sedi
2817 5277 3069 5332 Mettensi
3097 5277 3369 5348 praefuit?

349 5350 640 5405 benedictio
667 5364 774 5418 pro
808 5349 1128 5403 conditionis
1167 5349 1322 5418 hujus
1349 5352 1658 5419 fragilitate
1681 5354 1970 5408 credatur:

349 5421 450 5492 qui
468 5420 605 5475 licet
623 5437 689 5494 ex
710 5419 1081 5494 antiquorum
1099 5436 1386 5494 canonum
1415 5423 1766 5494 praescripto,
1798 5440 1975 5478 anno-

348 5490 480 5546 rum
495 5490 878 5561 quadraginta
890 5491 1294 5561 probationem
1317 5490 1584 5547 revocare
1603 5490 1879 5548 duntaxat
1898 5495 1974 5547 vi-

350 5563 555 5617 deatur
571 5561 780 5616 Joanni
798 5563 1035 5628 Morino,
1060 5563 1288 5616 exercit.
1316 5567 1399 5630 10,
1422 5563 1492 5617 de
1511 5566 1666 5620 Sacr.
1688 5565 1970 5632 0rdinat.,

349 5650 475 5706 cap.
501 5635 552 5699 3,
572 5648 760 5706 neque
783 5632 861 5686 sic
877 5636 1080 5706 tamen
1180 5633 1534 5704 Radegunde
1549 5637 1736 5689 locum
1750 5635 1968 5690 habuit.

2148 5353 2210 5422 (Γ)
2226 5347 2589 5423 Synergium,
2612 5352 2766 5405 locus
2778 5350 2838 5403 in
2854 5366 2966 5420 quo
2983 5347 3174 5419 plures
3191 5347 3360 5423 simul
3379 5351 3710 5423 operantur,

2074 5417 2173 5480 hic
2197 5417 2464 5494 usurpari
2511 5417 2733 5477 videtur
2769 5417 3469 5494 pro—m6_nasterio,_quod
3509 5418 3713 5473 eadem

2074 5496 2290 5550 ratione
2319 5490 2435 5549 Iion
2459 5510 2753 5565 nunquam
2771 5490 3114 5565 asceterium
3146 5490 3483 5565 appellatur.

2147 5567 2216 5637 (g)
2245 5566 2331 5621 Sic
2352 5561 2656 5638 legendum
2681 5564 2924 5638 probant
2949 5568 3163 5618 veteres
3185 5561 3569 5638 membranae,
3592 5577 3714 5638 non

2074 5631 2209 5714 vero
2229 5641 2386 5714 misso
2409 5631 2792 5714 reuocata-vel
2828 5637 3047 5714 missore
3075 5638 3279 5698 vocato,
3321 5638 3383 5714 ut
3421 5631 3574 5714 apud
3599 5634 3714 5688 Su-

351 5702 711 5776 Diaconissas
732 5703 968 5776 omnino
988 5703 1221 5776 desiisse
1236 5702 1368 5776 ante
1392 5707 1664 5759 saeculum
1689 5711 1974 5776 xapparet
2071 5709 2246 5764 rium.
2275 5709 2460 5764 Codex
2487 5709 2547 5762 D.
2578 5707 2909 5764 d’Herouval
2934 5723 3003 5761 ex
3031 5704 3393 5760 amanuensis
3420 5702 3712 5775 interpre-

352 5789 421 5845 e_x
442 5772 668 5826 Attonis
685 5772 933 5845 episcopi
955 5775 1326 5845 Vercellensis
1351 5775 1594 5845 epistola
1624 5777 1695 5830 ad
1724 5772 1967 5831 Ambro-

352 5841 959 5918 siumsacerdqtem’in
982 5847 1021 5896 t.
1038 5845 1149 5896 Vlll
1160 5841 1450 5918 Spicilegii
1472 5847 1591 5900 Vet.
1611 5848 1753 5914 Scr.,
1773 5866 1829 5918 p.
1850 5852 1966 5903 123.

423 5910 500 5986 (ἀ)
515 5911 574 5962 ln
586 5911 724 5962 Cod.
739 5910 1226 5981 Sangermanens‘i
1239 5910 1718 5988 legiturstapione,
1739 5910 1794 5972 in
1814 5924 1968 5975 sexto

2071 5781 2280 5835 tatione
2309 5781 2478 5834 habet
2504 5782 2668 5834 missa
2703 5779 2991 5841 celebrata,
3027 5778 3121 5831 sed
3151 5779 3541 5848 perperamrut
3566 5792 3715 5832 con-

2070 5856 2220 5905 stare
2245 5851 2466 5906 videtur
2495 5866 2563 5904 ex
2590 5850 2866 5904 adnotatis
2895 5850 2953 5903 in
2999 5847 3180 5902 Vitam
3223 5847 3396 5903 sancti
3439 5847 3716 5905 Germani

2070 5922 2314 5995 episcopi
2343 5921 2685 5994 Parisiensis,
2715 5937 2877 5976 num.
2912 5923 2998 5977 59.
