4006 6238
231 375 319 431 657
1505 375 1674 430 VITA.
1718 369 1916 429 LIBER
1955 369 2221 429 PRIMUS.

3477 375 3578 438 658

227 481 386 556 gessit
414 495 514 553 per
544 476 786 553 singula,
821 479 946 555 quis
981 487 1286 540 enumerat
1316 482 1542 541 inﬁnita
1561 483 1589 538 ?
1619 499 1747 556 qua
1781 481 1840 539 in
1863 491 1922 564 Α
1941 498 2166 550 manus,
2189 482 2314 553 jam
2340 480 2490 537 bene
2510 481 2661 538 culto
2691 480 2946 538 convivio
2975 486 3096 540 tota
3126 483 3575 558 gratiﬁcabatur.

224 593 409 633 mensa
422 575 522 630 sub
544 576 773 631 fladone
792 577 862 648 (α)
889 578 1229 650 segalatium
1245 578 1614 650 [siligineum]
1629 593 1840 649 panem

224 672 545 726 absconsum
574 674 632 723 et
653 671 1039 726 hordeaceum
1067 672 1450 726 manducabat
1493 673 1731 738 occulte,
1763 670 1841 725 sic

224 770 278 820 ut
307 781 471 819 nemo
499 765 1002 836 perciperet.Nam
1019 782 1084 821 ex
1114 766 1210 820 illo
1227 769 1510 837 tempore,
1537 783 1650 837 quo
1671 766 1841 819 beato

221 858 473 915 Medardo
501 864 871 914 consecrante
895 861 1085 914 velata
1113 864 1217 926 est,
1241 877 1420 930 usque
1445 860 1517 914 ad
1544 859 1843 913 inﬁrmita.

223 958 328 1007 tem
350 955 554 1023 prater
583 954 854 1024 legumen
885 957 943 1007 et
971 955 1148 1022 olera,
1183 971 1299 1009 non
1322 970 1582 1025 pomum,
1602 953 1837 1024 piscem,

221 1049 298 1102 vel
335 1063 501 1101 ovum
531 1063 638 1101 nec
660 1048 796 1119 quid
819 1047 975 1102 aliud
1005 1049 1158 1103 edit:
1210 1053 1413 1119 potum
1448 1065 1586 1102 vero
1633 1050 1843 1118 prater

220 1157 418 1211 aquam
451 1141 696 1196 mulsam
737 1146 907 1213 atque
958 1142 1225 1213 piratium
1256 1159 1372 1197 non
1398 1141 1566 1208 bibit;
1605 1141 1722 1195 vini
1770 1142 1842 1212 (b)

218 1251 342 1288 vero
371 1234 678 1305 puritatem
715 1239 814 1289 aut
843 1235 1001 1289 medi
1029 1236 1206 1306 [potio
1229 1252 1294 1290 ex
1322 1235 1514 1308 melle]
1558 1233 1841 1290 decoctio-

219 1344 360 1395 nem,
389 1327 753 1400 cervisiaque
773 1328 1125 1384 turbidinem
1154 1346 1272 1383 non
1295 1328 1555 1400 contigit.

284 1424 362 1476 16.
399 1422 544 1475 Tum
593 1438 756 1476 more
792 1422 975 1477 sancti
1011 1423 1276 1477 Germani
1301 1423 1468 1493 jubet
1498 1421 1602 1476 sibi
1625 1422 1842 1476 molam

216 1514 583 1569 secretissime
614 1515 846 1582 deferri,
900 1515 973 1569 ad
1014 1533 1189 1587 quam
1229 1519 1352 1572 tota
1396 1515 1844 1588 quadragesima

212 1613 424 1664 tantum
468 1608 766 1677 laboravit,
809 1613 1090 1680 quantum
1151 1609 1538 1680 quatriduana
1604 1609 1841 1664 refectio

214 1702 526 1773 postulavit.
566 1701 896 1758 Oblationes
934 1702 1110 1757 etiam
1143 1704 1257 1757 suis
1291 1703 1556 1758 manibus
1607 1703 1841 1770 faciens,

217 1796 346 1851 locis
380 1796 804 1851 venerabilibus
844 1797 1257 1852 incessabiliter
1291 1797 1656 1868 dispensavit.
1691 1797 1841 1868 Ergo

215 1889 358 1960 apud
387 1893 647 1944 sanctam
684 1907 801 1946 non
838 1890 1028 1945 minus
1075 1908 1210 1945 usus
1236 1890 1646 1945 misericordia
1669 1907 1843 1961 quam
1866 1869 1920 1940 Β

212 1988 328 2038 erat
353 2001 662 2039 concursus
683 1985 753 2039 de
781 1985 970 2056 plebe,
1001 1987 1064 2038 ut
1090 2002 1195 2039 nec
1214 1985 1442 2038 deesset
1470 1984 1566 2055 qui
1597 1986 1842 2056 peteret,

214 2095 312 2132 nec
348 2078 622 2132 deficeret
661 2079 816 2150 quod
843 2079 1177 2133 donaretur.
1210 2079 1532 2134 Mirandum
1564 2083 1627 2133 ut
1656 2078 1840 2133 omni-

211 2171 310 2225 bus
349 2171 724 2239 satisfaceret,
768 2172 922 2226 unde
953 2171 1208 2227 thesauri
1250 2173 1335 2227 tot
1370 2171 1538 2239 exuli,
1570 2172 1724 2226 unde
1761 2176 1847 2227 tot

210 2265 411 2320 divitia
440 2264 790 2336 peregrina.

279 2362 358 2412 l7.
393 2359 684 2422 Quantum
724 2358 1087 2430 expendebat
1115 2358 1323 2414 diurna
1354 2358 1698 2430 redemptio,
1725 2360 1845 2413 sola

208 2452 414 2506 sciebat
433 2469 563 2523 qua
590 2453 918 2522 petentibus
940 2453 1302 2524 deportabat.
1318 2455 1460 2508 Nam
1481 2457 1690 2524 prater
1710 2470 1846 2524 quo-

211 2545 481 2600 tidianam
526 2562 789 2600 mensam
841 2564 954 2617 quo
1009 2547 1306 2602 refovebat
1354 2547 1721 2601 matriculam
1777 2547 1842 2617 (ο)

210 2639 424 2693 duobus
450 2656 684 2710 semper
700 2640 902 2694 diebus
920 2641 1138 2694 sabbati
1159 2641 1361 2712 quinta
1384 2643 1440 2695 et
1459 2640 1700 2694 sabbato
1719 2639 1846 2695 vici-

208 2733 306 2786 bus
335 2734 545 2788 balneo
577 2737 778 2804 parato
805 2733 927 2804 ipsa
955 2734 1243 2788 succincta
1270 2734 1341 2788 de
1374 2735 1589 2789 sabano
1618 2733 1837 2807 [linteo]

207 2827 387 2896 capita
417 2829 616 2881 lavans
658 2843 998 2897 egenorum,
1049 2827 1337 2882 defricans
1372 2827 1652 2898 quidquid
1697 2831 1840 2894 erat,

207 2923 474 2986 crustam,
525 2920 796 2987 scabiem,
836 2921 1054 2975 tineam
1092 2939 1197 2976 nec
1247 2922 1616 2992 purulentam
1681 2921 1841 2975 fasti-

206 3014 384 3080 diens,
413 3014 710 3068 interdum
733 3019 791 3068 et
813 3031 1034 3069 vermes
1057 3015 1383 3081 extrahens,
1415 3031 1670 3086 purgans
1697 3015 1841 3070 cutis

204 3107 555 3177 putredines,
585 3108 880 3178 sigillatim
906 3109 1094 3179 capita
1135 3108 1401 3179 pectebat
1432 3107 1555 3179 ipsa
1589 3125 1716 3178 qua
1757 3109 1838 3162 la-

202 3206 374 3256 verat.
411 3203 616 3256 Ulcera
651 3218 784 3255 vero
813 3201 1166 3268 cicatricum,
1209 3218 1338 3272 qua
1379 3202 1521 3256 cutis
1551 3203 1695 3269 laxa,
1739 3202 1837 3256 de-
1860 3241 1914 3315 Ο

203 3298 418 3315 .-_-___.
441 3298 533 3315 ---ι
552 3313 620 3315 ___
757 3313 772 3315 _
806 3311 960 3315 __--_
1792 3313 1806 3315 _

203 3298 423 3349 texerat
435 3298 537 3349 aut
552 3312 776 3367 ungues
798 3298 1463 3366 exasperaverant,more
1483 3295 1837 3366 evangelico,

201 3389 325 3443 oleo
339 3389 645 3460 superfuso
665 3389 1156 3443 mulcebatmorbi
1176 3388 1841 3460 contagium.Mulierum

199 3499 327 3537 vero
354 3482 833 3536 descendentium
845 3482 902 3536 in
917 3482 1098 3538 tinam
1119 3482 1413 3554 [doliolum
1425 3483 1595 3553 vulgo
1609 3482 1811 3554 tinette]
1825 3523 1838 3549 ,

200 3575 314 3647 ipsa
336 3593 470 3630 cum
491 3593 708 3647 sapone
728 3593 762 3631 a
789 3576 973 3647 capite
993 3593 1172 3648 usque
1195 3576 1269 3631 ad
1299 3577 1558 3647 plantam
1576 3575 1843 3629 membra

201 3669 418 3739 singula
462 3669 752 3735 diluebat;
783 3669 1212 3740 egredientibus
1256 3669 1463 3723 exinde
1493 3669 1539 3722 si
1574 3668 1665 3723 cui
1695 3670 1842 3722 vete-

202 3762 682 3817 rataindumenta
715 3763 1091 3833 conspiceret,
1125 3763 1334 3817 tollens
1362 3779 1514 3830 rasa,
1542 3779 1690 3817 nova
1717 3762 1841 3816 red-

200 3854 335 3909 dens
375 3873 388 3910 :
460 3859 596 3910 ante
669 3873 961 3927 pannosos
1013 3857 1261 3911 faciebat
1296 3855 1494 3910 venire
1537 3857 1717 3910 cultos
1768 3856 1838 3909 ad

201 3949 540 4018 prandium;
589 3949 796 4020 quibus
826 3950 1214 4020 congregatis,
1260 3949 1580 4003 ministerio
1615 3952 1840 4019 parato,

199 4042 316 4112 ipsa
339 4060 555 4114 aquam
587 4043 701 4097 sive
729 4061 1006 4114 mappam
1029 4043 1264 4114 singulis
1291 4043 1642 4114 porrigebat,
1675 4046 1732 4096 et
1750 4042 1840 4096 in-

193 4136 394 4191 validis
419 4137 547 4208 ipsa
572 4137 790 4208 pariter
821 4154 883 4192 os
902 4143 958 4191 et
982 4154 1188 4191 manus
1213 4137 1494 4207 tergebat.
1512 4136 1842 4190 Hinctribus

192 4230 423 4284 ferculis
456 4231 648 4297 illatis,
673 4230 890 4284 farcitis
911 4229 1146 4296 deliciis,
1163 4234 1320 4284 stans
1340 4234 1474 4284 ante
1490 4230 1843 4300 prandentes

185 4323 409 4393 jejuna,
435 4340 693 4394 prasens
721 4322 990 4393 convivis,
1017 4324 1139 4394 ipsa
1157 4323 1449 4377 incidebat
1463 4340 1698 4394 panem,
1725 4340 1843 4377 car-

189 4433 343 4483 nem,
358 4419 448 4471 vel
464 4416 746 4488 quidquid
760 4421 1095 4488 apponeret.
1115 4416 1426 4487 Languidis
1450 4421 1644 4472 autem
1667 4421 1725 4471 et
1739 4433 1842 4471 ca-

188 4509 265 4564 cis
291 4526 410 4564 non
439 4511 702 4565 cessabat
725 4511 846 4582 ipsa
877 4511 1031 4565 cibos
1063 4527 1193 4564 cum
1211 4510 1496 4564 cochleari
1522 4510 1838 4581 porrigere,

1944 575 2002 630 Si
2029 576 2168 647 quid
2195 575 2420 632 audiret
2440 577 2511 631 de
2537 577 2791 645 fremitu,
2817 577 3060 648 jubebat
3088 583 3284 636 tamen
3315 586 3380 638 ut
3412 583 3578 639 sede-

1940 673 2091 736 rent,
2119 671 2302 725 donec
2332 672 2546 725 vellent
2564 672 2901 742 adsurgere.

2018 766 2102 818 18.
2128 765 2451 820 Venerabili
2480 782 2615 820 vero
2637 768 2796 822 omni
2825 767 3124 824 Dominico
3158 769 3249 824 die
3274 769 3383 825 hoc
3407 771 3582 827 habe-

1942 856 2121 911 batin
2153 873 2373 912 canone
2401 859 2487 912 vel
2517 862 2713 914 astate
2745 863 2834 915 vel
2872 862 3087 928 hieme,
3135 868 3197 918 ut
3229 865 3578 936 pauperibus

1943 951 2194 1004 collectis
2214 951 2400 1022 primo
2421 968 2647 1007 merum
2677 972 2778 1009 sua
2798 972 2978 1010 manu
3005 957 3076 1011 de
3104 961 3242 1027 potu
3265 959 3414 1013 dulci
3451 976 3581 1030 por-

1943 1043 2176 1114 rigeret,
2206 1046 2408 1115 puella
2434 1051 2632 1116 postea
2659 1050 3049 1117 committens,
3090 1055 3150 1104 ut
3177 1051 3444 1106 omnibus
3481 1053 3580 1108 illa

1943 1138 2279 1208 propinaret
2306 1155 2318 1192 :
2344 1139 2479 1208 quia
2507 1139 2630 1210 ipsa
2645 1142 2956 1197 festinabat
2979 1144 3226 1199 orationi
3255 1162 3577 1214 occurrere,

1944 1247 2057 1301 quo
2081 1234 2374 1286 etcursum
2394 1239 2838 1301 consummaret,
2855 1240 2913 1291 et
2925 1238 3315 1292 sacerdotibus
3325 1239 3574 1295 admen-

1944 1341 2065 1379 sam
2092 1324 2342 1379 invitatis
2373 1331 2718 1396 occurreret,
2746 1345 2890 1399 quos
2911 1330 3095 1386 adhuc
3113 1333 3295 1403 regali
3315 1350 3477 1388 more
3504 1334 3579 1389 ad

1943 1419 2176 1490 propria
2203 1436 2333 1473 cum
2363 1419 2639 1488 redirent,
2673 1421 2794 1476 sine
2819 1439 3059 1478 munere
3089 1442 3206 1480 non
3233 1427 3467 1482 laxaret.

2018 1515 2102 1566 19.
2132 1513 2288 1566 Hanc
2327 1530 2556 1585 quoque
2580 1532 2705 1569 rem
2729 1515 3236 1573 intremiscendam
3267 1537 3381 1591 qua
3409 1538 3577 1592 pera—

1945 1605 2118 1676 gebat
2149 1605 2480 1661 dulcedine!
2515 1608 2658 1662 Cum
2687 1609 2898 1679 leprosi
2925 1610 3220 1667 venientes
3241 1613 3406 1683 signo
3429 1615 3579 1669 facto

1945 1717 2002 1754 se
2017 1700 2352 1770 proderent,
2362 1701 2606 1770 jubebat
2618 1702 3002 1771 adminicula,
3017 1707 3080 1758 ut
3097 1705 3363 1772 unde,vel
3377 1708 3583 1778 quanti

1945 1797 2134 1848 essent
2163 1793 2256 1864 pia
2282 1811 2419 1848 cura
2439 1795 2776 1866 requireret.
2807 1797 3460 1872 Quaisihirenuntiante,
3480 1818 3583 1872 pa-

1945 1891 2069 1942 rata
2091 1887 2652 1955 mensa,missorium
2677 1889 2775 1961 (d),
2799 1871 3146 1961 cochleares,
3165 1895 3442 1962 cultellos,
3457 1911 3587 1950 can-

1947 1998 2049 2036 nas
2082 1981 2168 2052 (e),
2199 1985 2398 2052 potum
2425 1987 2482 2037 et
2508 1982 2714 2036 calices
2734 1985 2856 2038 sola
2880 1985 3264 2056 subsequente
3295 1987 3586 2044 intromit-

1944 2075 2104 2129 tehat
2138 2075 2354 2142 furtim,
2394 2093 2508 2147 quo
2551 2093 2610 2130 se
2653 2094 2824 2132 nemo
2866 2078 3208 2150 perciperet.
3276 2083 3402 2152 Ipsa
3461 2085 3583 2139 tum

1945 2169 2216 2223 mulieres
2241 2169 2412 2223 variis
2436 2171 2610 2241 lepra
2635 2171 2873 2224 maculis
2908 2173 3167 2242 perfusas
3201 2176 3583 2246 comprehen-

1946 2263 2089 2317 dens
2103 2262 2160 2317 in
2189 2265 2476 2334 amplexu,
2492 2264 2860 2318 osculabatur
2871 2267 3178 2336 etvultum,
3192 2271 3313 2323 toto
3338 2267 3584 2340 diligens

1945 2356 2160 2411 animo.
2178 2357 2418 2423 Deinde,
2435 2357 2621 2427 posita
2640 2375 2860 2426 mensa,
2885 2360 3079 2414 ferens
3090 2377 3302 2432 aquam
3317 2361 3583 2431 calidam,

1944 2450 2122 2504 facies
2140 2450 2382 2518 lavabat,
2401 2467 2630 2518 manus,
2647 2469 2870 2524 ungues
2887 2458 2945 2509 et
2966 2455 3177 2521 ulcera,
3192 2459 3250 2508 et
3264 2471 3458 2510 rursus
3479 2457 3585 2510 ad-

1947 2543 2312 2598 ministrabat
2342 2543 2464 2615 ipsa
2481 2561 2722 2615 pascens
2747 2563 2853 2616 per
2888 2546 3133 2618 singula.
3167 2549 3585 2604 Recedentibus

1945 2637 2240 2708 prabebat
2261 2654 2465 2692 aurum
2486 2639 2572 2692 vel
2597 2639 2958 2708 vestimenta,
2987 2640 3074 2694 vix
3101 2658 3215 2696 una
3234 2645 3379 2697 teste
3400 2643 3588 2697 muni-

1944 2732 2070 2785 fica.
2102 2729 2356 2785 Ministra
2379 2736 2576 2786 tamen
2605 2735 2992 2803 prasumebat
3022 2751 3150 2788 eam
3175 2735 3586 2792 blandimentis

1944 2825 2022 2878 sic
2049 2825 2373 2895 appellare:
2404 2825 2780 2880 Sanctissima
2799 2826 3054 2896 domina,
3089 2827 3215 2898 quis
3232 2833 3286 2884 te
3302 2831 3587 2885 osculetur

1945 2936 2074 2989 qua
2104 2917 2183 2971 sic
2216 2919 2473 2989 leprosos
2504 2920 2911 2990 amplecteris?
2940 2921 3043 2976 Illa
3088 2923 3388 2992 respondit
3412 2924 3586 2978 bene-

1942 3013 2066 3066 vole
2101 3028 2114 3066 :
2145 3013 2288 3066 Vere
2319 3011 2365 3065 si
2396 3029 2488 3066 me
2522 3013 2961 3082 nonosculeris,
2995 3014 3130 3070 hinc
3149 3015 3292 3070 mihi
3315 3033 3452 3072 cura
3477 3034 3584 3072 nec

1943 3107 2057 3160 ulla
2083 3109 2186 3160 est.

2013 3204 2100 3256 20.
2121 3201 2260 3265 Qua
2281 3202 2496 3266 tamen,
2511 3202 2820 3271 prastante
2837 3203 2974 3269 Deo,
2989 3202 3212 3258 diverso
3232 3203 3390 3258 fulsit
3401 3205 3585 3260 mira-‘

1941 3296 2086 3350 culo.
2118 3295 2376 3365 Denique
2396 3294 2442 3348 si
2463 3293 2588 3365 quis
2614 3296 2855 3366 pustula
2875 3296 3208 3367 desperaret
3227 3298 3298 3352 de
3321 3300 3576 3367 vulnere,

1943 3388 2222 3443 offerebat
2240 3387 2504 3442 ministra
2517 3391 2729 3442 sancta
2746 3388 2948 3442 folium
2968 3390 3250 3461 pampini,
3274 3392 3580 3461 mentiens,

1941 3481 2047 3536 sibi
2069 3497 2210 3552 opus
2231 3482 2340 3536 hoc
2363 3498 2504 3535 esse.
2539 3481 2745 3551 Sicque
2775 3482 2863 3535 vix
2882 3483 3118 3538 obtento
3132 3483 3426 3554 signaculo
3446 3503 3580 3557 por-

1940 3580 2070 3629 tans
2120 3575 2193 3628 ad
2227 3574 2614 3643 desperatum,
2661 3574 2883 3628 vulneri
2932 3577 3290 3648 superposito
3331 3596 3462 3634 mox
3493 3597 3583 3635 oc-

1942 3667 2204 3721 currebat
2232 3667 2578 3721 remedium.
2612 3667 2816 3721 ltidem
2843 3667 3193 3739 frigoriticus
3209 3671 3308 3741 qui
3331 3672 3582 3728 venisset

1943 3764 2042 3816 aut
2069 3760 2397 3832 languidus,
2423 3760 2618 3815 dicens
2649 3761 2708 3814 in
2732 3761 2951 3816 somnis
2969 3779 3026 3817 se
3047 3763 3250 3818 vidisse
3278 3769 3338 3819 ut
3353 3782 3457 3836 pro
3479 3783 3581 3822 sua

1943 3856 2122 3909 salute
2146 3854 2378 3909 femina
2402 3859 2614 3910 sancta
2639 3859 2984 3924 occurreret,
3003 3855 3251 3912 oﬂ'erens
3276 3859 3580 3915 candelam

1945 3949 2108 4003 alicui
2134 3966 2198 4003 ex
2227 3948 2536 4016 ministris;
2567 3965 2681 4020 qua
2709 3966 2950 4005 accensa
2970 3967 3075 4021 per
3095 3956 3322 4006 noctem
3342 3954 3580 4009 morbus

1943 4042 2260 4113 accipiebat
2301 4046 2582 4111 mortem,
2626 4043 2925 4098 morbidus
2973 4045 3302 4100 sanitatem.
3345 4047 3580 4110 Quoties

1943 4139 2137 4190 autem
2164 4152 2293 4190 cum
2323 4135 2688 4208 cognovisset
2714 4137 3099 4193 decubantem
3131 4139 3191 4193 in
3219 4140 3427 4195 lectulo
3443 4157 3580 4212 por-

1943 4233 2072 4284 tans
2102 4246 2278 4300 poma
2307 4229 2634 4301 peregrina,
2666 4231 2831 4286 dulce
2858 4231 3027 4286 simul
3058 4235 3116 4287 et
3145 4233 3415 4303 calidum,
3443 4236 3575 4290 reﬁ-

1943 4324 2130 4378 ciebat
2156 4327 2440 4393 agrotum
2473 4341 2487 4378 :
2526 4327 2585 4378 et
2614 4325 2713 4395 qui
2749 4341 2854 4379 nec
2897 4325 3122 4380 decimo
3146 4326 3270 4395 jam
3309 4327 3401 4382 die
3440 4328 3580 4399 quid

1942 4416 2308 4488 percepisset,
2333 4416 2548 4471 cibaria
2568 4417 2693 4488 ipsa
2712 4435 2842 4472 mox
2862 4417 3323 4488 administrante,
3350 4421 3575 4491 langui-

1944 4510 2048 4564 dus
2074 4509 2394 4581 accipiebat
2413 4509 2604 4564 cibum
2630 4510 2847 4580 pariter
2877 4514 2934 4564 et
2969 4513 3213 4565 salutem
3237 4529 3250 4577 ;
3299 4513 3455 4583 quod
3497 4516 3578 4567 ta-

189 4603 293 4657 hoc
337 4603 722 4674 praesentibus
758 4605 998 4673 duabus,
1041 4605 1141 4657 sed
1174 4621 1233 4658 se
1276 4605 1396 4658 sola
1431 4604 1744 4671 serviente,
1780 4608 1917 4685 utD
1940 4620 2076 4658 men
2107 4603 2230 4674 ipsa
2259 4602 2604 4673 imperabat,
2640 4619 2712 4657 ne
2740 4603 2867 4674 quis
2891 4605 3179 4674 proferret
3201 4605 3262 4659 in
3287 4606 3503 4662 fabula.

189 4713 336 4752 nova
348 4699 573 4752 Martha
588 4701 895 4768 satageret,
912 4699 1096 4754 donec
1115 4697 1402 4768 potulenti
1418 4698 1532 4768 [AL
1549 4697 1840 4768 purulenti

188 4791 383 4846 lectum
409 4807 534 4847 cum
563 4794 622 4845 in
653 4794 782 4847 Mss.
817 4794 890 4847 sit
914 4791 1212 4862 potolenti]
1244 4792 1452 4845 fratres
1484 4791 1601 4845 lati
1637 4792 1843 4846 tierent

190 4885 486 4940 conviviis.
538 4886 693 4940 Tunc
735 4885 831 4939 illa
864 4903 1170 4940 removens
1208 4902 1268 4939 se
1308 4887 1435 4938 loco
1484 4887 1547 4938 ut
1585 4884 1843 4940 ablueret

260 5001 563 5073 (a)Eadem
576 5018 714 5056 voce
728 5001 937 5056 iterum
953 5001 1130 5056 utitur
1141 5003 1485 5073 Fortunatus
1501 5000 1836 5073 infra,num.

192 5072 279 5138 2i,
326 5089 445 5144 quo
480 5073 540 5126 in
578 5074 703 5127 loco
737 5073 926 5128 Codex
957 5072 1306 5127 Conchensis
1351 5072 1564 5138 scribit,
1590 5073 1687 5144 sub
1712 5073 1836 5142 pla-

191 5143 384 5207 centis,
436 5161 566 5198 cum
606 5144 665 5198 in
712 5144 838 5198 aliis
866 5144 1168 5211 habeatur,
1205 5145 1304 5198 sub
1340 5145 1573 5212 ﬂadone.
1619 5143 1694 5195 Ex
1726 5159 1838 5212 quo

191 5215 486 5286 intelligas
531 5216 790 5270 fladones
824 5231 948 5269 esse
989 5217 1300 5286 placentas,
1349 5232 1490 5285 quas
1536 5214 1838 5268 vernacule

186 5289 362 5354 ﬂaons
390 5285 685 5340 nostrates
727 5285 1039 5357 appellant.
1062 5286 1226 5357 Apud
1255 5285 1598 5357 Bollandum
1619 5289 1763 5339 tom.
1795 5286 1838 5337 II

191 5358 380 5423 Febr.,
424 5374 558 5427 pag.
604 5361 722 5424 105,
757 5356 816 5410 in
859 5358 1068 5427 scripto
1113 5356 1338 5410 chrici
1378 5356 1598 5410 abbatis
1636 5357 1840 5410 Centu-

188 5429 394 5481 lensis:
432 5429 573 5483 Sunt
602 5429 681 5481 ibi
703 5429 922 5482 clibana
950 5429 1221 5488 tredecim,
1256 5444 1376 5497 qua
1405 5429 1645 5482 reddunt
1668 5443 1838 5481 unum

187 5500 447 5568 quodque
467 5516 570 5568 per
594 5516 802 5554 annum
829 5501 1007 5554 decem
1033 5499 1233 5552 solidos
1262 5503 1311 5553 et
1339 5514 1512 5569 panes
1558 5503 1837 5569 trecentos,

186 5573 418 5637 ﬂatones
461 5573 519 5623 in
562 5571 771 5624 litantis
818 5571 1241 5640 unumquodque
1298 5568 1546 5638 triginta.
1595 5569 1702 5640 Ubi
1756 5568 1841 5640 vir

189 5640 562 5695 doctissimus
580 5641 846 5708 flatones,
863 5638 1158 5712 placentas
1176 5641 1607 5710 interpretatur.
1624 5638 1842 5712 Udalri-

188 5730 308 5778 cus,
349 5712 411 5765 in
451 5712 544 5766 lib.
578 5729 616 5767 η
643 5710 995 5768 Consuetud.
1026 5713 1305 5778 Cluniac.,
1342 5728 1466 5782 cap.
1496 5712 1529 5763 4
1568 5727 1581 5764 :
1617 5713 1731 5773 Pro
1773 5710 1842 5764 si-

191 5799 308 5852 gno
332 5783 653 5851 tladonum,
673 5784 878 5854 inquit,
893 5786 1172 5854 praemisso
1184 5783 1428 5851 generali
1430 5783 1598 5852 panis
1614 5786 1662 5836 et
1674 5784 1836 5844 casei,

191 5855 257 5908 de
283 5869 402 5908 una
429 5871 595 5910 manu
621 5871 800 5910 omnes
823 5857 1022 5925 digitos
1043 5857 1270 5924 inﬂecte,
1295 5858 1345 5910 et
1366 5856 1445 5910 ita
1461 5868 1683 5909 manum
1708 5869 1841 5907 cava

194 5927 327 5979 etin
355 5930 690 5999 superﬁciem
722 5929 949 5983 alterius
973 5941 1135 5997 pone.

2009 4699 2098 4751 21.
2117 4697 2341 4759 Quanta
2357 4711 2490 4748 vero
2508 4695 2837 4766 congressio
2852 4697 3146 4767 popularis
3159 4697 3342 4753 exittit
3355 4699 3447 4754 die
3463 4717 3577 4772 qua

1940 4807 1999 4844 se
2021 4793 2218 4844 sancta
2245 4788 2583 4843 deliberavit
2599 4790 2925 4845 recludere!
2952 4793 3014 4844 ut
3040 4807 3184 4861 quos
3214 4793 3420 4863 platea
3458 4811 3576 4849 non

1941 4886 2234 4955 caperent,
2249 4883 2627 4938 ascendentes
2643 4887 2794 4938 tecta
2811 4885 3189 4956 complerent.
3207 4886 3355 4951 Quid
3384 4893 3578 4943 autem

2012 4999 2085 5069 (b)
2113 5002 2304 5055 Exstat
2324 4999 2478 5071 apud
2501 5001 2896 5068 Fortunatum,
2939 5000 2998 5055 in
3019 5001 3116 5056 lib.
3135 5019 3194 5069 II,
3229 5020 3406 5059 carm.
3425 5008 3475 5071 3,
3505 5003 3579 5059 ad

1942 5071 2503 5141 Radegundem,quo
2523 5088 2655 5125 eam
2668 5072 2740 5126 ad
2754 5072 3072 5127 bibendum
3085 5074 3282 5129 vinum
3295 5077 3574 5130 hortatur.

1941 5142 2100 5196 Idem
2137 5146 2338 5196 auctor
2380 5141 2439 5194 in
2471 5143 2568 5196 lib.
2601 5160 2719 5210 VIII,
2755 5161 2929 5198 carni.
2963 5149 2993 5198 7
3032 5162 3096 5198 ac
3147 5149 3229 5211 11,
3267 5146 3337 5200 de
3377 5144 3578 5199 mundi

1940 5216 2276 5285 contemptu
2302 5215 2361 5266 et
2390 5213 2708 5285 reclusione
2734 5214 2918 5269 beata
2945 5215 3160 5285 regina
3181 5217 3520 5285 gratulatur.

2012 5284 2076 5355 (ο)
2103 5283 2395 5348 Matricula
2416 5284 2662 5338 sumitur
2679 5288 2800 5339 tum
2814 5301 2917 5355 pro
2944 5283 3158 5352 libello,
3186 5283 3274 5339 cui
3297 5302 3578 5355 pauperes

1942 5355 2192 5408 ecclesia
2229 5354 2548 5425 sumptibus
2579 5356 2772 5409 alendi
2801 5354 3280 5426 inscribebantur,
3301 5354 3446 5409 cum
3469 5373 3574 5426 pro

1940 5426 2076 5496 ipsis
2102 5426 2321 5550 egpnis,
2356 5429 2420 5479 ut
2443 5426 2552 5480 hoc
2581 5427 2724 5480 loco.
2750 5426 2887 5480 Vide
2917 5425 3255 5496 Gregorium
3287 5425 3578 5481 Turonen-

1942 5514 2081 5550 sem.
2114 5498 2150 5550 li
2199 5539 2210 5550 .
2247 5515 2284 5550 ιι
2311 5497 2499 5550 Mirac.
2535 5497 2712 5550 sancti
2741 5495 2984 5550 Martini.
3019 5513 3065 5549 c.
3091 5498 3177 5549 22.

1942 5514 2081 5562 sem,
2114 5496 2210 5550 lib.
2247 5515 2284 5551 ιι
2311 5497 2499 5552 Mirac.
2535 5497 2712 5551 sancti
2741 5496 2984 5562 Martini,
3019 5513 3065 5549 c.
3091 5498 3177 5549 22.

2017 5567 2092 5637 (d)
2113 5568 2429 5623 Missorium
2459 5583 2879 5638 nonnunquam
2920 5566 3185 5638 designat
3214 5567 3521 5623 donarium
3546 5586 3579 5623 a

1941 5638 2198 5710 principe
2231 5639 2491 5705 missum,
2523 5639 2661 5692 alias
2693 5638 2971 5710 concham
3014 5637 3322 5710 modicam,
3364 5639 3422 5692 in
3463 5655 3577 5710 qua

1942 5709 2157 5836 aliiquid
2188 5710 2425 5781 liquoris
2455 5710 2771 5781 reponitur.
2804 5709 2926 5774 Quo
2962 5725 3131 5762 sensu
3181 5709 3274 5764 hic
3313 5709 3577 5780 usurpari

1942 5781 1991 5836 vi
2039 5785 2184 5835 etur.

1941 5781 2184 5836 videtur.

2012 5852 2078 5922 (e)
2109 5853 2321 5908 Canna
2347 5853 2479 5906 sunt
2502 5851 2729 5906 ﬁscella
2754 5869 2853 5908 seu
2879 5868 3014 5907 vasa
3040 5849 3308 5906 viminea.
