4006 6238
349 386 451 439 659

1329 376 1581 431 SANCTA
1620 371 2066 438 RADEGUNDIS,
2106 370 2355 427 REGINA
2392 369 2719 428 FRANCIxE.

3624 369 3733 424 660

353 490 709 547 sanctissima
723 489 803 563 jej
813 487 949 557 unii,
974 485 1254 559 obsequii,
1281 480 1641 551 humilitatis,
1665 480 1982 550 charitatis,
2006 490 2066 566 Α
2086 479 2327 538 sarcina.
2350 481 2575 552 Aquam
2593 480 2664 536 de
2686 481 2861 551 puteo
2880 479 3150 535 trahebat
3169 481 3228 535 et
3243 476 3615 551 dispensabat
3625 492 3735 550 per

352 587 564 643 laboris
574 589 631 642 et
642 585 921 641 cruciatus
934 584 1222 638 ferventer
1232 579 1471 650 indepta
1482 576 1572 646 sit,
1581 577 1627 632 si
1640 576 1768 648 quis
1782 578 1987 633 cuncta

350 679 925 754 percurreret,ipsam
938 675 1280 749 praedicaret
1289 672 1986 743 tamconfessoremquam

349 779 692 848 martyrem.
713 774 859 843 Ergo
880 768 1271 826 venerabilem
1304 769 1515 839 praeter
1539 765 1695 821 diem
1725 765 1983 821 Domini-

351 887 481 927 cum
500 869 609 924 fuit
626 864 1022 923 sacratissima:
1046 862 1236 918 omnis
1262 862 1384 917 dies
1412 860 1546 935 μιν
1571 860 1840 917 omnibus
1870 860 1986 916 die-

348 964 476 1034 bus]
483 962 772 1035 jejunium
796 976 809 1015 :
829 958 1110 1013 lenticula:
1121 958 1208 1011 vel
1227 956 1398 1011 oleris
1410 973 1591 1028 prope
1612 956 1817 1027 jejuna
1841 955 1986 1010 refe~

349 1058 492 1121 ctio;
516 1072 632 1111 non
651 1070 838 1121 avem,
861 1052 1077 1125 piscem
1096 1053 1181 1106 vel
1204 1051 1566 1122 pomum,vel
1580 1067 1751 1106 ovum
1765 1049 1986 1105 habens

350 1151 623 1207 edulium.
659 1147 828 1215 Panis
855 1163 990 1202 vero
1014 1146 1352 1201 deliciarum
1385 1144 1729 1217 segalatium
1750 1143 1859 1198 fuit
1887 1146 1988 1199 aut

350 1244 758 1311 hordeaceum,
775 1258 950 1314 quem
961 1241 1304 1297 absconsum
1328 1240 1433 1295 sub
1446 1239 1677 1295 ﬂadone
1699 1238 1983 1306 sumebat,

349 1355 423 1395 ne
450 1337 577 1410 quis
602 1336 941 1409 perciperet.
956 1337 1083 1390 Haec
1108 1335 1216 1389 fuit
1236 1334 1411 1389 etiam
1422 1333 1582 1405 potio
1605 1349 1756 1404 aqua
1775 1333 1983 1400 mulsa,

348 1433 648 1505 piracium,
681 1431 784 1486 sed
808 1429 1035 1485 modice
1065 1429 1244 1484 libata
1273 1428 1565 1483 sitibunda
1594 1426 1839 1499 potatio.

350 1554 357 1559 -
416 1530 507 1582 22.
533 1526 726 1581 Prima
746 1541 977 1596 quoque
1007 1522 1483 1594 Quadragesima,
1521 1538 1634 1593 qua
1661 1537 1722 1575 se
1755 1520 1988 1575 reclusit

347 1622 407 1690 in
431 1621 655 1688 cellula,
677 1619 862 1673 donec
878 1618 1079 1673 fuisset
1098 1620 1412 1684 transacta,
1434 1615 1602 1688 panis
1614 1632 1730 1670 non
1745 1614 1989 1686 sumpsit

349 1713 603 1781 cibaria,‘
618 1712 723 1766 nisi
752 1712 845 1766 die
875 1710 1196 1779 Dominica,
1229 1711 1329 1765 sed
1352 1711 1580 1764 tantum
1606 1708 1828 1763 radices
1853 1708 1983 1762 her-
2014 1730 2023 1735 -

344 1808 571 1875 barum,
609 1809 710 1860 aut
739 1807 898 1861 olera
928 1805 998 1859 de
1047 1804 1252 1860 malvis
1299 1804 1423 1859 sine
1472 1803 1583 1858 olei
1641 1805 1823 1873 gutta,
1864 1801 1988 1856 sine

347 1903 465 1957 sale
487 1900 827 1972 composita.
850 1901 1060 1954 Verum
1074 1914 1239 1970 aquae
1262 1900 1383 1953 toto
1402 1896 1625 1968 jejunio
1639 1911 1743 1951 nec
1756 1912 1989 1950 sumens
2008 1869 2065 1941 B

342 1996 463 2051 duo
494 1994 757 2061 sextaria,
787 1993 919 2047 hinc
947 1995 1110 2047 tanta
1136 1991 1226 2046 siti
1252 1991 1574 2058 laborabat,
1623 1994 1687 2044 ut
1731 1990 1990 2045 faucibus

347 2088 673 2155 desiccatis,
731 2087 820 2141 vix
866 2088 1149 2158 psalmum
1204 2085 1422 2140 diceret
1468 2083 1650 2139 arida.
1727 2083 1987 2139 Cilicium

343 2182 521 2237 etiam
549 2181 770 2236 habens
795 2180 869 2236 ad
897 2196 1103 2251 corpus
1126 2195 1231 2251 pro
1263 2178 1441 2234 linteo
1474 2177 1724 2249 jugiter:
1758 2194 1987 2232 cursum

344 2277 661 2332 decantans
711 2275 1029 2346 peragebat
1072 2273 1332 2344 vigilias:
1409 2275 1542 2327 ante
1606 2288 1667 2325 se
1728 2271 1987 2326 cinerem

344 2373 592 2424 stratum
633 2368 956 2440 superjecto
1002 2366 1204 2434 cilicio,
1237 2367 1346 2422 hoc
1372 2365 1641 2420 utebatur
1668 2381 1773 2437 pro
1810 2366 1987 2419 lectu-

340 2465 397 2519 lo
422 2479 436 2518 :
465 2463 590 2534 ipsa
610 2461 839 2534 requies
868 2461 1172 2532 fatigabat,
1202 2460 1291 2515 cui
1322 2475 1529 2532 parum
1552 2458 1853 2514 videbatur
1876 2456 1988 2514 hoc

343 2557 625 2612 sustinere
657 2556 1058 2627 corpusculum
1085 2554 1180 2627 (a).

412 2653 501 2706 23.
534 2650 735 2704 Adhuc
756 2649 1149 2704 monachabus
1170 2647 1436 2703 omnibus
1457 2646 1862 2719 soporantibus
1879 2648 1987 2701 cal-

340 2746 648 2799 ceamenta
691 2746 925 2814 tergens
962 2745 1021 2796 et
1062 2757 1305 2813 ungens,
1350 2740 1851 2796 retransmittebat
1883 2757 1987 2812 per

342 2839 617 2909 singulas.
645 2835 782 2891 Aliis
810 2834 1271 2908 quadragesimis
1305 2835 1378 2907 (b)
1425 2834 1643 2906 aliquid
1676 2834 1987 2890 relaxatius

337 2932 746 3004 {Al.relaxans]
762 2931 963 3002 quinta
985 2930 1128 2985 feria
1148 2928 1651 2998 sumebat,deinde
1666 2927 1982 2984 Dominica.

343 3027 485 3081 Nam
502 3029 557 3080 et
568 3025 789 3097 reliquo
804 3028 1063 3096 tempore
1077 3026 1291 3095 praeter
1302 3023 1425 3077 dies
1441 3023 1739 3094 paschales
1752 3038 1817 3077 ac
1829 3038 1983 3077 sum-

343 3136 456 3174 mae
482 3119 823 3186 festivitatis,
858 3119 1043 3173 donec
1068 3116 1375 3171 infirmitas
1400 3115 1682 3188 permisit,
1704 3116 1761 3170 in
1792 3115 1985 3170 cinere

2086 576 2332 631 vascula.
2363 575 2498 631 Olus
2518 590 2793 646 purgans,
2820 575 3097 646 legumen
3124 574 3341 642 levans,
3364 573 3506 630 ﬂatu
3532 573 3732 629 focum

2085 669 2410 737 vivificaris;
2458 672 2517 723 et
2549 672 2613 723 ut
2644 669 2993 740 decoqueret
3022 685 3201 736 escas,
3239 668 3542 740 satagebat
3577 683 3730 723 exa-

2087 766 2303 820 stuans.
2333 766 2479 819 Vasa
2509 764 2580 823 de
2608 763 2735 819 foco
2761 762 3116 834 ipsalevans,
3140 762 3325 819 discos
3344 764 3542 818 levans
3571 762 3732 818 etin~

2088 859 2301 915 ferens.
2328 858 2472 915 Hinc
2502 857 2921 917 consummatis
2953 857 3226 913 conviviis
3251 857 3377 929 ipsa
3403 856 3730 913 vasculadi-

2087 956 2271 1022 luens,
2295 969 2549 1026 purgans
2580 952 2760 1008 nitide
2774 952 3106 1024 coquinam,
3130 951 3410 1024 quidquid
3431 954 3557 1007 erat
3573 952 3728 1006 lutu-

2086 1049 2309 1105 lentum
2330 1048 2555 1104 ferebat
2571 1048 2727 1103 foras
2746 1046 2806 1103 in
2828 1046 3019 1101 locum
3041 1045 3407 1116 designatum
3433 1045 3574 1116 [Al.,
3605 1045 3733 1100 ima

2087 1141 2477 1215 purgamina].
2500 1141 2636 1197 Inde
2648 1158 2754 1213 per
2763 1144 3111 1212 aegrotantes
3132 1139 3389 1195 inferens
3402 1138 3732 1195 necessaria

2086 1236 2207 1292 ibat
2224 1253 2344 1292 non
2372 1234 2571 1307 tepida
2599 1238 2658 1291 et
2674 1234 3011 1306 priusquam
3028 1232 3314 1304 exciperet
3331 1234 3731 1288 Arelatensem

2087 1330 2368 1401 regulam,
2405 1328 2778 1385 hebdomade
2812 1328 3214 1383 subtransacta
3244 1326 3597 1382 sufﬁcienter
3654 1326 3732 1382 ad
3834 1350 3837 1351 ν

2089 1441 2295 1480 omnes
2308 1423 2554 1479 calidam
2565 1421 3165 1489 faciebat,humilitate
3180 1420 3536 1476 sanctissima
3548 1419 3732 1491 pedes

2087 1524 2284 1578 lavans
2309 1524 2367 1576 et
2386 1522 2648 1577 osculans
2681 1522 2738 1575 et
2756 1520 2943 1575 adhuc
2971 1535 3176 1574 omnes
3201 1520 3489 1590 prostrata
3517 1517 3729 1589 depre-

2088 1617 2327 1672 cabatur
2345 1615 2574 1671 veniam
2595 1613 2953 1685 negligentia
2974 1630 3080 1685 pro
3110 1612 3435 1669 commissa.

2160 1713 2249 1766 25.
2280 1712 2477 1781 Itaque
2504 1712 2633 1781 post
2655 1712 2743 1764 tot
2767 1709 2993 1763 labores
3018 1724 3161 1779 quas
3190 1707 3298 1762 sibi
3338 1724 3537 1778 poenas
3570 1707 3730 1762 intu-

2089 1805 2238 1873 lerit,
2275 1806 2333 1859 et
2360 1804 2486 1875 ipsa
2516 1819 2644 1875 qua:
2664 1819 2801 1858 voce
2822 1803 3003 1857 refert
3028 1801 3431 1874 perhorrescit.
3462 1801 3733 1866 Quadam

2088 1899 2211 1954 vice
2243 1899 2381 1953 dum
2403 1898 2510 1953 sibi
2534 1899 2681 1952 latos
2708 1901 2826 1952 tres
2856 1897 3098 1952 circulos
3116 1898 3335 1951 ferreos
3364 1896 3566 1951 diebus
3583 1897 3733 1960 Qua-

2090 1991 2431 2065 dragesimaa
2460 1992 2606 2047 collo
2635 1992 2721 2046 vel
2742 1990 2990 2045 brachiis
3017 1989 3233 2058 nexuit,
3259 1994 3316 2044 et
3344 1992 3461 2044 tres
3491 1993 3732 2045 catenas

2088 2087 2352 2142 inserens
2380 2087 2531 2141 circa
2560 2102 2727 2141 suum
2757 2101 2963 2157 corpus
2992 2085 3131 2139 dum
3159 2084 3454 2156 alligasset
3471 2083 3726 2150 astricte,

2088 2181 2315 2237 inclusit
2350 2180 2561 2235 durum
2602 2180 2821 2234 ferrum
2862 2196 2995 2235 caro
3035 2182 3239 2233 tenera
3268 2193 3726 2250 supercrescens.

2088 2277 2158 2331 Et
2194 2278 2483 2330 transacto
2513 2273 2736 2346 jejunio
2763 2290 2895 2328 cum
2914 2272 3185 2328 voluisset
3206 2276 3439 2327 catenas
3465 2271 3569 2327 sub
3596 2274 3732 2327 cute

2088 2369 2311 2424 clausas
2344 2368 2646 2424 extrahere
2683 2384 2790 2422 nec
2818 2368 3053 2434 valeret,
3082 2383 3215 2421 caro
3244 2382 3348 2438 per
3371 2366 3607 2421 dorsum
3635 2371 3730 2420 at-

2068 2460 2201 2535 que
2224 2466 2424 2535 pectus
2455 2478 2625 2533 super
2659 2463 2879 2517 ferrum
2910 2463 3249 2516 catenarum
3283 2463 3371 2514 est
3402 2460 3583 2515 incisa
3620 2477 3735 2532 per

2087 2557 2364 2611 circulum
2398 2558 2463 2610 ut
2489 2555 2722 2627 sanguis
2746 2555 2904 2609 fusus
2947 2553 3022 2610 ad
3051 2556 3371 2609 extremum
3406 2552 3735 2609 exinaniret

2088 2650 2509 2722 corpusculum.

2158 2747 2246 2799 26.
2288 2743 2427 2798 Inde
2460 2742 2580 2797 vice
2622 2741 2725 2797 sub
2758 2741 3146 2813 altera,jussit
3170 2741 3299 2796 fieri
3344 2740 3624 2797 laminam
3664 2742 3733 2797 in

2087 2838 2252 2909 signo
2273 2835 2479 2892 Christi
2501 2835 2906 2904 aurichalcam,
2923 2852 3098 2907 quam
3111 2831 3410 2891 accensam
3436 2836 3498 2891 in
3522 2836 3736 2892 cellula

2088 2931 2225 2987 locis
2251 2930 2477 2986 duobus
2496 2930 2752 3001 corporis
2773 2929 2943 2984 altius
2963 2929 3390 3002 sibiimpressit,
3409 2934 3531 2985 tota
3550 2946 3735 2985 carne

2088 3026 2342 3091 decocta.
2371 3024 2462 3081 Sic
2493 3024 2696 3096 spiritu
2719 3024 3058 3079 ﬂammante
3081 3025 3349 3079 membra
3368 3024 3619 3079 faciebat
3639 3041 3737 3078 ar-

2086 3118 2244 3173 dere.
2272 3118 2474 3172 Adhuc
2513 3117 2731 3188 aliquid
2752 3115 2980 3189 gravius
3016 3117 3075 3171 in
3097 3134 3158 3173 se
3184 3118 3307 3189 ipsa
3334 3118 3533 3174 tortrix
3558 3134 3736 3173 exco-

342 3210 593 3267 etcilicio
611 3228 844 3283 semper
856 3211 1033 3265 vitam
1051 3210 1211 3266 duxit
1226 3210 1703 3265 austeram.Prius
1720 3211 1986 3265 selevans
2006 3244 2061 3320 Ο
2087 3212 2298 3284 gitans,
2324 3228 2442 3266 una
2465 3210 3064 3283 quadragesimarum,
3085 3229 3256 3284 super
3275 3216 3569 3267 austerum
3578 3212 3737 3283 jeju-

344 3310 406 3362 ut
435 3307 707 3377 psalleret
736 3322 911 3376 quam
942 3304 1320 3376 congregatio
1348 3303 1703 3359 surrexisset.
1736 3304 1881 3359 Nam
1913 3303 1986 3358 de

343 3399 547 3455 officiis
572 3398 1095 3466 monasterialibus,
1120 3397 1260 3452 nihil
1289 3397 1393 3452 sibi
1415 3397 1645 3469 placuit,
1672 3397 1777 3451 nisi
1794 3396 1986 3468 prima

341 3492 599 3560 serviret,
626 3495 683 3547 et
707 3492 831 3564 ipsa
853 3509 913 3546 se
942 3491 1261 3563 castigabat
1280 3491 1324 3545 si
1355 3491 1572 3546 bonum
1595 3494 1725 3563 post
1744 3491 1986 3545 alteram

340 3588 563 3658 ageret.
586 3587 736 3658 Ergo
759 3586 873 3641 suis
892 3586 1109 3641 vicibus
1130 3602 1376 3657 scopans
1396 3584 1737 3640 monasterii
1764 3586 1988 3656 plateas

344 3680 514 3734 simul
545 3684 603 3735 et
625 3681 887 3752 angulos,
920 3678 1201 3751 quidquid
1223 3682 1348 3733 erat
1374 3678 1591 3734 foedum
1622 3694 1895 3749 purgans,
1931 3682 1989 3732 et

341 3773 595 3829 sarcinas
634 3791 776 3845 quas
803 3773 897 3829 alii
940 3774 1184 3828 horrent
1218 3771 1431 3840 videre,
1475 3789 1593 3828 non
1639 3771 1989 3826 abhorrebat

341 3868 605 3923 evehere.
623 3867 925 3923 Secretum
947 3866 1126 3921 etiam
1143 3882 1395 3938 purgare
1418 3883 1563 3937 opus
1587 3882 1704 3921 non
1726 3865 1982 3933 tardans,

340 3961 438 4016 sed
464 3978 751 4032 occupans
779 3960 1218 4033 [Al.,scopans];
1241 3961 1435 4015 ferens
1450 3961 1683 4014 factores
1697 3959 1982 4028 stercoris,

337 4055 611 4109 credebat
639 4071 699 4109 se
732 4053 1020 4109 minorem
1045 4054 1170 4122 sibi,
1201 4054 1247 4108 si
1275 4070 1334 4108 se
1370 4070 1487 4108 non
1528 4053 1861 4108 nobilitaret
1900 4053 1984 4108 vi-

342 4148 503 4202 litate
530 4147 763 4202 servitii.
796 4147 976 4220 Ligna
1002 4151 1348 4221 supportans
1367 4146 1635 4214 brachiis,
1662 4148 1857 4201 focum
1889 4146 1989 4202 ﬂa-

344 4241 496 4295 tibus
522 4244 580 4295 et
599 4241 909 4313 forcipibus
937 4243 1272 4309 admovens,
1297 4241 1491 4295 calens
1516 4256 1622 4295 nec
1652 4241 1786 4295 laesa
1812 4256 1871 4295 se
1891 4257 1983 4295 re-

346 4320 600 4403 trahens,
625 4338 783 4391 extra
803 4354 967 4392 suam
979 4334 1411 4391 hebdomadam
1425 4334 1853 4389 infirmantibus
1872 4351 1986 4390 ser-

342 4428 520 4483 viens.
546 4432 673 4501 Ipsa
687 4430 845 4487 cibos
867 4431 1217 4502 decoquens,
1242 4428 1474 4500 (egrotis
1518 4428 1693 4483 facies
1721 4428 1981 4498 abluens,

341 4521 464 4593 ipsa
484 4524 735 4579 calidum
767 4524 1092 4596 porrigens,
1120 4522 1389 4578 visitabat
1419 4538 1562 4594 quos
1606 4522 1857 4591 fovebat,
1892 4523 1981 4594 je-

334 4616 482 4685 juna
513 4617 744 4673 rediens
769 4619 1057 4673 cellulam.

414 4712 501 4765 24.
526 4711 671 4767 Illud
692 4728 923 4784 quoque
955 4711 1082 4784 quis
1120 4710 1381 4784 explicet,
1407 4713 1622 4783 quanto
1643 4712 1869 4766 fervore
1897 4727 1985 4765 ex-

340 4804 513 4859 citata
537 4807 611 4860 ad
632 4806 941 4878 coquinam
961 4790 1386 4861 concursitabat
1406 4822 1569 4861 suam
1582 4805 1798 4860 faciens
1820 4804 1987 4876 septi-

339 4914 574 4953 manam
593 4900 621 4955 ?
639 4900 898 4972 Denique
914 4901 1071 4956 nulla
1082 4900 1503 4956 monacharum
1516 4899 1625 4954 nisi
1639 4898 1761 4971 ipsa
1775 4899 1846 4954 de
1862 4915 1988 4971 pos-

341 4992 475 5048 licio
508 4992 597 5066 (c),
642 4998 925 5066 quantum
960 4993 1106 5066 ligni
1132 5011 1277 5066 opus
1310 4997 1454 5062 erat,
1500 4993 1623 5049 sola
1662 4993 1887 5049 ferebat
1925 4992 1984 5048 in

409 5113 484 5185 (a)
497 5114 663 5185 Apud
678 5114 907 5170 Surium
924 5114 1033 5168 ista
1052 5113 1364 5170 adduntur:
1379 5118 1500 5175 Non
1514 5115 1669 5169 illam
1684 5113 1985 5184 aliquando

334 5187 511 5240 mollis
526 5187 720 5256 pluma
738 5187 979 5253 fulcieit,
1000 5202 1171 5257 neque
1201 5188 1532 5242 linteaminis
1550 5189 1697 5241 nitor
1718 5187 1986 5241 instruxit

334 5259 613 5313 Manicam
641 5274 753 5327 qua
794 5258 1071 5312 brachium
1108 5258 1377 5321 indueret,
1424 5275 1532 5312 non
1574 5258 1825 5319 habebat,
1876 5259 1986 5312 nisi

336 5330 484 5397 quod
508 5330 575 5384 de
613 5330 792 5396 caliga
819 5345 921 5384 sua
948 5330 1057 5384 sibi
1081 5330 1219 5384 duas
1241 5331 1371 5396 fecit
1402 5331 1665 5384 manicas.
1690 5329 1798 5387 Sed
1824 5330 1905 5383 ita
1928 5344 1983 5384 se

336 5402 633 5463 tractabat,
680 5406 742 5456 ut
773 5402 884 5456 haec
908 5418 1004 5455 nec
1029 5400 1308 5455 abbatissa
1332 5403 1576 5456 sentiret.
1603 5400 1741 5465 Quae
1768 5400 1979 5455 desunt

338 5470 394 5524 in
420 5471 605 5525 Dodd.
635 5488 770 5526 mss.
806 5475 864 5526 et
883 5489 949 5526 ex
970 5472 1067 5526 lib.
1092 5489 1152 5540 ιι,
1183 5489 1341 5526 num.
1376 5475 1428 5538 8,
1469 5472 1868 5527 desumuntur.

406 5541 479 5612 (b)
491 5542 1133 5624 Aliasquadragesimas
1154 5543 1223 5624 de
1240 5543 1687 5624 quadragesima
1700 5543 1979 5597 adventus

336 5613 829 5686 Dominialiisque
850 5613 1207 5686 ekplicarunt
1229 5614 1325 5685 qui
1340 5615 1571 5669 Surium
1595 5628 1939 5686 recensuere
1963 5630 1977 5669 :

338 5687 395 5736 at
418 5684 488 5737 de
515 5684 642 5757 aliis
665 5683 1124 5757 quiadrag'esimis
1142 5683 1283 5757 quas
1306 5689 1439 5757 ante
1458 5685 1675 5757 Pascha
1702 5686 1833 5754 post
1858 5683 1971 5754 pri-

334 5768 493 5829 mam
515 5753 576 5807 in
597 5753 843 5829 claustro
863 5753 1833 5829 eiegitRadegundis,_hunclocum
1855 5753 1977 5810 esse

336 5824 840 5891 interpretandum
874 5824 1057 5880 textus
1084 5824 1411 5882 consecutio
1444 5825 1630 5880 docet.

407 5890 825 5965 (CliPorticium,
849 5895 1062 5965 _inquit
1096 5896 1301 5965 Papias
1342 5895 1399 5949 in
1444 5896 1737 5963 Vocabul.,
1770 5900 1849 5951 est
1902 5898 1978 5951 Ia-

339 5961 452 6009 tens
487 5961 683 6014 ostium
724 5963 802 6017 sic
829 5961 1029 6019 dictum
1070 5961 1217 6034 quod
1259 5971 1520 6023 remotum
1552 5969 1625 6023 sit
1665 5983 1701 6023 a
1725 5961 1973 6039 publica,

2089 3305 2252 3360 nium
2278 3308 2337 3360 et
2356 3304 2479 3359 sitis
2511 3304 2746 3360 torrida).
2784 3305 3119 3373 cruciatum,
3160 3306 3348 3361 adhuc
3380 3306 3521 3360 lima
3554 3306 3737 3361 cilicii

2087 3399 2352 3454 membra
2380 3402 2583 3453 tenera
2604 3398 2738 3453 setis
2750 3399 2965 3470 asperis
2977 3400 3311 3471 dissipante,
3328 3400 3495 3471 jubet
3505 3399 3735 3471 portari

2088 3492 2455 3563 aquamanile
2478 3492 2554 3564 (ἀ)
2586 3493 2921 3548 ardentibus
2944 3495 3177 3564 plenum
3196 3494 3560 3549 carbonibus.
3582 3493 3737 3549 Hinc

2089 3586 2513 3641 discedentibus
2539 3586 2779 3658 reliquis
2810 3588 3088 3642 membris
3114 3588 3558 3659 trepidantibus,
3598 3588 3732 3643 ani-

2090 3696 2220 3734 mus
2254 3682 2514 3734 armatur
2543 3681 2616 3735 ad
2645 3697 2899 3752 poenam,
2934 3683 3184 3736 tractans
3222 3682 3357 3754 quia
3388 3698 3505 3737 non
3533 3684 3737 3738 essent

2087 3773 2503 3845 persecutionis
2541 3777 2844 3846 tempora,.
2864 3792 2899 3829 a
2943 3791 3001 3829 se
3026 3779 3088 3829 ut
3112 3777 3277 3830 ﬁeret
3303 3779 3540 3847 martyr.
3569 3778 3736 3831 Inter

2087 3867 2209 3922 haec
2248 3870 2310 3921 ut
2353 3867 2728 3938 refrigeraret
2774 3872 2893 3923 tam
2938 3870 3256 3924 ferventem
3302 3869 3584 3937 animum,
3634 3869 3731 3924 in-

2087 3962 2334 4017 cendere
2365 3977 2572 4033 corpus
2606 3961 2904 4029 deliberat,
2957 3963 3196 4034 apponit
3233 3980 3348 4017 tera
3391 3963 3729 4033 candentia,

2087 4056 2345 4111 Strident
2390 4055 2654 4110 membra
2701 4057 3038 4126 cremantia,
3079 4057 3435 4112 consumitur
3481 4058 3646 4124 cutis,
3673 4062 3733 4115 et

2085 4149 2309 4219 intima,
2345 4167 2459 4222 quo
2490 4149 2682 4221 attigit
2705 4150 2899 4218 ardor,
2922 4150 2986 4204 fit
3011 4151 3183 4206 fossa.
3210 4152 3429 4206 Tacens
3455 4151 3601 4223 tegit
3637 4152 3729 4207 fo-

2084 4244 2339 4298 ramina:
2378 4243 2479 4299 sed
2523 4246 2991 4315 computrescens
3028 4244 3262 4315 sanguis
3312 4245 3733 4300 manifestabat

2085 4337 2241 4409 quod
2287 4354 2393 4392 vox
2446 4354 2563 4393 non
2613 4338 2897 4409 prodebat
2926 4338 2983 4392 in
3014 4355 3207 4409 pmna.
3242 4338 3331 4405 Sic
3366 4339 3586 4395 femina
3616 4356 3727 4411 pro

2083 4431 2290 4488 Christi
2318 4431 2642 4499 dulcedine,
2665 4434 2753 4486 tot
2788 4448 2987 4487 amara
3022 4432 3271 4487 libenter
3302 4433 3542 4504 accepit.
3582 4434 3729 4488 Hinc

2085 4528 2276 4580 actum
2305 4529 2409 4594 est,
2440 4530 2502 4581 ut
2522 4525 2675 4597 quod
2694 4525 2817 4597 ipsa
2836 4525 3142 4595 abdiderit,
3170 4527 3279 4582 hoc
3302 4528 3585 4583 miracula
3604 4544 3724 4582 non

2000 4618 2060 4692 D
2085 4622 2362 4676 tacerent.

2157 4716 2451 4786 27.1taque
2467 4702 2735 4770 matrona
2751 4713 2998 4769 Gislaadi
3015 4713 3535 4786 proceris,nomine
3549 4714 3729 4783 Bella,

2087 4808 2188 4863 sed
2214 4810 2389 4880 longa
2410 4809 2664 4864 cercitate
2686 4808 3031 4876 miserrima,
3060 4806 3284 4880 rogavit
3304 4825 3361 4863 se
3389 4808 3461 4863 de
3488 4809 3738 4865 Francia

2085 4902 2327 4957 Pictavis
2353 4903 2428 4958 ad
2458 4906 2669 4957 sanctas
2700 4902 2833 4957 duci
2863 4902 3067 4958 devote
3094 4902 3483 4974 praesentiam.
3514 4903 3732 4972 Quam,

2087 4996 2221 5051 licet
2245 4997 2409 5052 tarde
2426 4999 2679 5065 exorata,
2703 4996 2813 5052 sibi
2834 4996 2971 5051 fecit
2991 4996 3210 5051 occurri
3233 5014 3340 5068 per
3354 4999 3520 5053 tetras
3540 4998 3737 5053 noctis

2087 5112 2308 5185 Saepius
2333 5113 2392 5168 in
2415 5112 2730 5185 posteriore
2748 5112 2960 5169 aedium
2986 5115 3149 5185 parte
3164 5113 3440 5169 locatum.
3460 5114 3743 5171 Porticia-

2085 5184 2284 5257 ria’est
2305 5184 2433 5257 quae
2452 5201 2648 5239 curam
2670 5185 2847 5240 habet
2861 5184 3175 5257 recipiendi
3198 5202 3267 5240 ea
3288 5202 3416 5256 quas
3436 5184 3495 5239 in
3516 5202 3736 5241 mona—

2085 5255 2323 5310 sterium
2335 5255 2745 5328 deportantur,
2769 5261 2827 5311 et
2839 5255 3272 5312 transmittendi
3292 5255 3419 5327 quae
3436 5258 3742 5313 transmit-

2083 5330 2301 5401 tuntur,
2337 5329 2513 5401 vulgo
2537 5329 2591 5382 la
2607 5331 2841 5383 touriére
2870 5331 2935 5383 ut
2962 5328 3267 5401 Menardus
3292 5332 3490 5383 noster
3518 5329 3739 5401 probat

2085 5398 2143 5454 in
2159 5398 2715 5482 ’Qpncor‘d.__Regul.,
2739 5399 3017 5482 cap:6l,‘§
3054 5400 3134 5480 1'4.

2155 5469 2232 5541 (ά)
2261 5470 2408 5536 Quid
2434 5469 2506 5525 sit
2525 5469 2918 5541 aquamanile,
2953 5469 3225 5525 discimus
3257 5486 3323 5524 ex
3364 5470 3566 5525 ordine
3610 5474 3737 5529 Ro-

2083 5540 2278 5609 mano,
2310 5540 2408 5595 ubi
2433 5540 2599 5612 agit,’
2619 5542 2867 5612 qualiter
2905 5541 3317 5596 celebrandum
3359 5541 3433 5596 sit
3463 5543 3739 5600 ofﬁcium

2081 5612 2300 5668 missae:
2330 5613 2701 5683 aquamanile,
2734 5615 2828 5668 hoc
2858 5618 2937 5668 est
2969 5628 3068 5667 vas
3097 5614 3372 5676 manuale,
3422 5614 3603 5684 pelvis
3631 5615 3731 5669 ni-

2081 5684 2293 5755 mirum
2325 5686 2492 5755 aptus
2524 5684 2876 5755 excipiendis
2902 5684 3063 5755 aquis
3085 5700 3151 5738 ex
3174 5699 3454 5739 manuum
3477 5685 3733 5743 lotione.

2082 5701 2293 5738 mirum
2325 5701 2492 5755 aptus
2524 5701 2643 5737 exci
2688 5701 2876 5739 lenais
2902 5701 3063 5755 aquis
3085 5701 3151 5738 ex
3174 5701 3454 5739 manuum
3477 5701 3733 5743 lenone.

2082 5754 2346 5823 Isidorus,
2376 5755 2474 5809 lib.
2505 5772 2543 5810 ll
2574 5701 2749 5821 ofﬁc”
2778 5772 2899 5826 cap.
2933 5759 3034 5810 lO:
3066 5755 3154 5810 Ab
3193 5756 3575 5812 archidiacono
3609 5774 3743 5827 scy-

2074 5827 2427 5898 phumiaquae
2465 5843 2583 5882 cum
2608 5827 2953 5896 aquamanili
2981 5832 3032 5881 et
3074 5829 3473 5896 manutergium
3516 5833 3735 5898 accipi-

2078 5912 2216 6020 must.
2244 5897 2383 6023 M3}:
2411 5913 2550 5968 ergo
2573 5899 2942 5970 aquamanile
2968 5914 3099 5954 cum
3120 5898 3399 5957 urceoloa
3428 5897 3739 5961 nonnullis

2079 5983 2187 6022 con
2214 5983 2291 6021 un
2384 5983 2467 6023 ur.

2079 5983 2467 6023 contunditur.
