4006 6238
193 275 286 327 ﬁdi

1529 270 1696 325 VlTA.
1742 268 1938 326 LIBER
1985 270 2251 327 PRIMUS.

3466 276 3565 330 662

188 376 434 436 silentia.
463 378 749 435 Prostrata
767 376 928 450 cujus
954 377 1024 434 ad
1053 390 1240 450 genua
1261 380 1325 433 ut
1352 376 1682 449 dignaretur
1709 393 1838 434 ocu-
1860 387 1918 464 Α
2008 382 2094 436 32.
2128 379 2278 436 Goda
2308 377 2495 450 puella
2522 377 2822 450 saecularis,
2846 381 2970 452 post
2999 379 3112 435 Deo
3139 379 3418 437 monacha
3444 396 3564 438 ser-

186 476 266 530 los
295 474 423 545 ejus
449 474 699 546 signare,
739 473 831 528 vix
861 473 1149 544 impetrat.
1196 474 1333 537 Quae
1370 489 1502 528 mox
1547 476 1610 527 ut
1643 472 1701 527 in
1727 489 1831 528 no-

189 569 342 626 mine
369 569 588 624 Christi
612 567 841 640 signum
866 568 1046 623 crucis
1077 567 1380 638 impressit,
1408 567 1626 622 caecitas
1665 567 1831 638 fugit,

189 666 283 720 lux
310 663 528 731 rediit,
559 667 613 718 et
652 667 931 718 nocturno
959 663 1062 716 sub
1102 666 1356 734 tempore
1392 662 1547 716 orbae
1590 661 1688 716 diu
1715 661 1834 716 dies

191 757 402 814 illuxit:
435 757 523 813 ita
547 763 610 813 ut
631 761 808 813 tracta
833 773 965 812 cum
993 756 1256 826 venisset,
1289 755 1446 811 nullo
1473 756 1713 811 ducente
1740 772 1832 810 re-

189 852 433 908 cederet.

254 950 344 1002 ‘28.
403 948 551 1001 Item
598 945 789 1017 puella
820 944 1153 1014 Fraiﬁedis,
1207 943 1440 999 inimico
1491 942 1830 1014 instigante,

189 1043 322 1096 dum
351 1043 724 1113 torqueretur
749 1044 865 1095 tam
895 1040 1160 1110 nequiter
1184 1055 1368 1092 sacras
1405 1037 1539 1109 [Al.,
1573 1036 1826 1110 Suaedas]

191 1135 336 1190 inter
361 1151 574 1188 manus
609 1138 836 1202 sanctae,
871 1150 972 1188 nec
1005 1133 1134 1187 data
1169 1132 1456 1202 dilatione,
1489 1132 1673 1186 curari
1698 1147 1832 1202 pro-

191 1229 420 1284 meruit.
466 1230 578 1284 Nec
604 1229 738 1283 illuc
779 1231 1172 1298 praetereatur,
1213 1230 1437 1297 tempus
1476 1226 1655 1280 beatae
1682 1225 1834 1296 quod

189 1322 472 1394 praestitit.
493 1322 643 1393 (Sic).
661 1321 893 1377 Femina
906 1321 1172 1392 quaedam
1185 1320 1430 1376 Leubilis
1446 1321 1582 1376 dum
1603 1335 1832 1375 vexare-

193 1423 282 1470 tur
300 1417 362 1470 in
380 1432 524 1470 rure
538 1416 607 1470 ab
630 1414 950 1470 adversario
965 1415 1232 1486 graviter,
1250 1415 1508 1486 sequenti
1529 1413 1620 1468 die
1639 1416 1829 1467 sancta

192 1513 407 1579 orante,
447 1527 594 1564 nova
632 1509 840 1564 Christi
875 1509 1167 1564 curatione
1207 1509 1266 1563 in
1305 1509 1532 1579 scapula
1569 1509 1835 1577 crepante

190 1609 350 1670 cute,
415 1609 474 1658 et
527 1620 719 1658 verme
772 1603 921 1657 foras
973 1607 1245 1672 exeunte,
1296 1619 1431 1656 sana
1479 1605 1563 1656 est
1616 1600 1836 1655 reddita

191 1697 415 1768 publice
441 1716 456 1767 ;
502 1703 559 1753 et
582 1698 772 1770 ipsum
799 1713 1050 1752 vermem
1093 1697 1312 1752 calcans
1343 1696 1486 1768 pede
1512 1695 1750 1750 liberata
1775 1709 1833 1747 se

194 1808 251 1846 re
258 1792 404 1847 tulit.

253 1889 342 1941 29.
389 1887 537 1942 Illud
579 1887 730 1958 quod
777 1887 950 1958 gessit
990 1886 1050 1940 in
1104 1888 1317 1942 secreto
1342 1926 1355 1952 ,
1397 1883 1718 1956 proferatur
1772 1882 1832 1938 in

189 1981 492 2053 populum.
516 1981 788 2036 Monacha
809 1981 1070 2051 quaedam
1097 1984 1218 2035 toto
1243 1996 1414 2048 anno,
1447 1977 1505 2032 in
1533 1978 1622 2033 die
1650 1977 1834 2048 gelata

189 2075 424 2146 frigore,
476 2092 583 2147 per
627 2079 851 2130 noctem
897 2078 1141 2129 cremata
1191 2073 1331 2145 igni,
1387 2089 1484 2127 sex
1541 2071 1833 2126 mensibus

190 2185 289 2224 nec
315 2186 578 2240 gressum
603 2185 860 2238 movens,
892 2185 1028 2223 cum
1050 2169 1263 2239 jaceret
1288 2167 1582 2234 exanimis,
1617 2167 1832 2221 Sanctae

191 2263 255 2318 de
293 2263 418 2333 ejus
458 2263 792 2318 inﬁrmitate
831 2279 996 2318 soror
1031 2263 1206 2317 altera
1247 2261 1544 2316 nuntiavit.
1597 2262 1663 2315 Et
1700 2259 1834 2330 quia

191 2357 480 2429 perinanis
541 2362 725 2425 esset,
795 2357 1046 2428 tepidam
1107 2354 1228 2410 ﬁeri
1294 2355 1593 2426 praecipit,
1649 2355 1832 2424 ipsam

193 2457 467 2521 aegrotam
495 2453 566 2506 ad
592 2469 651 2508 se
676 2452 808 2506 facit
833 2451 892 2505 in
918 2451 1118 2505 cellula
1152 2450 1440 2521 deportari
1476 2454 1530 2504 et
1556 2449 1616 2502 in
1643 2449 1832 2519 tepida

194 2544 418 2616 deponi.
475 2546 616 2602 Hinc
659 2545 825 2617 jubet
879 2561 1074 2600 omnes
1127 2543 1446 2611 removeri,
1497 2546 1831 2598 remanente

193 2643 412 2694 tantum
465 2641 582 2695 sola
637 2639 808 2695 simul
855 2643 1070 2710 aegrota
1124 2655 1255 2692 cum
1302 2636 1520 2691 medica
1561 2637 1679 2691 fere
1727 2653 1830 2707 per

193 2732 358 2787 horas
407 2734 573 2789 duas.
616 2735 905 2798 Quantum
941 2737 1023 2787 est
1059 2730 1307 2802 corporis
1350 2731 1534 2784 forma
1571 2748 1604 2784 a
1648 2731 1831 2802 capite

193 2843 368 2898 usque
420 2829 494 2883 ad
544 2829 798 2900 plantam
827 2870 841 2895 ,
891 2826 1118 2881 inﬁrma
1159 2824 1418 2880 membra
1464 2824 1827 2894 combajulat.

195 2906 409 2976 Dehinc
455 2939 570 2994 quo
610 2939 816 2976 manus
856 2921 1205 2992 attingebat,
1264 2918 1518 2990 fugiebat
1560 2919 1716 2973 dolor
1761 2919 1831 2973 de

193 3015 498 3087 languida;
528 3021 584 3072 et
611 3033 782 3087 quam
826 3017 953 3070 dum
983 3015 1390 3086 deposuerant,
1423 3012 1560 3067 exiit
1593 3011 1832 3067 salubris

1932 475 2091 530 viens
2110 517 2123 544 ,
2156 474 2293 529 dum
2331 473 2502 544 longo
2528 473 2631 527 sub
2661 477 2917 545 tempore
2941 516 2954 543 ,
2989 474 3132 530 lecto
3170 473 3370 531 ﬁebilis
3392 475 3564 532 decu-

1934 570 2114 638 baret,
2139 573 2192 623 et
2219 569 2475 639 impenso
2499 569 2678 622 multo
2703 569 3078 624 medicamine
3102 570 3226 640 plus
3248 571 3563 642 langueret,

1936 664 2082 718 facta
2122 662 2355 718 candela
2392 663 2464 716 ad
2500 678 2828 718 mensuram
2872 680 2989 718 suae
3033 667 3282 733 staturae,
3328 665 3565 720 Domino

1935 757 2241 812 miserante
2289 756 2349 810 in
2407 757 2636 812 nomine
2686 761 2895 812 sanctae
2945 757 3210 828 feminas,
3267 775 3378 830 qua
3426 759 3566 814 hora

1935 851 2112 923 frigus
2164 851 2434 922 spiraret,
2489 851 2685 906 lumen
2740 851 2995 907 accendit
3037 856 3093 906 et
3134 852 3347 923 tenuit,
3405 853 3566 924 cujus

1932 945 2204 1001 beneﬁcio
2231 950 2360 1000 ante
2390 945 2584 1017 fugata
2626 948 2760 1001 sunt
2783 946 3030 1017 frigora,
3058 963 3230 1018 quam
3256 951 3400 1003 esset
3424 963 3560 1012 can:

1934 1040 2057 1095 dela
2087 1056 2320 1094 consum
2328 1043 2442 1110 pta.

2005 1137 2092 1190 33.
2133 1134 2188 1188 Si
2219 1138 2447 1204 propter
2480 1133 2811 1189 brevitatem
2853 1135 3032 1191 multa
3079 1135 3564 1206 praetermittimus

1935 1228 2062 1299 plus
2106 1244 2421 1299 peccamus.
2473 1227 2648 1298 [gitur
2697 1230 2951 1300 purgatis
3001 1229 3266 1286 velociter
3309 1229 3563 1301 reliquis,

1935 1323 2108 1377 dilato
2151 1322 2404 1378 remedio
2429 1365 2442 1388 ,
2495 1323 2832 1393 carpentarii
2887 1323 3180 1393 cujusdam
3233 1341 3376 1378 uxor
3425 1324 3565 1379 dum

1935 1416 2195 1487 plurimis
2210 1416 2407 1470 diebus
2421 1432 2812 1487 energumeno
2826 1416 2933 1488 (sic)
2950 1421 3326 1488 torqueretur,
3340 1434 3567 1474 venera-

1934 1510 2058 1564 bilis
2086 1510 2208 1579 ejus
2237 1509 2517 1564 abbatissa
2551 1511 2621 1581 (a)
2649 1510 2978 1580 joculariter
3007 1511 3141 1566 dicit
3169 1511 3239 1565 ad
3267 1517 3559 1568 sanctam:

1933 1603 2126 1670 Crede,
2156 1607 2358 1672 mater,
2383 1603 2812 1658 excommunico
2836 1608 2912 1673 te,
2936 1604 2980 1657 si
3009 1604 3157 1658 intra
3181 1605 3286 1658 hoc
3311 1605 3567 1661 triduum

1934 1697 2138 1751 mulier
2180 1697 2301 1751 haac
2345 1697 2414 1752 ab
2461 1697 2622 1753 hoste
2663 1701 2904 1768 purgata
2946 1714 3064 1752 non
3104 1697 3378 1753 redditur.
3420 1699 3570 1754 Dixit

1850 1776 1906 1846 B
1931 1791 2120 1861 plane,
2141 1791 2237 1845 sed
2259 1791 2391 1846 fecit
2411 1796 2664 1846 sanctam
2695 1791 2996 1846 mulierem
3025 1791 3242 1846 occulte
3270 1791 3562 1848 reﬁciendi

1935 1888 2187 1955 tempore
2211 1885 2602 1955 poenitentem.
2622 1885 2780 1949 Quod
2806 1901 2878 1940 ne
2903 1901 3197 1940 moremur
3216 1886 3352 1957 quid
3374 1889 3567 1941 actum

1933 1978 2024 2046 sit,
2066 1979 2240 2032 altera
2281 1979 2371 2033 die
2413 1983 2604 2033 sancta
2642 1983 2908 2049 precante
2950 1979 3306 2033 adversarius
3335 1980 3568 2051 rugiens

1934 2088 2035 2142 per
2084 2088 2281 2127 aurem
2331 2072 2649 2143 egrediens,
2696 2072 2958 2126 invasum
2995 2073 3288 2127 vasculum
3338 2073 3566 2143 deserit,

1935 2165 2140 2220 mulier
2185 2183 2316 2220 cum
2364 2166 2571 2220 marito
2623 2181 2814 2236 sospes
2868 2165 3014 2220 redit
3067 2165 3404 2237 hospitium.
3458 2168 3569 2224 Nec

1932 2259 2068 2314 illud
2099 2264 2470 2330 praetereatur
2495 2260 2645 2330 quod
2673 2263 2968 2314 estactum
2989 2258 3364 2315 simillimum.
3387 2262 3571 2331 Rogat

1931 2353 2256 2408 beatissima
2285 2354 2354 2408 de
2380 2354 2501 2408 loco
2527 2371 2632 2407 suo
2660 2353 2820 2409 evelli
2845 2353 3106 2408 arborem
3129 2353 3373 2408 validam
3399 2355 3565 2425 lauri,

1932 2453 1988 2501 et
2013 2448 2081 2502 ad
2108 2464 2270 2502 suam
2299 2447 2562 2502 cellulam
2597 2464 2699 2518 pro
2718 2446 3074 2517 jucunditate
3105 2449 3414 2502 transferri.
3448 2451 3568 2513 Quo

1932 2541 2096 2608 facto,
2138 2542 2571 2612 transplantata,
2614 2557 2730 2596 non
2769 2541 3093 2598 adhaerente
3123 2541 3327 2611 radice,
3364 2541 3427 2596 ﬁt
3453 2546 3570 2597 tota.

1932 2635 2078 2689 foliis
2107 2635 2282 2690 arida.
2324 2635 2425 2690 Cui
2466 2635 2741 2690 abbatissa
2772 2635 3102 2705 joculariter
3138 2636 3403 2706 imputat,
3457 2635 3570 2691 nisi

1933 2734 2189 2784 exoraret
2223 2732 2286 2782 ut
2321 2729 2488 2783 arbor
2521 2732 2685 2783 terrae
2721 2729 3056 2797 adhaereret,
3091 2745 3148 2784 se
3186 2729 3254 2784 de
3286 2729 3408 2784 cibo
3438 2746 3563 2784 sus-

1931 2823 2224 2894 penderat.
2258 2823 2414 2886 Quod
2446 2839 2560 2877 non
2596 2822 2842 2877 inaniter
2872 2823 3084 2877 dictum
3111 2826 3230 2878 est:
3261 2825 3401 2877 Nam
3431 2840 3563 2878 san-

1931 2921 2020 2971 cta
2044 2917 2447 2985 intercedente,
2485 2916 2654 2986 foliis,
2699 2916 2892 2984 ramis,
2925 2916 3110 2972 radice
3149 2917 3340 2970 laurus
3366 2917 3566 2972 siccata

1932 3010 2184 3065 reviruit.
2255 3021 2260 3023 ’

197 3109 260 3163 de
291 3110 499 3180 tepida.
530 3111 666 3174 Quae
702 3110 899 3164 vinum
936 3125 1041 3164 nec
1077 3107 1367 3176 odorabat,
1405 3107 1639 3177 accepit,
1665 3105 1828 3172 bibit,
1853 3147 1907 3219 Ο
2005 3105 2186 3160 34.Ι)θ
2205 3103 2594 3158 monachabus
2613 3103 2879 3174 quaedam
2901 3102 3007 3158 sibi
3028 3103 3377 3170 familiarior,
3405 3103 3566 3175 cujus

197 3207 249 3257 et
278 3203 486 3259 refecta
530 3209 632 3259 est.
671 3202 815 3268 Quid
855 3203 1062 3274 plura?
1092 3201 1362 3274 Sequenti
1405 3200 1493 3254 die
1537 3217 1667 3254 cum
1706 3200 1829 3271 jam

198 3302 515 3366 speraretur
555 3296 672 3369 [pro
693 3296 1036 3367 crederetur]
1059 3295 1309 3367 migrare
1330 3295 1398 3349 de
1420 3294 1622 3348 saaculo
1647 3337 1661 3363 ,
1685 3295 1831 3348 salva

200 3391 463 3458 processit
493 3392 555 3446 in
581 3391 896 3462 publicum.

265 3485 351 3538 30.
401 3484 716 3555 Adjiciatur
764 3483 920 3538 laudi
969 3483 1120 3554 quod
1174 3498 1288 3536 non
1333 3480 1555 3552 deperit
1602 3480 1828 3535 merito.

201 3576 389 3631 Mulier
412 3579 680 3650 quaedam
703 3578 841 3632 dum
861 3576 1080 3631 inimici
1104 3575 1392 3630 invasione
1413 3573 1660 3646 graviter
1680 3573 1832 3628 labo-

207 3675 362 3739 raret,
390 3676 444 3726 et
475 3671 566 3726 vix
592 3672 662 3726 ad
690 3676 944 3726 sanctam
971 3669 1284 3742 potuissent
1310 3669 1533 3724 hostem
1559 3667 1832 3723 rebellem

205 3763 512 3834 adducere;
572 3765 824 3836 imperat
883 3764 1241 3831 adversario,
1300 3767 1362 3817 ut
1419 3779 1477 3818 se
1539 3779 1638 3816 suo
1701 3779 1832 3816 cum

204 3855 396 3912 timore
420 3858 748 3930 pavimento
786 3862 1186 3929 prosterneret.
1227 3858 1347 3911 Mox
1390 3857 1461 3911 ad
1498 3857 1675 3910 beata:
1712 3873 1829 3911 ser-

205 3965 426 4005 monem
472 3952 530 4005 in
583 3956 796 4006 terram
853 3968 910 4006 se
960 3952 1266 4022 dejiciens,
1323 3949 1420 4021 qui
1484 3949 1828 4020 timebatur,

202 4043 480 4100 extimuit.
525 4046 629 4100 Cui
670 4050 858 4101 sancta
909 4046 1077 4116 plena
1120 4045 1230 4099 fide
1282 4061 1415 4098 cum
1462 4044 1730 4097 calcasset
1773 4043 1830 4097 in

205 4138 440 4208 cervice,
474 4140 632 4194 ﬂuxu
669 4139 880 4194 ventris
921 4155 1179 4210 egressus
1218 4142 1322 4193 est.
1363 4140 1459 4192 Est
1496 4141 1551 4191 et
1578 4137 1636 4190 in
1665 4137 1834 4192 rebus

205 4231 450 4289 minimis
495 4250 705 4305 magna
752 4233 934 4305 gloria
982 4233 1266 4287 creatoris.
1324 4234 1473 4302 Ergo
1525 4248 1656 4286 casu
1703 4248 1834 4286 cum

208 4324 420 4393 glomus
463 4343 632 4398 quem
672 4332 865 4381 sancta
905 4327 1176 4396 ﬁlaverat,
1219 4325 1598 4396 perpenderet
1637 4325 1707 4380 de
1743 4341 1831 4379 ca-

207 4434 372 4488 mera,
413 4421 650 4476 veniens
691 4436 856 4475 sorex
896 4424 962 4474 ut
1007 4425 1287 4491 tangeret,
1330 4425 1635 4491 antequam
1670 4419 1834 4473 ﬁlum

209 4509 493 4582 incideret,
522 4519 778 4569 mortuus
807 4514 864 4567 in
893 4530 1087 4568 morsu
1113 4513 1404 4584 pependit.

275 4608 357 4660 3t.
385 4610 677 4664 Inseratur
714 4607 871 4679 operi
908 4624 996 4663 res
1024 4612 1142 4661 tam
1173 4607 1349 4678 digna
1381 4605 1678 4659 miraculo.
1709 4605 1830 4659 Flo-

213 4698 349 4754 reius
382 4702 614 4774 quidam
663 4702 915 4771 nomine,
951 4702 1124 4756 homo
1171 4700 1427 4770 ejusdem
1463 4703 1691 4767 sanctaz,
1733 4716 1835 4769 pro

213 4791 507 4860 piscatione
536 4797 671 4850 dum
700 4795 759 4849 in
789 4811 945 4849 mare
972 4798 1274 4865 satageret,
1316 4793 1510 4847 oborto
1535 4795 1837 4846 ventorum

215 4886 468 4958 turbine,
515 4889 791 4943 ﬂuctuum
839 4891 1112 4960 surgente
1156 4886 1305 4941 mole
1330 4929 1342 4952 ,
1386 4902 1488 4941 nec
1525 4890 1640 4940 tam
1669 4890 1840 4940 nauta

216 4979 523 5036 sentinante
552 4982 858 5051 [sentinam
896 4980 1176 5053 ejiciente]
1211 5023 1224 5050 ,
1254 4996 1427 5051 quam
1451 4979 1607 5033 unda
1639 4995 1836 5050 super-

215 5080 492 5144 vergente,
535 5091 667 5129 cum
715 5075 872 5129 navis
910 5076 1079 5145 plena
1126 5074 1610 5144 submergeretur,
1649 5073 1708 5126 in
1749 5089 1843 5127 ex-

221 5165 490 5223 tremitate
541 5169 790 5224 clamat:
852 5168 1054 5223 Sancta
1110 5167 1500 5238 Radegundis,
1557 5167 1693 5221 dum
1741 5167 1842 5221 tibi

221 5257 542 5332 obedimus,
586 5279 698 5316 non
749 5261 1104 5316 subsidamus
1146 5261 1464 5332 naufragio,
1519 5261 1617 5314 sed
1655 5259 1844 5314 obtine

220 5354 358 5420 apud
387 5357 563 5410 Deum
595 5360 657 5410 ut
680 5355 990 5411 liberemur
1015 5355 1084 5409 de
1112 5355 1330 5426 pelago.
1354 5355 1474 5418 Quo
1502 5354 1670 5422 dicto,
1709 5370 1846 5407 mox

226 5443 407 5516 fugata
430 5449 603 5522 nube,
627 5449 846 5506 reddita
871 5448 1192 5519 serenitate,
1219 5448 1370 5503 unda
1395 5448 1649 5513 cadente,
1679 5464 1848 5517 prora

228 5544 478 5599 surrexit.

297 5682 364 5754 (α)
390 5689 508 5742 Non
533 5705 668 5760 ergo
689 5688 1072 5761 Radegundis,
1104 5693 1167 5743 ut
1191 5686 1425 5761 quidam
1440 5687 1730 5761 asserunt,
1753 5686 1850 5761 sed

235 5756 408 5831 Agnes
433 5756 711 5815 abbatissa
750 5756 888 5829 erat,
933 5761 1085 5831 quod
1130 5756 1401 5831 etiamex
1440 5757 1744 5831 Fortunato
1790 5756 1848 5810 in

235 5821 324 5879 lib.
347 5845 458 5901 vm,
477 5849 598 5903 cap.
619 5836 671 5904 8,
695 5833 764 5888 de
789 5821 1140 5904 Virginitate,
1169 5828 1464 5885 manifeste
1481 5829 1852 5897 apparettum

1932 3221 2000 3260 ex
2033 3205 2273 3259 humore
2311 3202 2542 3273 sanguis
2568 3206 2892 3258 contexerat
2921 3202 3152 3256 oculum
3170 3243 3183 3270 ,
3211 3201 3566 3272 apprehensa.

1931 3298 2107 3352 herba
2133 3296 2454 3368 absynthio,
2481 3312 2656 3368 quam
2684 3301 2878 3350 sancta
2915 3296 3059 3350 circa
3088 3299 3282 3366 pectus
3314 3300 3374 3350 ut
3400 3294 3565 3351 refri-

1933 3395 2153 3463 geraret
2172 3391 2466 3458 habuerat,
2495 3406 2626 3443 cum
2646 3406 2816 3460 super
2835 3389 3063 3444 oculum
3084 3389 3294 3460 posuit,
3321 3389 3482 3444 dolor
3507 3393 3567 3444 et

1933 3502 2098 3540 cruor
2135 3501 2268 3539 mox
2309 3483 2549 3555 effugit;
2591 3488 2648 3538 et
2685 3483 2754 3538 de
2794 3483 3072 3538 viriditate
3113 3483 3308 3538 herbae
3347 3483 3564 3553 pur-itas

1931 3580 2070 3634 lucis
2085 3579 2338 3633 emicuit.
2361 3579 2674 3632 Revocetur
2692 3577 2971 3631 memoria
2992 3577 3143 3647 quod
3163 3576 3398 3632 tacitum
3417 3593 3564 3648 pene

1932 3675 2244 3747 prmteriit.,
2282 3673 2610 3728 Anderedus
2667 3688 2842 3744 agens
2901 3672 3156 3742 ejusdem
3221 3673 3563 3727 beatissime

1932 3786 2055 3824 cam
2106 3768 2210 3822 sibi
2251 3767 2348 3821 ﬁlii
2391 3771 2798 3835 nascerentur,
2855 3781 2995 3836 quos
3045 3768 3111 3819 ut
3160 3764 3376 3819 videret
3425 3783 3561 3820 mox

1931 3863 2210 3934 perderet,
2263 3867 2318 3916 et
2367 3861 2640 3931 cogitaret
2683 3859 2920 3930 sepelire
2967 3862 3150 3912 mater
3202 3857 3377 3912 tristis
3424 3859 3564 3914 dum

1933 3959 2173 4028 pareret,
2221 3955 2525 4010 exanimen
2568 3954 2915 4008 infantulum
2957 3953 3256 4024 lacrymosi
3305 3957 3563 4023 parentes

1925 4050 2141 4120 jactant
2191 4048 2248 4103 in
2293 4053 2501 4103 sanctae
2554 4047 2819 4102 cilicium.
2871 4047 2979 4110 Qui
3020 4050 3084 4099 ut
3135 4045 3562 4100 saluberrimam

1932 4148 2145 4199 vestem
2170 4159 2303 4198 mox
2333 4143 2506 4214 panni
2533 4141 2734 4196 nobilis
2767 4140 2988 4211 attigit,
3016 4140 3087 4195 ad
3115 4139 3364 4194 ofﬁcium
3396 4140 3563 4194 vitale

1935 4238 2079 4293 redit
2095 4237 2278 4292 infans
2301 4237 2369 4291 de
2389 4236 2609 4305 funere,
2638 4240 2694 4290 et
2717 4234 2926 4289 rubens
2950 4235 3093 4290 levat
3109 4235 3176 4289 de
3195 4233 3364 4306 pallio
3384 4235 3564 4306 pallor

1936 4331 2154 4386 vicinus
2180 4331 2250 4384 ad
2281 4330 2586 4384 tumulum.

2003 4428 2093 4480 35.
2126 4425 2259 4488 Quis
2284 4426 2549 4478 numeret
2569 4420 2849 4476 mirabilia
2868 4436 2995 4491 quae
3022 4419 3228 4474 Christi
3249 4420 3569 4475 misericors

1855 4519 1914 4589 D
1937 4521 2204 4589 operatur
2237 4515 2534 4571 clementia
2552 4515 2580 4569 ?
2608 4513 2833 4568 Animia
2868 4512 3152 4566 monacha
3179 4512 3317 4566 dum
3346 4517 3568 4568 tantum

1933 4610 2202 4683 hydropis
2229 4610 2426 4664 morbo
2455 4607 2759 4662 tumefacta
2778 4607 3125 4672 tenderetur,
3155 4608 3221 4659 ut
3246 4606 3393 4660 salus
3420 4612 3566 4661 esset

1937 4706 1994 4759 in
2023 4703 2246 4770 ultimo,
2286 4708 2342 4757 et
2379 4703 2662 4772 deputatae
2706 4714 2924 4753 sorores
2953 4703 3276 4770 spectarent
3304 4716 3416 4770 quo
3445 4717 3567 4755 mo-

1937 4803 2129 4854 mento
2157 4797 2445 4852 exhalaret
2479 4795 2764 4866 spiritum,
2803 4792 2921 4847 visa
2948 4796 3031 4847 est
3060 4792 3140 4846 illi
3177 4809 3279 4863 per
3308 4811 3572 4865 soporem

1939 4910 2069 4947 cum
2098 4891 2414 4947 veneranda
2438 4888 2713 4944 abbatissa
2742 4887 2910 4942 beata
2944 4887 3328 4959 Radegundis,
3365 4888 3425 4943 in
3452 4889 3571 4944 bal-

1944 5003 2048 5041 neo
2091 4986 2210 5040 sine
2240 4985 2460 5057 liquore
2495 4983 2706 5037 nudam
2725 4981 2928 5053 jubere
2957 4981 3316 5036 descendere.
3362 4983 3573 5038 Deinde

1941 5097 2145 5134 manus
2189 5081 2373 5135 Beatae
2417 5077 2534 5132 visa
2575 5081 2659 5132 est
2701 5077 2889 5131 oleum
2935 5079 3164 5147 aegrotas
3209 5091 3380 5147 super
3408 5078 3579 5148 caput

1946 5169 2253 5236 effundere,
2309 5172 2365 5222 et
2415 5183 2560 5221 nova
2608 5169 2760 5221 veste
2811 5171 3133 5237 contegere.
3181 5167 3299 5228 Quo
3348 5170 3572 5234 peracto

1947 5263 2235 5334 mysterio,
2267 5259 2553 5332 evigilanti
2580 5261 2648 5315 de
2674 5277 2874 5331 sopore
2901 5261 2970 5315 de
3001 5259 3198 5314 morbo
3228 5257 3370 5310 nihil
3396 5275 3570 5328 appa-

1949 5357 2079 5426 ruit,
2108 5356 2187 5411 ita
2215 5359 2278 5410 ut
2317 5372 2419 5411 nec
2447 5355 2824 5422 subsudasset,
2871 5357 2928 5408 et
2957 5353 3108 5406 intus
3137 5366 3285 5421 aqua
3309 5366 3573 5405 consum-

1946 5455 2046 5522 pta
2073 5450 2162 5505 sit.
2191 5452 2310 5514 Quo
2333 5467 2478 5504 novo
2505 5448 2608 5503 sub
2632 5447 2910 5502 miraculo
2937 5461 3052 5498 non
3073 5442 3306 5514 reliquit
3329 5442 3390 5497 in
3414 5446 3576 5498 utero

1948 5561 2052 5601 nec
2086 5543 2272 5599 morbi
2301 5543 2618 5616 vestigium.
2661 5542 2801 5594 Nam
2841 5553 2969 5609 quze
3007 5535 3342 5592 credebatur
3371 5535 3577 5592 deferri

1951 5687 2120 5741 etiam
2167 5703 2235 5740 ex
2274 5686 2371 5740 lib.
2412 5702 2450 5739 n
2490 5685 2651 5750 Vitze,
2695 5679 2862 5745 infra,
2903 5693 3066 5732 num.
3105 5681 3157 5750 5.
3197 5677 3344 5750 Lege
3382 5691 3579 5750 rursus

1954 5759 2342 5824 Fortunatum,
2376 5757 2435 5809 in
2461 5757 2558 5809 lib.
2595 5745 2710 5820 vin,
2735 5767 2910 5824 carm.
2942 5750 2993 5816 4,
3021 5746 3123 5824 qui
3153 5745 3398 5800 carmine
3423 5750 3476 5816 3,
3507 5747 3576 5804 de

1952 5829 2182 5899 Agnetis
2211 5819 2460 5883 natalitio
2490 5819 2823 5895 Radegundi
2853 5819 3186 5893 gratulatur.
