4006 6238
423 304 522 359 663
554 310 559 316 ”

1407 301 1661 355 SANCTA
1700 299 2140 365 RADEGUNDIS,
2184 300 2433 355 REGINA
2473 299 2797 356 FBANCLE.

3688 303 3797 361 664

420 426 675 485 praeceps
697 410 769 466 ad
795 408 1104 479 tumulum,
1132 407 1367 464 levatad
1392 423 1621 463 cursum
1646 407 1715 461 de
1741 406 1968 473 lectulo,
1993 410 2054 462 ut
2074 419 2133 491 Α
2226 410 2312 462 38.
2362 408 2847 464 Commemoretur
2893 412 2950 465 et
2998 408 3138 465 illud
3188 411 3378 468 nobile
3422 411 3642 470 factum
3690 430 3798 486 per

423 506 535 561 olei
590 504 978 561 testimonium
1039 503 1178 558 odor
1232 502 1441 557 inesset
1488 500 1686 571 capitis
1738 504 1794 555 et
1841 501 2053 555 ventris

424 599 582 655 nulla
605 598 898 671 pernicies.

493 696 583 750 36.
635 693 960 749 Proferatur
1008 691 1066 745 in
1115 689 1303 745 medio
1346 704 1461 759 quo
1507 690 1821 760 gratuletur
1872 688 2049 761 regio.

424 788 678 854 Quadem
723 787 843 841 vice
886 784 1261 840 obumbrante
1302 784 1423 855 jam
1476 784 1657 839 noctis
1699 783 2049 856 crepusculo,

425 883 573 939 inter
606 880 898 937 choraulas
933 879 1003 950 (a)
1034 884 1091 933 et
1123 879 1370 934 citharas
1406 879 1544 934 dum
1581 878 1727 933 circa
1762 882 2049 933 monaste-

424 977 577 1033 rium
633 994 667 1030 a
713 973 1074 1030 saecularibus
1120 974 1300 1028 multo
1339 971 1571 1029 fremitu
1610 976 1953 1042 cantaretur,
1998 975 2054 1026 et

423 1071 622 1127 Sancta
649 1068 865 1124 duabus
889 1068 1125 1124 testibus
1146 1071 1458 1140 perorasset
1478 1066 1712 1135 diutius,
1735 1066 1873 1121 dicit
1891 1082 2050 1137 quae-

423 1164 554 1219 dam
583 1162 859 1218 monacha
878 1178 1139 1218 sermone
1150 1162 1392 1235 joculari
1417 1178 1430 1217 :
1464 1161 1722 1228 Domina,
1750 1160 2051 1232 recognovi

422 1272 597 1312 unam
646 1257 716 1312 de
763 1256 905 1311 meis
943 1255 1175 1311 canticis
1213 1255 1545 1311 saltantibus
1592 1253 1907 1326 praedicari.
1950 1252 2053 1309 Cui

422 1350 748 1422 respondit:
798 1350 1020 1406 Grande
1064 1354 1150 1405 est
1196 1351 1241 1404 si
1298 1353 1353 1405 te
1400 1350 1637 1404 delectat
1692 1347 2051 1418 conjunctam

421 1443 685 1517 religioni
701 1444 896 1500 audire
913 1444 1145 1500 odorem
1164 1442 1375 1499 saeculi.
1399 1443 1598 1498 Adhuc
1618 1458 1783 1498 soror
1803 1457 2054 1513 pronun-

420 1539 556 1595 tiat:
589 1541 730 1594 Vere
753 1581 767 1609 ,
816 1538 1053 1593 Domina
1076 1581 1090 1608 ,
1133 1539 1272 1593 duas
1317 1542 1375 1593 et
1402 1542 1517 1593 tres
1556 1536 1648 1592 hic
1690 1536 1859 1591 modo
1896 1552 2054 1591 meas

422 1633 666 1689 canticas
699 1631 889 1687 audivi
916 1649 1057 1703 quas
1086 1632 1261 1687 tenui.
1297 1633 1501 1688 Sancta
1532 1630 1859 1703 respondit:
1892 1631 2053 1684 Teste

420 1727 534 1782 Deo
570 1724 655 1797 [Id
679 1729 787 1789 est,
827 1729 1003 1780 testor
1040 1725 1278 1798 Deum],
1313 1741 1408 1780 me
1449 1725 1591 1780 nihil
1623 1724 1844 1780 audisse
1884 1723 2052 1777 modo

2152 501 2460 557 somnium.
2492 502 2772 557 Tribunus
2800 502 2953 574 ﬁsci,
2992 510 3371 576 cognomento
3402 507 3758 564 Domolenus
3777 550 3791 578 ,
3886 502 3895 509 ’

2153 594 2242 650 die
2256 612 2368 668 qua
2387 596 2737 651 sanctissima
2754 597 3020 669 migravit
3035 599 3104 653 de
3125 599 3351 670 saeculo,
3377 601 3515 657 dum
3542 604 3796 675 graviter

2152 689 2533 745 suﬂ‘ocationis
2557 691 2832 763 languore
2860 696 3013 747 totus
3033 693 3316 761 deﬁceret,
3345 696 3643 752 videbatur
3669 698 3794 769 ipse

2153 785 2303 856 quod
2332 790 2527 840 sancta
2555 786 2616 840 in
2656 785 2845 840 vicum
2889 788 3010 858 ejus
3041 789 3412 861 dignabiliter
3439 791 3790 847 accessisset.

2153 879 2359 949 Currit,
2383 880 2609 943 salutat,
2628 880 3088 954 interrogat‘quid
3099 884 3260 939 beata
3280 885 3612 957 requireret.
3634 887 3795 941 Tunc

2152 972 2274 1044 ipsa
2302 972 2435 1029 dicit
2463 975 2614 1045 quod
2645 974 2718 1029 ad
2736 991 2869 1030 eum
2887 975 2998 1031 illic
3017 976 3327 1033 videndum
3347 979 3692 1051 pervenerit.
3721 981 3788 1036 Et

2153 1067 2285 1138 quia
2312 1071 2506 1122 votum
2544 1068 2723 1139 plebis
2762 1072 2885 1125 erat
2913 1073 2978 1124 ut
3019 1070 3167 1125 beati
3211 1072 3435 1127 Martini
3476 1073 3795 1129 oratorium

2153 1161 2490 1231 conderent;
2524 1162 2901 1233 apprehendit
2928 1163 3147 1219 tribuni
3184 1181 3422 1221 manum
3464 1166 3793 1223 beatissima

2153 1255 2363 1310 dicens:
2382 1256 2494 1310 Hoc
2513 1256 2635 1310 loco
2656 1256 2768 1311 sint
2784 1256 3116 1313 confessoris
3135 1260 3475 1315 veneranda:
3490 1260 3751 1333 reliquiae
3767 1279 3783 1331 ;

2154 1364 2256 1419 per
2283 1349 2388 1403 hoc
2420 1348 2690 1405 aediﬁcata
2719 1350 2998 1421 templum
3028 1352 3180 1423 quod
3208 1352 3315 1407 sibi
3347 1353 3497 1409 dicat
3527 1354 3794 1426 dignissi-

2154 1458 2336 1497 mum.
2369 1443 2542 1507 Quale
2572 1443 2671 1498 Dei
2689 1444 3057 1515 mysterium!
3089 1446 3529 1502 fundamentum
3554 1452 3612 1503 et
3638 1449 3792 1519 pavi-

2152 1539 2412 1591 mentum
2440 1540 2729 1608 repertum
2758 1542 2860 1608 est,
2883 1554 2996 1610 quo
3027 1538 3253 1593 basilica
3281 1539 3427 1594 facta
3457 1544 3562 1596 est.
3584 1541 3791 1597 Adhuc

2152 1630 2213 1685 in
2256 1630 2377 1701 ipso
2422 1647 2621 1702 sopore
2664 1648 2901 1686 manum
2951 1632 3124 1687 trahit
3162 1650 3264 1704 per
3306 1635 3495 1690 fauces
3538 1635 3681 1706 ejus,
3735 1638 3794 1692 et

2155 1725 2347 1797 gulam
2378 1725 2476 1779 diu
2508 1724 2804 1795 deliniens,
2834 1725 3066 1798 insuper
3084 1731 3142 1781 et
3168 1727 3275 1782 hoc
3295 1728 3485 1783 dicens
3506 1748 3524 1783 :
3557 1730 3697 1784 Veni
3727 1733 3795 1785 ut

420 1790 677 1880 saeculari
705 1824 774 1879 de
805 1823 1048 1878 cantico.
1073 1790 1617 1878 Unde‘manifestum
1650 1825 1757 1890 est,
1792 1826 1855 1877 ut
1882 1837 2052 1876 carne
2074 1790 2255 1874 B’tibi
2299 1819 2500 1873 melior
2537 1836 2570 1872 a
2606 1821 2721 1873 Dee
2762 1790 2983 1874 sanitas.
3006 1820 3349 1877 conferatur.
3389 1824 3457 1877 Et
3490 1823 3792 1878 videbatur

419 1918 551 1974 licet
579 1917 639 1972 in
669 1918 900 1986 saeculo,
932 1921 1125 1972 mente
1154 1920 1343 1971 tamen
1378 1920 1521 1971 esset
1550 1916 1610 1970 in
1642 1916 1798 1970 caelo.

489 2016 577 2069 37.
609 2010 951 2066 Praedicetur
978 2010 1038 2065 in
1069 2009 1235 2065 laude
1275 2009 1500 2077 Christi,
1533 2025 1688 2064 more
1727 2009 1875 2063 beati
1907 2010 2049 2064 Mar-

419 2106 546 2175 tini,
562 2110 817 2176 tempore
838 2103 1125 2175 prasenti,
1149 2103 1366 2175 antiqui
1389 2120 1590 2157 norma
1606 2103 1886 2157 miraculi.
1909 2104 2052 2158 Cum

417 2199 736 2255 beatissima
779 2198 992 2252 femina
1029 2198 1248 2252 reclusa
1288 2200 1433 2253 esset
1469 2196 1528 2250 in
1571 2197 1804 2267 cellula,
1838 2196 2053 2252 audivit

419 2293 618 2349 ﬂetum
647 2294 716 2348 de
747 2291 1024 2347 monacha
1044 2333 1058 2361 ,
1094 2295 1150 2345 et
1178 2290 1326 2362 signi
1368 2295 1520 2346 tactu
1561 2291 1884 2346 venientem
1913 2291 2052 2363 quid

418 2388 559 2443 illud
587 2389 734 2442 esset
760 2386 1094 2456 interrogat.
1135 2386 1271 2449 Quae
1300 2388 1588 2439 mortuam
1617 2401 1867 2440 sororem
1896 2401 2049 2439 nun-

420 2481 575 2537 tiavit
588 2480 747 2535 infan
754 2480 930 2533 tulam
940 2521 954 2546 ,
971 2481 1027 2534 et
1038 2477 1309 2550 frigidam
1324 2494 1436 2550 qua
1450 2478 1753 2548 lavaretur,
1770 2483 2024 2549 paratam
2033 2521 2047 2547 ,

420 2591 541 2631 esse
563 2575 685 2645 jam
716 2573 976 2628 calidam.
999 2571 1314 2628 Condolens
1335 2576 1531 2626 sancta
1550 2576 1687 2627 tunc
1719 2572 1962 2643 imperat
1991 2575 2052 2627 ut

419 2668 654 2724 cadaver
681 2666 859 2737 ipsius
889 2682 1050 2720 suam
1096 2665 1343 2720 deferret
1379 2665 1439 2719 in
1470 2666 1753 2721 cellulam.
1794 2667 1913 2730 Quo
1945 2665 2051 2719 sibi

418 2763 747 2833 deportato,
782 2759 1003 2830 excepit
1042 2776 1216 2813 manu
1256 2759 1516 2830 propria,
1551 2760 1798 2814 reclausa
1836 2763 1964 2830 post
1992 2774 2051 2814 se

418 2873 553 2912 mox
574 2855 771 2927 janua,
798 2854 1006 2925 jubens
1025 2853 1197 2925 longe
1228 2853 1534 2923 discedere,
1571 2869 1642 2907 ne
1662 2853 1788 2925 quis
1817 2853 2051 2910 sentiret

416 2950 554 3022 quid
583 2952 809 3021 ageret:
843 2948 942 3002 sed
971 2947 1124 3018 quod
1145 2948 1360 3002 occulte
1394 2946 1581 3019 gessit,
1615 2946 1783 3001 celari
1803 2947 1901 3000 diu
1933 2963 2048 3000 non

417 3043 624 3116 potuit.
650 3045 797 3097 Inter
813 3042 936 3096 haec
957 3041 1095 3095 dum
1116 3040 1395 3095 defunctae
1419 3040 1698 3112 exsequiae
1729 3056 2054 3111 praeparan-

2154 1913 2231 1967 sic
2264 1928 2468 1984 rogare
2491 1929 2504 1967 :
2535 1915 2641 1967 Per
2671 1929 2860 1968 meam
2888 1914 3064 1969 vitam
3102 1918 3163 1969 ut
3190 1919 3423 1987 propter
3451 1933 3544 1971 me
3571 1918 3790 1973 relaxes

2152 2006 2273 2061 illos
2326 2023 2467 2078 quos
2513 2007 2685 2061 habes
2742 2008 2802 2061 in
2866 2024 3113 2064 carcere.
3169 2009 3454 2081 Evigilans
3506 2011 3792 2066 Tribunus

2152 2101 2326 2155 refert
2348 2100 2498 2171 quod
2521 2100 2741 2155 viderat
2769 2101 2997 2173 conjugi
3020 2101 3211 2157 dicens
3234 2120 3247 2157 :
3286 2105 3426 2159 Vere
3447 2104 3613 2159 credo
3632 2105 3793 2176 quod

2154 2195 2259 2249 hac
2283 2195 2426 2249 hora
2449 2194 2586 2249 exiit
2603 2197 2797 2248 sancta
2810 2195 2879 2250 de
2904 2197 3132 2249 saeculo.
3165 2195 3370 2267 Dirigit
3395 2198 3466 2251 ad
3498 2197 3790 2253 civitatem

2150 2290 2217 2343 ut
2246 2303 2349 2359 per
2376 2288 2483 2342 hoc
2523 2304 2654 2342 vera
2683 2271 3048 2360 cognosceret
3072 2308 3085 2343 :
3119 2289 3454 2344 transmittit
3491 2291 3563 2345 ad
3593 2307 3792 2345 carce-

2152 2399 2295 2449 rem,
2324 2382 2424 2454 qui
2442 2387 2661 2453 septem
2681 2398 2809 2437 reos
2828 2382 2906 2435 ibi
2927 2383 3182 2437 detentos
3201 2383 3542 2454 admonitus,
3573 2384 3799 2439 relaxa-

2152 2479 2276 2546 ret;
2325 2476 2597 2530 redeunte
2632 2475 2962 2531 transmisso
3006 2478 3181 2531 refert
3225 2495 3290 2533 ea
3333 2478 3474 2532 hora
3512 2479 3798 2550 migrasse

2144 2570 2358 2641 justam
2397 2570 2466 2624 de
2499 2569 2735 2639 saeculo;
2782 2574 2840 2625 et
2880 2570 3086 2642 triplici
3131 2571 3398 2643 mysterio
3426 2587 3655 2627 carcere
3690 2589 3795 2627 re-

2150 2665 2337 2719 laxato
2357 2707 2372 2733 ,
2433 2664 2663 2719 tribuno
2708 2681 2844 2718 sano
2897 2665 3118 2720 reddito
3143 2708 3157 2735 ,
3208 2667 3483 2723 aediﬁcato
3530 2667 3757 2739 templo
3778 2708 3793 2738 ,

2151 2762 2355 2813 sancta;
2382 2758 2642 2829 probavit
2669 2758 2979 2814 oraculum.

2221 2855 2309 2907 39.
2343 2851 2451 2907 Sed
2475 2852 2543 2907 de
2568 2853 2747 2907 beatae
2776 2852 3080 2907 virtutibus
3112 2853 3355 2909 sufficiat
3378 2854 3680 2927 exiguitas,
3714 2872 3797 2911 ne

2149 2945 2466 3001 fastidiatur
2491 2945 2746 3016 ubertas;
2781 2963 2883 3001 nec
2903 2949 3201 3019 reputetur
3230 2948 3652 3020 brevissimum,
3684 2949 3797 3005 ubi

2150 3040 2218 3095 de
2262 3040 2455 3111 paucis
2492 3039 2819 3111 agnoscitur
2860 3040 2920 3094 in
2959 3041 3248 3097 miraculis
3283 3043 3617 3114 amplitudo.
3662 3045 3798 3108 Qua

416 3142 529 3206 tur,
561 3136 678 3192 fere
708 3151 812 3206 per
828 3136 996 3189 horas
1021 3138 1236 3205 septem
1256 3137 1498 3188 mortuae
1522 3136 1723 3188 tractat
1742 3150 2047 3204 corpuscu-
2070 3163 2125 3239 Ο
2149 3134 2379 3206 pietate,
2408 3134 2700 3205 parcitate,
2739 3135 3059 3204 dilectione,
3093 3136 3409 3207 dulcedine,
3442 3137 3793 3208 humilitate,

414 3232 560 3287 lum.
608 3230 717 3286 Sed
764 3228 985 3285 Christo
1031 3227 1254 3282 vidente
1296 3228 1467 3281 fidem
1493 3269 1506 3296 ,
1549 3226 1640 3281 cui
1684 3243 1893 3299 negare
1933 3246 2049 3286 non
2078 3226 2125 3239 “
2151 3230 2461 3297 honestate,
2491 3228 2624 3298 fide,
2653 3228 2870 3284 fervore
2908 3230 2986 3283 sic
3022 3229 3245 3299 vixerit,
3278 3234 3421 3285 utet
3447 3232 3628 3302 ipsam
3658 3237 3798 3303 post

416 3324 620 3396 potuit,
643 3322 859 3378 reddita
878 3337 1109 3393 prorsus
1128 3321 1325 3388 salute,
1345 3320 1526 3393 surgit
1546 3321 1665 3375 haec
1682 3322 1750 3375 ab
1772 3322 2044 3392 oratione,

419 3416 665 3489 resurgit
693 3416 791 3470 illa
819 3415 889 3470 dc
919 3414 1154 3469 funere:
1190 3418 1248 3469 et
1275 3431 1334 3468 se
1377 3417 1510 3469 tunc
1553 3415 1806 3471 sublevat
1836 3417 2044 3488 vetula,

418 3528 551 3568 cum
581 3508 873 3565 revixisset
903 3507 1201 3563 infantula.
1234 3508 1414 3571 Quam
1440 3512 1598 3563 tactu
1627 3509 1837 3564 iterum
1871 3510 2043 3583 signi,

418 3604 705 3663 laetiﬁcata
734 3602 917 3660 reddit
946 3602 1131 3657 vivam
1177 3618 1352 3673 quam
1384 3600 1523 3657 ﬂens
1567 3608 1859 3674 acceperat
1889 3620 2043 3659 mor-

416 3704 594 3755 tuam.

489 3826 561 3897 (a)
593 3825 918 3897 Choraules,
960 3821 1369 3894 symphoniaci,
1413 3827 1469 3877 et
1509 3823 1555 3876 si
1586 3824 1810 3897 Vpssius
1835 3825 1919 3897 de
1952 3825 2045 3880 Vi-

2148 3322 2366 3378 obitum
2413 3321 2641 3394 gloriosi
2679 3322 2972 3392 transitus,
3024 3323 3303 3377 mirabilia
3342 3330 3791 3396 prosequantur,

2147 3418 2415 3471 humanae
2433 3416 2773 3487 eloquentiae
2796 3416 3000 3471 modus
3016 3416 3348 3471 admirando
3364 3418 3637 3472 attonitus
3656 3419 3795 3474 viri-

2147 3512 2252 3565 bus
2293 3510 2576 3582 explicare
2610 3508 2845 3565 minime
2883 3510 3049 3565 valet.
3092 3511 3174 3566 Sit
3210 3514 3401 3566 tamen
3441 3512 3521 3567 illi
3559 3513 3660 3585 qui
3686 3514 3787 3569 de-

2147 3605 2247 3676 dit,
2285 3604 2481 3677 gloria,
2512 3604 2633 3658 laus
2667 3607 2724 3658 et
2750 3603 3057 3676 imperium
3095 3605 3153 3660 in
3185 3606 3393 3662 saecula
3416 3607 3786 3665 saeculorum.

2146 3700 2349 3754 Amen.

2146 3824 2349 3896 probat
2407 3823 2514 3896 hoc
2575 3822 2912 3895 proverbio:
2967 3824 3140 3881 Malus
3211 3825 3500 3881 choraules
3522 3869 3537 3895 ,
3601 3828 3788 3883 bonus

417 3894 508 3952 tiis
537 3894 708 3951 serm.
728 3938 742 3963 ,
775 3896 923 3967 hanc
948 3911 1141 3967 vocem
1174 3910 1287 3948 non
1329 3910 1432 3967 pro
1462 3895 1876 3965 symphoniacis
1900 3937 1914 3964 ,
1950 3897 2047 3951 sed
2149 3894 2606 3967 symphoniacus.

417 3986 520 4039 pro
550 3968 617 4022 iis
645 3967 745 4039 qui
764 3966 962 4021 tibiam
984 3966 1186 4020 inﬂant
1212 3983 1277 4020 ac
1305 3966 1478 4020 choro
1497 3968 1757 4036 praeeunt
1784 3968 2046 4039 usurpari

1341 4178 1839 4315 mea}:
1978 4180 2259 4285 SEC
2297 4180 2607 4283 UND
2637 4178 2841 4282 US.

1436 4356 1717 4401 AUCTORE
1762 4359 2139 4407 BAUDONIVIA
2184 4360 2445 4406 MONIALI
2486 4360 2748 4414 AEQUALI.

453 4449 565 4513 Ad
591 4467 741 4512 mss.
780 4447 940 4515 Cod.
976 4447 1212 4512 Sancti
1239 4445 1561 4513 Germani
1583 4446 1917 4511 Prata-nais
1947 4458 2008 4512 et
2036 4451 2272 4515 Sancti
2303 4449 2683 4513 Theoderici
2707 4449 3084 4515 Rhemensz's
3113 4458 3173 4513 et
3200 4452 3281 4515 Β.
3314 4451 3741 4518 d’Herouval.

988 4666 1553 4743 PROLOGUS
1638 4671 1787 4744 AD
1869 4672 2415 4745 DEDIMIAM
2497 4670 3203 4746 ABBATISSAM.

481 4812 529 4863 1.
565 4804 903 4861 Dominabus
928 4802 1138 4859 sanctis
1165 4802 1502 4859 meritorum
1529 4804 1711 4875 gratia
1749 4806 2026 4861 decoratis
2065 4806 2337 4861 Dedimiae
2376 4805 2696 4875 abbatissae,
2736 4805 2823 4860 vel
2863 4805 3019 4860 omni
3061 4807 3490 4878 congregationi
3523 4808 3786 4879 gloriosa

404 4896 653 4952 domina:
682 4893 1046 4966 Radegundis
1075 4894 1418 4950 Baudonivia
1452 4893 1580 4967 [Al.,
1614 4896 1977 4966 Baudonivia,
2012 4897 2381 4971 Bandomina]
2416 4896 2650 4952 humilis
2681 4896 2960 4951 omnium.

477 4984 780 5057 lnjungitis
800 4984 944 5039 mihi
965 4999 1107 5056 opus
1127 5000 1297 5055 agere
1316 5000 1434 5039 non
1460 4984 1652 5039 minus
1679 4986 2048 5058 impossibile,
2078 5004 2255 5059 quam
2274 4987 2345 5043 sit
2370 4988 2549 5059 digito
2575 4987 2779 5041 coelum
2804 4990 3060 5059 tangere,
3080 4986 3289 5043 scilicet
3305 4990 3372 5042 ut
3396 4988 3464 5043 de
3485 4988 3598 5044 vita
3619 5006 3783 5045 sanc-

398 5082 475 5135 tae
493 5077 740 5134 dominae
767 5075 1149 5147 Radegundis,
1172 5091 1347 5146 quam
1372 5076 1587 5148 optime
1615 5079 1811 5150 nostis,
1834 5080 2048 5151 aliquid
2077 5080 2262 5136 dicere
2286 5097 2721 5152 praesumamus.
2744 5080 2848 5137 Sed
2876 5080 3027 5135 istud
3056 5081 3168 5136 illis
3197 5082 3365 5138 debet
3393 5082 3642 5156 iniungi,
3678 5084 3779 5156 qui

399 5168 670 5223 habentes
696 5166 845 5222 intra
869 5182 929 5219 se
952 5165 1168 5219 fontem
1200 5164 1560 5235 eloquentiae,
1587 5167 1718 5222 inde
1748 5169 1769 5189 "
1796 5169 2208 5243 quidquidLillis
2239 5170 2579 5243 injungitur,
2614 5170 2865 5225 carmine
2890 5170 3105 5243 irriguo
3132 5172 3408 5244 copiosius
3438 5173 3775 5245 explicatur.

398 5259 609 5314 Verum
640 5261 870 5313 econtra
899 5253 1227 5326 quicunque
1254 5259 1510 5326 angustae
1539 5255 1935 5330 intelligentiae
1964 5264 2117 5331 sunt,
2143 5277 2248 5316 nec
2275 5261 2487 5316 habent
2516 5260 2869 5316 afﬂuentiam
2910 5260 3140 5332 eloquii,
3187 5278 3289 5333 per
3317 5279 3491 5334 quam
3520 5263 3607 5317 vel
3637 5265 3779 5321 alios

282 5362 299 5379 κ
399 5348 629 5403 reﬁcere
660 5346 747 5401 vel
772 5361 891 5400 suae
919 5343 1181 5398 siccitatis
1220 5344 1437 5415 possint
1474 5346 1730 5418 inopiam
1763 5352 2099 5420 temperare,
2129 5351 2268 5406 tales
2296 5368 2413 5406 non
2444 5351 2628 5406 solum
2660 5367 2764 5422 per
2788 5367 2847 5405 se
2876 5350 3089 5422 aliquid
3120 5351 3305 5407 dicere
3334 5369 3451 5407 non
3473 5358 3772 5425 appetunt,

396 5452 593 5491 verum
619 5436 812 5503 etiam,
845 5434 891 5489 si
919 5433 1056 5505 quid
1082 5433 1161 5489 eis
1180 5432 1501 5505 injunctum
1519 5436 1709 5505 fuerit,
1739 5439 2170 5508 pertimescunt.
2198 5442 2356 5505 Quod
2384 5441 2444 5495 in
2472 5457 2565 5496 me
2584 5456 2690 5512 ego
2705 5456 3049 5513 recognosco
3074 5457 3201 5512 quae
3222 5458 3349 5495 sum
3370 5441 3772 5513 pusillanimis,

392 5541 633 5598 parvum
662 5525 875 5580 habens
903 5522 1297 5595 intelligentiae
1328 5524 1639 5596 eloquium,
1669 5529 1941 5598 quoniam
1972 5534 2251 5600 quantum
2282 5531 2458 5586 doctis
2487 5531 2769 5603 proloqui,
2790 5535 3016 5586 tantum
3038 5530 3279 5586 indoctis
3310 5531 3445 5586 utile
3475 5532 3539 5585 ﬁt
3561 5536 3768 5588 tacere.

393 5614 535 5669 Nam
565 5613 647 5668 illi
676 5614 745 5669 de
776 5613 962 5685 parvis
991 5614 1179 5669 sciunt
1216 5629 1424 5685 magna
1461 5614 1730 5670 disserere
1751 5656 1766 5681 ,
1794 5616 1885 5671 isti
1916 5616 1985 5672 de
2025 5634 2236 5690 magna
2268 5621 2530 5676 nesciunt
2566 5637 2738 5692 parva
2774 5620 3027 5692 proferre
3057 5637 3071 5675 :
3106 5623 3163 5676 et
3202 5620 3326 5677 ideo
3365 5621 3517 5695 quod
3548 5621 3620 5677 ab
3651 5622 3769 5677 aliis

392 5704 687 5772 quaeritur,
721 5701 792 5756 ab
820 5701 944 5757 aliis
972 5702 1329 5758 formidatur.

458 5842 477 5862 ‘
503 5843 654 5892 Forte
680 5843 985 5907 legendum,
1011 5847 1108 5909 qui
1133 5844 1386 5897 habent...
1414 5846 1609 5910 [autem
1634 5847 1943 5913 eloquentiae
1969 5853 2123 5904 unde.
2150 5853 2293 5905 Eorr.
