4006 6238
106 337 190 389 665'

1362 337 1526 393 νιΤΑ.
1572 334 1769 393 LIBER
1809 339 2170 396 SECUNDUS.

3341 345 3441 404 668

161 464 208 515 2.
240 456 373 513 Cum
402 455 508 513 sim
535 455 713 529 igitur
741 457 981 515 minima
1007 461 1268 517 omnium
1309 463 1709 536 minimarum,
1744 482 1919 549 quam
1946 467 2016 522 ab
2044 467 2180 539 ipsis
2211 467 2508 524 cunabulis
2539 470 2669 525 ante
2699 485 2802 526 sua
2832 470 3064 544 vestigia
3095 473 3442 545 peculiarem

108 548 368 604 vernulam
394 546 750 604 familiariter
778 550 1065 620 enutrivit,
1095 557 1163 609 ut
1192 553 1379 610 ofﬁcio
1399 554 1645 627 impensi
1672 546 1927 612 muneris
1953 558 2022 613 de
2051 558 2172 629 ejus
2190 559 2340 614 claro
2372 574 2563 630 opere,
2593 559 2697 615 etsi
2719 577 2839 616 non
2859 562 3045 633 plene,
3074 563 3160 618 vel
3190 579 3260 618 ex
3279 568 3441 635 parte

109 638 373 710 complexa
395 638 840 711 perstringerem
866 659 882 710 ;
903 645 1183 713 quatenus
1206 644 1346 700 dum
1364 645 1453 700 sui
1473 646 1663 718 gregis
1687 647 1920 703 auribus
1944 647 2066 719 ejus
2087 648 2348 719 gloriosae
2375 649 2506 703 vitm
2535 650 2821 721 praeconia
2834 651 3179 724 pandentur,
3201 654 3305 709 etsi
3322 669 3443 709 non

106 729 270 801 digno,
301 728 498 783 devoto
525 732 717 784 tamen
742 729 990 803 eloquio,
1017 733 1440 807 benignissimae
1468 741 1669 793 vestrae
1704 737 1986 793 voluntati
2016 737 2283 794 obediens
2317 755 2526 811 pareo;
2555 745 2739 796 vestra
2772 757 2866 796 me
2895 742 3150 798 oratione
3187 746 3317 814 peto
3340 742 3441 815 ju-

103 819 224 888 vari,
251 834 371 890 quae
400 835 527 873 sum
561 819 753 875 minus
788 821 972 892 docta,
1000 823 1129 894 plus
1160 825 1375 881 devota.
1420 828 1541 882 Non
1577 844 1643 883 ea
1678 844 1809 899 quae
1845 828 1932 882 vir
1964 827 2303 900 apostolicus
2341 830 2681 886 Fortunatus
2718 830 3013 903 episcopus
3051 833 3123 904 (a)
3164 833 3233 889 de
3261 832 3442 889 beata

106 909 199 964 vita
222 908 525 980 composuit
551 908 846 980 iteramus,
877 913 973 968 sed
1000 930 1067 969 ea
1098 931 1225 987 qua:
1249 916 1568 987 prolixitate
1595 917 1680 972 sui
1705 918 2090 989 prmtermisit,
2121 918 2265 974 sicut
2289 918 2409 991 ipse
2437 919 2498 974 in
2531 919 2678 975 libro
2702 937 2804 976 suo
2836 921 3103 978 disseruit
3129 939 3261 978 cum
3285 922 3439 980 dice-

106 1003 177 1054 ret
198 998 260 1054 de
284 999 460 1053 Beatae
487 999 794 1055 virtutibus
822 1001 899 1072 (in
933 1004 1054 1075 ﬁne)

1092 1022 1104 1060 :
1144 1027 1170 1054 «
1201 1006 1455 1062 Sufﬁciat
1488 1007 1786 1079 exiguitas,
1817 1024 1890 1063 ne
1914 1007 2238 1064 fastidiatur
2264 1008 2513 1077 ubertas,
2547 1025 2651 1066 nec
2684 1015 2979 1083 reputetur
3013 1011 3438 1082 brevissimum,

105 1088 187 1144 ubi
208 1088 271 1142 de
296 1088 483 1158 paucis
510 1090 835 1161 agnoscitur
860 1094 1199 1165 amplitudo.
1230 1118 1256 1144 ι)
1287 1098 1434 1169 Ergo
1462 1097 1773 1169 inspirante
1800 1098 1992 1153 divina
2012 1099 2282 1170 potentia,
2304 1098 2395 1154 cui
2419 1098 2582 1154 beata
2605 1100 2965 1173 Radegundis
2987 1103 3209 1174 placere
3226 1100 3444 1158 studuit

106 1179 154 1234 in
178 1178 366 1233 seculo
396 1183 451 1233 et
478 1196 608 1236 cum
638 1199 754 1254 quo
794 1189 997 1257 regnat
1031 1191 1159 1258 post
1191 1190 1484 1259 saeculum,
1524 1206 1637 1245 non
1663 1189 1864 1261 polito,
1896 1190 1995 1247 sed
2023 1189 2233 1246 rustico
2270 1193 2557 1247 tentamus
2592 1191 2661 1248 de
2701 1191 2790 1249 his
2826 1210 2954 1265 quae
2981 1194 3153 1266 gessit
3176 1207 3441 1251 sermone

105 1270 337 1339 appetere
363 1272 417 1327 et
443 1269 510 1325 de
538 1271 733 1328 multis
761 1274 884 1345 ejus
904 1276 1191 1333 miraculis
1219 1295 1400 1351 pauca
1425 1279 1739 1353 complecti.

933 1456 1301 1554 LIBER
1381 1458 2013 1557 SECUNDUS
2092 1460 2577 1595 INCIPIT.

163 1625 216 1721 1.Δ
232 1620 401 1721 Igitur
424 1622 492 1678 de
519 1624 700 1680 beata:
730 1628 1093 1702 Radegundis
1123 1634 1233 1689 vita
1263 1635 1323 1690 in
1349 1636 1533 1707 primo
1561 1637 1706 1693 libro
1728 1646 1787 1721 Α
1807 1640 1953 1691 rent.
1995 1637 2117 1702 Quo
2162 1640 2389 1708 peracto
2430 1637 2700 1693 virtutem
2749 1643 2806 1693 et
2848 1590 3215 1692 constantiam
3258 1637 3438 1692 beate

102 1714 224 1770 sicut
251 1716 565 1774 continetur
587 1720 709 1791 ejus
734 1725 941 1795 regalis
971 1726 1132 1799 origo
1159 1730 1248 1784 vel
1273 1730 1536 1802 dignitas,
1558 1732 1704 1787 nulli

101 1808 317 1866 habetur
338 1810 713 1885 incognitum,
743 1818 926 1889 qualis
948 1819 1059 1877 fuit
1088 1821 1211 1893 ejus
1238 1824 1383 1879 actio
1408 1825 1546 1880 dum
1572 1843 1703 1881 cum

102 1905 300 1957 terreno
336 1904 590 1979 principe
630 1910 872 1983 conjuge
907 1930 1042 1986 rege
1078 1918 1344 1988 praecelsa
1376 1920 1705 1977 Chlothario

100 2003 516 2055 conversaretur.
566 2002 642 2057 De
689 2006 867 2076 regali
912 2010 1186 2081 progenie
1228 2012 1418 2068 nobile
1470 2031 1705 2086 germen

99 2089 291 2161 erupit,
327 2097 382 2147 et
406 2095 564 2165 quod
590 2100 832 2169 sumpsit
867 2117 937 2156 ex
963 2120 1170 2175 genere
1188 2148 1202 2175 ,
1232 2107 1362 2178 plus
1389 2109 1611 2164 ornavit
1636 2125 1705 2165 ex

99 2182 207 2238 ﬁde.
244 2185 552 2257 Conjuncta
578 2194 803 2247 terreno
830 2196 1078 2269 principi
1107 2200 1312 2254 nobilis
1338 2202 1563 2274 regina,
1594 2220 1702 2258 cae-

101 2276 230 2331 testis
250 2277 354 2334 fuit
376 2281 685 2355 plusquam
711 2290 957 2357 terrena,
991 2292 1088 2349 sed
1116 2292 1176 2347 in
1202 2294 1327 2366 ipso
1353 2297 1703 2368 conjunctio-

100 2370 173 2425 nis
204 2370 353 2428 brevi
388 2379 645 2447 tempore
678 2379 757 2435 ita
780 2398 839 2437 se
878 2384 982 2438 sub
1017 2387 1275 2459 conjugis
1309 2390 1493 2462 specie
1530 2395 1708 2463 nupta

100 2466 347 2537 tractavit,
376 2474 440 2523 ut
466 2470 691 2527 Christo
718 2475 843 2546 plus
861 2477 1057 2533 devota
1079 2482 1330 2554 serviret,
1363 2487 1421 2540 et
1448 2485 1555 2540 hoc
1580 2502 1708 2557 age-

98 2558 441 2617 retinlaicali
477 2562 788 2639 proposito,
831 2572 986 2643 quod
1020 2573 1145 2645 ipsa
1191 2577 1535 2634 desideraret
1574 2580 1705 2635 imi-

99 2651 185 2706 tari
210 2652 404 2727 religio
440 2658 514 2731 (b)
536 2676 553 2729 ;
574 2660 700 2731 jam
736 2666 1075 2721 antecedens
1108 2668 1299 2724 animo
1340 2672 1546 2728 futura:
1572 2691 1706 2729 con-

98 2747 395 2804 versationis
422 2752 752 2825 adventum,
782 2758 918 2813 dum
940 2762 1197 2817 saeculari
1228 2765 1329 2819 sub
1355 2766 1554 2822 habitu
1584 2768 1711 2822 reli-

99 2838 257 2909 gionis
280 2842 632 2901 formabatur
657 2852 1005 2922 exemplum.
1034 2856 1095 2910 In
1122 2858 1280 2912 nullo
1311 2859 1481 2931 hujus
1509 2860 1709 2915 mundi

98 2935 343 3005 compede
370 2944 647 3007 catenata,
685 2942 746 2998 in
778 2961 1071 3004 servorum
1092 2951 1192 3005 Dei
1209 2952 1478 3024 obsequio
1497 2955 1711 3009 succin-

1805 1729 2018 1801 reginaa
2042 1746 2238 1787 omnes
2262 1731 2608 1786 admirantes
2635 1730 2942 1785 Dominum
2970 1729 3404 1785 benedixerunt.

1876 1827 1927 1878 5.
1954 1825 2259 1896 Postquam
2291 1829 2563 1897 operante
2590 1824 2779 1879 divina
2805 1824 3065 1896 potentia
3101 1841 3135 1878 a
3159 1838 3293 1895 rege
3322 1825 3438 1877 ter-

1805 1934 1944 1972 reno
1986 1918 2258 1984 discessit,
2295 1919 2445 1990 quod
2481 1937 2581 1974 sua
2610 1923 2734 1973 vota
2766 1919 3089 1989 poscebant,
3116 1918 3256 1973 dum
3284 1919 3441 1973 Suae-

1806 2012 1905 2066 das
1937 2010 2096 2086 [Sais,
2124 2030 2293 2083 supra
2322 2029 2483 2067 num.
2517 2012 2598 2085 15]
2631 2012 2690 2066 in
2716 2012 2849 2067 villa
2875 2028 3050 2084 quem
3075 2012 3128 2067 ei
3152 2028 3251 2067 rex
3277 2012 3443 2067 dede-

1807 2109 1915 2172 rat,
1947 2106 2240 2175 resideret,
2260 2106 2319 2160 in
2343 2106 2528 2178 primo
2550 2122 2700 2161 anno
2729 2105 3109 2161 conversionis
3135 2122 3272 2175 suae,
3300 2105 3441 2160 vidit

1806 2200 1864 2253 in
1891 2199 2015 2253 visu
2052 2216 2214 2254 avem
2260 2198 2397 2270 [Al.,
2425 2200 2646 2273 navem]
2688 2200 2746 2255 in
2776 2200 3022 2255 hominis
3054 2199 3237 2271 specie
3259 2241 3273 2269 ,
3304 2203 3359 2255 et
3381 2199 3441 2254 in

1806 2293 1937 2347 totis
1962 2293 2232 2347 membris
2251 2294 2374 2364 ejus
2400 2294 2656 2349 sedentes
2678 2294 2959 2365 homines,
2988 2310 3046 2349 se
3071 2310 3203 2349 vero
3228 2294 3288 2348 in
3316 2293 3363 2364 ej
3374 2310 3438 2348 us

1810 2403 1961 2458 genu
1986 2387 2295 2443 sedentem.
2340 2388 2446 2452 Qui
2472 2387 2618 2443 dixit
2656 2388 2741 2442 ei:
2783 2389 2941 2443 Modo
2976 2388 3036 2442 in
3075 2404 3225 2460 genu
3259 2388 3439 2457 sedes,

1808 2481 1993 2535 adhuc
2038 2480 2098 2535 in
2145 2486 2341 2551 pectus
2393 2498 2587 2536 meum
2640 2482 2947 2536 sessionem
3000 2480 3250 2536 habebis.
3302 2480 3445 2534 Hinc

1809 2574 2211 2629 ostendebatur
2235 2574 2287 2628 ei
2303 2575 2506 2643 gratia,
2530 2592 2642 2647 qua
2653 2575 2901 2631 fruitura
2923 2579 3061 2630 erat.
3085 2576 3245 2629 Hunc
3264 2574 3446 2629 visum

1810 2685 1940 2722 cum
1970 2667 2373 2723 contestatione
2399 2669 2666 2725 secretius
2695 2669 2810 2724 suis
2839 2668 3095 2724 ﬁdelibus
3127 2668 3356 2737 retulit,
3386 2670 3449 2722 ut

1811 2777 1877 2817 ea
1904 2762 2205 2832 superstite
2233 2761 2341 2815 hoc
2366 2778 2439 2816 ne
2469 2762 2598 2833 quis
2624 2762 2811 2818 sciret.
2840 2764 3022 2827 Quam
3048 2764 3211 2816 cauta
3240 2761 3300 2815 in
3327 2761 3444 2815 col-

1808 2854 2111 2921 locutione,
2144 2871 2318 2925 quam
2346 2855 2544 2910 devota
2567 2856 2629 2910 in
2656 2856 2813 2911 omni
2837 2855 3089 2911 actione!
3117 2857 3179 2909 In
3207 2871 3442 2927 prospe-

1810 2949 1887 3003 ris
1917 2954 1973 3003 et
1999 2949 2058 3002 in
2085 2948 2352 3018 adversis,
2382 2949 2440 3003 in
2466 2948 2664 3004 laetitia
2689 2954 2746 3005 et
2763 2949 2989 3004 tristitia
3015 2964 3239 3019 semper
3260 2964 3449 3020 aequa-

97 3031 189 3093 cta,
214 3027 272 3083 in
310 3032 697 3104 redemptione
725 3041 1078 3110 captivorum
1108 3045 1359 3115 sollicita,
1397 3047 1458 3101 in
1495 3064 1707 3120 egeno-
1729 3019 1786 3092 B
1810 3042 1876 3097 lis
1903 3060 1919 3112 ;
1949 3059 2053 3097 nec
2070 3043 2130 3096 in
2150 3042 2397 3097 adversis
2416 3059 2475 3098 se
2494 3043 2686 3115 fregit,
2716 3060 2819 3099 nec
2839 3043 2898 3097 in
2919 3041 3202 3115 prosperis
3222 3042 3440 3098 extulit.

96 3135 207 3215 rum
233 3127 557 3197 erogatione
570 3132 818 3201 profusa,
847 3137 1147 3209 proprium
1167 3140 1405 3196 credidit
1430 3141 1709 3215 quidquid

98 3213 154 3267 de
178 3232 231 3269 se
256 3234 470 3291 pauper
497 3226 734 3297 accepit.

155 3312 203 3363 2.
232 3311 373 3366 Dum
400 3321 548 3371 esset
573 3335 702 3373 cum
729 3324 1073 3393 regeadhuc
1096 3327 1157 3381 in
1184 3328 1463 3383 mundiali
1489 3329 1708 3399 habitu,

98 3418 239 3458 mens
262 3405 481 3465 intenta
506 3412 577 3469 ad
603 3413 892 3472 Christum
917 3417 1077 3487 (teste
1106 3422 1345 3477 Domino
1370 3423 1590 3495 loquor,
1621 3425 1713 3480 cui

99 3512 180 3552 ore
205 3503 414 3557 tacente
452 3510 685 3575 pectora
710 3511 1088 3567 confitentur:
1120 3515 1210 3569 cui
1249 3520 1305 3570 et
1329 3516 1376 3570 si
1402 3517 1599 3590 lingua
1624 3523 1710 3573 ta-

97 3597 217 3662 ceat,
246 3597 581 3653 conscientia
603 3602 745 3657 nihil
769 3606 1029 3674 occultat,
1058 3609 1191 3680 quia
1217 3610 1369 3681 quod
1395 3612 1713 3668 audivimus

93 3684 347 3757 dicimus,
395 3696 452 3747 et
503 3695 655 3764 quod
699 3697 941 3754 vidimus
982 3704 1309 3774 testamur),
1353 3705 1588 3762 invitata
1641 3708 1713 3762 ad

93 3780 381 3848 prandium
413 3801 447 3840 a
487 3787 688 3844 Sifride
733 3790 871 3863 [Αι.,
907 3794 1219 3852 Ansifredaa
1253 3800 1547 3873 matronae]
1590 3818 1711 3855 ma-

92 3875 255 3965 trona,
283 3877 419 3933 dum
442 3879 556 3936 iter
572 3891 768 3955 ageret
794 3888 1053 3943 saeculari
1076 3907 1284 3963 pompa
1301 3910 1360 3947 se
1385 3894 1709 3965 comitante,

94 3963 367 4039 interjecta
393 3973 819 4049 longinquitate
834 3985 1000 4038 terra:
1020 4000 1084 4039 ac
1108 3985 1311 4057 spatio,
1342 3987 1541 4041 fanum
1561 3963 1713 4059 quod

93 4075 119 4111 a
146 4060 358 4120 Francis
385 4068 699 4143 colebatur,
731 4074 792 4130 in
822 4075 1026 4133 itinere
1054 4079 1232 4135 beatae
1259 4082 1498 4153 reginae,
1528 4099 1711 4155 quan-

96 4156 205 4248 tum
234 4159 483 4217 miliario
514 4180 630 4221 uno
664 4170 990 4239 proximum
1021 4178 1162 4229 erat.
1188 4175 1300 4229 Hoc
1334 4176 1427 4230 illa
1456 4177 1711 4248 audiens,

84 4245 237 4341 jussit
259 4252 490 4311 famulis
516 4258 713 4316 fanum
732 4263 850 4335 igni
874 4266 1151 4338 comburi,
1174 4267 1439 4341 iniquum
1452 4245 1715 4341 judicans

90 4339 252 4399 Deum
277 4348 400 4403 mali
430 4355 720 4409 contemni
749 4362 805 4412 et
829 4358 1101 4414 diabolica
1128 4339 1593 4418 machinamenta
1615 4380 1711 4419 ve—

94 4438 283 4493 nerari.
318 4443 430 4498 Hoc
458 4448 753 4505 audientes
787 4452 981 4506 Franci
1006 4453 1381 4527 universaque
1407 4457 1713 4513 multitudo

96 4544 209 4589 cum
236 4538 435 4609 gladiis
478 4549 534 4598 et
567 4545 810 4601 fustibus
844 4547 931 4602 vel
972 4547 1127 4602 omni
1164 4548 1399 4604 fremitu
1442 4550 1717 4606 diabolico

97 4633 432 4691 conabantur
458 4638 781 4708 defendere,
806 4644 995 4695 sancta
1024 4658 1155 4696 vero
1186 4642 1385 4715 regina
1411 4643 1718 4701 immobilis

95 4744 462 4802 perseverans,
494 4736 552 4787 et
576 4733 861 4788 Christum
880 4733 940 4788 in
967 4740 1193 4807 pectore
1226 4741 1472 4808 gestans,
1506 4756 1717 4810 equum

94 4839 248 4893 quem
271 4828 501 4882 sedebat
518 4827 745 4882 inantea
763 4844 879 4883 non
894 4830 1092 4897 movit,
1111 4834 1417 4903 antequam
1439 4835 1494 4886 et
1511 4832 1717 4888 funum

93 4925 464 4992 perureretur,
480 4927 536 4977 et
546 4922 666 4994 ipsa
678 4929 873 4978 orante
886 4924 1035 4978 inter
1045 4941 1103 4979 se
1114 4925 1310 4996 populi
1320 4942 1519 4997 pacem
1530 4926 1716 4982 ﬁrma-

155 5110 221 5182 (a)
247 5110 539 5166 Notandus
564 5110 658 5164 hic
687 5110 846 5183 locus
870 5110 1273 5183 adversus‘eos
1305 5111 1403 5183 qui
1438 5113 1712 5168 Fortuna-

91 5184 201 5254 tum
242 5200 309 5237 ex
350 5183 481 5236 albo
520 5182 933 5254 Pictavensium
961 5181 1711 5254 pontiﬁcum’expungunt,

88 5253 277 5321 quibus
302 5254 347 5308 si
371 5270 490 5309 non
508 5253 714 5308 suﬂicit
738 5253 898 5308 Pauli
917 5250 1138 5309 diaconi
1164 5250 1486 5323 auctoritas,
1516 5250 1615 5310 lib.
1650 5250 1711 5324 il,

88 5339 196 5444 gap.
244 5329 297 5394 9,
348 5330 500 5450 (tzerte
542 5324 884 5380 Baudonivia
934 5325 1240 5381 Fortunato
1279 5326 1508 5397 aequalis
1549 5327 1716 5383 debet

108 5411 256 5450 acere
288 5413 350 5450 sa
376 5414 446 5450 ιε.

108 5411 256 5450 acere
288 5411 446 5451 SﬂtlS.

150 5466 215 5536 (b)
245 5469 447 5523 Videas
482 5484 594 5521 non
623 5484 744 5522 esse
772 5484 895 5522 rem
919 5484 1145 5536 novam,
1179 5467 1474 5538 religionis
1502 5484 1713 5523 nomen

84 5551 177 5615 pro
197 5538 636 5615 statu_re_ligioso
659 5538 945 5615 usurpari,
969 5544 1032 5615 ut
1057 5538 1397 5611 quibusdam
1413 5555 1714 5615 perperam

85 5608 314 5681 videtur.
349 5608 683 5677 Vide’infra,
710 5608 887 5681 num.
906 5614 958 5680 8,
986 5613 1041 5665 et
1066 5608 1256 5681 supra,
1288 5608 1449 5665 num.
1480 5608 1565 5665 36.

148 5680 207 5750 (ε)
246 5681 421 5751 Felte,
457 5697 555 5736 seu
579 5682 803 5748 feltum,
836 5680 1075 5748 filtrum,
1102 5680 1324 5752 pannus
1349 5685 1434 5735 est
1460 5696 1560 5736 seu
1581 5697 1710 5752 ves-

87 5751 147 5826 tis
174 5767 241 5826 ex
266 5752 400 5808 lana
426 5755 480 5807 et
497 5753 624 5826 pilis
651 5756 863 5821 coacta,
892 5769 1007 5808 non
1031 5751 1225 5826 texta:
1259 5751 1709 5826 adcujussimi-

82 5820 377 5897 litudinem
402 5820 565 5881 vestis
599 5841 740 5897 auro
771 5820 1107 5897 acgemmis
1135 5823 1299 5897 fusa,_
1319 5820 1448 5897 felte
1488 5822 1598 5877 dici
1624 5822 1708 5876 vi-

85 5893 259 5950 detur.
289 5896 353 5951 In
371 5911 478 5951 ms.
510 5896 637 5954 cod.
667 5893 1120 5969 d’Héroiwalpro
1138 5894 1269 5965 felte
1284 5894 1495 5966 legitur
1515 5897 1706 5963 cirum,

1735 4393 1790 4469 C

1881 3137 1933 3191 4.
1969 3137 2116 3190 Dum
2152 3137 2212 3190 in
2250 3136 2378 3191 villa
2416 3136 2540 3208 ipsa
2575 3138 2760 3192 adhuc
2798 3142 2960 3205 esset,
2992 3138 3055 3191 ﬁt
3083 3152 3253 3191 sonus
3282 3136 3446 3207 quasi

1811 3247 1939 3285 eam
1990 3246 2090 3285 rex
2116 3229 2353 3285 iterum
2395 3231 2561 3286 vellet
2602 3232 2878 3303 accipere,
2925 3248 2983 3286 se
3031 3232 3228 3286 dolens
3276 3246 3444 3301 grave

1812 3325 2087 3379 damnum
2111 3324 2250 3395 pati,
2279 3324 2379 3396 qui
2404 3325 2576 3380 talem
2604 3330 2661 3380 et
2684 3329 2903 3381 tantam
2938 3325 3199 3397 reginam
3228 3323 3445 3396 permi-

1812 3418 1974 3473 sisset
1997 3435 2030 3472 a
2057 3419 2231 3473 latere
2265 3435 2365 3472 suo
2397 3418 2720 3473 discedere:
2757 3424 2829 3481 et,
2850 3419 2958 3474 nisi
2991 3436 3119 3475 eam
3147 3418 3444 3491 reciperet,

1812 3512 2039 3584 penitus
2063 3512 2252 3566 vivere
2280 3528 2396 3568 non
2424 3516 2663 3584 Optaret.
2694 3514 2822 3567 Haec
2854 3514 3090 3568 audiens
3122 3514 3449 3569 beatissima

1811 3606 1992 3660 nimio
2045 3611 2260 3661 terrore
2309 3606 2645 3676 praeterrita,
2693 3623 2751 3661 se
2800 3607 3042 3678 amplius
3088 3608 3448 3663 cruciandam

1815 3699 2049 3755 tradidit
2077 3699 2260 3754 cilicio
2288 3699 2623 3770 asperrimo,
2657 3716 2722 3754 ac
2746 3703 2939 3755 tenero
2960 3700 3182 3771 corpori
3204 3700 3443 3772 aptavit;

1814 3794 2048 3865 insuper
2072 3797 2129 3849 et
2147 3792 2355 3865 jejunii
2391 3792 2795 3848 cruciationem
2821 3792 3046 3863 indixit,
3076 3792 3285 3864 vigiliis
3310 3808 3446 3865 per-

1813 3890 2045 3946 noctans
2062 3887 2122 3942 in
2142 3887 2395 3943 oratione
2414 3903 2472 3942 se
2492 3890 2671 3942 totam
2694 3886 2937 3955 diffudit,
2965 3886 3222 3959 despexit
3252 3886 3447 3942 sedem

1813 3981 2035 4055 patriae,
2063 3982 2195 4036 vicit
2232 3980 2587 4036 dulcedinem
2613 3980 2888 4053 conjugii,
2926 3980 3166 4037 exclusit
3200 3980 3445 4036 charita-

1812 4080 1929 4131 tem
1957 4075 2330 4143 mundialem,
2363 4074 2536 4145 elegit
2561 4075 2721 4129 exsul
2742 4075 2864 4130 ﬁeri
2892 4092 2964 4130 ne
2989 4076 3451 4147 peregrinaretur

1814 4187 1847 4225 a
1875 4170 2115 4224 Christo.
2137 4170 2333 4225 Adhuc
2359 4169 2427 4224 de
2457 4168 2634 4240 regali
2660 4185 2851 4224 secum
2880 4168 3091 4225 habens
3116 4172 3451 4225 ornamento

1815 4263 1947 4319 felte
1987 4262 2050 4334 (ο)
2088 4263 2276 4318 fusum
2298 4304 2311 4330 ,
2356 4279 2426 4318 ex
2461 4279 2601 4318 auro
2634 4267 2690 4319 et
2729 4263 2970 4336 gemmis
3005 4263 3094 4318 vel
3130 4262 3451 4335 margaritis

1814 4358 2026 4412 factum
2055 4356 2362 4412 habentem
2387 4356 2449 4412 in
2472 4373 2531 4412 se
2558 4356 2683 4411 auri
2709 4358 2915 4413 solidos
2942 4356 3119 4427 mille,
3147 4372 3323 4429 quam
3348 4371 3451 4427 per

1815 4466 2066 4505 nonnam
2085 4467 2249 4504 suam
2264 4450 2495 4505 nomine
2508 4450 2921 4521 Fredovigiam,
2943 4466 3114 4521 quam
3133 4448 3452 4520 proximam

1817 4543 2093 4611 habebat,
2122 4560 2256 4598 cum
2293 4543 2407 4597 suis
2436 4543 2697 4598 ﬁdelibus
2733 4542 3045 4599 transmisit
3069 4542 3188 4597 viro
3213 4557 3448 4597 venera-

1817 4642 1938 4712 bili,
1967 4642 2181 4697 domno
2203 4641 2403 4696 Joanni
2435 4640 2508 4711 (ά)
2536 4641 2790 4696 reclauso
2821 4642 2880 4697 in
2910 4640 3146 4698 Castello
3181 4639 3447 4709 Cainone,

1818 4742 1881 4792 ut
1910 4753 2013 4808 pro
2041 4752 2106 4791 ea
2131 4738 2350 4803 oraret,
2390 4751 2462 4790 ne
2494 4735 2706 4790 iterum
2742 4736 2812 4791 ad
2838 4736 3112 4790 saeculum
3141 4738 3449 4791 revertere-

1818 4833 1939 4899 tur,
1999 4834 2055 4885 et
2103 4834 2315 4885 vestem
2366 4829 2418 4883 ei
2471 4829 2752 4884 cilicinam
2805 4829 3241 4899 transmitteret,
3301 4829 3454 4885 unde

1816 4940 2022 4997 corpus
2048 4940 2217 4979 suum
2247 4924 2492 4980 limaret.
2522 4924 2852 4980 Transmisit
2881 4924 2932 4980 ei
2958 4929 3016 4980 et
3062 4923 3355 4980 rachinam
3388 4924 3453 4997 (e)

1815 5129 1888 5168 an
1914 5114 2176 5183 scyphum
2196 5116 2223 5166 ?

1887 5186 1961 5255 (ἀ)
1995 5185 2074 5238 De
2112 5184 2371 5256 Iohanne
2408 5185 2628 5238 recluso
2667 5185 2821 5256 apud
2859 5186 3187 5253 Cainonem,
3222 5184 3453 5256 _Chinon,

1814 5255 1875 5309 in
1898 5254 2161 5310 conﬁnio
2198 5256 2495 5310 Pictonum
2541 5260 2597 5311 et
2637 5254 2951 5325 Turonum,
2995 5257 3067 5311 ad
3105 5254 3453 5325 conﬂuentes

1815 5326 2081 5399 Yigennaa
2107 5331 2164 5382 et
2190 5326 2426 5399 Ligeris,
2460 5327 2735 5399 legendus
2761 5324 3066 5399 GregOrius
3085 5324 3447 5399 Turonensis,

1816 5394 1892 5452 de
1914 5398 2065 5452 Glor.
2093 5394 2285 5465 conf,
2297 5414 2417 5469 cap.
2456 5394 2546 5453 23'.
2580 5400 2790 5453 Praeter
2819 5394 2951 5453 etim
2978 5397 3250 5469 Junianus
3276 5394 3450 5449 abbas

1813 5469 2165 5540 Mariacensis
2204 5467 2539 5540 Radegundi
2582 5470 2756 5524 etiam
2798 5470 3004 5540 charus
3046 5467 3356 5540 admodum
3395 5469 3452 5520 et

1813 5538 2102 5595 familiaris
2129 5540 2257 5606 fuit,
2283 5538 2399 5610 qui
2424 5541 2753 5594 caracallam
2790 5539 2861 5592 ab
2887 5556 2953 5594 ea
2977 5539 3252 5610 accepisse
3277 5552 3449 5607 supra

1816 5610 1874 5664 in
1897 5611 2149 5682 propriis
2173 5609 2335 5665 Actis
2350 5611 2581 5682 legitur.

1886 5676 1949 5749 (ἓν)
1977 5676 2229 5736 Ηᾶοὶιὶηᾶ
2255 5697 2354 5734 seu
2386 5676 2635 5735 rachana
2662 5678 2927 5749 Menardo
2956 5681 3171 5746 nostro,
3212 5677 3274 5731 in
3301 5676 3445 5730 Con-

1812 5747 1966 5807 cord.
1996 5752 2204 5824 regul.,
2238 5767 2368 5823 pag.
2412 5755 2536 5820 922,
2570 5747 3108 5819 estoperimentum
3143 5749 3444 5801 lectorum.

1811 5823 2001 5877 Vossio
2032 5824 2097 5878 de
2130 5823 2291 5879 Vitiis
2330 5837 2513 5885 serm.,
2550 5826 2633 5876 est
2665 5819 2829 5875 vestis
2866 5834 2897 5874 e
2938 5834 3125 5890 panno
3164 5831 3347 5890 crasso
3377 5831 3441 5868 ac

1813 5892 1907 5949 vili
1934 5910 1966 5948 a
1996 5863 2178 5965 graeco
2218 5902 2370 5969 ῥάχω.
2402 5863 2550 5965 Lege
2576 5890 2761 5947 Vitam
2788 5863 2973 5947 sancti
2997 5886 3278 5948 Germani.
