4006 6238
515 340 615 397 661

1486 344 1740 403 SANCTA
1778 345 2220 414 RADEGUNDIS,
2260 346 2527 404 REGINA-
2547 348 2872 406 FRANCL‘E.

3789 350 3876 407 668

520 452 818 524 cilicinam,
840 455 991 512 unde
1022 458 1079 511 et
1098 452 1332 512 interius
1351 460 1408 511 et
1432 456 1691 529 superius
1712 456 1815 513 sibi
1833 458 1965 515 fecit
1990 458 2154 515 indu-
2174 470 2233 542 Α
2252 457 2412 514 niam
2440 461 2658 530 peteret
2670 458 2851 515 beatae
2866 454 3224 530 Radegundi,
3250 457 3315 514 ut
3332 452 3385 513 ei
3401 455 3733 529 indulgeret
3746 459 3877 529 quod

517 553 797 617 mentum,
828 555 884 606 et
909 549 956 605 si
979 550 1116 622 quid
1137 550 1205 605 de
1236 566 1421 620 causa,
1456 568 1631 622 quam
1662 552 1916 623 timebat,
1949 572 2148 627 supra-

518 642 699 700 dictus
726 644 813 699 vir
848 645 908 700 in
937 644 1143 715 Spiritu
1186 648 1378 699 sancto
1418 644 1669 714 sentiret,
1697 662 1822 703 eam
1851 649 2150 707 certiorem

516 740 796 796 redderet.
838 740 996 806 Quod
1038 739 1085 794 si
1119 739 1224 795 hoc
1252 757 1347 796 rex
1376 741 1573 811 vellet,
1615 743 1737 815 ipsa
1766 746 1895 800 ante
1932 751 2152 819 optaret

518 834 693 891 vitam
728 835 910 904 ﬁnire,
938 851 1111 907 quam
1148 836 1272 907 regi
1311 840 1534 893 terreno
1560 839 1770 896 iterum
1789 841 1980 913 jungi,
2013 844 2151 915 quia

509 929 631 1001 jam
666 929 817 1001 regis
843 931 1080 986 caelestis
1120 933 1494 1005 ecpulabatur
1531 935 1907 1007 amplexibus.
1950 937 2037 994 Sic
2065 938 2152 995 vir

517 1024 617 1080 Dei
646 1029 761 1079 tota
792 1030 955 1081 nocte
992 1026 1051 1081 in
1088 1027 1293 1101 vigiliis
1316 1035 1375 1085 et
1408 1031 1758 1087 orationibus
1788 1037 2146 1105 pernoctans,

515 1116 825 1189 inspirante
864 1120 971 1176 sibi
1000 1121 1187 1178 divina
1218 1125 1470 1195 potentia
1494 1124 1554 1181 in
1573 1127 1837 1195 crastino,
1860 1129 2151 1186 mandavit

515 1211 565 1265 ei
594 1212 704 1267 hoc
729 1213 880 1286 regis
905 1232 1024 1271 esse
1050 1217 1401 1274 voluntatem
1425 1262 1440 1289 ,
1465 1220 1565 1275 sed
1591 1221 1689 1275 Dei
1722 1238 1838 1277 non
1864 1240 1985 1278 esse
2014 1240 2147 1296 per-

515 1304 785 1362 missum:
819 1313 949 1365 ante
980 1326 1079 1365 rex
1104 1311 1201 1367 Dei
1219 1312 1434 1384 judicio
1460 1313 1779 1387 puniretur,
1819 1333 1994 1389 quam
2021 1334 2149 1374 eam

512 1398 573 1453 in
599 1401 931 1474 conjugium
959 1406 1255 1477 acciperet.

585 1498 638 1549 5.
674 1496 804 1551 Post
837 1498 942 1553 hoc
973 1499 1188 1555 dictum
1219 1501 1540 1573 supradicta
1577 1503 1807 1559 domina
1841 1505 2145 1577 Radegun-

513 1588 598 1642 dis
622 1595 814 1645 mente
842 1594 958 1647 tota
989 1592 1208 1649 intenta
1246 1596 1317 1651 ad
1343 1597 1655 1665 Christum,
1686 1598 1940 1670 Pictavis,
1967 1601 2145 1672 inspi-

511 1684 671 1739 rante
699 1687 757 1741 et
787 1691 1121 1759 cooperante
1152 1690 1263 1745 Deo
1283 1733 1297 1759 ,
1330 1692 1743 1747 monasterium
1784 1693 1889 1748 sibi
1916 1711 2021 1766 per
2050 1712 2145 1750 or-

511 1776 858 1835 dinationem
918 1783 1174 1853 praecelsi
1227 1784 1379 1857 regis
1434 1786 1743 1842 Chlotharii
1796 1788 2143 1860 construxit,

510 1893 684 1949 quam
724 1879 998 1953 fabricam
1034 1883 1119 1937 vir
1143 1884 1479 1955 apostolicus
1518 1886 1767 1941 Pientius
1815 1886 2145 1959 [Pictavien-

511 1970 607 2042 sis]
650 1974 943 2046 episcopus
978 1980 1035 2031 et
1067 1978 1403 2049 Austrapius
1440 1979 1556 2033 dux
1592 1995 1697 2050 per
1726 1981 2147 2039 ordinationem

509 2065 855 2123 dominicam
903 2071 1039 2141 [Al.,
1091 2072 1209 2145 Dei]
1267 2072 1524 2127 celeriter
1562 2073 1856 2130 fecerunt:
1897 2075 1957 2131 in
1995 2078 2148 2148 quod

508 2162 919 2218 monasterium
942 2169 1133 2220 sancta
1150 2166 1367 2238 regina,
1390 2168 1591 2223 mundi
1612 2168 1747 2223 falsa
1762 2169 2148 2226 blandimenta

506 2272 807 2328 respuens,
839 2258 1201 2331 gaudensque
1226 2260 1481 2333 ingressa
1510 2266 1626 2330 est,
1657 2262 1757 2317 ubi
1787 2264 2146 2335 perfectionis

506 2355 841 2406 ornamenta
860 2353 1237 2425 conquireret,
1263 2360 1320 2410 et
1344 2372 1613 2427 magnam
1638 2359 2146 2428 congregationem

408 2472 415 2479 ~
506 2444 824 2513 puellarum
849 2446 1070 2501 Christo
1099 2464 1392 2520 nunquam
1418 2450 1694 2505 morituro
1723 2467 1928 2522 sponso
1952 2452 2141 2508 trade-

506 2542 613 2592 ret.
653 2539 774 2603 Quo
813 2539 993 2594 electa
1031 2541 1312 2597 abbatissa
1355 2543 1526 2599 etiam
1566 2544 1886 2616 constituta,
1928 2550 2045 2601 tam
2085 2564 2144 2604 se

505 2648 677 2703 quam
698 2649 799 2687 sua
824 2634 1016 2688 omnia
1037 2634 1158 2706 ejus
1184 2636 1415 2693 tradidit
1440 2637 1667 2694 subdita
1691 2639 1975 2710 potestati,
2000 2644 2056 2696 et
2075 2656 2143 2697 ex

507 2726 735 2798 proprio
753 2727 886 2798 jure
928 2728 1072 2783 nihil
1107 2730 1213 2784 sibi
1241 2748 1550 2800 reservans,
1584 2736 1649 2787 ut
1684 2737 1938 2789 curreret
1966 2750 2141 2806 expe-

504 2824 623 2879 dita
651 2828 780 2896 post
802 2825 1006 2881 Christi
1024 2828 1274 2899 vestigia,
1298 2834 1354 2885 et
1378 2835 1602 2885 tantum
1627 2830 1732 2885 sibi
1758 2832 1886 2903 plus
1906 2836 2146 2903 augeret

503 2916 564 2972 in
604 2919 739 2973 coelo
775 2924 986 2992 quanto
1016 2921 1202 2994 magis
1235 2923 1603 2979 subtraxisset
1642 2925 1711 2980 de
1750 2924 1976 2980 saeculo.
2019 2927 2143 2981 Mox

504 3011 678 3067 etiam
708 3013 831 3084 ejus
869 3019 1063 3069 sancta
1094 3017 1442 3073 conversatio
1488 3018 1655 3090 coepit
1695 3019 1911 3074 fervere
1940 3018 1998 3073 in
2028 3019 2139 3074 hu—

503 3105 758 3161 militatis
816 3110 1257 3178 conversatione,
1309 3111 1368 3189 in
1418 3112 1707 3168 charitatis
1762 3113 2040 3181 ubertate,
2081 3114 2142 3168 in

503 3201 768 3255 castitatis
797 3201 1034 3271 lumine,
1076 3204 1135 3258 in
1159 3205 1514 3275 jejuniorum
1552 3206 1902 3278 pinguedine
1927 3226 1941 3261 :
1981 3212 2038 3262 et
2066 3206 2143 3263 ita
2162 3220 2217 3294 ρ

503 3309 560 3347 se
575 3298 691 3349 toto
704 3311 896 3350 amore
913 3296 1124 3351 ccelesti
1138 3298 1371 3354 tradidit
1390 3316 1595 3371 sponso
1612 3342 1625 3367 ,
1645 3302 1710 3354 ut
1729 3302 1908 3356 Deum
1928 3302 2143 3357 mundo

502 3387 668 3442 corde
686 3389 1088 3460 complectens,
1111 3391 1399 3449 Christum
1430 3393 1490 3449 in
1524 3410 1584 3449 se
1611 3393 1991 3451 habitatorem
2020 3411 2140 3452 esse

504 3480 755 3537 sentiret.

573 3582 624 3633 6.
654 3579 760 3635 Sed
786 3580 1010 3637 invidus
1034 3582 1316 3638 bonorum
1343 3583 1584 3639 humani
1606 3584 1832 3657 generis
1852 3584 2138 3655 inimicus,

499 3672 660 3743 cujus
689 3675 1056 3743 voluntatem,
1088 3678 1260 3732 etiam
1286 3678 1424 3733 dum
1443 3678 1504 3733 in
1530 3679 1739 3734 saaculo
1762 3684 1928 3745 esset,
1952 3679 2141 3734 facere

497 3767 790 3824 abhorruit
814 3812 827 3836 ,
856 3787 983 3826 eam
1021 3771 1285 3844 persequi
1329 3789 1449 3828 non
1489 3773 1745 3828 cessavit.
1784 3772 1939 3829 Sicut
1982 3772 2139 3828 enim

491 3860 612 3931 jam
661 3878 766 3932 per
808 3862 1190 3920 internuntios
1233 3871 1573 3938 cognoverat
1619 3867 1814 3939 (quod
1863 3865 2139 3938 timebat)

501 3955 803 4026 praecelsus
838 3973 937 4013 rex
970 3958 1330 4014 Chlotharius
1364 3976 1495 4016 cum
1526 3959 1643 4015 ﬁlio
1676 3977 1776 4015 suo
1807 3960 2138 4032 praecellen-

500 4047 718 4101 tissimo
756 4049 1037 4119 Sigiberto
1077 4054 1330 4108 Turones
1364 4054 1592 4109 advenit
1629 4054 1787 4126 quasi
1828 4052 2141 4109 devotionis

499 4157 689 4209 causa,
724 4157 838 4212 quo
867 4142 1084 4200 facilius
1112 4146 1347 4202 Pictavis
1372 4148 1679 4217 accederet,
1702 4151 1767 4202 ut
1795 4164 1958 4202 suam
1983 4147 2139 4219 regi-

498 4250 630 4287 nam
660 4234 957 4306 acciperet.
980 4239 1100 4303 Quo
1120 4240 1344 4312 cognito
1375 4242 1540 4296 beata
1569 4240 1934 4313 Radegundis
1954 4256 2136 4295 sacra-

498 4328 772 4383 mentales
803 4327 937 4385 fecit
978 4331 1190 4388 litteras
1236 4333 1340 4389 sub
1367 4334 1774 4390 contestatione
1805 4333 1995 4389 divina
2018 4333 2139 4389 viro

496 4420 805 4493 apostolico
836 4423 1047 4479 domno
1072 4426 1350 4483 Germano
1382 4426 1728 4483 Parisiorum
1748 4426 1989 4483 civitatis
2013 4426 2137 4499 epi-

497 4531 670 4586 scopo
700 4516 801 4588 qui
828 4520 964 4573 tunc
995 4535 1126 4574 cum
1156 4537 1294 4592 rege
1327 4525 1468 4591 erat,
1509 4537 1649 4593 quas
1693 4537 1799 4593 per
1837 4520 2140 4575 Proculum

2252 553 2311 609 in
2341 571 2407 609 ea
2446 569 2548 625 per
2574 552 2752 608 malos
2791 553 3131 609 consiliarios
3170 558 3517 624 peccaverat.
3564 552 3726 607 Unde
3756 552 3877 609 ultio

2251 648 2439 703 divina
2483 649 2554 703 de
2608 648 2876 720 praesenti
2920 647 2981 703 in
3024 663 3118 703 eos
3166 646 3490 702 vindicavit.
3539 646 3698 703 Sicut
3742 648 3879 704 enim

2250 742 2439 812 Arius,
2476 742 2575 815 qui
2611 748 2805 798 contra
2832 741 3005 797 ﬁdem
3044 741 3378 796 catholicam
3422 745 3663 807 certans,
3704 741 3879 797 omnia

2257 836 2394 909 [Al.,
2427 852 2660 892 omnem
2696 835 3041 911 intestinam]
3087 835 3360 891 intestina
3390 851 3489 890 sua
3515 835 3577 890 in
3608 850 3881 892 secessum

2250 930 2469 986 dimisit
2488 948 2504 1000 ;
2533 931 2612 987 ita
2629 933 2687 986 et
2704 930 2774 987 de
2795 930 2915 985 istis
2945 930 3131 986 evenit
3154 929 3251 1003 qui
3272 934 3466 986 contra
3483 929 3715 986 beatam
3744 930 3879 1003 regi-

2250 1042 2391 1081 nam!
2409 1030 2671 1097 egerunt.

2320 1126 2374 1176 7.
2417 1122 2573 1175 Tunc
2610 1135 2711 1175 rex
2758 1117 2967 1174 timens
3024 1119 3122 1173 Dei
3162 1117 3464 1191 judicium,
3510 1118 3647 1190 quia
3696 1116 3881 1190 regina

2250 1214 2431 1286 magis
2460 1214 2558 1270 Dei
2587 1215 2933 1269 voluntatem
2959 1213 3168 1269 fecerat
3191 1229 3366 1285 quam
3396 1228 3563 1267 suam
3587 1212 3734 1267 dum
3764 1227 3882 1267 cum

2250 1326 2316 1364 eo
2346 1311 2697 1364 commorata
2720 1308 2924 1377 fuerat,
2953 1309 3119 1379 rogat
3142 1307 3371 1362 beatum
3397 1306 3608 1373 virum,
3641 1305 3781 1360 illuc
3808 1321 3883 1361 ce-

2248 1402 2442 1458 leriter
2481 1402 2583 1457 ire.
2635 1401 2722 1458 Sic
2770 1402 2857 1457 vir
2907 1400 3242 1473 apostolicus
3287 1401 3529 1455 domnus
3573 1400 3883 1455 Germanus

2247 1496 2480 1552 Pictavis
2504 1495 2754 1565 veniens,
2782 1495 3070 1567 ingressus
3093 1494 3520 1562 monasterium,
3552 1494 3615 1548 in
3646 1493 3881 1549 oratorio

2247 1590 2470 1645 domnae
2496 1589 2684 1645 Marias
2709 1589 2932 1644 nomini
2956 1588 3209 1644 dedicato
3238 1588 3547 1660 prosternit
3570 1604 3631 1643 se
3658 1587 3735 1641 ad
3760 1603 3878 1641 san-

2247 1689 2350 1739 ctae
2377 1684 2590 1757 reginas
2612 1684 2782 1756 pedes
2811 1701 2914 1755 pro
2942 1699 3077 1755 rege
3104 1682 3325 1737 veniam
3350 1698 3607 1754 poscens.
3635 1682 3737 1735 Illa
3761 1698 3880 1736 vero

2250 1778 2500 1850 gaudens
2545 1794 2603 1833 se
2652 1778 2721 1833 de
2775 1776 2969 1832 saeculi
3012 1775 3265 1832 faucibus
3309 1779 3598 1848 ereptam,
3639 1774 3882 1847 benigne

2170 1847 2223 1918 Β
2248 1847 2523 1944 indulget,
2571 1876 2627 1927 et
2654 1888 2713 1927 se
2758 1871 2829 1926 ad
2866 1871 2962 1926 Dei
3003 1870 3214 1943 aptavit
3249 1847 3578 1925 servitium:
3626 1869 3881 1942 expedita

2240 1967 2362 2039 jam
2400 1966 2561 2038 sequi
2598 1965 2885 2021 Christum
2927 1982 3266 2038 quocunque
3308 1965 3418 2021 iret
3452 1980 3627 2037 quem
3666 1979 3881 2035 semper

2194 2082 2203 2089 δ
2248 2060 2462 2127 dilexit,
2496 2065 2553 2115 et
2584 2062 2775 2115 animo
2811 2060 3010 2115 devoto
3047 2059 3116 2114 ad
3148 2075 3283 2114 eum
3317 2058 3623 2131 percurrit.
3660 2057 3880 2112 Talibus

2248 2170 2384 2225 ergo
2413 2154 2583 2209 rebus
2612 2153 2847 2221 intenta,
2881 2152 3071 2208 addito
3114 2151 3438 2225 vigiliarum
3473 2152 3696 2222 ordine,
3731 2149 3880 2223 quasi

2247 2247 2481 2303 carceris
2510 2264 2567 2304 se
2597 2247 2686 2302 sui
2714 2247 2967 2319 corporis
2995 2246 3125 2301 fecit
3153 2246 3538 2319 pernoctando
3565 2245 3879 2300 custodem.

2247 2343 2313 2396 Et
2345 2358 2476 2396 cum
2506 2345 2651 2396 esset
2674 2340 2797 2395 aliis
2826 2339 3169 2410 misericors,
3205 2339 3311 2395 sibi
3344 2339 3525 2411 judex
3550 2338 3754 2394 effecta
3783 2343 3879 2408 est,

2245 2435 2477 2508 reliquis
2504 2435 2618 2508 pia,
2641 2434 2699 2489 in
2732 2451 2789 2489 se
2806 2434 3139 2490 abstinendo
3171 2449 3383 2503 severa,
3410 2432 3678 2488 omnibus
3700 2433 3880 2503 larga,

2246 2529 2352 2585 sibi
2401 2528 2688 2598 restricta,
2734 2533 2801 2584 ut
2838 2528 3092 2583 confecta
3136 2528 3375 2600 jejuniis
3436 2544 3555 2583 non
3602 2526 3884 2582 sufficeret

2244 2623 2350 2679 nisi
2378 2629 2434 2680 et
2463 2623 2532 2679 de
2563 2640 2664 2679 suo
2695 2639 2928 2695 corpore
2958 2622 3357 2694 triumpharet.

2316 2721 2367 2774 8.
2396 2718 2489 2772 His
2518 2718 2696 2790 igitur
2711 2717 2909 2772 studiis
2939 2721 3207 2789 occupata
3233 2732 3338 2789 per
3356 2730 3588 2771 omnem
3616 2714 3873 2785 modum,

2243 2813 2386 2867 sicut
2413 2817 2496 2867 est
2524 2812 2585 2867 in
2615 2811 2759 2867 libro
2788 2812 2973 2884 primo
3010 2811 3355 2882 intimatum,
3389 2810 3604 2866 meruit
3633 2808 3740 2864 soli
3772 2811 3883 2864 Deo

2241 2911 2504 2978 prompte
2530 2922 2745 2962 vacare.
2778 2907 2898 2971 Quo
2919 2910 3111 2961 tamen
3141 2909 3398 2977 tempore
3424 2904 3755 2959 fortioribus
3788 2922 3881 2959 ar-

2244 3001 2352 3055 mis
2410 3000 2629 3068 induta,
2684 3000 2804 3056 sine
2867 3000 3171 3056 cessatione
3230 2999 3597 3067 orationibus,
3650 2997 3883 3070 vigiliis,

2242 3094 2482 3149 lectione
2521 3110 2821 3166 propensa,
2867 3093 3185 3167 peregrinis
3214 3093 3335 3166 ipsa
3363 3092 3515 3148 cibos
3543 3092 3885 3148 ministravit

2242 3193 2313 3248 ad
2344 3209 2600 3248 mensam
2626 3235 2639 3263 ,
2680 3194 2802 3265 ipsa
2832 3194 2947 3247 suis
2990 3193 3253 3248 manibus
3280 3192 3419 3247 lavit
3449 3195 3505 3247 et
3533 3191 3696 3247 tersit
3720 3192 3882 3246 inﬁr-

2241 3292 2502 3343 mantum
2531 3286 2785 3359 vestigia.
2819 3287 2941 3341 Non
2979 3287 3209 3343 famula:
3235 3287 3495 3358 permisit
3518 3285 3628 3341 sibi
3647 3288 3779 3343 dare
3804 3302 3887 3343 so-

2241 3382 2461 3451 latium,
2494 3397 2625 3453 quaa
2656 3381 2855 3436 devota
2872 3380 3178 3436 cursitabat
3200 3380 3436 3452 implere
3468 3380 3759 3437 servitium
3787 3401 3803 3436 :
3827 3397 3884 3437 se

2240 3480 2435 3531 autem
2464 3475 2523 3529 in
2540 3479 2656 3530 tam
2673 3474 2853 3529 ardua
2876 3474 3237 3529 abstinentiae
3256 3474 3611 3530 districtione
3635 3476 3882 3542 reclusit,

2240 3586 2420 3642 usque
2449 3586 2562 3641 quo
2591 3567 2890 3624 inﬁrmitas
2915 3568 3205 3640 permisit,
3237 3574 3301 3623 ut
3326 3583 3487 3623 mens
3515 3568 3736 3625 intenta
3766 3570 3880 3624 Deo

2241 3669 2534 3720 terrenum
2558 3663 2680 3735 jam
2706 3680 2810 3719 nec
2839 3661 3153 3735 requireret
3180 3661 3390 3717 cibum.
3424 3662 3723 3717 Lectulum
3751 3679 3882 3718 vero

2240 3758 2521 3829 poenalem
2550 3756 2656 3811 sibi
2682 3756 3015 3825 construxit,
3038 3762 3337 3828 postquam
3372 3756 3668 3828 religionis
3698 3756 3880 3813 induit

2241 3852 2501 3908 habitum
2522 3869 2538 3921 ;
2564 3867 2681 3905 non
2708 3850 3010 3923 aliquando
3036 3850 3191 3905 illam
3210 3850 3393 3905 mollis
3422 3850 3619 3922 pluma
3641 3850 3877 3921 fulcivit,

2241 3962 2426 4018 neque
2446 3945 2795 4001 linteaminis
2818 3944 2970 3999 nitor
2987 3944 3274 4015 instruxit,
3301 3960 3429 4017 quas
3444 3960 3548 4017 pro
3576 3944 3877 4001 indumen-

2240 4040 2311 4095 tis
2329 4039 2610 4095 universis
2630 4039 2816 4093 cinere
2834 4042 2891 4093 et
2911 4037 3092 4093 cilicio
3112 4041 3307 4093 tenera
3325 4039 3585 4094 membra
3602 4039 3871 4095 domavit.

2240 4134 2317 4188 De
2331 4132 2682 4189 abstinentiae
2699 4132 2889 4204 rigore
2919 4132 3005 4187 vel
3028 4131 3240 4187 servitii
3258 4132 3508 4187 anterior
3524 4133 3674 4188 liber
3704 4135 3875 4188 multa

2240 4228 2449 4283 docuit.
2478 4230 2539 4281 In
2565 4230 2788 4281 tantum
2819 4225 2975 4282 enim
3004 4242 3061 4281 se
3089 4229 3321 4299 propter
3350 4227 3531 4281 Deum
3560 4243 3869 4299 pauperem

2238 4321 2390 4391 fecit,
2446 4324 2508 4374 ut
2556 4318 2771 4375 caeteris
2826 4319 3110 4391 prmberet
3164 4320 3513 4391 exemplum.
3560 4320 3870 4376 Manicham

2239 4431 2409 4487 quam
2439 4414 2672 4469 brachio
2701 4412 2961 4469 indueret
2992 4430 3107 4469 non
3146 4413 3409 4482 habebat,
3440 4412 3552 4469 nisi
3585 4414 3657 4469 de
3702 4414 3874 4486 caliga

2240 4525 2340 4563 sua
2379 4507 2483 4562 sibi
2523 4508 2660 4563 duas
2698 4506 2831 4562 fecit
2867 4508 3156 4562 manicas:
3204 4507 3301 4562 sed
3342 4507 3419 4563 ita
3460 4523 3519 4562 se
3564 4525 3871 4580 pauperem

496 4625 665 4663 suum
693 4615 960 4681 agentem
990 4614 1255 4669 secretius
1285 4615 1491 4671 direxit
1526 4632 1659 4669 cum
1688 4614 1889 4670 exenio
1914 4614 2004 4670 vel
2036 4631 2136 4670 eu-
2158 4597 2217 4669 Ι)
2241 4602 2548 4669 tractabat,
2593 4604 2661 4655 ut
2699 4601 2806 4656 hoc
2843 4618 2947 4657 nec
2988 4600 3267 4656 abbatissa
3315 4602 3387 4672 (δ)
3438 4602 3700 4658 δθηῖίτθῐ-
3751 4603 3873 4668 Quis

497 4702 659 4773 logiis
703 4702 794 4774 (α).
834 4706 908 4759 At
944 4705 1040 4761 ubi
1076 4723 1168 4762 eas
1204 4707 1413 4780 relegit
1442 4707 1526 4762 vir
1566 4710 1681 4764 Deo
1718 4710 1920 4781 plenus
1960 4708 2141 4780 lacry—

494 4812 677 4863 mans,
715 4800 1024 4867 prosternit
1070 4817 1129 4856 se
1166 4801 1406 4872 pedibus
1447 4802 1599 4874 regis
1636 4806 1768 4858 ante
1812 4802 2139 4875 sepulcrum

494 4889 644 4945 beati
677 4891 897 4947 Martini
928 4910 1059 4949 cum
1089 4896 1496 4951 contestatione
1527 4896 1736 4964 divina,
1778 4896 1922 4951 sicut
1958 4896 2012 4951 ei
2040 4895 2135 4950 lit-

498 4983 634 5038 teris
673 4984 860 5041 fuerat
902 4986 1249 5056 intimatum,
1288 4994 1354 5044 ut
1392 4989 1630 5046 Pictavis
1670 5006 1786 5044 non
1825 4989 2133 5045 accederet.

494 5077 581 5133 Sic
611 5094 711 5133 rex
747 5081 1128 5138 amaritudine
1175 5084 1379 5154 plenus
1397 5083 1723 5155 intelligens
1743 5084 1889 5139 hanc
1917 5083 2139 5154 petitio-

494 5187 628 5227 nem
657 5189 777 5228 esse
797 5174 1033 5246 reginae,
1065 5176 1396 5247 paenitentia
1421 5177 1642 5246 ductus,
1677 5176 1842 5232 malis
1872 5175 2135 5231 consilia-

493 5265 591 5321 riis
628 5266 779 5323 istud
811 5272 1097 5339 reputans,
1145 5286 1317 5342 seque
1350 5270 1655 5344 indignum
1689 5270 1955 5343 judicans
1986 5269 2138 5342 quod

492 5360 665 5415 talem
686 5361 895 5417 habere
915 5363 1176 5435 reginam
1192 5364 1404 5420 diutius
1424 5382 1541 5421 non
1559 5365 1878 5435 meruisset,
1895 5368 2140 5436 proster-

491 5455 576 5508 nit
626 5471 685 5509 se
738 5460 796 5510 et
845 5455 941 5512 ille
995 5462 1127 5513 ante
1169 5458 1369 5514 limina
1409 5459 1589 5514 sancti
1630 5458 1852 5515 Martini
1900 5456 2141 5530 pedibus

492 5548 785 5618 apostolici
826 5551 933 5606 viri
976 5552 1262 5623 Germani,
1304 5570 1510 5625 rogans
1538 5557 1603 5607 ut
1633 5553 1711 5607 sic
1755 5568 1860 5623 pro
1892 5550 2012 5622 ipso
2039 5564 2137 5604 ve-

561 5662 633 5732 (a)
654 5664 1075 5740 Eulogiaegnon
1116 5684 1343 5739 semper
1372 5685 1476 5740 pro
1520 5684 1668 5740 pane
1688 5666 1939 5740 aliisque
1968 5667 2140 5740 rebus

492 5732 850 5810 benedictis;
860 5738 959 5810 se_d
989 5756 1094 5810 pro
1116 5732 1742 5810 quol'ibet‘muriusculo
1766 5732 2139 5793 ex'charitate

494 5801 638 5855 facto
693 5806 853 5876 Apud
907 5801 1300 5876 Fortunatum,
1349 5811 1408 5864 in
1453 5810 1554 5865 lib.
1607 5809 1672 5875 ΙΙ,
1727 5810 1912 5865 Carm.
1976 5813 2040 5865 l2
2083 5813 2142 5865 et

497 5885 633 5939 seqq
661 5911 673 5923 -
717 5873 999 5953 leguntur
1052 5873 1345 5953 castaneas,
1394 5881 1518 5950 lac,
1560 5873 1837 5953 prunellas
1862 5923 1876 5947 ,
1931 5897 2033 5953 ova
2083 5883 2141 5935 et

499 5953 699 6005 prunas
715 5945 776 5995 in
794 5945 1044 6014 eulogias
1063 5945 1406 6007 transmissa.
1432 5945 1513 6010 De
1533 5945 1775 6024 eulogiis
1792 5945 1918 6024 lege
1939 5952 2137 6010 Albas-

2238 4696 2390 4752 enim
2413 4696 2533 4767 ejus
2552 4695 2905 4769 patientiam,
2927 4694 3053 4768 quis
3070 4695 3223 4750 chari
3232 4698 3424 4765 tatem,
3444 4695 3573 4767 quis
3591 4697 3871 4752 fervorem

2238 4789 2486 4862 spiritus,
2515 4790 2642 4862 quis
2668 4789 3090 4859 discretionem,
3122 4788 3250 4861 quis
3280 4789 3719 4861 benignitatem,
3752 4791 3872 4863 quis

2238 4884 2422 4939 zelum
2445 4888 2724 4952 sanctum,
2746 4883 2873 4956 quis
2883 4883 3087 4955 jugem
3117 4882 3548 4939 meditationem
3568 4884 3660 4940 die
3684 4893 3872 4940 noctu-

2238 4994 2347 5049 que
2376 4978 2434 5032 in
2480 4979 2605 5049 lege
2640 4977 2863 5033 Domini
2900 4976 3109 5049 poterit
3147 4975 3479 5049 explicare?
3507 4978 3647 5042 Quae
3680 4996 3809 5034 cum
3835 4997 3869 5034 a

2238 5072 2601 5128 meditatione
2655 5072 3003 5144 psalmorum
3060 5075 3159 5126 aut
3213 5070 3617 5143 praedicatione
3661 5089 3868 5129 cessare

2238 5165 2544 5237 videretur,
2569 5165 2770 5222 lectrix
2794 5169 2926 5221 ante
2956 5182 3083 5221 eam
3110 5181 3225 5220 una
3249 5165 3665 5239 monacharum
3690 5168 3871 5240 legere

2239 5276 2354 5315 non
2385 5260 2710 5316 desistebat.
2732 5261 2797 5315 In
2820 5264 3043 5315 tantum
3073 5259 3141 5315 de
3170 5259 3337 5315 corde
3355 5260 3444 5315 vel
3476 5276 3575 5315 ore
3600 5261 3757 5317 illius
3781 5262 3873 5316 Dei

2237 5355 2362 5409 laus
2379 5371 2496 5409 non
2516 5354 2853 5423 discedebat,
2878 5358 2944 5409 ut
2962 5370 3093 5408 cum
3117 5353 3362 5425 quadam
3381 5353 3499 5409 vice
3522 5354 3759 5411 vidisset
3776 5372 3869 5426 po-

2239 5448 2542 5504 sticiariam
2566 5448 2893 5504 monasterii
2909 5450 3300 5503 transeuntem
3318 5448 3551 5503 nomine
3585 5449 3870 5521 Eodegun-

2240 5543 2390 5611 dem,
2410 5542 2511 5598 ubi
2537 5559 2664 5599 eam
2681 5542 2861 5598 voluit
2875 5541 3180 5614 appellare,
3202 5558 3306 5613 pro
3333 5542 3454 5613 ejus
3475 5542 3714 5600 nomine
3739 5543 3873 5599 Alle-

2239 5662 2511 5733 pinaaum,
2545 5660 2644 5716 lib.
2680 5677 2717 5731 ι,
2745 5660 3020 5733 observat.
3058 5662 3111 5728 8,
3156 5659 3604 5733 etltienardum,
3640 5659 3704 5714 in
3732 5659 3865 5714 Con-

2240 5729 2391 5812 cord.
2424 5733 2654 5812 Begul.,
2683 5729 2804 5803 oap.
2840 5734 2929 5812 ὃς,
2962 5731 3164 5812 §.l,het
3192 5729 3380 5812 alios.“
3492 5800 3504 5812 .
3628 5800 3685 5812 η
3745 5799 3778 5812 η

2311 5804 2380 5873 (ὁ)
2430 5800 2649 5859 Prima
2683 5800 3011 5857 monasterii
3068 5801 3288 5857 Sanctae
3341 5800 3535 5857 Crucis
3594 5800 3861 5858 abbatissa

2238 5875 2427 5947 Agnes
2457 5876 2548 5931 cui
2579 5874 2843 5931 successit
2871 5873 3211 5930 Leubovera.
