4006 6238
66 341 149 394 669
1310 334 1481 389 VITA.
1527 333 1727 389 LIBER
1765 333 2126 391 SECUNDUS.

3300 336 3402 393 670

64 449 158 505 luia
186 443 464 501 clamavit.
513 444 626 500 Hoc
661 442 866 499 millies
908 440 1075 512 fecit;
1118 458 1414 515 nunquam
1455 443 1525 500 de
1571 458 1668 499 ore
1691 442 1861 533 Acit,
1890 449 1955 500 ut
1984 444 2031 500 si
2058 442 2225 500 alicui
2264 442 2334 500 de
2378 441 2663 500 sororibus
2696 458 2923 501 merum
2958 442 3092 501 dare
3116 444 3400 518 voluisset,

63 542 191 599 illius
207 538 495 609 detractio,
519 554 815 610 nunquam
832 536 1216 607 mendacium,
1237 553 1534 611 nunquam
1552 554 1668 593 ma~

62 636 302 693 ledictum
326 636 528 690 contra
546 632 1026 706 qualemcumque
1051 647 1352 703 personam
1377 630 1666 703 processit:

62 738 107 787 et
127 747 230 785 non
255 728 439 783 solum
466 745 587 783 non
614 727 857 783 detraxit
890 726 1175 798 cuiquam,
1215 727 1314 782 sed
1347 742 1453 781 nec
1479 726 1667 783 detra-

62 828 264 882 hentem
313 822 598 895 patienter
647 822 889 877 audivit.
941 823 1046 895 Pro
1092 820 1564 892 persequentibus
1612 835 1670 875 se

63 934 259 990 semper
271 916 448 972 oravit
467 919 526 971 et
536 931 695 971 orare
709 914 920 971 docuit.
939 913 1457 986 Congregationem
1467 955 1480 981 ,
1496 929 1670 985 quam

65 1016 112 1069 in
132 1011 345 1068 nomine
374 1010 609 1065 Domini
647 1010 818 1081 plena
847 1008 946 1065 Dei
974 1008 1253 1065 desiderio
1281 1006 1667 1080 congregavit,

64 1109 112 1162 in
128 1108 334 1161 tantum
355 1104 577 1171 dilexit,
601 1108 667 1159 ut
685 1103 856 1160 etiam
871 1107 1133 1175 parentes
1150 1102 1239 1159 vel
1261 1118 1460 1174 regem
1479 1101 1670 1173 conju-

65 1218 171 1274 gem
185 1216 237 1256 se
258 1198 525 1255 habuisse
540 1214 643 1253 nec
664 1197 1140 1253 reminisceretur.
1161 1197 1323 1262 Quod
1339 1198 1672 1268 frequenter

63 1294 197 1351 nobis
223 1294 359 1348 dum
395 1292 731 1364 predicaret
767 1292 1021 1347 dicebat:
1050 1293 1160 1347 Vos
1196 1290 1342 1363 elegi
1382 1290 1545 1360 ﬁlias,
1574 1307 1670 1346 vos

66 1406 169 1444 mea
188 1387 420 1456 lumina,
450 1403 554 1441 vos
580 1403 710 1442 mea
734 1386 868 1456 vita,
898 1402 996 1443 vos
1021 1402 1149 1441 mea
1188 1385 1413 1458 requies
1438 1389 1670 1456 totaque

62 1483 283 1550 felicitas,
314 1498 415 1537 vos
438 1480 664 1537 novella
692 1480 968 1552 plantatio
989 1498 1005 1549 ;
1036 1480 1187 1551 agite
1227 1495 1451 1534 mecum
1480 1478 1540 1533 in
1564 1478 1670 1533 hoc

62 1578 257 1643 saeculo,
277 1575 423 1632 unde
442 1576 797 1648 gaudeamus
814 1574 875 1630 in
894 1575 1108 1630 futuro.
1132 1574 1306 1629 Plena
1323 1572 1455 1640 ﬁde,
1477 1573 1672 1644 pleno-

65 1688 154 1743 que
179 1670 353 1726 cordis
383 1669 593 1726 affectu
629 1669 940 1725 serviamus
974 1668 1215 1723 Domino
1251 1668 1313 1723 in
1356 1667 1585 1737 timore,
1615 1670 1672 1722 et

65 1768 111 1822 in
134 1764 481 1836 simplicitate
504 1764 688 1820 cordis
707 1780 1027 1836 quaeramus
1043 1779 1198 1833 eum,
1220 1766 1287 1818 ut
1311 1778 1443 1818 cum
1467 1760 1673 1816 ﬁducia

1768 538 1837 594 de
1875 555 1979 595 suo
2021 538 2128 594 sibi
2165 538 2393 595 cellario
2430 541 2666 611 tangere
2704 555 2823 595 non
2854 539 3237 611 praesumpsit.
3279 541 3400 605 Quo

1768 633 1994 705 cognito
2013 632 2352 689 venerabilis
2368 633 2672 701 abbatissa,
2695 632 2849 689 dedit
2868 633 2917 688 ei
2936 635 3249 690 tonnellam
3276 639 3401 691 octo
3450 614 3463 625 ’

1768 727 2111 797 modiorum,
2148 745 2322 801 quam
2356 728 2538 784 beatae
2580 728 2857 784 Felicitati
2899 728 3139 784 cellaria:
3184 728 3258 785 ad
3299 745 3399 785 ex-

1768 837 2003 894 pensam
2029 821 2461 879 commendavit.
2494 823 2570 878 De
2605 820 2890 878 vindemia
2922 838 3105 893 usque
3133 822 3204 878 ad
3229 822 3401 878 aliam

1770 916 2034 971 omnibus
2058 916 2259 971 diebus
2280 915 2608 988 ubicunque
2635 916 2688 972 ei
2722 915 2925 972 Sancta
2951 916 3139 986 jussit,
3168 916 3401 988 dispen-

1769 1010 1928 1077 savit,
1959 1015 2014 1066 et
2049 1027 2344 1083 nunquam
2371 1010 2602 1079 minuit,
2630 1009 2729 1066 sed
2755 1026 2982 1082 semper
3010 1009 3241 1083 aequalis
3266 1026 3399 1082 per-

1769 1105 1998 1161 mansit.
2040 1104 2145 1160 Ubi
2178 1121 2391 1160 novum
2424 1104 2622 1161 vinum
2658 1104 2886 1160 advenit
2919 1105 3071 1177 quod
3108 1104 3402 1161 cellarium

1770 1199 2040 1271 implevit,
2071 1216 2129 1256 se
2151 1200 2397 1255 tonnella
2422 1200 2554 1255 satis
2585 1199 2778 1255 fecisse
2798 1200 3072 1269 credidit;
3098 1204 3229 1256 ante
3252 1216 3398 1272 pon-

1771 1299 1929 1351 tones
1953 1297 2010 1350 et
2041 1298 2232 1349 tonnee
2261 1294 2590 1349 defecerunt
2616 1310 2788 1366 quam
2821 1295 2944 1349 haec
2972 1310 3101 1366 quae
3133 1295 3313 1350 beatae
3340 1293 3403 1350 in

1769 1388 2032 1445 omnibus
2082 1388 2214 1443 fecit
2272 1388 2640 1443 voluntatem.
2704 1388 2977 1444 Dominus
3029 1388 3100 1444 de
3150 1389 3401 1460 quinque

1770 1483 2010 1556 panibus
2061 1488 2119 1539 et
2159 1482 2401 1554 geminis
2436 1482 2683 1554 piscibus
2729 1483 2984 1554 quinque
3030 1482 3183 1553 pavit
3224 1483 3402 1538 millia

1769 1577 2095 1645 hominum,
2151 1582 2208 1631 et
2249 1592 2411 1631 suam
2453 1576 2737 1644 ancillam,
2780 1576 3106 1648 ubicunque
3144 1576 3402 1645 indigere

1769 1672 1945 1741 vidit,
2011 1672 2080 1727 de
2127 1671 2234 1727 hoc
2286 1687 2459 1743 parvo
2518 1669 2725 1743 [supple
2767 1668 3009 1741 vasculo]
3080 1673 3198 1725 toto
3254 1686 3403 1724 anno

1768 1765 1982 1822 refecit.

64 1861 103 1916 ei
131 1833 301 1915 dicere
337 1858 664 1930 possimus:
700 1833 802 1927 Da,
843 1858 1098 1927 Domine,
1138 1857 1293 1930 quod
1332 1833 1747 1930 promisisti,B
1846 1864 1929 1916 tl.
1965 1861 2198 1932 Semper
2225 1862 2293 1915 de
2317 1877 2458 1934 pace
2491 1860 2741 1929 sollicita,
2776 1859 2845 1915 de
2876 1859 3053 1914 salute
3077 1857 3278 1931 patriae
3303 1872 3402 1914 cu-

66 1954 173 2026 quia
192 1954 423 2009 fecimus
444 1954 599 2025 quod
618 1952 857 2024 jussisti.

121 2052 166 2103 9.
192 2049 491 2118 Nunquam
523 2046 797 2119 imposuit
821 2046 1026 2115 facere,
1048 2046 1200 2119 quod
1228 2045 1349 2118 ipsa
1369 2044 1528 2117 prius
1554 2060 1670 2099 non

68 2141 272 2198 fecisset.
310 2142 701 2213 Undecunque
742 2156 936 2197 servus
975 2140 1077 2195 Dei
1120 2140 1382 2209 venisset,
1437 2137 1671 2194 sollicite

69 2234 472 2307 percontabatur
520 2235 765 2309 qualiter
818 2235 1057 2290 Domino
1110 2234 1389 2289 serviret:
1437 2234 1485 2288 si
1532 2234 1670 2308 quid

70 2330 176 2386 novi
197 2330 262 2385 ab
286 2347 354 2387 eo
382 2330 704 2402 agnovisset
729 2330 879 2402 quod
906 2330 1028 2401 ipsa
1072 2345 1185 2383 non
1225 2329 1453 2400 faceret,
1486 2331 1669 2385 conti-

71 2441 160 2480 nuo
184 2442 309 2480 cum
333 2425 492 2502 omni
522 2423 808 2479 alacritate
833 2422 942 2478 sibi
965 2422 1122 2495 prius
1141 2423 1412 2496 imposuit
1433 2466 1446 2494 ,
1469 2426 1527 2480 et
1543 2428 1681 2505 post

68 2519 547 2592 congregationem
581 2522 699 2573 tam
736 2518 910 2573 verbo
953 2517 1144 2573 docuit
1190 2533 1363 2589 quam
1410 2519 1672 2592 exemplo

69 2613 299 2669 ostendit.
342 2615 486 2669 Cum
520 2616 651 2668 ante
696 2628 822 2668 eam
854 2611 1069 2667 vicibus
1108 2612 1363 2683 psalmus
1398 2616 1669 2682 cessaret,

71 2708 208 2763 lectio
242 2724 540 2779 nunquam
576 2706 843 2777 discessit,
872 2723 989 2762 non
1028 2706 1139 2776 die,
1185 2723 1301 2762 non
1333 2710 1518 2770 nocte,
1557 2724 1673 2764 non

70 2802 185 2856 dum
213 2802 295 2856 vel
321 2801 626 2873 paululum
654 2817 857 2872 corpus
891 2816 1058 2855 suum
1091 2800 1307 2855 refecit.
1343 2801 1485 2855 Cum
1511 2801 1674 2857 lectio

70 2896 350 2966 legebatur,
372 2896 467 2950 illa
487 2895 862 2950 sollicitudine
886 2894 983 2966 pia
1001 2894 1324 2949 animarum
1350 2899 1674 2950 nostrarum

70 3006 237 3043 curam
269 3006 491 3061 gerens,
534 2988 788 3044 dicebat:
821 2988 875 3043 Si
917 3005 1031 3043 non
1068 2987 1383 3060 intelligitis
1411 2988 1566 3060 quod
1589 2989 1673 3043 le-

70 3084 217 3153 gitur,
246 3084 380 3155 quid
422 3085 512 3139 est
547 3082 698 3154 quod
731 3098 846 3136 non
871 3082 1108 3137 sollicite
1144 3081 1433 3154 requiritis
1469 3098 1673 3154 specu-

71 3178 171 3231 lum
196 3178 514 3233 animarum
544 3181 861 3231 vestrarum
877 3178 905 3231 ?
932 3177 1092 3242 Quod
1118 3176 1220 3231 etsi
1249 3176 1437 3231 minus
1459 3193 1565 3248 pro
1590 3193 1677 3232 re-

72 3272 289 3327 verentia
312 3273 671 3343 interrogare
690 3271 1162 3342 praesumebatur,
1184 3270 1283 3325 illa
1299 3271 1395 3342 pia
1412 3270 1675 3326 sollicitu-

71 3364 178 3421 dine
203 3371 570 3439 maternoque
596 3363 822 3434 affectu,
853 3364 1004 3436 quod
1032 3364 1197 3419 lectio
1225 3365 1567 3432 continebat,
1601 3366 1675 3421 ad

70 3461 247 3516 animae
282 3461 523 3516 salutem
560 3458 875 3531 praedicare
916 3475 1032 3513 non
1072 3458 1339 3513 cessabat.
1377 3458 1531 3514 Sicut
1554 3459 1675 3531 apis

67 3554 256 3609 diversa
284 3570 495 3626 genera
522 3553 730 3608 ﬂorum
749 3568 1105 3624 congregans
1129 3553 1282 3607 unde
1310 3553 1477 3607 mella
1504 3552 1676 3607 confi-

65 3648 186 3715 ciat;
214 3647 287 3703 sic
309 3649 402 3703 illa
426 3648 503 3702 ab
528 3647 638 3717 his,
668 3662 810 3719 quos
837 3646 1129 3716 invitabat,
1167 3646 1446 3717 spiritales
1474 3646 1672 3702 stude-

66 3736 148 3791 bat
169 3754 380 3810 carpere
408 3738 694 3807 ﬂosculos,
723 3737 876 3792 unde
905 3736 1040 3790 boni
1068 3735 1256 3808 operis
1282 3735 1531 3790 fructum
1556 3738 1675 3791 tam

67 3831 155 3885 sibi
200 3849 367 3904 quam
422 3832 547 3887 suis
588 3831 919 3904 sequacibus
959 3829 1275 3885 exhiberet.
1322 3832 1467 3884 Dum
1512 3832 1676 3885 nocte

66 3926 201 3995 quasi
241 3928 327 3982 vel
368 3927 544 3981 unius
586 3926 743 3981 horae
787 3924 1035 3997 spatium
1081 3925 1370 3979 videretur
1412 3939 1676 3978 somnum

68 4035 289 4090 carpere,
316 4036 547 4094 semper
564 4020 733 4075 lectio
763 4019 1077 4092 legebatur.
1096 4019 1234 4083 Quae
1261 4018 1507 4090 legebat,
1536 4017 1597 4072 in
1617 4033 1678 4074 se

68 4114 227 4168 somni
257 4131 575 4171 marcorem
608 4113 876 4181 sentiens,
904 4112 1144 4185 putabat
1178 4129 1304 4167 eam
1322 4112 1444 4183 jam
1468 4111 1675 4184 paulu-

66 4205 167 4261 lum
192 4209 556 4280 requiescam.
576 4208 679 4264 Ubi
697 4225 731 4262 a
745 4208 981 4264 lectione
998 4210 1265 4263 cessasset
1280 4222 1440 4261 mens
1458 4206 1679 4261 intenta

67 4300 125 4353 ad
147 4300 445 4372 Christum,
468 4306 744 4373 tanquam
769 4302 815 4356 si
837 4302 1046 4357 diceret
1073 4317 1086 4355 :
1118 4303 1232 4371 Ego
1264 4301 1491 4364 dormio,
1514 4305 1565 4355 et
1588 4315 1679 4356 cor

68 4410 219 4449 meum
258 4399 457 4468 vigilat
491 4396 666 4465 (Cant.
698 4396 775 4468 v),
811 4395 1033 4450 aiebat:
1066 4396 1251 4460 Quare
1288 4396 1480 4451 taces?
1504 4395 1675 4467 Lege,

69 4502 127 4540 ne
145 4504 329 4545 cesses.
343 4494 412 4546 At
431 4488 816 4561 ubisurgendi
835 4489 1038 4543 horam
1058 4487 1313 4543 mediam'
1321 4488 1531 4543 faceret
1541 4505 1675 4558 nox,

1772 1954 1941 2023 riosa,
1991 1955 2453 2027 quandoquidem
2499 1953 2647 2009 inter
2681 1969 2740 2009 se
2782 1970 2962 2026 regna
3008 1952 3401 2024 movebantur,

1772 2049 1905 2122 quia
1929 2053 2074 2105 totos
2102 2048 2372 2120 diligebat
2395 2064 2581 2119 reges,
2610 2064 2713 2119 pro
2746 2047 3004 2103 omnium
3040 2048 3157 2102 vita
3185 2046 3403 2116 orabat,

1773 2147 1827 2198 et
1846 2161 1950 2199 nos
1976 2144 2096 2199 sine
2123 2142 2540 2199 intermissione
2569 2158 2672 2213 pro
2693 2158 2893 2197 eorum
2914 2140 3217 2198 stabilitate
3244 2156 3404 2195 orare

1772 2238 2022 2293 docebat.
2051 2237 2155 2293 Ubi
2180 2254 2275 2293 eos
2299 2237 2448 2292 inter
2482 2253 2541 2291 se
2574 2235 3012 2291 amaritudinem
3045 2250 3270 2289 movere
3300 2241 3405 2288 au-

1772 2332 1961 2402 disset,
1991 2335 2108 2387 tota
2135 2331 2432 2398 tremebat,
2460 2334 2517 2385 et
2543 2331 2737 2402 quales
2762 2330 2977 2385 litteras
2995 2329 3118 2396 uni,
3150 2329 3290 2383 tales
3319 2328 3403 2382 al-

1771 2426 1880 2482 teri
1908 2426 2204 2499 dirigebat,
2233 2430 2299 2481 ut
2328 2426 2477 2481 inter
2504 2441 2562 2481 se
2589 2441 2703 2480 non
2733 2425 2881 2479 bella
2899 2440 3005 2479 nec
3028 2439 3188 2478 arma
3205 2425 3407 2477 tracta-

1772 2524 1918 2591 rent,
1938 2521 2035 2576 sed
2054 2537 2251 2593 pacem
2279 2520 2575 2575 ﬁrmarent
2602 2524 2665 2574 ut
2687 2519 2871 2590 patria
2896 2534 2968 2574 ne
2993 2517 3225 2589 periret.
3248 2515 3408 2573 Simi-

1771 2615 1901 2671 liter
1929 2619 1985 2671 et
2006 2616 2077 2670 ad
2102 2631 2300 2670 eorum
2328 2630 2588 2687 proceres
2611 2613 2910 2685 dirigebat,
2931 2615 2997 2667 ut
3013 2610 3297 2682 praecelsis
3322 2626 3408 2667 re-

1775 2709 1938 2781 gibus
1963 2708 2195 2763 consilia
2220 2709 2510 2764 salutifera
2535 2708 2943 2774 ministrarent,
2974 2711 3039 2761 ut
3066 2706 3145 2761 eis
3169 2721 3409 2777 regnan-

1772 2803 1942 2872 tibus,
1970 2803 2167 2875 populi
2192 2806 2249 2859 et
2271 2802 2452 2875 patria
2469 2802 2748 2857 salubrior
2775 2801 3126 2857 redderetur.
3158 2800 3409 2871 Congre-

1775 2896 1985 2969 gationi
2020 2913 2137 2951 suae
2166 2896 2419 2951 assiduas
2452 2895 2671 2966 vigilias
2720 2892 3083 2965 imponebat:
3115 2897 3172 2948 et
3198 2897 3262 2947 ut
3287 2892 3407 2947 sine

1772 2989 2188 3045 intermissione
2217 3006 2320 3061 pro
2343 2989 2426 3044 eis
2455 2991 2682 3044 orarent
2705 3004 2836 3043 cum
2861 2987 3128 3059 lacrymis
3151 2984 3407 3041 docebat.

1776 3085 1846 3139 Se
1862 3100 1994 3139 vero
2006 3083 2067 3138 in
2079 3086 2359 3155 quantum
2371 3083 2627 3138 cruciatu
2641 3081 2946 3155 afﬂigebat,
2964 3080 3091 3152 quis
3101 3080 3213 3135 hoc
3225 3078 3410 3134 verbis

1776 3178 2000 3248 explere
2029 3177 2252 3232 valeat?
2278 3182 2334 3232 et
2364 3176 2748 3231 intercedente
2772 3192 2838 3230 ea
2864 3191 2975 3246 pax
2999 3190 3225 3245 regum,
3251 3171 3408 3227 miti-

1777 3271 1929 3343 gatio
1956 3270 2110 3339 belli,
2133 3271 2282 3325 salus
2296 3269 2496 3342 patriae
2516 3270 2744 3338 aderat;
2775 3273 2839 3324 ut
2863 3270 2986 3340 ejus
3011 3268 3307 3323 obtentum
3327 3266 3410 3321 in-

1772 3365 2112 3435 telligentes,
2131 3364 2495 3420 benedictum
2513 3379 2723 3419 nomen
2750 3363 2974 3418 Domini
2999 3361 3411 3416 collaudarent.

1774 3458 2093 3523 Quamlibet
2120 3459 2189 3513 de
2226 3474 2364 3529 pace
2404 3474 2607 3530 regum
2637 3474 2769 3512 cum
2805 3473 2940 3528 rege
2971 3456 3097 3511 coeli
3121 3454 3413 3510 victoriam

1774 3552 2073 3619 obtineret,
2104 3552 2286 3623 magis
2324 3568 2382 3607 se
2418 3553 2533 3607 Deo
2560 3552 2819 3607 devotam
2858 3553 3123 3622 prompte
3159 3548 3411 3621 optabat,

1776 3650 1832 3702 et
1864 3646 2122 3701 omnium
2158 3645 2384 3701 servitio
2430 3645 2805 3717 mancipabat,
2851 3660 2966 3699 non
3002 3659 3206 3698 curans
3247 3642 3414 3713 quale

1774 3740 2112 3813 obsequium
2141 3739 2367 3809 faceret,
2390 3755 2525 3811 quae
2545 3739 2677 3794 totis
2706 3736 3011 3809 [omnibus]
3038 3735 3278 3808 implere
3299 3739 3414 3790 stu-

1775 3834 1945 3889 debat
1990 3832 2315 3889 servitium:
2356 3832 2528 3904 pedes
2564 3831 2822 3887 omnium
2866 3829 3127 3886 manibus
3170 3828 3414 3900 propriis

1774 3927 1984 3997 lavans,
2014 3928 2222 3982 sabano
2241 3931 2471 3998 tergens
2495 3931 2552 3982 et
2574 3926 2852 3993 osculans,
2885 3928 2960 3994 et,
2989 3924 3037 3978 si
3063 3922 3413 3996 permissum

1775 4022 1991 4091 fuisset,
2013 4021 2085 4076 ad
2114 4020 2547 4076 similitudinem
2572 4019 2759 4076 Marias
2784 4019 2924 4074 fusis
2950 4016 3198 4073 crinibus
3224 4021 3412 4072 exter-

1779 4131 1911 4187 gere
1936 4131 2055 4171 non
2080 4114 2453 4170 retinebatur.
2472 4114 2629 4170 Unde
2656 4130 2763 4186 pro
2789 4118 2905 4168 tam
2931 4111 3226 4168 inimensis
3244 4112 3415 4167 bene-

1777 4209 1937 4277 ficiis,
1965 4226 2093 4282 quae
2121 4213 2255 4265 sunt
2277 4208 2338 4264 in
2367 4225 2433 4264 ea
2471 4209 2660 4264 divino
2695 4224 2934 4263 munere
2964 4208 3185 4276 collata,
3222 4205 3415 4260 Domi-
3505 4262 3511 4267 ,

1777 4320 1884 4360 nus
1901 4304 2179 4359 virtutum
2198 4303 2441 4376 largitor
2459 4320 2585 4359 eam
2599 4303 2658 4358 in
2678 4302 2968 4359 miraculis
2982 4300 3280 4356 clariorem
3295 4300 3417 4355 red-

1778 4398 1920 4455 didit
1960 4398 2022 4452 in
2061 4398 2329 4453 Francia:
2364 4397 2462 4453 ubi
2501 4398 2640 4452 dum
2676 4412 2919 4468 regnare
2955 4394 3262 4463 videretur,
3310 4392 3416 4447 sibi

1778 4492 1960 4564 magis
1998 4491 2219 4547 caeleste
2245 4507 2419 4563 quam
2461 4496 2757 4546 terrenum
2778 4487 3114 4561 praeparavit
3142 4502 3413 4558 regnum.

68 4582 1339 4654 quanquamanteatotumimplevissetcursum
1353 4583 1756 4664 qumadhucD
1779 4586 2005 4641 Fecerat
2047 4584 2153 4640 sibi
2191 4584 2523 4652 oratorium,
2570 4589 2849 4656 quatenus
2901 4580 3116 4636 vicibus
3163 4580 3303 4636 dum
3357 4593 3417 4636 se

70 4689 156 4728 nec
179 4693 429 4749 50porem
468 4681 739 4745 senserat,
771 4678 892 4749 jam
932 4680 1129 4749 parata
1164 4676 1234 4731 de
1268 4678 1441 4731 strato
1465 4676 1535 4731 ad
1563 4678 1677 4731 Do-

72 4767 190 4823 mini
216 4772 506 4827 servitium
523 4772 774 4843 gaudens
808 4771 1077 4843 surgebat
1110 4773 1175 4824 ut
1199 4786 1330 4824 cum
1355 4769 1562 4825 ﬁducia
1589 4770 1676 4825 di-

71 4868 234 4919 ceret:
263 4867 443 4923 Media
465 4870 618 4921 nocte
642 4866 926 4935 surgebam
951 4866 1027 4919 ad
1053 4864 1410 4933 conﬁtendum
1430 4866 1549 4928 tibi,
1582 4868 1683 4920 Do-

72 4958 191 5011 mine
214 4958 376 5029 (Ῥεαι.
414 4960 619 5030 cxvm).
652 4960 793 5014 Nam
827 4960 1155 5030 frequenter
1191 4962 1248 5014 et
1280 4958 1528 5014 dormire
1559 4959 1681 5013 visa

72 5053 142 5103 est
157 5055 209 5106 et
226 5054 504 5124 psalmum
525 5054 825 5109 decantare
854 5051 913 5108 in
935 5052 1058 5124 ipso
1090 5069 1314 5124 sopore,
1336 5053 1416 5107 ita
1436 5054 1502 5107 ut
1529 5055 1681 5109 recte

73 5145 119 5195 et
138 5147 395 5203 veraciter
422 5148 670 5204 diceret:
711 5147 994 5204 Meditatio
1027 5148 1203 5203 cordis
1235 5149 1340 5202 mei
1364 5150 1425 5202 in
1459 5162 1680 5218 conspe-

74 5241 147 5291 ctu
185 5243 267 5296 tuo
307 5257 513 5314 semper
558 5241 727 5315 (Psal.
775 5241 951 5313 xvm).
985 5240 1285 5297 Charitatis
1329 5246 1521 5297 autem
1559 5242 1683 5312 ejus

74 5331 309 5390 ardorem
346 5352 460 5408 quo
485 5346 689 5391 Omnes
717 5336 981 5391 homines
1009 5336 1227 5406 dilexit,
1260 5335 1387 5407 quis
1426 5351 1682 5407 unquam

76 5426 257 5491 poterit
280 5429 487 5485 imitari
504 5432 533 5485 ‘I
557 5430 1055 5502 Resplenduerunt
1072 5429 1132 5484 in
1158 5446 1221 5484 ea
1248 5446 1488 5502 quaeque
1508 5430 1683 5484 virtu-

76 5517 164 5585 tes,
192 5522 459 5579 modestia
479 5540 612 5579 cum
635 5523 994 5593 verecundia,
1018 5522 1291 5595 sapientia
1318 5539 1449 5577 cum
1474 5522 1686 5593 simpli-

77 5608 243 5682 citate,
282 5617 546 5672 severitas
583 5634 716 5672 cum
752 5617 1208 5687 mansuetudine,
1258 5615 1514 5671 doctrina
1551 5631 1682 5671 cum

81 5699 392 5780 humilitate,
426 5710 539 5767 vita
577 5711 823 5784 denique
864 5711 1248 5780 immaculata,
1286 5709 1399 5765 vita
1433 5708 1681 5780 irrepre-

82 5793 361 5871 hensibilis,
384 5804 498 5861 vita
524 5806 751 5862 sibimet
780 5821 1007 5876 semper
1032 5804 1281 5876 aequalis.

152 5894 227 5947 l0.
256 5896 312 5951 In
340 5901 556 5958 tantum
586 5917 646 5957 se
670 5903 1002 5956 extraneam
1035 5900 1103 5955 de
1136 5898 1304 5954 rebus
1332 5893 1575 5971 propriis
1598 5896 1682 5952 fe-

1777 4679 1902 4751 regi
1927 4678 2284 4748 subduceret,
2318 4694 2548 4749 semper
2586 4677 2666 4733 ibi
2703 4676 3007 4733 Dominum
3042 4674 3166 4730 coeli
3190 4674 3415 4729 invoca-

1779 4777 1883 4839 ret,
1916 4772 1976 4827 in
2000 4789 2114 4844 quo
2128 4772 2405 4828 beneﬁcia
2424 4771 2525 4827 Dei
2552 4775 2894 4843 praestantur
2912 4769 2985 4825 ad
3001 4768 3421 4825 invocationem

1780 4867 1902 4939 ejus
1924 4865 2195 4935 nominis,
2225 4866 2387 4936 cujus
2415 4866 2641 4922 assidua
2668 4865 2747 4921 ibi
2774 4864 2883 4920 fuit
2905 4864 3104 4919 oratio.

1856 4963 1940 5017 t2.
1982 4962 2286 5033 Postquam
2326 4977 2386 5016 se
2417 4962 2477 5016 in
2517 4959 2856 5016 monasterio
2896 4958 3129 5015 reclusit
3162 4961 3424 5014 matrona

1781 5056 2107 5125 Mammezo,
2142 5055 2396 5126 nomine,
2434 5056 2574 5111 dum
2613 5055 2722 5111 iter
2762 5059 2980 5127 ageret,
3022 5052 3082 5109 in
3115 5053 3279 5109 oculo
3321 5067 3423 5107 suo

1783 5149 1968 5221 gravis
1992 5153 2077 5205 est
2104 5149 2382 5204 sordicula
2410 5149 2688 5222 ingressa.
2718 5149 2824 5206 Ubi
2846 5167 2962 5206 una
2985 5165 3117 5218 vox,
3145 5162 3294 5203 unus
3319 5145 3422 5200 do-

1780 5243 1889 5313 lor,
1918 5259 2065 5298 unus
2102 5243 2333 5313 clamor,
2374 5244 2473 5299 diu
2507 5249 2792 5317 noctuque
2833 5244 3016 5301 inerat
3053 5241 3124 5310 ei,
3158 5245 3225 5296 ut
3258 5254 3423 5294 suam

1781 5336 2007 5392 ﬁdelem
2034 5337 2307 5393 Dominus
2342 5338 2671 5395 declareret.
2709 5339 3045 5409 Quanquam
3080 5333 3161 5388 ibi
3187 5346 3423 5402 corpore

1774 5432 1899 5503 jam
1929 5447 2044 5486 non
2071 5435 2234 5500 esset,
2264 5432 2335 5486 ad
2366 5431 2784 5488 invocationem
2809 5444 3034 5501 quoque
3058 5424 3307 5483 nominis
3331 5423 3420 5479 sui

1782 5524 2031 5595 benigne
2066 5524 2265 5581 adfuit.
2312 5526 2584 5581 Dominus
2632 5523 2820 5597 posuit
2855 5522 2907 5577 ei
2938 5522 2997 5576 in
3034 5536 3223 5588 sensu,
3264 5520 3330 5572 ut
3351 5517 3424 5572 ad

1785 5634 1952 5673 suum
1980 5619 2289 5675 oratorium
2314 5623 2597 5691 pergeret,
2617 5620 2672 5672 et
2696 5617 2768 5671 ad
2789 5615 2913 5686 ejus
2931 5612 3345 5669 invocationem
3362 5627 3424 5666 se

1785 5712 1985 5766 salvari
2002 5712 2276 5769 crederet.
2298 5714 2370 5767 At
2392 5712 2487 5768 ubi
2511 5709 2723 5767 femina
2742 5708 2933 5765 dolore
2964 5706 3131 5780 plena
3155 5702 3421 5760 manibus

1786 5806 2139 5865 servulorum
2168 5822 2400 5861 suorum
2439 5806 2770 5871 sustentata,
2816 5802 2909 5859 vix
2949 5802 3019 5858 ad
3055 5798 3196 5854 illud
3230 5800 3418 5852 orato-

1787 5897 1938 5954 rium
1976 5899 2103 5955 duci
2138 5903 2378 5972 poterat,
2412 5897 2823 5955 validissimum
2855 5897 3136 5953 sustinens
3166 5891 3421 5947 dolorem
