4006 6238
581 367 676 428 671

1548 367 1800 425 SANCTA
1841 365 2282 431 RADEGUNDIS,
2327 363 2570 419 REGINA
2611 362 2938 420 FRANCUE.

3873 356 3968 413 672

581 479 713 535 sein
741 477 1127 552 pavimentum
1155 477 1390 552 projecit
1407 485 1464 536 et
1482 480 1722 534 clamare
1748 479 1948 550 coepit:
1974 478 2211 534 Domina
2233 487 2291 560 Α
2311 479 2368 530 et
2395 491 2534 546 quas
2561 473 2854 546 paradisus
2882 471 3076 540 habet,
3110 469 3228 543 ipsa
3243 469 3438 528 devota
3465 473 3585 526 tam
3618 466 3968 524 muneribus

582 579 964 650 Radegundis,
997 582 1163 636 credo
1191 586 1246 636 te
1272 581 1478 635 virtute
1505 580 1602 635 Dei
1629 597 1749 635 esse
1778 581 2023 652 plenam,
2051 579 2212 650 cujus

580 673 933 730 voluntatem
975 675 1156 745 magis
1186 675 1361 730 fecisti
1399 691 1571 746 quam
1614 674 1950 730 hominum:
1983 674 2212 728 domina

582 767 746 836 bona,
762 769 966 840 pietate
977 769 1164 838 plena,
1179 769 1445 824 miserere
1466 769 1597 835 mei,
1612 769 1845 824 subveni
1866 768 2093 837 infelici,
2113 785 2213 822 ora

581 877 687 932 pro
706 878 796 916 me
816 867 880 916 ut
898 862 1039 916 mihi
1058 863 1328 917 reddatur
1351 864 1566 932 oculus,
1599 864 1734 936 quia
1761 881 1880 935 pra:
1914 863 2071 934 gravi
2090 880 2214 918 cru-

583 954 730 1008 ciatu
758 959 813 1009 et
847 955 1037 1010 dolore
1071 956 1349 1028 affligitur
1386 958 1578 1012 anima
1612 974 1763 1012 mea.
1809 960 1896 1014 Sic
1937 959 2052 1025 illa,
2081 976 2212 1030 quae

583 1048 804 1102 dolores
828 1049 1086 1104 omnium
1114 1051 1175 1104 in
1195 1067 1253 1106 se
1279 1052 1394 1106 sola
1429 1051 1642 1124 [solam]
1675 1053 1960 1108 transtulit
1984 1054 2123 1108 dum
2153 1053 2212 1107 in

582 1157 816 1212 corpore
846 1143 971 1212 fuit,
1000 1161 1180 1216 usque
1209 1146 1347 1200 dum
1373 1146 1452 1202 eis
1482 1147 1698 1202 mederi
1727 1147 2019 1218 potuisset,
2048 1147 2210 1202 beni-

585 1251 694 1306 gne
723 1238 1007 1293 exaudivit
1024 1240 1095 1294 ad
1125 1240 1537 1296 invocationem
1562 1241 1808 1296 nominis
1835 1241 1942 1296 sui.
1977 1241 2212 1297 Domino

581 1329 886 1386 miserante
906 1349 1009 1404 per
1028 1335 1075 1404 ej
1085 1350 1150 1388 us
1167 1334 1551 1390 interventum
1572 1336 1732 1390 dolor
1749 1336 1808 1390 fu
1817 1335 1918 1408 git,
1942 1337 2092 1392 salus
2120 1338 2212 1392 ad-

581 1424 754 1494 venit,
785 1427 1012 1480 oculum
1036 1444 1208 1498 quem
1226 1429 1346 1499 jam
1388 1445 1444 1483 se
1470 1429 1776 1501 perdidisse
1807 1430 2090 1501 credebat,
2119 1447 2211 1485 so-

583 1517 704 1572 lum
731 1519 983 1575 dolorem
1009 1523 1277 1590 sentiens,
1304 1539 1508 1578 sanum
1537 1523 1738 1594 recipit
1767 1541 1780 1578 :
1813 1541 1942 1596 quae
1972 1528 2061 1579 tot
2089 1525 2211 1580 die-

583 1612 688 1666 bus
728 1629 832 1668 nec
867 1615 1056 1669 cibum
1091 1621 1426 1688 sumpserat,
1461 1633 1564 1672 nec
1594 1618 1787 1673 lumen
1828 1618 1940 1673 diei
1976 1618 2210 1687 viderat,

582 1707 820 1776 pedibus
849 1709 963 1762 suis
989 1711 1144 1764 nullo
1171 1715 1514 1766 sustentante
1545 1711 1842 1767 incolumis
1875 1713 1946 1766 ad
1979 1713 2212 1767 domum

585 1817 743 1855 suam
773 1819 994 1858 reversa
1011 1808 1113 1871 est,
1143 1806 1380 1860 Domino
1406 1822 1586 1877 usque
1616 1806 1675 1860 in
1699 1811 2039 1878 praesentem
2061 1808 2214 1863 diem

587 1895 826 1964 gratiam
851 1914 1042 1969 agens.

658 1992 742 2044 13.
771 1991 1080 2060 Adjiciatur
1105 1998 1160 2047 et
1184 1993 1337 2047 aliud
1372 1993 1443 2047 ad
1473 1993 1700 2048 laudem
1725 1995 1936 2051 Christi
1965 1995 2211 2051 miracu-

583 2083 704 2136 lum
753 2085 850 2154 qui
894 2102 1024 2139 suos
1061 2087 1343 2158 trepidare
1382 2088 1506 2142 aliis
1552 2087 1700 2144 facit.
1741 2090 2059 2161 Vinoberga
2101 2108 2216 2146 una

585 2177 708 2247 ejus
745 2178 852 2233 fuit
886 2179 1120 2250 famula,
1157 2199 1286 2254 quae
1311 2200 1456 2239 ausu
1494 2185 1797 2240 temerario
1840 2185 1900 2239 in
1949 2186 2217 2241 cathedra

584 2270 762 2325 beatae
799 2274 1017 2344 reginae
1056 2279 1184 2346 post
1218 2277 1340 2347 ejus
1367 2278 1674 2333 discessum
1707 2279 1900 2334 sedere
1937 2296 2214 2350 praesum-

584 2365 712 2434 psit.
742 2367 862 2430 Quo
889 2369 1052 2435 facto,
1077 2370 1292 2440 judicio
1333 2372 1431 2426 Dei
1468 2389 1736 2444 percussa
1767 2374 1846 2427 sic
1874 2373 2125 2442 arbebat,
2154 2378 2218 2428 ut

583 2459 841 2515 viderent
867 2453 1063 2518 omnes
1095 2464 1319 2518 fumum
1347 2466 1414 2520 de
1441 2481 1508 2520 ea
1531 2467 1789 2522 in'altum
1814 2467 2138 2538 procedere,
2163 2473 2219 2524 et

585 2553 679 2607 illa
723 2572 912 2609 coram
956 2558 1112 2610 omni
1147 2561 1356 2628 populo
1399 2561 1792 2631 proclamaret,
1842 2562 2116 2617 conﬁtens
2159 2579 2216 2618 se

585 2663 879 2716 peccasse;
909 2653 964 2703 et
989 2655 1290 2721 propterea
1331 2653 1574 2720 arderet,
1608 2654 1740 2725 quia
1776 2655 1836 2709 in
1875 2655 2054 2710 beatae
2086 2657 2216 2711 sede

586 2742 935 2797 consederat.
973 2743 1172 2798 Tribus
1202 2746 1402 2800 diebus
1437 2752 1494 2800 et
1520 2748 1704 2802 tribus
1731 2749 1989 2804 noctibus
2020 2749 2214 2804 incen-

584 2834 743 2888 dium
767 2853 929 2906 passa
958 2838 1265 2893 vociferans
1292 2841 1604 2896 clamabat:
1649 2842 1887 2896 Domina
1913 2843 2213 2913 Radegun-

584 2928 691 2997 dis,
739 2931 986 3000 peccavi,
1033 2933 1179 2987 male
1219 2934 1329 3004 egi,
1364 2935 1617 3006 indulge,
1651 2935 1925 3007 refrigera
1961 2937 2220 2992 membra

584 3022 726 3076 duro
753 3025 1004 3080 cruciatu
1031 3031 1264 3094 exusta;
1299 3029 1678 3084 misericordia
1700 3030 1877 3101 larga,
1901 3031 2063 3085 bonis
2090 3047 2218 3102 ope-

583 3115 740 3171 ribus
761 3118 1021 3188 gloriosa,
1045 3137 1173 3191 qua:
1191 3122 1453 3176 omnibus
1471 3123 1771 3190 misereris,
1795 3125 2063 3180 miserere
2082 3125 2215 3180 mei.

586 3213 646 3265 In
675 3217 832 3266 tanta
856 3230 1022 3283 poena
1060 3214 1241 3284 ipsam
1273 3216 1459 3270 omnis
1496 3218 1742 3288 populus
1777 3219 1990 3285 videns,
2020 3236 2122 3290 pro
2154 3235 2218 3274 ea
2239 3235 2293 3310 Ο

584 3306 919 3374 precabatur
947 3311 1238 3377 tamquam
1265 3308 1312 3362 si
1347 3326 1595 3380 praesens
1623 3316 1782 3380 esset,
1816 3312 2009 3366 dicens
2033 3331 2047 3367 :
2077 3313 2219 3377 Quia

585 3396 910 3469 ubicunque
943 3416 1012 3454 ex
1044 3401 1156 3454 fide
1199 3402 1515 3472 invocatur,
1553 3405 1746 3460 adest:
1788 3406 2017 3460 domina
2045 3407 2214 3477 bona,

584 3507 750 3562 parce
777 3493 828 3546 ei
854 3509 926 3547 ne
946 3497 1104 3548 tanto
1125 3496 1371 3551 cruciatu
1403 3497 1601 3552 infelix
1629 3499 1870 3555 deficiat.
1897 3501 1984 3555 Sic
2009 3500 2214 3555 beatis-

587 3589 727 3643 sima
744 3590 812 3644 ad
827 3607 1017 3661 preces
1033 3593 1290 3647 omnium
1303 3594 1552 3666 benigne
1567 3596 1828 3668 indulget
1847 3595 2214 3669 [indulgens],

584 3682 778 3753 ignem
797 3684 1108 3741 ferventem
1129 3689 1688 3761 compescuit,sospes
1707 3691 1776 3744 ad
1799 3691 2035 3745 domum
2056 3707 2217 3746 suam

584 3777 787 3832 rediit:
816 3783 872 3832 et
901 3779 978 3833 sic
1007 3779 1168 3835 istius
1206 3797 1373 3851 poena
1400 3795 1604 3837 omnes
1637 3783 1767 3838 fecit
1794 3787 1985 3839 cautos
2022 3801 2085 3839 ac
2115 3784 2214 3840 de-

582 3876 758 3927 votos.

658 3966 744 4020 14.
762 3965 986 4022 Ξυωᾶειε
1009 3967 1170 4038 [Sm’s,
1186 3968 1284 4023 lib.
1313 3987 1349 4038 1,
1370 3986 1531 4026 num.
1554 3970 1635 4043 15]
1669 3971 1727 4025 in
1747 3971 1878 4026 villa
1897 3973 2033 4026 dum
2051 3976 2214 4041 esset,

584 4061 785 4114 devoto
816 4077 878 4114 ac
915 4059 1064 4115 fideli
1099 4061 1288 4116 animo
1313 4081 1474 4118 mens
1507 4064 1734 4137 [mente]
1761 4065 1978 4120 intenta
1999 4066 2217 4121 Christo

583 4153 849 4224 reliquias
869 4157 1193 4210 sanctorum
1214 4159 1474 4212 omnium
1500 4158 1667 4229 plena
1689 4159 1983 4214 devotione
2004 4159 2218 4214 habere

583 4247 835 4318 cupiens,
889 4251 1146 4304 exoranti
1197 4251 1424 4306 advenit
1471 4251 1558 4305 vir
1601 4253 1938 4307 venerabilis
1985 4255 2218 4324 Magnus

582 4341 878 4412 presbyter
919 4359 1051 4397 cum
1094 4344 1345 4415 reliquiis
1374 4345 1570 4400 domni
1609 4346 1844 4400 Andreae
1888 4350 1945 4401 et
1970 4346 2216 4401 aliorum

582 4451 758 4506 quam
783 4437 1188 4507 plurimorum.
1212 4438 1426 4502 Quibus
1452 4455 1622 4510 super
1641 4439 1813 4494 altare
1841 4439 2057 4511 positis,
2085 4458 2216 4496 cum

579 4534 742 4584 nocte
770 4530 969 4585 devota
992 4531 1187 4603 vigilat
1212 4547 1380 4602 super
1398 4531 1725 4599 formulam,
1758 4537 1814 4588 et
1833 4550 1890 4588 se
1911 4534 1980 4588 ad
2003 4535 2214 4589 oratio-

580 4639 714 4677 nem
742 4625 1066 4694 prosternit,
1096 4642 1303 4696 parvus
1329 4642 1500 4697 sopor
1524 4625 1574 4681 ei
1604 4627 1861 4696 accessit,
1893 4627 2138 4698 qualiter
2163 4629 2216 4684 ei

583 4717 858 4770 Dominus
888 4719 1197 4774 declararet
1223 4724 1416 4774 votum
1458 4737 1623 4776 suum
1666 4721 1964 4792 impletum
1985 4764 1998 4788 ,
2026 4721 2217 4777 dicens

578 4809 649 4863 ad
685 4826 846 4865 eam:
888 4812 1192 4884 Cognosce,
1234 4814 1545 4884 benedicta,
1585 4814 1716 4886 quia
1749 4830 1864 4869 non
1902 4815 1992 4870 has
2031 4816 2216 4870 solum

578 4902 853 4974 reliquias,
903 4923 1042 4978 quas
1087 4908 1380 4978 presbyter
1425 4910 1656 4978 Magnus
1702 4908 1910 4976 attulit,
1954 4908 2046 4964 hic
2084 4914 2217 4964 sunt

581 5001 821 5068 tantum,
854 5001 950 5055 sed
969 5006 1210 5072 quantas
1231 5002 1288 5055 in
1317 5001 1516 5056 Atheia
1550 5001 1774 5075 [Athiés]
1811 5002 1941 5056 villa
1971 5019 2212 5075 congre-

581 5092 746 5164 gasti,
777 5096 909 5148 tota:
933 5095 1025 5148 hic
1059 5099 1464 5150 convenerunt.
1497 5095 1597 5152 Ubi
1631 5097 1822 5152 oculos
1858 5097 2099 5168 aperuit,
2128 5097 2212 5152 vi-

579 5187 660 5242 dit
684 5188 870 5242 vimm
893 5188 1411 5258 splendidissimum
1437 5189 1533 5262 qui
1555 5191 1661 5245 hoc
1686 5191 1738 5246 ei
1759 5191 2136 5261 nuntiaverat,
2160 5194 2216 5246 et

580 5283 830 5354 gaudens
857 5281 1163 5337 Dominum
1186 5283 1494 5339 benedixit.
1518 5286 1824 5357 Postquam
1855 5285 1912 5339 in
1934 5290 2215 5341 monaste-

579 5377 729 5430 rium
771 5381 854 5431 est
893 5376 1170 5447 ingressa,
1215 5382 1487 5449 quantam
1524 5379 1947 5434 multitudinem
1988 5384 2211 5436 sancto-

581 5487 709 5524 rum
744 5470 1086 5525 ﬁdelissimis
1116 5471 1376 5543 precibus
1403 5473 1849 5544 congregaverit,
1879 5474 1985 5527 hoc
2013 5473 2216 5526 Oriens

578 5568 835 5630 testatur,
879 5566 1105 5636 Aquilo,
1151 5569 1370 5635 Auster,
1424 5567 1508 5620 vel
1566 5567 1836 5621 Occidens
1881 5567 2209 5636 profitetur:

577 5657 714 5728 quia
739 5657 988 5729 undique
1017 5659 1289 5730 pretiosas
1311 5676 1565 5731 gemmas
1596 5661 1850 5730 coeloque
1876 5659 2211 5728 reconditas,

651 5772 721 5840 (a)
761 5773 948 5826 Vitam
987 5775 1160 5829 sancti
1198 5775 1512 5840 Mamantis,
1568 5792 1667 5830 seu
1715 5774 2026 5829 Mammetis
2063 5791 2212 5829 mar-

580 5842 748 5917 tyris,
796 5843 893 5913 qui
938 5846 1088 5917 apud
1141 5846 1455 5917 Cesaraeam
1503 5845 1867 5917 Cappadocia:
1919 5846 2121 5917 urbem
2163 5862 2216 5899 ιν

583 5910 763 5964 Nonas
798 5910 1072 5982 septemb.
1119 5931 1313 5984 passus
1354 5910 1599 5983 dicitur;
1621 5910 1805 5972 habes
1852 5916 1910 5971 in
1946 5916 2205 5972 biblioth.

2312 585 2486 641 quam
2511 568 2773 641 precibus
2793 567 2898 622 sibi
2919 565 3183 621 obtinuit.
3213 567 3353 620 Cum
3374 566 3583 638 quibus
3611 563 3971 620 incessabili-

2312 668 2400 719 ter
2415 663 2543 734 jugi
2570 662 2931 718 meditatione
2952 661 3200 733 psalmos
3227 665 3284 716 et
3302 661 3548 732 hymnos
3569 677 3630 716 se
3653 661 3968 716 decantare

2312 755 2590 812 credebat.

2387 854 2469 906 15.
2489 849 2750 905 Pervenit
2769 849 2995 904 tandem
3015 849 3084 903 ad
3097 864 3221 903 eam
3235 849 3304 904 de
3324 848 3537 903 domno
3557 849 3884 903 Mammete
3903 848 3964 918 (αξ

2312 947 2582 1016 martyre,
2622 943 2776 1015 quod
2820 942 3222 1014 Hierosolymis
3261 948 3450 997 sancta
3488 959 3589 997 sua
3631 941 3971 1014 requiesce-

2313 1043 2440 1094 rent
2467 1037 2741 1092 membra.
2779 1037 2907 1091 Hec
2933 1036 3168 1091 audiens
3205 1035 3366 1090 avida
3393 1040 3450 1092 et
3474 1036 3776 1092 sitibunda
3808 1039 3970 1107 pota-

2311 1132 2408 1187 bat
2431 1133 2584 1187 velut
2606 1132 2854 1203 hydrops
2897 1131 2998 1202 qui
3041 1135 3321 1202 quantum
3347 1130 3564 1185 fontem
3591 1131 3810 1200 trahit,
3847 1135 3971 1184 tan-

2312 1229 2436 1281 tum
2473 1225 2592 1281 sitis
2625 1225 2815 1280 addita
2849 1223 3084 1292 crescit;
3115 1223 3220 1278 ista
3247 1224 3316 1279 de
3355 1241 3481 1280 rore
3522 1224 3623 1280 Dei
3661 1225 3810 1296 plus
3850 1240 3969 1278 ma-

2313 1319 2528 1374 defacta
2557 1319 2726 1374 calet.
2754 1317 3084 1373 Transmisit
3113 1317 3299 1373 virum
3326 1319 3710 1374 venerabilem
3745 1319 3972 1372 Beova-

2313 1413 2426 1468 lem
2448 1413 2842 1484 presbyterum
2861 1454 2874 1478 ,
2909 1412 3008 1484 qui
3038 1417 3172 1467 tunc
3208 1411 3493 1466 saecularis
3524 1417 3646 1467 erat
3686 1417 3750 1467 et
3781 1412 3972 1467 adhuc

2313 1510 2595 1578 superstes
2619 1510 2704 1561 est
2726 1522 2980 1577 corpore,
3018 1506 3087 1560 ad
3123 1506 3508 1577 patriarcham
3547 1506 3969 1577 Hierosolymi-

2313 1604 2510 1655 tanum
2541 1616 2772 1672 poscens
2799 1599 2868 1654 de
2888 1599 3039 1654 beati
3069 1599 3387 1654 Mammetis
3414 1599 3780 1672 pignoribus.
3811 1600 3965 1665 Quod

2313 1694 2399 1748 vir
2423 1693 2519 1748 Dei
2544 1693 2788 1766 benigne
2818 1693 3127 1764 suscipiens
3153 1693 3475 1764 rogationes
3492 1694 3706 1766 populo
3733 1695 3962 1760 indixit,

2315 1789 2661 1843 voluntatem
2683 1787 2780 1842 Dei
2794 1787 3087 1859 inquirens
3105 1803 3119 1841 :
3140 1787 3303 1842 tertia
3323 1787 3432 1855 die,
3461 1789 3636 1844 missa
3657 1788 3961 1854 celebrata,

2236 1863 2292 1934 B
2315 1882 2463 1938 beati
2483 1881 2744 1953 martyris
2764 1882 3086 1952 sepulcrum
3107 1897 3237 1935 cum
3259 1881 3417 1936 omni
3437 1883 3651 1953 populo
3666 1883 3834 1950 adiit,
3857 1884 3964 1937 alta

2315 1992 2468 2044 voce,
2511 1976 2681 2047 plena
2720 1976 2830 2030 fide
2868 1975 3194 2046 hujusmodi
3235 1975 3420 2030 verbis
3463 1980 3824 2047 protestatur
3879 1976 3961 2030 di-

2315 2086 2446 2125 cens
2470 2086 2483 2123 :
2511 2072 2713 2124 Precor
2741 2072 2816 2137 te,
2849 2069 3134 2123 confessor
3160 2073 3216 2124 et
3247 2073 3466 2139 martyr
3489 2069 3722 2136 Christi,
3758 2070 3806 2124 si
3836 2086 3963 2124 vera

2316 2168 2397 2218 est
2417 2163 2620 2217 ancilla
2637 2163 2734 2218 Dei
2753 2163 2913 2217 beata
2931 2163 3318 2233 Radegundis,
3341 2162 3663 2218 innotescat
3681 2164 3744 2218 in
3776 2165 3960 2235 genti-

2315 2256 2422 2311 bus
2450 2256 2701 2328 potentia
2726 2259 2824 2311 tua
2844 2298 2857 2322 ,
2890 2255 3155 2326 permitte
3181 2261 3244 2311 ut
3285 2256 3353 2312 de
3392 2256 3636 2328 pignore
3664 2261 3770 2311 tuo
3804 2274 3961 2312 mens

2317 2350 2495 2406 ﬁdelis
2524 2350 2759 2421 accipiat
2798 2351 2948 2420 quod
2987 2349 3183 2421 poscit.
3218 2349 3480 2405 Oratione
3505 2351 3802 2422 completa
3823 2395 3839 2420 ,
3867 2351 3960 2405 ubi

2317 2445 2501 2500 omnis
2525 2443 2771 2516 populus
2791 2460 2960 2498 amen
2979 2443 3289 2515 respondit,
3308 2444 3462 2498 venit
3481 2445 3552 2499 ad
3579 2451 3851 2499 sanctum
3874 2463 3955 2500 se-

2317 2539 2600 2610 pulcrum,
2631 2553 2965 2609 semperque
2995 2537 3173 2591 beatae
3203 2535 3371 2592 ﬁdem
3398 2538 3810 2608 pronuntians,
3841 2542 3959 2592 tan-

2319 2632 2486 2703 gebat
2512 2631 2857 2696 membrum,
2902 2631 3070 2701 quale
3110 2629 3465 2684 beatissimus
3509 2631 3580 2685 ad
3621 2631 3958 2702 petitionem

2318 2726 2542 2780 domnae
2583 2723 2943 2795 Radegundis
2980 2724 3115 2778 dare
3145 2723 3393 2794 juberet.
3435 2724 3640 2795 Tetigit
3679 2725 3744 2779 in
3791 2742 3960 2780 manu

2318 2820 2551 2874 dextera
2564 2818 2814 2889 singulos
2839 2817 3080 2888 digitos:
3110 2817 3208 2871 ubi
3230 2817 3303 2871 ad
3330 2817 3616 2872 minorem
3646 2819 3811 2873 venit
3831 2819 3960 2890 digi-

2317 2917 2461 2980 tum,
2495 2928 2552 2966 se
2577 2912 2734 2966 suavi
2761 2915 2914 2965 tactu
2949 2911 3018 2965 de
3047 2911 3277 2982 propria
3307 2927 3483 2966 manu
3508 2911 3659 2978 tulit,
3688 2917 3761 2967 ut
3793 2913 3961 2967 beatae

2319 3007 2535 3078 reginae
2555 3005 2832 3060 desiderio
2860 3004 3224 3071 satisfaceret,
3254 3009 3310 3059 et
3330 3005 3454 3074 ejus
3473 3005 3834 3060 voluntatem
3861 3006 3956 3060 im-

2318 3101 2702 3172 pleret.Quem
2715 3098 2958 3170 digitum
2969 3098 3054 3152 vir
3067 3098 3403 3169 apostolicus
3415 3114 3543 3153 cum
3559 3099 3740 3170 digno
3753 3100 3960 3155 honore

2318 3195 2494 3250 beataa
2510 3193 2844 3264 Radegundi
2860 3192 3065 3248 direxit
3081 3209 3094 3246 :
3113 3193 3182 3248 de
3199 3193 3578 3264 Hierosolyma
3597 3210 3782 3265 usque
3797 3195 3958 3248 Picta-

2318 3288 2400 3342 vis
2416 3288 2476 3343 in
2492 3288 2540 3359 ej
2551 3305 2614 3341 us
2629 3287 2842 3342 honore
2862 3302 3087 3358 semper
3101 3286 3223 3340 laus
3237 3286 3330 3341 Dei
3347 3287 3662 3358 personuit.
3685 3288 3838 3351 Quid
3859 3305 3954 3358 pu-

2317 3387 2401 3437 tas
2423 3399 2594 3454 quam
2621 3380 2844 3435 ardenti
2866 3379 3076 3446 animo,
3107 3397 3279 3451 quam
3309 3380 3464 3434 fideli
3485 3381 3797 3436 devotione
3823 3381 3950 3436 tanti

2318 3476 2573 3547 pignoris
2601 3474 2908 3546 praemium
2939 3478 3290 3545 exspectans,
3321 3491 3380 3528 se
3406 3474 3772 3529 abstinentiae
3802 3492 3949 3529 man-

2317 3569 2560 3641 cipavit?
2594 3572 2665 3624 At
2696 3569 2796 3623 ubi
2823 3584 2882 3622 se
2914 3568 3081 3622 beata
3116 3567 3315 3639 regina
3351 3568 3457 3622 hoc
3493 3584 3712 3623 munus
3743 3569 3948 3623 caeleste

2318 3663 2596 3735 accepisse
2621 3679 2751 3718 cum
2779 3660 2933 3716 omni
2954 3661 3241 3715 alacritate
3271 3661 3562 3732 gauderet,
3593 3665 3718 3716 tota
3741 3662 3947 3717 hebdo-

2319 3757 2484 3812 mada
2501 3773 2632 3811 cum
2654 3755 2814 3810 omni
2827 3755 3269 3826 congregatione
3289 3770 3349 3808 se
3369 3754 3427 3809 in
3444 3755 3816 3826 psallentium
3831 3756 3949 3827 vigi-

2318 3851 2407 3906 liis
2438 3855 2495 3906 et
2515 3849 2749 3922 jejuniis
2780 3848 3021 3920 aptavit,
3055 3847 3358 3903 Dominum
3388 3846 3741 3904 benedicens
3773 3865 3831 3904 se
3855 3849 3948 3904 tale

2318 3935 2528 4000 munus
2544 3943 2799 4014 accipere
2819 3942 3110 3996 meruisse.
3130 3941 3218 3996 Sic
3236 3943 3384 3996 Deus
3405 3941 3521 3996 suis
3539 3941 3809 3997 fidelibus
3836 3959 3948 4014 qua

2318 4039 2604 4110 postulant
2631 4054 2746 4092 non
2777 4036 3042 4106 abnegat.
3072 4036 3420 4106 Frequenter
3454 4039 3511 4091 et
3536 4035 3786 4091 dulciter
3804 4037 3945 4108 quasi

2319 4134 2379 4188 in
2416 4134 2621 4205 figura,
2667 4137 2733 4188 ut
2769 4149 2939 4187 nemo
2976 4131 3294 4202 intelligere
3331 4135 3536 4202 posset,
3575 4131 3832 4186 dicebat:
3860 4132 3943 4187 Cui

2317 4227 2642 4282 animarum
2669 4243 2802 4281 cura
2820 4229 2923 4294 est,
2937 4225 3162 4279 fortiter
3179 4225 3404 4279 laudem
3422 4225 3491 4278 ab
3511 4225 3849 4280 hominibus
3868 4225 3942 4278 de-

2318 4322 2414 4376 bet
2432 4322 2652 4376 timere.
2677 4320 2784 4376 Sed
2811 4319 3187 4373 nihilominus
3214 4322 3493 4389 quantum
3523 4318 3622 4372 illa
3648 4319 3760 4373 hoc
3790 4319 3939 4372 vitare

2319 4415 2555 4483 volebat,
2585 4419 2742 4468 tanto
2774 4412 2957 4484 magis
2984 4429 3049 4466 ac
3078 4411 3262 4482 magis
3292 4411 3568 4466 virtutum
3589 4412 3830 4484 largitor
3854 4411 3941 4464 sibi

2319 4510 2380 4563 in
2405 4508 2670 4562 omnibus
2697 4507 2926 4562 ﬁdelem
2953 4505 3236 4560 declarare
3268 4505 3563 4560 studebat:
3608 4506 3686 4560 ita
3732 4510 3796 4559 ut
3830 4504 3938 4558 ubi-

2235 4609 2294 4682 D
2317 4617 2541 4674 cunque
2573 4601 2836 4656 inﬁrmus
2881 4616 2915 4652 a
2954 4615 3294 4671 quacunque
3334 4599 3594 4653 detentus
3633 4597 3943 4653 inﬁrmitate

2319 4713 2446 4752 eam
2476 4695 2806 4763 invocasset,
2842 4694 3081 4748 salutem
3114 4692 3445 4764 recipiebat.

2392 4794 2476 4846 16.
2510 4789 2604 4844 Vir
2634 4789 2871 4856 illuster,
2901 4788 3010 4841 Leo
3041 4785 3292 4855 nomine,
3323 4785 3394 4840 ad
3428 4784 3736 4839 concilium
3764 4783 3942 4856 synodi

2317 4887 2574 4939 evocatus
2599 4900 2632 4936 a
2657 4881 2790 4936 viris
2824 4876 3146 4952 apostolic’is
3179 4877 3413 4934 Leontio
3445 4876 3868 4948 [Burdegalensi]
3896 4881 3938 4929 et

2316 4977 2554 5032 Eusebio
2613 4972 2998 5047 [Sanctonensi]
3059 4971 3354 5044 episcopis,
3409 4971 3547 5026 dum
3591 4971 3703 5025 iter
3748 4974 3936 5042 ageret,

2315 5071 2464 5126 oculi
2489 5071 2610 5141 ejus
2633 5068 2788 5140 gravi
2807 5071 2936 5121 sunt
2955 5065 3195 5137 caligine
3217 5064 3464 5133 obducti,
3490 5063 3793 5134 sanguinis
3811 5062 3937 5117 nube

2315 5163 2583 5236 cooperti,
2615 5167 2677 5217 ut
2703 5178 2816 5216 non
2844 5161 2956 5215 nisi
2980 5177 3013 5214 a
3041 5159 3268 5214 famulis
3297 5161 3645 5212 sustentatus
3675 5161 3933 5228 pergeret.

2315 5259 2543 5331 penitus
2563 5274 2671 5313 nec
2691 5257 2839 5310 viam
2859 5255 3094 5309 videret.
3117 5253 3220 5317 Qui
3240 5253 3531 5324 ingressus
3549 5251 3932 5306 monasterium

2315 5354 2516 5420 beatae,
2540 5352 2643 5407 ubi
2669 5350 2812 5405 tilias
2831 5366 2959 5404 suas
2985 5348 3036 5403 ei
3065 5348 3296 5402 devotus
3324 5344 3558 5401 tradidit
3575 5345 3818 5399 Domino
3841 5359 3932 5397 ser-

2315 5447 2546 5511 vituras,
2579 5443 2832 5500 introivit
2860 5443 2922 5497 in
2946 5441 3257 5496 oratorium
3278 5440 3502 5494 domnae
3524 5439 3715 5494 Mariae
3743 5436 3930 5493 nomini

2316 5541 2636 5596 dedicatum
2669 5555 2682 5593 :
2717 5543 2843 5610 post
2869 5535 3184 5590 orationem
3211 5535 3400 5589 datam
3435 5533 3753 5603 prosternit
3776 5548 3830 5586 se
3854 5529 3933 5582 ﬁde

2315 5637 2519 5708 plenus
2543 5649 2713 5705 supra
2733 5635 2941 5686 sanctae
2969 5628 3238 5697 cilicium,
3262 5627 3499 5682 viriliter
3525 5641 3653 5680 eam
3675 5625 3930 5682 invocans.

2319 5753 2552 5829 Floriac.
2586 5771 2868 5827 Johannes
2895 5787 2928 5824 a
2967 5770 3160 5834 Bosco,
3195 5766 3448 5836 ejusdem
3486 5765 3757 5836 martyris
3781 5769 3926 5820 trans-

2319 5845 2587 5900 lationem
2632 5841 2848 5897 brachii
2892 5839 3172 5912 Lingonas
3213 5836 3418 5912 faetam
3463 5836 3657 5912 refert.
3715 5838 3774 5892 ln
3816 5836 3922 5890 Mar-

2321 5915 2601 5986 tyrologio
2629 5915 2792 5970 Rom.
2827 5929 2919 5969 xvr
2947 5907 3066 5968 Kal.
3096 5909 3386 5983 Septemb.
3418 5907 3642 5964 colitur.
