  <div class='ocr_page' id='page_1' title='image "/cluster/home/n/w/nwhite01/storage/ocr_20150623/72/uva.x000827084/454.png"; bbox 0 0 4006 6238; ppageno 0'>
   <div class='ocr_carea' id='block_1_1' title="bbox 51 320 1686 384">
    <p class='ocr_par' dir='ltr' id='par_1_1' title="bbox 51 320 1686 384">
     <span class='ocr_line' id='line_1_1' title="bbox 51 320 1686 384; baseline -0.004 -2"><span class='ocrx_word' id='word_1_1' title='bbox 51 331 133 384; x_wconf 74' lang='grc'>673</span> <span class='ocrx_word' id='word_1_2' title='bbox 1275 320 1445 376; x_wconf 81' lang='lat' dir='ltr'><strong>VITA.</strong></span> <span class='ocrx_word' id='word_1_3' title='bbox 1487 321 1686 376; x_wconf 79' lang='lat' dir='ltr'><strong>LIBER</strong></span> 
     </span>
    </p>
   </div>
   <div class='ocr_carea' id='block_1_2' title="bbox 1723 319 3370 381">
    <p class='ocr_par' dir='ltr' id='par_1_2' title="bbox 1723 319 3370 381">
     <span class='ocr_line' id='line_1_2' title="bbox 1723 319 3370 381; baseline 0.003 -6"><span class='ocrx_word' id='word_1_4' title='bbox 1723 319 2091 377; x_wconf 84' lang='lat' dir='ltr'>SECUNDUS.</span> <span class='ocrx_word' id='word_1_5' title='bbox 3269 328 3370 381; x_wconf 78' lang='grc'>674</span> 
     </span>
    </p>
   </div>
   <div class='ocr_carea' id='block_1_3' title="bbox 42 435 3370 522">
    <p class='ocr_par' dir='ltr' id='par_1_3' title="bbox 42 435 3370 522">
     <span class='ocr_line' id='line_1_3' title="bbox 42 435 3370 522; baseline 0.002 -32"><span class='ocrx_word' id='word_1_6' title='bbox 42 449 86 494; x_wconf 82' lang='lat' dir='ltr'>et</span> <span class='ocrx_word' id='word_1_7' title='bbox 107 437 278 494; x_wconf 86' lang='lat' dir='ltr'>tandiu</span> <span class='ocrx_word' id='word_1_8' title='bbox 303 435 642 507; x_wconf 76' lang='lat' dir='ltr'>superjath</span> <span class='ocrx_word' id='word_1_9' title='bbox 672 436 978 508; x_wconf 84' lang='lat' dir='ltr'>quousque</span> <span class='ocrx_word' id='word_1_10' title='bbox 1019 437 1178 492; x_wconf 87' lang='lat' dir='ltr'>dolor</span> <span class='ocrx_word' id='word_1_11' title='bbox 1217 437 1489 508; x_wconf 85' lang='lat' dir='ltr'>discessit,</span> <span class='ocrx_word' id='word_1_12' title='bbox 1527 455 1619 492; x_wconf 90' lang='lat' dir='ltr'>ca-</span> <span class='ocrx_word' id='word_1_13' title='bbox 1643 449 1703 522; x_wconf 76' lang='grc' dir='ltr'><strong>Α</strong></span> <span class='ocrx_word' id='word_1_14' title='bbox 1722 443 1875 493; x_wconf 89' lang='lat' dir='ltr'>rator</span> <span class='ocrx_word' id='word_1_15' title='bbox 1902 437 2201 509; x_wconf 89' lang='lat' dir='ltr'>legatorios</span> <span class='ocrx_word' id='word_1_16' title='bbox 2224 454 2354 494; x_wconf 87' lang='lat' dir='ltr'>cum</span> <span class='ocrx_word' id='word_1_17' title='bbox 2373 438 2678 509; x_wconf 84' lang='lat' dir='ltr'>evangeliis</span> <span class='ocrx_word' id='word_1_18' title='bbox 2703 456 2842 495; x_wconf 88' lang='lat' dir='ltr'>auro</span> <span class='ocrx_word' id='word_1_19' title='bbox 2863 444 2920 496; x_wconf 88' lang='lat' dir='ltr'>et</span> <span class='ocrx_word' id='word_1_20' title='bbox 2949 441 3188 510; x_wconf 90' lang='lat' dir='ltr'>gemmis</span> <span class='ocrx_word' id='word_1_21' title='bbox 3209 457 3370 496; x_wconf 86' lang='lat' dir='ltr'>orna-</span> 
     </span>
    </p>
   </div>
   <div class='ocr_carea' id='block_1_4' title="bbox 39 529 1623 603">
    <p class='ocr_par' dir='ltr' id='par_1_4' title="bbox 39 529 1623 603">
     <span class='ocr_line' id='line_1_4' title="bbox 39 529 1623 603; baseline -0.001 -15"><span class='ocrx_word' id='word_1_22' title='bbox 39 535 129 603; x_wconf 84' lang='lat' dir='ltr'>ligo</span> <span class='ocrx_word' id='word_1_23' title='bbox 159 532 336 602; x_wconf 88' lang='lat' dir='ltr'>fugata</span> <span class='ocrx_word' id='word_1_24' title='bbox 364 533 467 597; x_wconf 90' lang='lat' dir='ltr'>est,</span> <span class='ocrx_word' id='word_1_25' title='bbox 510 529 833 601; x_wconf 90' lang='lat' dir='ltr'>coagulatus</span> <span class='ocrx_word' id='word_1_26' title='bbox 871 530 1102 602; x_wconf 79' lang='lat' dir='ltr'>sanguis</span> <span class='ocrx_word' id='word_1_27' title='bbox 1145 548 1205 587; x_wconf 89' lang='lat' dir='ltr'>se</span> <span class='ocrx_word' id='word_1_28' title='bbox 1246 532 1402 587; x_wconf 85' lang='lat' dir='ltr'>venis</span> <span class='ocrx_word' id='word_1_29' title='bbox 1447 533 1623 588; x_wconf 89' lang='lat' dir='ltr'>mini-</span> 
     </span>
    </p>
   </div>
   <div class='ocr_carea' id='block_1_5' title="bbox 40 628 1626 701">
    <p class='ocr_par' dir='ltr' id='par_1_5' title="bbox 40 628 1626 701">
     <span class='ocr_line' id='line_1_5' title="bbox 40 628 1626 701; baseline 0 -15"><span class='ocrx_word' id='word_1_30' title='bbox 40 629 299 686; x_wconf 84' lang='lat' dir='ltr'>strantibus</span> <span class='ocrx_word' id='word_1_31' title='bbox 339 628 618 699; x_wconf 85' lang='lat' dir='ltr'>perduxit,</span> <span class='ocrx_word' id='word_1_32' title='bbox 672 629 950 700; x_wconf 86' lang='lat' dir='ltr'>clarisque</span> <span class='ocrx_word' id='word_1_33' title='bbox 994 629 1171 684; x_wconf 89' lang='lat' dir='ltr'>oculis</span> <span class='ocrx_word' id='word_1_34' title='bbox 1219 630 1318 701; x_wconf 90' lang='lat' dir='ltr'>qui</span> <span class='ocrx_word' id='word_1_35' title='bbox 1365 631 1626 686; x_wconf 89' lang='lat' dir='ltr'>manibus</span> 
     </span>
    </p>
   </div>
   <div class='ocr_carea' id='block_1_6' title="bbox 40 723 1626 792">
    <p class='ocr_par' dir='ltr' id='par_1_6' title="bbox 40 723 1626 792">
     <span class='ocr_line' id='line_1_6' title="bbox 40 723 1626 792; baseline 0.001 -13"><span class='ocrx_word' id='word_1_36' title='bbox 40 726 333 779; x_wconf 84' lang='lat' dir='ltr'>sustentatus</span> <span class='ocrx_word' id='word_1_37' title='bbox 367 727 614 791; x_wconf 80' lang='lat' dir='ltr'>venerat,</span> <span class='ocrx_word' id='word_1_38' title='bbox 655 739 824 776; x_wconf 90' lang='lat' dir='ltr'>sanus</span> <span class='ocrx_word' id='word_1_39' title='bbox 875 723 1059 792; x_wconf 83' lang='lat' dir='ltr'>rediit,</span> <span class='ocrx_word' id='word_1_40' title='bbox 1110 724 1179 779; x_wconf 92' lang='lat' dir='ltr'>de</span> <span class='ocrx_word' id='word_1_41' title='bbox 1223 723 1403 779; x_wconf 89' lang='lat' dir='ltr'>cilicio</span> <span class='ocrx_word' id='word_1_42' title='bbox 1447 725 1626 780; x_wconf 66' lang='lat' dir='ltr'>beata:</span> 
     </span>
    </p>
   </div>
   <div class='ocr_carea' id='block_1_7' title="bbox 38 815 1624 888">
    <p class='ocr_par' dir='ltr' id='par_1_7' title="bbox 38 815 1624 888">
     <span class='ocr_line' id='line_1_7' title="bbox 38 815 1624 888; baseline -0.001 -14"><span class='ocrx_word' id='word_1_43' title='bbox 38 819 199 874; x_wconf 89' lang='lat' dir='ltr'>lumen</span> <span class='ocrx_word' id='word_1_44' title='bbox 236 815 457 886; x_wconf 85' lang='lat' dir='ltr'>recepit,</span> <span class='ocrx_word' id='word_1_45' title='bbox 501 816 662 870; x_wconf 81' lang='lat' dir='ltr'>laetus</span> <span class='ocrx_word' id='word_1_46' title='bbox 689 821 858 888; x_wconf 89' lang='lat' dir='ltr'>atque</span> <span class='ocrx_word' id='word_1_47' title='bbox 900 817 1216 885; x_wconf 88' lang='lat' dir='ltr'>incolumis,</span> <span class='ocrx_word' id='word_1_48' title='bbox 1250 818 1319 872; x_wconf 91' lang='lat' dir='ltr'>ad</span> <span class='ocrx_word' id='word_1_49' title='bbox 1345 819 1624 887; x_wconf 88' lang='lat' dir='ltr'>synodum</span> 
     </span>
    </p>
   </div>
   <div class='ocr_carea' id='block_1_8' title="bbox 40 910 1625 982">
    <p class='ocr_par' dir='ltr' id='par_1_8' title="bbox 40 910 1625 982">
     <span class='ocr_line' id='line_1_8' title="bbox 40 910 1625 982; baseline 0.001 -16"><span class='ocrx_word' id='word_1_50' title='bbox 40 913 116 967; x_wconf 89' lang='lat' dir='ltr'>ubi</span> <span class='ocrx_word' id='word_1_51' title='bbox 155 916 413 981; x_wconf 77' lang='lat' dir='ltr'>coeperat,</span> <span class='ocrx_word' id='word_1_52' title='bbox 453 910 780 980; x_wconf 86' lang='lat' dir='ltr'>ambulavit,</span> <span class='ocrx_word' id='word_1_53' title='bbox 813 911 963 981; x_wconf 88' lang='lat' dir='ltr'>quod</span> <span class='ocrx_word' id='word_1_54' title='bbox 1001 917 1128 982; x_wconf 91' lang='lat' dir='ltr'>post</span> <span class='ocrx_word' id='word_1_55' title='bbox 1183 912 1306 982; x_wconf 90' lang='lat' dir='ltr'>ipso</span> <span class='ocrx_word' id='word_1_56' title='bbox 1346 912 1625 967; x_wconf 86' lang='lat' dir='ltr'>referente</span> 
     </span>
    </p>
   </div>
   <div class='ocr_carea' id='block_1_9' title="bbox 38 1003 1624 1084">
    <p class='ocr_par' dir='ltr' id='par_1_9' title="bbox 38 1003 1624 1084">
     <span class='ocr_line' id='line_1_9' title="bbox 38 1003 1624 1084; baseline -0.001 -24"><span class='ocrx_word' id='word_1_57' title='bbox 38 1006 257 1060; x_wconf 88' lang='lat' dir='ltr'>universa</span> <span class='ocrx_word' id='word_1_58' title='bbox 283 1003 524 1073; x_wconf 81' lang='lat' dir='ltr'>synodus</span> <span class='ocrx_word' id='word_1_59' title='bbox 556 1003 789 1072; x_wconf 84' lang='lat' dir='ltr'>audivit,</span> <span class='ocrx_word' id='word_1_60' title='bbox 819 1021 882 1057; x_wconf 91' lang='lat' dir='ltr'>ac</span> <span class='ocrx_word' id='word_1_61' title='bbox 929 1004 1061 1059; x_wconf 90' lang='lat' dir='ltr'>inde</span> <span class='ocrx_word' id='word_1_62' title='bbox 1105 1005 1433 1084; x_wconf 78' lang='lat' dir='ltr'>regrediens</span> <span class='ocrx_word' id='word_1_63' title='bbox 1461 1005 1624 1059; x_wconf 90' lang='lat' dir='ltr'>nobis</span> 
     </span>
    </p>
   </div>
   <div class='ocr_carea' id='block_1_10' title="bbox 37 1097 1618 1168">
    <p class='ocr_par' dir='ltr' id='par_1_10' title="bbox 37 1097 1618 1168">
     <span class='ocr_line' id='line_1_10' title="bbox 37 1097 1618 1168; baseline -0.001 -15"><span class='ocrx_word' id='word_1_64' title='bbox 37 1100 131 1153; x_wconf 66' lang='lat' dir='ltr'>hac</span> <span class='ocrx_word' id='word_1_65' title='bbox 152 1115 234 1152; x_wconf 88' lang='lat' dir='ltr'>ore</span> <span class='ocrx_word' id='word_1_66' title='bbox 257 1097 484 1168; x_wconf 89' lang='lat' dir='ltr'>proprio</span> <span class='ocrx_word' id='word_1_67' title='bbox 512 1098 793 1152; x_wconf 88' lang='lat' dir='ltr'>disseruit.</span> <span class='ocrx_word' id='word_1_68' title='bbox 823 1100 946 1168; x_wconf 88' lang='lat' dir='ltr'>Ipsa</span> <span class='ocrx_word' id='word_1_69' title='bbox 983 1099 1036 1153; x_wconf 91' lang='lat' dir='ltr'>ei</span> <span class='ocrx_word' id='word_1_70' title='bbox 1063 1099 1196 1152; x_wconf 90' lang='lat' dir='ltr'>fecit</span> <span class='ocrx_word' id='word_1_71' title='bbox 1238 1099 1458 1153; x_wconf 89' lang='lat' dir='ltr'>devotio</span> <span class='ocrx_word' id='word_1_72' title='bbox 1488 1100 1618 1153; x_wconf 87' lang='lat' dir='ltr'>fun-</span> 
     </span>
    </p>
   </div>
   <div class='ocr_carea' id='block_1_11' title="bbox 36 1191 1616 1262">
    <p class='ocr_par' dir='ltr' id='par_1_11' title="bbox 36 1191 1616 1262">
     <span class='ocr_line' id='line_1_11' title="bbox 36 1191 1616 1262; baseline 0 -15"><span class='ocrx_word' id='word_1_73' title='bbox 36 1195 315 1248; x_wconf 85' lang='lat' dir='ltr'>damentum</span> <span class='ocrx_word' id='word_1_74' title='bbox 354 1191 603 1246; x_wconf 66' lang='lat' dir='ltr'>basilicae</span> <span class='ocrx_word' id='word_1_75' title='bbox 643 1191 869 1245; x_wconf 80' lang='lat' dir='ltr'>domnze</span> <span class='ocrx_word' id='word_1_76' title='bbox 898 1192 1260 1262; x_wconf 81' lang='lat' dir='ltr'>Radegundis</span> <span class='ocrx_word' id='word_1_77' title='bbox 1291 1196 1616 1262; x_wconf 87' lang='lat' dir='ltr'>percutere,</span> 
     </span>
    </p>
   </div>
   <div class='ocr_carea' id='block_1_12' title="bbox 39 1278 1624 1356">
    <p class='ocr_par' dir='ltr' id='par_1_12' title="bbox 39 1278 1624 1356">
     <span class='ocr_line' id='line_1_12' title="bbox 39 1278 1624 1356; baseline 0.001 -17"><span class='ocrx_word' id='word_1_78' title='bbox 39 1287 112 1340; x_wconf 89' lang='lat' dir='ltr'>ubi</span> <span class='ocrx_word' id='word_1_79' title='bbox 133 1290 179 1340; x_wconf 88' lang='lat' dir='ltr'>et</span> <span class='ocrx_word' id='word_1_80' title='bbox 195 1289 412 1340; x_wconf 87' lang='lat' dir='ltr'>centum</span> <span class='ocrx_word' id='word_1_81' title='bbox 430 1285 587 1340; x_wconf 90' lang='lat' dir='ltr'>dedit</span> <span class='ocrx_word' id='word_1_82' title='bbox 606 1284 812 1339; x_wconf 90' lang='lat' dir='ltr'>solidos</span> <span class='ocrx_word' id='word_1_83' title='bbox 833 1285 903 1339; x_wconf 91' lang='lat' dir='ltr'>ad</span> <span class='ocrx_word' id='word_1_84' title='bbox 923 1285 1195 1340; x_wconf 84' lang='lat' dir='ltr'>fabricam</span> <span class='ocrx_word' id='word_1_85' title='bbox 1215 1278 1396 1356; x_wconf 79' lang='lat' dir='ltr'>ips&#39;am</span> <span class='ocrx_word' id='word_1_86' title='bbox 1419 1287 1624 1341; x_wconf 88' lang='lat' dir='ltr'>facien-</span> 
     </span>
    </p>
   </div>
   <div class='ocr_carea' id='block_1_13' title="bbox 37 1378 1623 1448">
    <p class='ocr_par' dir='ltr' id='par_1_13' title="bbox 37 1378 1623 1448">
     <span class='ocr_line' id='line_1_13' title="bbox 37 1378 1623 1448; baseline 0 -16"><span class='ocrx_word' id='word_1_87' title='bbox 37 1381 155 1433; x_wconf 83' lang='lat' dir='ltr'>dam.</span> <span class='ocrx_word' id='word_1_88' title='bbox 179 1378 369 1442; x_wconf 84' lang='lat' dir='ltr'>Quanti</span> <span class='ocrx_word' id='word_1_89' title='bbox 396 1378 612 1432; x_wconf 83' lang='lat' dir='ltr'>infirmi</span> <span class='ocrx_word' id='word_1_90' title='bbox 631 1379 709 1432; x_wconf 90' lang='lat' dir='ltr'>ad</span> <span class='ocrx_word' id='word_1_91' title='bbox 753 1378 874 1448; x_wconf 88' lang='lat' dir='ltr'>ejus</span> <span class='ocrx_word' id='word_1_92' title='bbox 901 1379 1314 1434; x_wconf 85' lang='lat' dir='ltr'>invocationem</span> <span class='ocrx_word' id='word_1_93' title='bbox 1340 1384 1474 1433; x_wconf 87' lang='lat' dir='ltr'>sunt</span> <span class='ocrx_word' id='word_1_94' title='bbox 1500 1381 1623 1434; x_wconf 88' lang='lat' dir='ltr'>sani</span> 
     </span>
    </p>
   </div>
   <div class='ocr_carea' id='block_1_14' title="bbox 34 1471 1622 1544">
    <p class='ocr_par' dir='ltr' id='par_1_14' title="bbox 34 1471 1622 1544">
     <span class='ocr_line' id='line_1_14' title="bbox 34 1471 1622 1544; baseline 0.001 -18"><span class='ocrx_word' id='word_1_95' title='bbox 34 1472 199 1526; x_wconf 86' lang='lat' dir='ltr'>redditi</span> <span class='ocrx_word' id='word_1_96' title='bbox 230 1471 348 1542; x_wconf 91' lang='lat' dir='ltr'>quis</span> <span class='ocrx_word' id='word_1_97' title='bbox 389 1487 724 1526; x_wconf 87' lang='lat' dir='ltr'>enumerare</span> <span class='ocrx_word' id='word_1_98' title='bbox 762 1472 980 1526; x_wconf 84' lang='lat' dir='ltr'>valeat?</span> <span class='ocrx_word' id='word_1_99' title='bbox 1019 1472 1154 1535; x_wconf 87' lang='lat' dir='ltr'>Quis</span> <span class='ocrx_word' id='word_1_100' title='bbox 1196 1489 1320 1527; x_wconf 92' lang='lat' dir='ltr'>eam</span> <span class='ocrx_word' id='word_1_101' title='bbox 1363 1489 1622 1544; x_wconf 88' lang='lat' dir='ltr'>unquam</span> 
     </span>
    </p>
   </div>
   <div class='ocr_carea' id='block_1_15' title="bbox 35 1565 1624 1621">
    <p class='ocr_par' dir='ltr' id='par_1_15' title="bbox 35 1565 1624 1621">
     <span class='ocr_line' id='line_1_15' title="bbox 35 1565 1624 1621; baseline 0.003 -5"><span class='ocrx_word' id='word_1_102' title='bbox 35 1566 143 1620; x_wconf 83' lang='lat' dir='ltr'>vidit</span> <span class='ocrx_word' id='word_1_103' title='bbox 165 1570 214 1618; x_wconf 89' lang='lat' dir='ltr'>et</span> <span class='ocrx_word' id='word_1_104' title='bbox 233 1570 517 1619; x_wconf 89' lang='lat' dir='ltr'>terrenum</span> <span class='ocrx_word' id='word_1_105' title='bbox 538 1565 832 1620; x_wconf 89' lang='lat' dir='ltr'>hominem</span> <span class='ocrx_word' id='word_1_106' title='bbox 861 1581 980 1620; x_wconf 89' lang='lat' dir='ltr'>esse</span> <span class='ocrx_word' id='word_1_107' title='bbox 1008 1566 1288 1620; x_wconf 83' lang='lat' dir='ltr'>credidit?</span> <span class='ocrx_word' id='word_1_108' title='bbox 1315 1568 1419 1621; x_wconf 90' lang='lat' dir='ltr'>Per</span> <span class='ocrx_word' id='word_1_109' title='bbox 1445 1567 1624 1621; x_wconf 90' lang='lat' dir='ltr'>Deum</span> 
     </span>
    </p>
   </div>
   <div class='ocr_carea' id='block_1_16' title="bbox 36 1662 1622 1736">
    <p class='ocr_par' dir='ltr' id='par_1_16' title="bbox 36 1662 1622 1736">
     <span class='ocr_line' id='line_1_16' title="bbox 36 1662 1622 1736; baseline 0.001 -19"><span class='ocrx_word' id='word_1_110' title='bbox 36 1664 132 1718; x_wconf 82' lang='lat' dir='ltr'>coeli</span> <span class='ocrx_word' id='word_1_111' title='bbox 154 1662 471 1718; x_wconf 81' lang='lat' dir='ltr'>ﬁducialiter</span> <span class='ocrx_word' id='word_1_112' title='bbox 494 1668 552 1718; x_wconf 92' lang='lat' dir='ltr'>et</span> <span class='ocrx_word' id='word_1_113' title='bbox 577 1663 849 1718; x_wconf 76' lang='lat' dir='ltr'>veraciter</span> <span class='ocrx_word' id='word_1_114' title='bbox 873 1664 1016 1731; x_wconf 90' lang='lat' dir='ltr'>dico,</span> <span class='ocrx_word' id='word_1_115' title='bbox 1047 1665 1181 1735; x_wconf 85' lang='lat' dir='ltr'>quia</span> <span class='ocrx_word' id='word_1_116' title='bbox 1211 1665 1291 1718; x_wconf 88' lang='lat' dir='ltr'>sic</span> <span class='ocrx_word' id='word_1_117' title='bbox 1312 1681 1537 1736; x_wconf 87' lang='lat' dir='ltr'>semper</span> <span class='ocrx_word' id='word_1_118' title='bbox 1563 1664 1622 1718; x_wconf 89' lang='lat' dir='ltr'>in</span> 
     </span>
    </p>
   </div>
   <div class='ocr_carea' id='block_1_17' title="bbox 34 1754 1618 1826">
    <p class='ocr_par' dir='ltr' id='par_1_17' title="bbox 34 1754 1618 1826">
     <span class='ocr_line' id='line_1_17' title="bbox 34 1754 1618 1826; baseline 0.001 -18"><span class='ocrx_word' id='word_1_119' title='bbox 34 1755 170 1808; x_wconf 88' lang='lat' dir='ltr'>oculis</span> <span class='ocrx_word' id='word_1_120' title='bbox 186 1754 431 1808; x_wconf 90' lang='lat' dir='ltr'>omnium</span> <span class='ocrx_word' id='word_1_121' title='bbox 459 1754 860 1826; x_wconf 90' lang='lat' dir='ltr'>resplendebat</span> <span class='ocrx_word' id='word_1_122' title='bbox 883 1771 1016 1809; x_wconf 90' lang='lat' dir='ltr'>cum</span> <span class='ocrx_word' id='word_1_123' title='bbox 1047 1755 1236 1809; x_wconf 88' lang='lat' dir='ltr'>anima</span> <span class='ocrx_word' id='word_1_124' title='bbox 1263 1756 1449 1810; x_wconf 87' lang='lat' dir='ltr'>vultus</span> <span class='ocrx_word' id='word_1_125' title='bbox 1475 1756 1618 1826; x_wconf 90' lang='lat' dir='ltr'>ejus,</span> 
     </span>
    </p>
   </div>
   <div class='ocr_carea' id='block_1_18' title="bbox 34 1821 1697 1921">
    <p class='ocr_par' dir='ltr' id='par_1_18' title="bbox 34 1821 1697 1921">
     <span class='ocr_line' id='line_1_18' title="bbox 34 1821 1697 1921; baseline 0.001 -18"><span class='ocrx_word' id='word_1_126' title='bbox 34 1853 82 1903; x_wconf 82' lang='lat' dir='ltr'>ut</span> <span class='ocrx_word' id='word_1_127' title='bbox 101 1865 199 1902; x_wconf 92' lang='lat' dir='ltr'>non</span> <span class='ocrx_word' id='word_1_128' title='bbox 222 1848 500 1903; x_wconf 90' lang='lat' dir='ltr'>immerito</span> <span class='ocrx_word' id='word_1_129' title='bbox 528 1848 874 1904; x_wconf 82' lang='lat' dir='ltr'>extrinsecus</span> <span class='ocrx_word' id='word_1_130' title='bbox 899 1853 1216 1921; x_wconf 88' lang='lat' dir='ltr'>appareret,</span> <span class='ocrx_word' id='word_1_131' title='bbox 1248 1850 1400 1921; x_wconf 91' lang='lat' dir='ltr'>quod</span> <span class='ocrx_word' id='word_1_132' title='bbox 1420 1850 1622 1904; x_wconf 92' lang='lat' dir='ltr'>intrin-</span> <span class='ocrx_word' id='word_1_133' title='bbox 1642 1821 1697 1892; x_wconf 86' lang='lat' dir='ltr'><strong>B</strong></span> 
     </span>
    </p>
   </div>
   <div class='ocr_carea' id='block_1_19' title="bbox 35 1942 512 2012">
    <p class='ocr_par' dir='ltr' id='par_1_19' title="bbox 35 1942 512 2012">
     <span class='ocr_line' id='line_1_19' title="bbox 35 1942 512 2012; baseline 0.002 -17"><span class='ocrx_word' id='word_1_134' title='bbox 35 1958 158 1996; x_wconf 84' lang='lat' dir='ltr'>secus</span> <span class='ocrx_word' id='word_1_135' title='bbox 200 1942 512 2012; x_wconf 81' lang='lat' dir='ltr'>gerebatur.</span> 
     </span>
    </p>
   </div>
   <div class='ocr_carea' id='block_1_20' title="bbox 92 2035 1620 2108">
    <p class='ocr_par' dir='ltr' id='par_1_20' title="bbox 92 2035 1620 2108">
     <span class='ocr_line' id='line_1_20' title="bbox 92 2035 1620 2108; baseline 0.001 -19"><span class='ocrx_word' id='word_1_136' title='bbox 92 2040 158 2090; x_wconf 82' lang='lat' dir='ltr'>l7.</span> <span class='ocrx_word' id='word_1_137' title='bbox 195 2037 314 2090; x_wconf 89' lang='lat' dir='ltr'>Post</span> <span class='ocrx_word' id='word_1_138' title='bbox 353 2041 725 2107; x_wconf 88' lang='lat' dir='ltr'>congregatas</span> <span class='ocrx_word' id='word_1_139' title='bbox 752 2041 1074 2091; x_wconf 89' lang='lat' dir='ltr'>sanctorum</span> <span class='ocrx_word' id='word_1_140' title='bbox 1100 2035 1384 2108; x_wconf 85' lang='lat' dir='ltr'>reliquias,</span> <span class='ocrx_word' id='word_1_141' title='bbox 1423 2037 1468 2089; x_wconf 90' lang='lat' dir='ltr'>si</span> <span class='ocrx_word' id='word_1_142' title='bbox 1498 2035 1620 2091; x_wconf 89' lang='lat' dir='ltr'>fieri</span> 
     </span>
    </p>
   </div>
   <div class='ocr_carea' id='block_1_21' title="bbox 35 2130 1619 2200">
    <p class='ocr_par' dir='ltr' id='par_1_21' title="bbox 35 2130 1619 2200">
     <span class='ocr_line' id='line_1_21' title="bbox 35 2130 1619 2200; baseline 0.001 -18"><span class='ocrx_word' id='word_1_143' title='bbox 35 2131 280 2200; x_wconf 84' lang='lat' dir='ltr'>potuisset,</span> <span class='ocrx_word' id='word_1_144' title='bbox 320 2130 509 2200; x_wconf 90' lang='lat' dir='ltr'>ipsum</span> <span class='ocrx_word' id='word_1_145' title='bbox 544 2130 847 2184; x_wconf 89' lang='lat' dir='ltr'>Dominum</span> <span class='ocrx_word' id='word_1_146' title='bbox 885 2130 955 2185; x_wconf 92' lang='lat' dir='ltr'>de</span> <span class='ocrx_word' id='word_1_147' title='bbox 997 2131 1126 2185; x_wconf 90' lang='lat' dir='ltr'>sede</span> <span class='ocrx_word' id='word_1_148' title='bbox 1162 2130 1471 2200; x_wconf 88' lang='lat' dir='ltr'>majestatis</span> <span class='ocrx_word' id='word_1_149' title='bbox 1501 2146 1619 2184; x_wconf 84' lang='lat' dir='ltr'>suae</span> 
     </span>
    </p>
   </div>
   <div class='ocr_carea' id='block_1_22' title="bbox 35 2222 1621 2294">
    <p class='ocr_par' dir='ltr' id='par_1_22' title="bbox 35 2222 1621 2294">
     <span class='ocr_line' id='line_1_22' title="bbox 35 2222 1621 2294; baseline 0.001 -19"><span class='ocrx_word' id='word_1_150' title='bbox 35 2223 275 2276; x_wconf 81' lang='lat' dir='ltr'>visibiliter</span> <span class='ocrx_word' id='word_1_151' title='bbox 288 2222 377 2276; x_wconf 89' lang='lat' dir='ltr'>hic</span> <span class='ocrx_word' id='word_1_152' title='bbox 404 2222 662 2277; x_wconf 87' lang='lat' dir='ltr'>habitare</span> <span class='ocrx_word' id='word_1_153' title='bbox 681 2223 1024 2294; x_wconf 91' lang='lat' dir='ltr'>expetiisset.</span> <span class='ocrx_word' id='word_1_154' title='bbox 1043 2224 1108 2277; x_wconf 87' lang='lat' dir='ltr'>Et</span> <span class='ocrx_word' id='word_1_155' title='bbox 1133 2239 1461 2294; x_wconf 87' lang='lat' dir='ltr'>quanquam</span> <span class='ocrx_word' id='word_1_156' title='bbox 1487 2239 1621 2276; x_wconf 89' lang='lat' dir='ltr'>eum</span> 
     </span>
    </p>
   </div>
   <div class='ocr_carea' id='block_1_23' title="bbox 34 2315 1618 2386">
    <p class='ocr_par' dir='ltr' id='par_1_23' title="bbox 34 2315 1618 2386">
     <span class='ocr_line' id='line_1_23' title="bbox 34 2315 1618 2386; baseline -0.001 -16"><span class='ocrx_word' id='word_1_157' title='bbox 34 2316 297 2370; x_wconf 81' lang='lat' dir='ltr'>carnalibus</span> <span class='ocrx_word' id='word_1_158' title='bbox 320 2317 497 2370; x_wconf 91' lang='lat' dir='ltr'>oculis</span> <span class='ocrx_word' id='word_1_159' title='bbox 525 2333 640 2370; x_wconf 91' lang='lat' dir='ltr'>non</span> <span class='ocrx_word' id='word_1_160' title='bbox 669 2316 1007 2385; x_wconf 88' lang='lat' dir='ltr'>intueretur,</span> <span class='ocrx_word' id='word_1_161' title='bbox 1044 2316 1308 2386; x_wconf 88' lang='lat' dir='ltr'>spiritalis</span> <span class='ocrx_word' id='word_1_162' title='bbox 1345 2332 1506 2370; x_wconf 90' lang='lat' dir='ltr'>mens</span> <span class='ocrx_word' id='word_1_163' title='bbox 1533 2315 1618 2369; x_wconf 94' lang='lat' dir='ltr'>in-</span> 
     </span>
    </p>
   </div>
   <div class='ocr_carea' id='block_1_24' title="bbox 33 2409 1622 2481">
    <p class='ocr_par' dir='ltr' id='par_1_24' title="bbox 33 2409 1622 2481">
     <span class='ocr_line' id='line_1_24' title="bbox 33 2409 1622 2481; baseline 0.001 -19"><span class='ocrx_word' id='word_1_164' title='bbox 33 2413 148 2464; x_wconf 80' lang='lat' dir='ltr'>tenta</span> <span class='ocrx_word' id='word_1_165' title='bbox 173 2409 367 2464; x_wconf 88' lang='lat' dir='ltr'>sedulis</span> <span class='ocrx_word' id='word_1_166' title='bbox 393 2410 658 2480; x_wconf 88' lang='lat' dir='ltr'>precibus</span> <span class='ocrx_word' id='word_1_167' title='bbox 683 2409 1192 2480; x_wconf 88' lang='lat' dir='ltr'>contemplabatur.</span> <span class='ocrx_word' id='word_1_168' title='bbox 1222 2410 1328 2464; x_wconf 90' lang='lat' dir='ltr'>Sed</span> <span class='ocrx_word' id='word_1_169' title='bbox 1362 2409 1496 2481; x_wconf 89' lang='lat' dir='ltr'>quia</span> <span class='ocrx_word' id='word_1_170' title='bbox 1517 2411 1622 2464; x_wconf 91' lang='lat' dir='ltr'>Do-</span> 
     </span>
    </p>
   </div>
   <div class='ocr_carea' id='block_1_25' title="bbox 34 2503 1619 2574">
    <p class='ocr_par' dir='ltr' id='par_1_25' title="bbox 34 2503 1619 2574">
     <span class='ocr_line' id='line_1_25' title="bbox 34 2503 1619 2574; baseline 0.001 -18"><span class='ocrx_word' id='word_1_171' title='bbox 34 2504 182 2557; x_wconf 89' lang='lat' dir='ltr'>minus</span> <span class='ocrx_word' id='word_1_172' title='bbox 201 2520 307 2558; x_wconf 91' lang='lat' dir='ltr'>non</span> <span class='ocrx_word' id='word_1_173' title='bbox 333 2503 576 2574; x_wconf 88' lang='lat' dir='ltr'>privabit</span> <span class='ocrx_word' id='word_1_174' title='bbox 599 2503 764 2557; x_wconf 92' lang='lat' dir='ltr'>bonis</span> <span class='ocrx_word' id='word_1_175' title='bbox 802 2519 895 2558; x_wconf 90' lang='lat' dir='ltr'>eos</span> <span class='ocrx_word' id='word_1_176' title='bbox 924 2503 1022 2574; x_wconf 92' lang='lat' dir='ltr'>pui</span> <span class='ocrx_word' id='word_1_177' title='bbox 1047 2503 1340 2557; x_wconf 88' lang='lat' dir='ltr'>ambulant</span> <span class='ocrx_word' id='word_1_178' title='bbox 1367 2504 1426 2557; x_wconf 91' lang='lat' dir='ltr'>in</span> <span class='ocrx_word' id='word_1_179' title='bbox 1451 2504 1619 2558; x_wconf 87' lang='lat' dir='ltr'>inno-</span> 
     </span>
    </p>
   </div>
   <div class='ocr_carea' id='block_1_26' title="bbox 34 2597 1624 2669">
    <p class='ocr_par' dir='ltr' id='par_1_26' title="bbox 34 2597 1624 2669">
     <span class='ocr_line' id='line_1_26' title="bbox 34 2597 1624 2669; baseline 0 -19"><span class='ocrx_word' id='word_1_180' title='bbox 34 2597 195 2665; x_wconf 86' lang='lat' dir='ltr'>centia,</span> <span class='ocrx_word' id='word_1_181' title='bbox 222 2602 274 2652; x_wconf 91' lang='lat' dir='ltr'>et</span> <span class='ocrx_word' id='word_1_182' title='bbox 296 2598 393 2669; x_wconf 92' lang='lat' dir='ltr'>qui</span> <span class='ocrx_word' id='word_1_183' title='bbox 421 2613 557 2652; x_wconf 91' lang='lat' dir='ltr'>eum</span> <span class='ocrx_word' id='word_1_184' title='bbox 583 2613 653 2651; x_wconf 90' lang='lat' dir='ltr'>ex</span> <span class='ocrx_word' id='word_1_185' title='bbox 680 2603 798 2651; x_wconf 90' lang='lat' dir='ltr'>toto</span> <span class='ocrx_word' id='word_1_186' title='bbox 824 2597 990 2652; x_wconf 90' lang='lat' dir='ltr'>corde</span> <span class='ocrx_word' id='word_1_187' title='bbox 1018 2601 1074 2650; x_wconf 90' lang='lat' dir='ltr'>et</span> <span class='ocrx_word' id='word_1_188' title='bbox 1097 2612 1168 2651; x_wconf 89' lang='lat' dir='ltr'>ex</span> <span class='ocrx_word' id='word_1_189' title='bbox 1191 2601 1311 2652; x_wconf 86' lang='lat' dir='ltr'>tota</span> <span class='ocrx_word' id='word_1_190' title='bbox 1346 2597 1542 2651; x_wconf 89' lang='lat' dir='ltr'>anima</span> <span class='ocrx_word' id='word_1_191' title='bbox 1567 2601 1624 2652; x_wconf 90' lang='lat' dir='ltr'>et</span> 
     </span>
    </p>
   </div>
   <div class='ocr_carea' id='block_1_27' title="bbox 33 2689 1622 2762">
    <p class='ocr_par' dir='ltr' id='par_1_27' title="bbox 33 2689 1622 2762">
     <span class='ocr_line' id='line_1_27' title="bbox 33 2689 1622 2762; baseline 0.001 -19"><span class='ocrx_word' id='word_1_192' title='bbox 33 2695 213 2745; x_wconf 82' lang='lat' dir='ltr'>extota</span> <span class='ocrx_word' id='word_1_193' title='bbox 246 2697 433 2747; x_wconf 83' lang='lat' dir='ltr'>mente</span> <span class='ocrx_word' id='word_1_194' title='bbox 469 2691 758 2762; x_wconf 68' lang='lat' dir='ltr'>quaesierit</span> <span class='ocrx_word' id='word_1_195' title='bbox 789 2691 955 2761; x_wconf 88' lang='lat' dir='ltr'>(Psal.</span> <span class='ocrx_word' id='word_1_196' title='bbox 1009 2691 1253 2761; x_wconf 83' lang='lat' dir='ltr'>Lxxxm),</span> <span class='ocrx_word' id='word_1_197' title='bbox 1300 2689 1445 2745; x_wconf 89' lang='lat' dir='ltr'>sicut</span> <span class='ocrx_word' id='word_1_198' title='bbox 1498 2691 1622 2744; x_wconf 59' lang='lat' dir='ltr'>haec</span> 
     </span>
    </p>
   </div>
   <div class='ocr_carea' id='block_1_28' title="bbox 33 2781 1617 2856">
    <p class='ocr_par' dir='ltr' id='par_1_28' title="bbox 33 2781 1617 2856">
     <span class='ocr_line' id='line_1_28' title="bbox 33 2781 1617 2856; baseline 0.001 -20"><span class='ocrx_word' id='word_1_199' title='bbox 33 2781 155 2837; x_wconf 80' lang='lat' dir='ltr'>beata</span> <span class='ocrx_word' id='word_1_200' title='bbox 179 2785 321 2852; x_wconf 87' lang='lat' dir='ltr'>fecit,</span> <span class='ocrx_word' id='word_1_201' title='bbox 350 2785 540 2839; x_wconf 90' lang='lat' dir='ltr'>divina</span> <span class='ocrx_word' id='word_1_202' title='bbox 583 2784 885 2839; x_wconf 88' lang='lat' dir='ltr'>clementia</span> <span class='ocrx_word' id='word_1_203' title='bbox 910 2801 968 2838; x_wconf 89' lang='lat' dir='ltr'>se</span> <span class='ocrx_word' id='word_1_204' title='bbox 1003 2784 1312 2856; x_wconf 87' lang='lat' dir='ltr'>benignam</span> <span class='ocrx_word' id='word_1_205' title='bbox 1341 2783 1617 2853; x_wconf 81' lang='lat' dir='ltr'>exhibuit,</span> 
     </span>
    </p>
   </div>
   <div class='ocr_carea' id='block_1_29' title="bbox 33 2876 1622 2949">
    <p class='ocr_par' dir='ltr' id='par_1_29' title="bbox 33 2876 1622 2949">
     <span class='ocr_line' id='line_1_29' title="bbox 33 2876 1622 2949; baseline 0 -19"><span class='ocrx_word' id='word_1_206' title='bbox 33 2876 158 2947; x_wconf 83' lang='lat' dir='ltr'>eique</span> <span class='ocrx_word' id='word_1_207' title='bbox 182 2879 237 2932; x_wconf 90' lang='lat' dir='ltr'>in</span> <span class='ocrx_word' id='word_1_208' title='bbox 261 2895 426 2933; x_wconf 91' lang='lat' dir='ltr'>sensu</span> <span class='ocrx_word' id='word_1_209' title='bbox 455 2878 666 2949; x_wconf 89' lang='lat' dir='ltr'>posuit,</span> <span class='ocrx_word' id='word_1_210' title='bbox 695 2879 756 2932; x_wconf 91' lang='lat' dir='ltr'>in</span> <span class='ocrx_word' id='word_1_211' title='bbox 781 2879 941 2948; x_wconf 85' lang='lat' dir='ltr'>cujus</span> <span class='ocrx_word' id='word_1_212' title='bbox 970 2883 1196 2949; x_wconf 84' lang='lat' dir='ltr'>pectore</span> <span class='ocrx_word' id='word_1_213' title='bbox 1219 2877 1308 2932; x_wconf 91' lang='lat' dir='ltr'>die</span> <span class='ocrx_word' id='word_1_214' title='bbox 1334 2881 1622 2948; x_wconf 88' lang='lat' dir='ltr'>noctuque</span> 
     </span>
    </p>
   </div>
   <div class='ocr_carea' id='block_1_30' title="bbox 33 2971 1620 3043">
    <p class='ocr_par' dir='ltr' id='par_1_30' title="bbox 33 2971 1620 3043">
     <span class='ocr_line' id='line_1_30' title="bbox 33 2971 1620 3043; baseline 0 -20"><span class='ocrx_word' id='word_1_215' title='bbox 33 2971 388 3042; x_wconf 84' lang='lat' dir='ltr'>requiescebat,</span> <span class='ocrx_word' id='word_1_216' title='bbox 432 2976 500 3026; x_wconf 92' lang='lat' dir='ltr'>ut</span> <span class='ocrx_word' id='word_1_217' title='bbox 540 2972 686 3026; x_wconf 87' lang='lat' dir='ltr'>sicut</span> <span class='ocrx_word' id='word_1_218' title='bbox 729 2971 894 3026; x_wconf 87' lang='lat' dir='ltr'>beata</span> <span class='ocrx_word' id='word_1_219' title='bbox 928 2971 1157 3041; x_wconf 87' lang='lat' dir='ltr'>Helena,</span> <span class='ocrx_word' id='word_1_220' title='bbox 1204 2971 1484 3043; x_wconf 90' lang='lat' dir='ltr'>sapientia</span> <span class='ocrx_word' id='word_1_221' title='bbox 1513 2971 1620 3024; x_wconf 88' lang='lat' dir='ltr'>im-</span> 
     </span>
    </p>
   </div>
   <div class='ocr_carea' id='block_1_31' title="bbox 33 3061 1620 3135">
    <p class='ocr_par' dir='ltr' id='par_1_31' title="bbox 33 3061 1620 3135">
     <span class='ocr_line' id='line_1_31' title="bbox 33 3061 1620 3135; baseline 0.001 -20"><span class='ocrx_word' id='word_1_222' title='bbox 33 3061 150 3130; x_wconf 82' lang='lat' dir='ltr'>buta,</span> <span class='ocrx_word' id='word_1_223' title='bbox 189 3066 386 3120; x_wconf 90' lang='lat' dir='ltr'>timore</span> <span class='ocrx_word' id='word_1_224' title='bbox 416 3065 517 3119; x_wconf 90' lang='lat' dir='ltr'>Dei</span> <span class='ocrx_word' id='word_1_225' title='bbox 555 3065 742 3135; x_wconf 90' lang='lat' dir='ltr'>plena,</span> <span class='ocrx_word' id='word_1_226' title='bbox 780 3065 944 3118; x_wconf 90' lang='lat' dir='ltr'>bonis</span> <span class='ocrx_word' id='word_1_227' title='bbox 981 3064 1245 3135; x_wconf 92' lang='lat' dir='ltr'>operibus</span> <span class='ocrx_word' id='word_1_228' title='bbox 1272 3063 1516 3134; x_wconf 91' lang='lat' dir='ltr'>gloriosa</span> <span class='ocrx_word' id='word_1_229' title='bbox 1549 3063 1620 3118; x_wconf 93' lang='lat' dir='ltr'>li-</span> 
     </span>
    </p>
   </div>
   <div class='ocr_carea' id='block_1_32' title="bbox 33 3157 1623 3230">
    <p class='ocr_par' dir='ltr' id='par_1_32' title="bbox 33 3157 1623 3230">
     <span class='ocr_line' id='line_1_32' title="bbox 33 3157 1623 3230; baseline 0 -19"><span class='ocrx_word' id='word_1_230' title='bbox 33 3171 172 3226; x_wconf 79' lang='lat' dir='ltr'>gnum</span> <span class='ocrx_word' id='word_1_231' title='bbox 197 3159 454 3228; x_wconf 87' lang='lat' dir='ltr'>salutare,</span> <span class='ocrx_word' id='word_1_232' title='bbox 483 3158 583 3212; x_wconf 90' lang='lat' dir='ltr'>ubi</span> <span class='ocrx_word' id='word_1_233' title='bbox 606 3159 855 3230; x_wconf 84' lang='lat' dir='ltr'>pretium</span> <span class='ocrx_word' id='word_1_234' title='bbox 883 3158 1082 3212; x_wconf 90' lang='lat' dir='ltr'>mundi</span> <span class='ocrx_word' id='word_1_235' title='bbox 1102 3174 1207 3229; x_wconf 93' lang='lat' dir='ltr'>pro</span> <span class='ocrx_word' id='word_1_236' title='bbox 1234 3161 1426 3211; x_wconf 87' lang='lat' dir='ltr'>nostra</span> <span class='ocrx_word' id='word_1_237' title='bbox 1445 3157 1623 3211; x_wconf 88' lang='lat' dir='ltr'>salute</span> 
     </span>
    </p>
   </div>
   <div class='ocr_carea' id='block_1_33' title="bbox 33 3251 1623 3322">
    <p class='ocr_par' dir='ltr' id='par_1_33' title="bbox 33 3251 1623 3322">
     <span class='ocr_line' id='line_1_33' title="bbox 33 3251 1623 3322; baseline 0.001 -19"><span class='ocrx_word' id='word_1_238' title='bbox 33 3265 296 3321; x_wconf 75' lang='lat' dir='ltr'>appensum</span> <span class='ocrx_word' id='word_1_239' title='bbox 334 3253 524 3307; x_wconf 88' lang='lat' dir='ltr'>fuerat</span> <span class='ocrx_word' id='word_1_240' title='bbox 564 3258 627 3307; x_wconf 92' lang='lat' dir='ltr'>ut</span> <span class='ocrx_word' id='word_1_241' title='bbox 659 3268 762 3306; x_wconf 89' lang='lat' dir='ltr'>nos</span> <span class='ocrx_word' id='word_1_242' title='bbox 794 3252 864 3306; x_wconf 90' lang='lat' dir='ltr'>de</span> <span class='ocrx_word' id='word_1_243' title='bbox 900 3255 1175 3322; x_wconf 88' lang='lat' dir='ltr'>potestate</span> <span class='ocrx_word' id='word_1_244' title='bbox 1197 3251 1404 3305; x_wconf 89' lang='lat' dir='ltr'>diaboli</span> <span class='ocrx_word' id='word_1_245' title='bbox 1435 3251 1623 3322; x_wconf 90' lang='lat' dir='ltr'>eripe-</span> 
     </span>
    </p>
   </div>
   <div class='ocr_carea' id='block_1_34' title="bbox 33 3344 1626 3418">
    <p class='ocr_par' dir='ltr' id='par_1_34' title="bbox 33 3344 1626 3418">
     <span class='ocr_line' id='line_1_34' title="bbox 33 3344 1626 3418; baseline 0 -20"><span class='ocrx_word' id='word_1_246' title='bbox 33 3349 108 3411; x_wconf 82' lang='lat' dir='ltr'>ret,</span> <span class='ocrx_word' id='word_1_247' title='bbox 145 3346 488 3418; x_wconf 86' lang='lat' dir='ltr'>perquisivit,</span> <span class='ocrx_word' id='word_1_248' title='bbox 520 3347 599 3400; x_wconf 88' lang='lat' dir='ltr'>ita</span> <span class='ocrx_word' id='word_1_249' title='bbox 641 3350 723 3413; x_wconf 88' lang='lat' dir='ltr'>ut,</span> <span class='ocrx_word' id='word_1_250' title='bbox 767 3345 1017 3415; x_wconf 90' lang='lat' dir='ltr'>invento,</span> <span class='ocrx_word' id='word_1_251' title='bbox 1062 3345 1334 3399; x_wconf 88' lang='lat' dir='ltr'>ambabus</span> <span class='ocrx_word' id='word_1_252' title='bbox 1364 3344 1626 3398; x_wconf 89' lang='lat' dir='ltr'>manibus</span> 
     </span>
    </p>
   </div>
   <div class='ocr_carea' id='block_1_35' title="bbox 33 3439 1628 3511">
    <p class='ocr_par' dir='ltr' id='par_1_35' title="bbox 33 3439 1628 3511">
     <span class='ocr_line' id='line_1_35' title="bbox 33 3439 1628 3511; baseline 0.003 -22"><span class='ocrx_word' id='word_1_253' title='bbox 33 3439 296 3507; x_wconf 87' lang='lat' dir='ltr'>plauderet,</span> <span class='ocrx_word' id='word_1_254' title='bbox 328 3444 386 3496; x_wconf 92' lang='lat' dir='ltr'>et</span> <span class='ocrx_word' id='word_1_255' title='bbox 413 3441 478 3495; x_wconf 88' lang='lat' dir='ltr'>in</span> <span class='ocrx_word' id='word_1_256' title='bbox 509 3443 658 3495; x_wconf 89' lang='lat' dir='ltr'>terra</span> <span class='ocrx_word' id='word_1_257' title='bbox 686 3456 838 3511; x_wconf 88' lang='lat' dir='ltr'>genu</span> <span class='ocrx_word' id='word_1_258' title='bbox 855 3440 1002 3494; x_wconf 88' lang='lat' dir='ltr'>ﬂexo</span> <span class='ocrx_word' id='word_1_259' title='bbox 1029 3439 1336 3493; x_wconf 91' lang='lat' dir='ltr'>Dominum</span> <span class='ocrx_word' id='word_1_260' title='bbox 1369 3439 1628 3493; x_wconf 81' lang='lat' dir='ltr'>adoraret</span> 
     </span>
    </p>
   </div>
   <div class='ocr_carea' id='block_1_36' title="bbox 33 3531 1627 3604">
    <p class='ocr_par' dir='ltr' id='par_1_36' title="bbox 33 3531 1627 3604">
     <span class='ocr_line' id='line_1_36' title="bbox 33 3531 1627 3604; baseline 0.001 -19"><span class='ocrx_word' id='word_1_261' title='bbox 33 3531 103 3586; x_wconf 83' lang='lat' dir='ltr'>ubi</span> <span class='ocrx_word' id='word_1_262' title='bbox 137 3533 307 3604; x_wconf 89' lang='lat' dir='ltr'>ipsam</span> <span class='ocrx_word' id='word_1_263' title='bbox 339 3535 398 3588; x_wconf 92' lang='lat' dir='ltr'>in</span> <span class='ocrx_word' id='word_1_264' title='bbox 442 3538 674 3588; x_wconf 89' lang='lat' dir='ltr'>mortuo</span> <span class='ocrx_word' id='word_1_265' title='bbox 713 3534 977 3588; x_wconf 88' lang='lat' dir='ltr'>suscitato</span> <span class='ocrx_word' id='word_1_266' title='bbox 1013 3533 1358 3588; x_wconf 88' lang='lat' dir='ltr'>dominicam</span> <span class='ocrx_word' id='word_1_267' title='bbox 1400 3547 1627 3587; x_wconf 90' lang='lat' dir='ltr'>crucem</span> 
     </span>
    </p>
   </div>
   <div class='ocr_carea' id='block_1_37' title="bbox 33 3627 1630 3698">
    <p class='ocr_par' dir='ltr' id='par_1_37' title="bbox 33 3627 1630 3698">
     <span class='ocr_line' id='line_1_37' title="bbox 33 3627 1630 3698; baseline 0.001 -20"><span class='ocrx_word' id='word_1_268' title='bbox 33 3641 166 3696; x_wconf 78' lang='lat' dir='ltr'>supra</span> <span class='ocrx_word' id='word_1_269' title='bbox 192 3629 428 3698; x_wconf 85' lang='lat' dir='ltr'>positam</span> <span class='ocrx_word' id='word_1_270' title='bbox 450 3628 682 3698; x_wconf 86' lang='lat' dir='ltr'>agnovit</span> <span class='ocrx_word' id='word_1_271' title='bbox 707 3627 898 3682; x_wconf 90' lang='lat' dir='ltr'>dicens</span> <span class='ocrx_word' id='word_1_272' title='bbox 921 3645 934 3681; x_wconf 93' lang='lat'><strong>:</strong></span> <span class='ocrx_word' id='word_1_273' title='bbox 969 3631 1031 3682; x_wconf 84' lang='lat' dir='ltr'>1n</span> <span class='ocrx_word' id='word_1_274' title='bbox 1055 3630 1281 3682; x_wconf 78' lang='lat' dir='ltr'>veritate</span> <span class='ocrx_word' id='word_1_275' title='bbox 1307 3632 1365 3682; x_wconf 84' lang='lat' dir='ltr'>tu</span> <span class='ocrx_word' id='word_1_276' title='bbox 1390 3643 1444 3681; x_wconf 87' lang='lat' dir='ltr'>es</span> <span class='ocrx_word' id='word_1_277' title='bbox 1481 3628 1630 3684; x_wconf 88' lang='lat' dir='ltr'>Chri-</span> 
     </span>
    </p>
   </div>
   <div class='ocr_carea' id='block_1_38' title="bbox 33 3721 1629 3791">
    <p class='ocr_par' dir='ltr' id='par_1_38' title="bbox 33 3721 1629 3791">
     <span class='ocr_line' id='line_1_38' title="bbox 33 3721 1629 3791; baseline 0.001 -18"><span class='ocrx_word' id='word_1_278' title='bbox 33 3724 114 3774; x_wconf 64' lang='grc' dir='ltr'>ηαδ</span> <span class='ocrx_word' id='word_1_279' title='bbox 132 3721 289 3776; x_wconf 83' lang='lat' dir='ltr'>Filius</span> <span class='ocrx_word' id='word_1_280' title='bbox 320 3725 432 3790; x_wconf 90' lang='lat' dir='ltr'>Dei,</span> <span class='ocrx_word' id='word_1_281' title='bbox 477 3724 576 3791; x_wconf 82' lang='lat' dir='ltr'>qui</span> <span class='ocrx_word' id='word_1_282' title='bbox 610 3724 669 3774; x_wconf 84' lang='lat' dir='ltr'>in</span> <span class='ocrx_word' id='word_1_283' title='bbox 706 3723 845 3775; x_wconf 82' lang='lat' dir='ltr'>hunc</span> <span class='ocrx_word' id='word_1_284' title='bbox 877 3721 1137 3776; x_wconf 81' lang='lat' dir='ltr'>mundum</span> <span class='ocrx_word' id='word_1_285' title='bbox 1161 3723 1374 3783; x_wconf 80' lang='lat' dir='ltr'>venisti,</span> <span class='ocrx_word' id='word_1_286' title='bbox 1410 3726 1629 3790; x_wconf 81' lang='lat' dir='ltr'>tuosque</span> 
     </span>
    </p>
   </div>
   <div class='ocr_carea' id='block_1_39' title="bbox 34 3813 1630 3886">
    <p class='ocr_par' dir='ltr' id='par_1_39' title="bbox 34 3813 1630 3886">
     <span class='ocr_line' id='line_1_39' title="bbox 34 3813 1630 3886; baseline 0.003 -22"><span class='ocrx_word' id='word_1_287' title='bbox 34 3816 232 3882; x_wconf 78' lang='lat' dir='ltr'>:aptivos</span> <span class='ocrx_word' id='word_1_288' title='bbox 250 3832 374 3885; x_wconf 86' lang='lat' dir='ltr'>quos</span> <span class='ocrx_word' id='word_1_289' title='bbox 399 3818 602 3871; x_wconf 83' lang='lat' dir='ltr'>creasti</span> <span class='ocrx_word' id='word_1_290' title='bbox 624 3817 856 3886; x_wconf 80' lang='lat' dir='ltr'>pretioso</span> <span class='ocrx_word' id='word_1_291' title='bbox 873 3817 1136 3885; x_wconf 73' lang='lat' dir='ltr'>sanguine</span> <span class='ocrx_word' id='word_1_292' title='bbox 1150 3815 1456 3880; x_wconf 79' lang='lat' dir='ltr'>redemisti;</span> <span class='ocrx_word' id='word_1_293' title='bbox 1479 3813 1630 3885; x_wconf 91' lang='lat' dir='ltr'>quod</span> 
     </span>
    </p>
   </div>
   <div class='ocr_carea' id='block_1_40' title="bbox 33 3907 1630 3980">
    <p class='ocr_par' dir='ltr' id='par_1_40' title="bbox 33 3907 1630 3980">
     <span class='ocr_line' id='line_1_40' title="bbox 33 3907 1630 3980; baseline 0.003 -22"><span class='ocrx_word' id='word_1_294' title='bbox 33 3907 130 3961; x_wconf 86' lang='lat' dir='ltr'>:‘ecit</span> <span class='ocrx_word' id='word_1_295' title='bbox 149 3908 238 3962; x_wconf 86' lang='lat' dir='ltr'>illa</span> <span class='ocrx_word' id='word_1_296' title='bbox 262 3909 321 3964; x_wconf 91' lang='lat' dir='ltr'>in</span> <span class='ocrx_word' id='word_1_297' title='bbox 347 3909 610 3964; x_wconf 90' lang='lat' dir='ltr'>orientali</span> <span class='ocrx_word' id='word_1_298' title='bbox 628 3909 828 3980; x_wconf 88' lang='lat' dir='ltr'>patria,</span> <span class='ocrx_word' id='word_1_299' title='bbox 857 3909 967 3963; x_wconf 91' lang='lat' dir='ltr'>hoc</span> <span class='ocrx_word' id='word_1_300' title='bbox 992 3908 1126 3964; x_wconf 88' lang='lat' dir='ltr'>fecit</span> <span class='ocrx_word' id='word_1_301' title='bbox 1150 3908 1312 3964; x_wconf 86' lang='lat' dir='ltr'>beata</span> <span class='ocrx_word' id='word_1_302' title='bbox 1333 3908 1630 3978; x_wconf 84' lang='lat' dir='ltr'>Radegun-</span> 
     </span>
    </p>
   </div>
   <div class='ocr_carea' id='block_1_41' title="bbox 33 3989 964 4059">
    <p class='ocr_par' dir='ltr' id='par_1_41' title="bbox 33 3989 964 4059">
     <span class='ocr_line' id='line_1_41' title="bbox 33 3989 964 4059; baseline 0.008 -7"><span class='ocrx_word' id='word_1_303' title='bbox 33 3999 91 4053; x_wconf 87' lang='lat' dir='ltr'>lis</span> <span class='ocrx_word' id='word_1_304' title='bbox 112 4001 165 4056; x_wconf 90' lang='lat' dir='ltr'>in</span> <span class='ocrx_word' id='word_1_305' title='bbox 191 4003 382 4059; x_wconf 88' lang='lat' dir='ltr'>Gallia.</span> <span class='ocrx_word' id='word_1_306' title='bbox 957 3989 964 3996; x_wconf 84' lang='lat'>&#39;</span> 
     </span>
    </p>
   </div>
   <div class='ocr_carea' id='block_1_42' title="bbox 81 4096 1628 4169">
    <p class='ocr_par' dir='ltr' id='par_1_42' title="bbox 81 4096 1628 4169">
     <span class='ocr_line' id='line_1_42' title="bbox 81 4096 1628 4169; baseline 0.001 -21"><span class='ocrx_word' id='word_1_307' title='bbox 81 4098 153 4150; x_wconf 78' lang='grc'>18.</span> <span class='ocrx_word' id='word_1_308' title='bbox 179 4098 244 4152; x_wconf 85' lang='lat' dir='ltr'>Et</span> <span class='ocrx_word' id='word_1_309' title='bbox 265 4099 397 4169; x_wconf 87' lang='lat' dir='ltr'>quia</span> <span class='ocrx_word' id='word_1_310' title='bbox 441 4097 562 4153; x_wconf 88' lang='lat' dir='ltr'>sine</span> <span class='ocrx_word' id='word_1_311' title='bbox 589 4097 823 4152; x_wconf 90' lang='lat' dir='ltr'>consilio</span> <span class='ocrx_word' id='word_1_312' title='bbox 849 4097 911 4153; x_wconf 91' lang='lat' dir='ltr'>in</span> <span class='ocrx_word' id='word_1_313' title='bbox 938 4097 1154 4152; x_wconf 87' lang='lat' dir='ltr'>mundo</span> <span class='ocrx_word' id='word_1_314' title='bbox 1183 4097 1322 4151; x_wconf 89' lang='lat' dir='ltr'>dum</span> <span class='ocrx_word' id='word_1_315' title='bbox 1351 4096 1512 4166; x_wconf 85' lang='lat' dir='ltr'>vixit,</span> <span class='ocrx_word' id='word_1_316' title='bbox 1543 4096 1628 4150; x_wconf 87' lang='lat' dir='ltr'>ni-</span> 
     </span>
    </p>
   </div>
   <div class='ocr_carea' id='block_1_43' title="bbox 34 4188 1628 4262">
    <p class='ocr_par' dir='ltr' id='par_1_43' title="bbox 34 4188 1628 4262">
     <span class='ocr_line' id='line_1_43' title="bbox 34 4188 1628 4262; baseline 0.003 -21"><span class='ocrx_word' id='word_1_317' title='bbox 34 4188 85 4242; x_wconf 80' lang='lat' dir='ltr'>iil</span> <span class='ocrx_word' id='word_1_318' title='bbox 114 4190 284 4247; x_wconf 88' lang='lat' dir='ltr'>facere</span> <span class='ocrx_word' id='word_1_319' title='bbox 325 4192 526 4260; x_wconf 82' lang='lat' dir='ltr'>voluit,</span> <span class='ocrx_word' id='word_1_320' title='bbox 580 4192 890 4247; x_wconf 88' lang='lat' dir='ltr'>transmisit</span> <span class='ocrx_word' id='word_1_321' title='bbox 924 4192 1140 4248; x_wconf 88' lang='lat' dir='ltr'>litteras</span> <span class='ocrx_word' id='word_1_322' title='bbox 1181 4191 1252 4245; x_wconf 89' lang='lat' dir='ltr'>ad</span> <span class='ocrx_word' id='word_1_323' title='bbox 1303 4190 1628 4262; x_wconf 61' lang='lat' dir='ltr'>praecellen-</span> 
     </span>
    </p>
   </div>
   <div class='ocr_carea' id='block_1_44' title="bbox 36 4282 1634 4358">
    <p class='ocr_par' dir='ltr' id='par_1_44' title="bbox 36 4282 1634 4358">
     <span class='ocr_line' id='line_1_44' title="bbox 36 4282 1634 4358; baseline 0.003 -23"><span class='ocrx_word' id='word_1_324' title='bbox 36 4282 269 4340; x_wconf 87' lang='lat' dir='ltr'>issimum</span> <span class='ocrx_word' id='word_1_325' title='bbox 288 4286 571 4342; x_wconf 83' lang='lat' dir='ltr'>damnum</span> <span class='ocrx_word' id='word_1_326' title='bbox 600 4286 945 4358; x_wconf 89' lang='lat' dir='ltr'>Sigibertum</span> <span class='ocrx_word' id='word_1_327' title='bbox 965 4302 1183 4358; x_wconf 90' lang='lat' dir='ltr'>regem,</span> <span class='ocrx_word' id='word_1_328' title='bbox 1208 4284 1369 4356; x_wconf 90' lang='lat' dir='ltr'>cujus</span> <span class='ocrx_word' id='word_1_329' title='bbox 1393 4285 1634 4356; x_wconf 90' lang='lat' dir='ltr'>imperio</span> 
     </span>
    </p>
   </div>
   <div class='ocr_carea' id='block_1_45' title="bbox 34 4378 1636 4453">
    <p class='ocr_par' dir='ltr' id='par_1_45' title="bbox 34 4378 1636 4453">
     <span class='ocr_line' id='line_1_45' title="bbox 34 4378 1636 4453; baseline 0.004 -25"><span class='ocrx_word' id='word_1_330' title='bbox 34 4378 168 4433; x_wconf 72' lang='lat' dir='ltr'>iatria</span> <span class='ocrx_word' id='word_1_331' title='bbox 191 4381 294 4436; x_wconf 88' lang='lat' dir='ltr'>ista</span> <span class='ocrx_word' id='word_1_332' title='bbox 318 4382 650 4453; x_wconf 89' lang='lat' dir='ltr'>regebatur,</span> <span class='ocrx_word' id='word_1_333' title='bbox 675 4384 742 4435; x_wconf 89' lang='lat' dir='ltr'>ut</span> <span class='ocrx_word' id='word_1_334' title='bbox 769 4381 822 4435; x_wconf 90' lang='lat' dir='ltr'>ei</span> <span class='ocrx_word' id='word_1_335' title='bbox 845 4381 1201 4451; x_wconf 91' lang='lat' dir='ltr'>permitteret</span> <span class='ocrx_word' id='word_1_336' title='bbox 1222 4396 1325 4451; x_wconf 90' lang='lat' dir='ltr'>pro</span> <span class='ocrx_word' id='word_1_337' title='bbox 1345 4379 1521 4434; x_wconf 89' lang='lat' dir='ltr'>totius</span> <span class='ocrx_word' id='word_1_338' title='bbox 1537 4395 1636 4450; x_wconf 87' lang='lat' dir='ltr'>pa-</span> 
     </span>
    </p>
   </div>
   <div class='ocr_carea' id='block_1_46' title="bbox 34 4471 1635 4547">
    <p class='ocr_par' dir='ltr' id='par_1_46' title="bbox 34 4471 1635 4547">
     <span class='ocr_line' id='line_1_46' title="bbox 34 4471 1635 4547; baseline 0.002 -23"><span class='ocrx_word' id='word_1_339' title='bbox 34 4471 119 4526; x_wconf 65' lang='lat' dir='ltr'>fit}?</span> <span class='ocrx_word' id='word_1_340' title='bbox 151 4475 324 4530; x_wconf 89' lang='lat' dir='ltr'>salute</span> <span class='ocrx_word' id='word_1_341' title='bbox 359 4481 418 4530; x_wconf 91' lang='lat' dir='ltr'>et</span> <span class='ocrx_word' id='word_1_342' title='bbox 462 4475 584 4546; x_wconf 88' lang='lat' dir='ltr'>ejus</span> <span class='ocrx_word' id='word_1_343' title='bbox 622 4475 787 4547; x_wconf 90' lang='lat' dir='ltr'>regni</span> <span class='ocrx_word' id='word_1_344' title='bbox 821 4474 1144 4544; x_wconf 81' lang='lat' dir='ltr'>stabilitate,</span> <span class='ocrx_word' id='word_1_345' title='bbox 1188 4473 1414 4546; x_wconf 86' lang='lat' dir='ltr'>lignum</span> <span class='ocrx_word' id='word_1_346' title='bbox 1455 4473 1635 4527; x_wconf 91' lang='lat' dir='ltr'>crucis</span> 
     </span>
    </p>
   </div>
   <div class='ocr_carea' id='block_1_47' title="bbox 1725 532 1816 587">
    <p class='ocr_par' dir='ltr' id='par_1_47' title="bbox 1725 532 1816 587">
     <span class='ocr_line' id='line_1_47' title="bbox 1725 532 1816 587; baseline 0 -1"><span class='ocrx_word' id='word_1_347' title='bbox 1725 532 1816 587; x_wconf 91' lang='lat' dir='ltr'>tis.</span> 
     </span>
    </p>
   </div>
   <div class='ocr_carea' id='block_1_48' title="bbox 1799 626 3361 700">
    <p class='ocr_par' dir='ltr' id='par_1_48' title="bbox 1799 626 3361 700">
     <span class='ocr_line' id='line_1_48' title="bbox 1799 626 3361 700; baseline 0.004 -21"><span class='ocrx_word' id='word_1_348' title='bbox 1799 628 1885 680; x_wconf 77' lang='lat' dir='ltr'>t9.</span> <span class='ocrx_word' id='word_1_349' title='bbox 1915 630 1984 680; x_wconf 86' lang='lat' dir='ltr'>At</span> <span class='ocrx_word' id='word_1_350' title='bbox 2017 626 2115 680; x_wconf 92' lang='lat' dir='ltr'>ubi</span> <span class='ocrx_word' id='word_1_351' title='bbox 2151 626 2393 698; x_wconf 87' lang='lat' dir='ltr'>lignum,</span> <span class='ocrx_word' id='word_1_352' title='bbox 2432 627 2536 681; x_wconf 91' lang='lat' dir='ltr'>ubi</span> <span class='ocrx_word' id='word_1_353' title='bbox 2577 629 2726 682; x_wconf 89' lang='lat' dir='ltr'>salus</span> <span class='ocrx_word' id='word_1_354' title='bbox 2767 629 2967 683; x_wconf 90' lang='lat' dir='ltr'>mundi</span> <span class='ocrx_word' id='word_1_355' title='bbox 2994 631 3361 700; x_wconf 86' lang='lat' dir='ltr'>pependerat,</span> 
     </span>
    </p>
   </div>
   <div class='ocr_carea' id='block_1_49' title="bbox 1723 719 3368 793">
    <p class='ocr_par' dir='ltr' id='par_1_49' title="bbox 1723 719 3368 793">
     <span class='ocr_line' id='line_1_49' title="bbox 1723 719 3368 793; baseline 0.003 -20"><span class='ocrx_word' id='word_1_356' title='bbox 1723 720 1961 774; x_wconf 89' lang='lat' dir='ltr'>Pictavis</span> <span class='ocrx_word' id='word_1_357' title='bbox 1992 720 2064 791; x_wconf 83' lang='grc' dir='ltr'>(α)</span> <span class='ocrx_word' id='word_1_358' title='bbox 2093 719 2377 774; x_wconf 88' lang='lat' dir='ltr'>civitatem</span> <span class='ocrx_word' id='word_1_359' title='bbox 2405 738 2536 774; x_wconf 91' lang='lat' dir='ltr'>cum</span> <span class='ocrx_word' id='word_1_360' title='bbox 2572 722 3012 793; x_wconf 88' lang='lat' dir='ltr'>congregatione</span> <span class='ocrx_word' id='word_1_361' title='bbox 3043 729 3368 778; x_wconf 89' lang='lat' dir='ltr'>sanctorum</span> 
     </span>
    </p>
   </div>
   <div class='ocr_carea' id='block_1_50' title="bbox 1724 813 3367 887">
    <p class='ocr_par' dir='ltr' id='par_1_50' title="bbox 1724 813 3367 887">
     <span class='ocr_line' id='line_1_50' title="bbox 1724 813 3367 887; baseline 0.004 -21"><span class='ocrx_word' id='word_1_362' title='bbox 1724 813 1970 879; x_wconf 87' lang='lat' dir='ltr'>advenit,</span> <span class='ocrx_word' id='word_1_363' title='bbox 2000 818 2056 866; x_wconf 90' lang='lat' dir='ltr'>et</span> <span class='ocrx_word' id='word_1_364' title='bbox 2077 814 2328 884; x_wconf 84' lang='lat' dir='ltr'>pontifex</span> <span class='ocrx_word' id='word_1_365' title='bbox 2349 814 2599 869; x_wconf 90' lang='lat' dir='ltr'>locicum</span> <span class='ocrx_word' id='word_1_366' title='bbox 2623 816 2778 870; x_wconf 90' lang='lat' dir='ltr'>omni</span> <span class='ocrx_word' id='word_1_367' title='bbox 2805 817 3015 887; x_wconf 89' lang='lat' dir='ltr'>populo</span> <span class='ocrx_word' id='word_1_368' title='bbox 3043 817 3239 872; x_wconf 89' lang='lat' dir='ltr'>devote</span> <span class='ocrx_word' id='word_1_369' title='bbox 3260 819 3367 872; x_wconf 92' lang='lat' dir='ltr'>hoc</span> 
     </span>
    </p>
   </div>
   <div class='ocr_carea' id='block_1_51' title="bbox 1724 907 3369 980">
    <p class='ocr_par' dir='ltr' id='par_1_51' title="bbox 1724 907 3369 980">
     <span class='ocr_line' id='line_1_51' title="bbox 1724 907 3369 980; baseline 0.003 -20"><span class='ocrx_word' id='word_1_370' title='bbox 1724 907 1892 961; x_wconf 89' lang='lat' dir='ltr'>vellet</span> <span class='ocrx_word' id='word_1_371' title='bbox 1920 907 2213 977; x_wconf 80' lang='lat' dir='ltr'>excipere;</span> <span class='ocrx_word' id='word_1_372' title='bbox 2247 907 2510 961; x_wconf 89' lang='lat' dir='ltr'>inimicus</span> <span class='ocrx_word' id='word_1_373' title='bbox 2537 909 2771 963; x_wconf 88' lang='lat' dir='ltr'>humani</span> <span class='ocrx_word' id='word_1_374' title='bbox 2794 910 3018 980; x_wconf 86' lang='lat' dir='ltr'>generis</span> <span class='ocrx_word' id='word_1_375' title='bbox 3049 927 3150 980; x_wconf 88' lang='lat' dir='ltr'>per</span> <span class='ocrx_word' id='word_1_376' title='bbox 3168 912 3369 965; x_wconf 88' lang='lat' dir='ltr'>satelli-</span> 
     </span>
    </p>
   </div>
   <div class='ocr_carea' id='block_1_52' title="bbox 1724 1001 3368 1073">
    <p class='ocr_par' dir='ltr' id='par_1_52' title="bbox 1724 1001 3368 1073">
     <span class='ocr_line' id='line_1_52' title="bbox 1724 1001 3368 1073; baseline 0.002 -18"><span class='ocrx_word' id='word_1_377' title='bbox 1724 1005 1807 1055; x_wconf 91' lang='lat' dir='ltr'>tes</span> <span class='ocrx_word' id='word_1_378' title='bbox 1830 1017 1959 1054; x_wconf 90' lang='lat' dir='ltr'>suos</span> <span class='ocrx_word' id='word_1_379' title='bbox 1988 1001 2126 1070; x_wconf 84' lang='lat' dir='ltr'>egit,</span> <span class='ocrx_word' id='word_1_380' title='bbox 2169 1005 2234 1055; x_wconf 92' lang='lat' dir='ltr'>ut</span> <span class='ocrx_word' id='word_1_381' title='bbox 2272 1002 2522 1070; x_wconf 89' lang='lat' dir='ltr'>pretium</span> <span class='ocrx_word' id='word_1_382' title='bbox 2550 1003 2748 1057; x_wconf 90' lang='lat' dir='ltr'>mundi</span> <span class='ocrx_word' id='word_1_383' title='bbox 2779 1003 3138 1073; x_wconf 88' lang='lat' dir='ltr'>repellerent,</span> <span class='ocrx_word' id='word_1_384' title='bbox 3177 1021 3281 1059; x_wconf 89' lang='lat' dir='ltr'>nec</span> <span class='ocrx_word' id='word_1_385' title='bbox 3308 1005 3368 1059; x_wconf 89' lang='lat' dir='ltr'>in</span> 
     </span>
    </p>
   </div>
   <div class='ocr_carea' id='block_1_53' title="bbox 1725 1094 3368 1169">
    <p class='ocr_par' dir='ltr' id='par_1_53' title="bbox 1725 1094 3368 1169">
     <span class='ocr_line' id='line_1_53' title="bbox 1725 1094 3368 1169; baseline 0.002 -21"><span class='ocrx_word' id='word_1_386' title='bbox 1725 1094 1945 1149; x_wconf 87' lang='lat' dir='ltr'>civitate</span> <span class='ocrx_word' id='word_1_387' title='bbox 1974 1094 2224 1164; x_wconf 89' lang='lat' dir='ltr'>recipere</span> <span class='ocrx_word' id='word_1_388' title='bbox 2261 1094 2488 1161; x_wconf 87' lang='lat' dir='ltr'>vellent,</span> <span class='ocrx_word' id='word_1_389' title='bbox 2517 1096 2759 1166; x_wconf 88' lang='lat' dir='ltr'>qualiter</span> <span class='ocrx_word' id='word_1_390' title='bbox 2787 1097 2949 1150; x_wconf 88' lang='lat' dir='ltr'>beata</span> <span class='ocrx_word' id='word_1_391' title='bbox 2996 1098 3368 1169; x_wconf 80' lang='lat' dir='ltr'>Radegundis</span> 
     </span>
    </p>
   </div>
   <div class='ocr_carea' id='block_1_54' title="bbox 1723 1187 3364 1260">
    <p class='ocr_par' dir='ltr' id='par_1_54' title="bbox 1723 1187 3364 1260">
     <span class='ocr_line' id='line_1_54' title="bbox 1723 1187 3364 1260; baseline 0.003 -19"><span class='ocrx_word' id='word_1_392' title='bbox 1723 1187 2182 1242; x_wconf 82' lang='lat' dir='ltr'>tribulationibus</span> <span class='ocrx_word' id='word_1_393' title='bbox 2211 1188 2547 1258; x_wconf 86' lang='lat' dir='ltr'>subjaceret,</span> <span class='ocrx_word' id='word_1_394' title='bbox 2581 1189 2740 1242; x_wconf 88' lang='lat' dir='ltr'>aliud</span> <span class='ocrx_word' id='word_1_395' title='bbox 2769 1206 2871 1260; x_wconf 90' lang='lat' dir='ltr'>pro</span> <span class='ocrx_word' id='word_1_396' title='bbox 2899 1190 3010 1244; x_wconf 90' lang='lat' dir='ltr'>alio</span> <span class='ocrx_word' id='word_1_397' title='bbox 3026 1196 3364 1257; x_wconf 88' lang='lat' dir='ltr'>asserentes,</span> 
     </span>
    </p>
   </div>
   <div class='ocr_carea' id='block_1_55' title="bbox 1722 1281 3362 1355">
    <p class='ocr_par' dir='ltr' id='par_1_55' title="bbox 1722 1281 3362 1355">
     <span class='ocr_line' id='line_1_55' title="bbox 1722 1281 3362 1355; baseline 0.002 -20"><span class='ocrx_word' id='word_1_398' title='bbox 1722 1281 1950 1335; x_wconf 82' lang='lat' dir='ltr'>Judaico</span> <span class='ocrx_word' id='word_1_399' title='bbox 1991 1281 2225 1348; x_wconf 90' lang='lat' dir='ltr'>ordine;</span> <span class='ocrx_word' id='word_1_400' title='bbox 2273 1281 2428 1352; x_wconf 90' lang='lat' dir='ltr'>quod</span> <span class='ocrx_word' id='word_1_401' title='bbox 2472 1287 2730 1336; x_wconf 89' lang='lat' dir='ltr'>nostrum</span> <span class='ocrx_word' id='word_1_402' title='bbox 2771 1299 2886 1336; x_wconf 90' lang='lat' dir='ltr'>non</span> <span class='ocrx_word' id='word_1_403' title='bbox 2947 1289 3030 1338; x_wconf 92' lang='lat' dir='ltr'>est</span> <span class='ocrx_word' id='word_1_404' title='bbox 3069 1284 3362 1355; x_wconf 90' lang='lat' dir='ltr'>disserere,</span> 
     </span>
    </p>
   </div>
   <div class='ocr_carea' id='block_1_56' title="bbox 1724 1378 3367 1450">
    <p class='ocr_par' dir='ltr' id='par_1_56' title="bbox 1724 1378 3367 1450">
     <span class='ocr_line' id='line_1_56' title="bbox 1724 1378 3367 1450; baseline 0.002 -19"><span class='ocrx_word' id='word_1_405' title='bbox 1724 1379 1832 1449; x_wconf 92' lang='lat' dir='ltr'>ipsi</span> <span class='ocrx_word' id='word_1_406' title='bbox 1869 1378 2114 1433; x_wconf 88' lang='lat' dir='ltr'>viderint</span> <span class='ocrx_word' id='word_1_407' title='bbox 2147 1397 2160 1431; x_wconf 87' lang='lat'><strong>:</strong></span> <span class='ocrx_word' id='word_1_408' title='bbox 2204 1382 2460 1434; x_wconf 82' lang='lat' dir='ltr'>Dominus</span> <span class='ocrx_word' id='word_1_409' title='bbox 2497 1383 2648 1434; x_wconf 81' lang='lat' dir='ltr'>novit</span> <span class='ocrx_word' id='word_1_410' title='bbox 2689 1383 2786 1450; x_wconf 84' lang='lat' dir='ltr'>qui</span> <span class='ocrx_word' id='word_1_411' title='bbox 2808 1387 2936 1435; x_wconf 88' lang='lat' dir='ltr'>sunt</span> <span class='ocrx_word' id='word_1_412' title='bbox 2973 1382 3106 1449; x_wconf 82' lang='lat' dir='ltr'>ejus.</span> <span class='ocrx_word' id='word_1_413' title='bbox 3141 1383 3247 1436; x_wconf 91' lang='lat' dir='ltr'>Sed</span> <span class='ocrx_word' id='word_1_414' title='bbox 3274 1383 3367 1436; x_wconf 89' lang='lat' dir='ltr'>illa</span> 
     </span>
    </p>
   </div>
   <div class='ocr_carea' id='block_1_57' title="bbox 1722 1472 3365 1546">
    <p class='ocr_par' dir='ltr' id='par_1_57' title="bbox 1722 1472 3365 1546">
     <span class='ocr_line' id='line_1_57' title="bbox 1722 1472 3365 1546; baseline 0.002 -21"><span class='ocrx_word' id='word_1_415' title='bbox 1722 1472 1924 1543; x_wconf 87' lang='lat' dir='ltr'>spiritu</span> <span class='ocrx_word' id='word_1_416' title='bbox 1939 1472 2404 1540; x_wconf 88' lang='lat' dir='ltr'>fervente,animo</span> <span class='ocrx_word' id='word_1_417' title='bbox 2418 1473 2740 1541; x_wconf 87' lang='lat' dir='ltr'>dimicante,</span> <span class='ocrx_word' id='word_1_418' title='bbox 2758 1474 2966 1528; x_wconf 83' lang='lat' dir='ltr'>iterum</span> <span class='ocrx_word' id='word_1_419' title='bbox 2991 1475 3062 1528; x_wconf 86' lang='lat' dir='ltr'>ad</span> <span class='ocrx_word' id='word_1_420' title='bbox 3077 1475 3365 1546; x_wconf 89' lang='lat' dir='ltr'>benignis-</span> 
     </span>
    </p>
   </div>
   <div class='ocr_carea' id='block_1_58' title="bbox 1723 1567 3362 1638">
    <p class='ocr_par' dir='ltr' id='par_1_58' title="bbox 1723 1567 3362 1638">
     <span class='ocr_line' id='line_1_58' title="bbox 1723 1567 3362 1638; baseline 0.002 -18"><span class='ocrx_word' id='word_1_421' title='bbox 1723 1567 1931 1620; x_wconf 90' lang='lat' dir='ltr'>simum</span> <span class='ocrx_word' id='word_1_422' title='bbox 1961 1583 2158 1637; x_wconf 87' lang='lat' dir='ltr'>regem</span> <span class='ocrx_word' id='word_1_423' title='bbox 2184 1567 2403 1638; x_wconf 89' lang='lat' dir='ltr'>dirigit,</span> <span class='ocrx_word' id='word_1_424' title='bbox 2434 1568 2566 1638; x_wconf 90' lang='lat' dir='ltr'>quia</span> <span class='ocrx_word' id='word_1_425' title='bbox 2610 1567 2668 1621; x_wconf 91' lang='lat' dir='ltr'>in</span> <span class='ocrx_word' id='word_1_426' title='bbox 2695 1568 2978 1622; x_wconf 86' lang='lat' dir='ltr'>civitatem</span> <span class='ocrx_word' id='word_1_427' title='bbox 3009 1568 3249 1623; x_wconf 88' lang='lat' dir='ltr'>salutem</span> <span class='ocrx_word' id='word_1_428' title='bbox 3276 1586 3362 1623; x_wconf 87' lang='lat' dir='ltr'>re-</span> 
     </span>
    </p>
   </div>
   <div class='ocr_carea' id='block_1_59' title="bbox 1722 1660 3365 1732">
    <p class='ocr_par' dir='ltr' id='par_1_59' title="bbox 1722 1660 3365 1732">
     <span class='ocr_line' id='line_1_59' title="bbox 1722 1660 3365 1732; baseline 0.001 -18"><span class='ocrx_word' id='word_1_429' title='bbox 1722 1661 1908 1732; x_wconf 89' lang='lat' dir='ltr'>cipere</span> <span class='ocrx_word' id='word_1_430' title='bbox 1945 1661 2275 1715; x_wconf 90' lang='lat' dir='ltr'>noluerunt.</span> <span class='ocrx_word' id='word_1_431' title='bbox 2320 1660 2551 1716; x_wconf 85' lang='lat' dir='ltr'>Interim</span> <span class='ocrx_word' id='word_1_432' title='bbox 2597 1677 2892 1732; x_wconf 91' lang='lat' dir='ltr'>quousque</span> <span class='ocrx_word' id='word_1_433' title='bbox 2939 1661 3099 1715; x_wconf 90' lang='lat' dir='ltr'>missi</span> <span class='ocrx_word' id='word_1_434' title='bbox 3157 1662 3243 1715; x_wconf 91' lang='lat' dir='ltr'>sui</span> <span class='ocrx_word' id='word_1_435' title='bbox 3297 1663 3365 1716; x_wconf 90' lang='lat' dir='ltr'>de</span> 
     </span>
    </p>
   </div>
   <div class='ocr_carea' id='block_1_60' title="bbox 1723 1754 3362 1826">
    <p class='ocr_par' dir='ltr' id='par_1_60' title="bbox 1723 1754 3362 1826">
     <span class='ocr_line' id='line_1_60' title="bbox 1723 1754 3362 1826; baseline 0.001 -18"><span class='ocrx_word' id='word_1_436' title='bbox 1723 1754 1932 1808; x_wconf 92' lang='lat' dir='ltr'>domno</span> <span class='ocrx_word' id='word_1_437' title='bbox 1968 1771 2102 1826; x_wconf 88' lang='lat' dir='ltr'>rege</span> <span class='ocrx_word' id='word_1_438' title='bbox 2146 1758 2587 1824; x_wconf 86' lang='lat' dir='ltr'>reverterentur,</span> <span class='ocrx_word' id='word_1_439' title='bbox 2629 1755 2686 1808; x_wconf 90' lang='lat' dir='ltr'>in</span> <span class='ocrx_word' id='word_1_440' title='bbox 2727 1755 3004 1809; x_wconf 91' lang='lat' dir='ltr'>Turonico</span> <span class='ocrx_word' id='word_1_441' title='bbox 3041 1771 3141 1808; x_wconf 86' lang='lat' dir='ltr'>suo</span> <span class='ocrx_word' id='word_1_442' title='bbox 3167 1772 3362 1809; x_wconf 87' lang='lat' dir='ltr'>mona-</span> 
     </span>
    </p>
   </div>
   <div class='ocr_carea' id='block_1_61' title="bbox 1721 1847 3365 1919">
    <p class='ocr_par' dir='ltr' id='par_1_61' title="bbox 1721 1847 3365 1919">
     <span class='ocr_line' id='line_1_61' title="bbox 1721 1847 3365 1919; baseline 0 -18"><span class='ocrx_word' id='word_1_443' title='bbox 1721 1848 1890 1902; x_wconf 89' lang='lat' dir='ltr'>sterio</span> <span class='ocrx_word' id='word_1_444' title='bbox 1918 1847 2168 1902; x_wconf 89' lang='lat' dir='ltr'>virorum</span> <span class='ocrx_word' id='word_1_445' title='bbox 2198 1849 2350 1919; x_wconf 88' lang='lat' dir='ltr'>quod</span> <span class='ocrx_word' id='word_1_446' title='bbox 2378 1848 2647 1917; x_wconf 89' lang='lat' dir='ltr'>condidit,</span> <span class='ocrx_word' id='word_1_447' title='bbox 2679 1853 2739 1902; x_wconf 91' lang='lat' dir='ltr'>ut</span> <span class='ocrx_word' id='word_1_448' title='bbox 2762 1848 2954 1919; x_wconf 52' lang='lat' dir='ltr'>iipsam</span> <span class='ocrx_word' id='word_1_449' title='bbox 2985 1849 3225 1903; x_wconf 85' lang='lat' dir='ltr'>salvaret</span> <span class='ocrx_word' id='word_1_450' title='bbox 3243 1890 3256 1917; x_wconf 96' lang='lat'>,</span> <span class='ocrx_word' id='word_1_451' title='bbox 3287 1848 3365 1902; x_wconf 91' lang='lat' dir='ltr'>ibi</span> 
     </span>
    </p>
   </div>
   <div class='ocr_carea' id='block_1_62' title="bbox 1720 1941 3361 2013">
    <p class='ocr_par' dir='ltr' id='par_1_62' title="bbox 1720 1941 3361 2013">
     <span class='ocr_line' id='line_1_62' title="bbox 1720 1941 3361 2013; baseline 0 -18"><span class='ocrx_word' id='word_1_452' title='bbox 1720 1958 1852 1996; x_wconf 90' lang='lat' dir='ltr'>cum</span> <span class='ocrx_word' id='word_1_453' title='bbox 1888 1941 2180 2013; x_wconf 90' lang='lat' dir='ltr'>psallentio</span> <span class='ocrx_word' id='word_1_454' title='bbox 2211 1941 2564 1996; x_wconf 89' lang='lat' dir='ltr'>sacerdotum</span> <span class='ocrx_word' id='word_1_455' title='bbox 2609 1957 2836 1996; x_wconf 90' lang='lat' dir='ltr'>crucem</span> <span class='ocrx_word' id='word_1_456' title='bbox 2879 1942 3101 1995; x_wconf 91' lang='lat' dir='ltr'>Domini</span> <span class='ocrx_word' id='word_1_457' title='bbox 3139 1942 3224 1996; x_wconf 88' lang='lat' dir='ltr'>vel</span> <span class='ocrx_word' id='word_1_458' title='bbox 3268 1943 3361 2012; x_wconf 93' lang='lat' dir='ltr'>pi-</span> 
     </span>
    </p>
   </div>
   <div class='ocr_carea' id='block_1_63' title="bbox 1721 2033 3356 2105">
    <p class='ocr_par' dir='ltr' id='par_1_63' title="bbox 1721 2033 3356 2105">
     <span class='ocr_line' id='line_1_63' title="bbox 1721 2033 3356 2105; baseline 0 -17"><span class='ocrx_word' id='word_1_459' title='bbox 1721 2051 1900 2105; x_wconf 90' lang='lat' dir='ltr'>gnora</span> <span class='ocrx_word' id='word_1_460' title='bbox 1925 2038 2252 2089; x_wconf 87' lang='lat' dir='ltr'>sanctorum</span> <span class='ocrx_word' id='word_1_461' title='bbox 2281 2033 2717 2088; x_wconf 89' lang='lat' dir='ltr'>commendavit.</span> <span class='ocrx_word' id='word_1_462' title='bbox 2748 2035 2868 2088; x_wconf 85' lang='lat' dir='ltr'>Non</span> <span class='ocrx_word' id='word_1_463' title='bbox 2899 2034 3178 2089; x_wconf 88' lang='lat' dir='ltr'>minorem</span> <span class='ocrx_word' id='word_1_464' title='bbox 3205 2035 3356 2104; x_wconf 88' lang='lat' dir='ltr'>inju-</span> 
     </span>
    </p>
   </div>
   <div class='ocr_carea' id='block_1_64' title="bbox 1720 2127 3358 2199">
    <p class='ocr_par' dir='ltr' id='par_1_64' title="bbox 1720 2127 3358 2199">
     <span class='ocr_line' id='line_1_64' title="bbox 1720 2127 3358 2199; baseline 0.001 -18"><span class='ocrx_word' id='word_1_465' title='bbox 1720 2129 1864 2182; x_wconf 88' lang='lat' dir='ltr'>riam</span> <span class='ocrx_word' id='word_1_466' title='bbox 1895 2132 1980 2182; x_wconf 88' lang='lat' dir='ltr'>est</span> <span class='ocrx_word' id='word_1_467' title='bbox 2004 2145 2162 2199; x_wconf 88' lang='lat' dir='ltr'>passa</span> <span class='ocrx_word' id='word_1_468' title='bbox 2188 2133 2377 2182; x_wconf 88' lang='lat' dir='ltr'>sancta</span> <span class='ocrx_word' id='word_1_469' title='bbox 2405 2145 2543 2181; x_wconf 90' lang='lat' dir='ltr'>crux</span> <span class='ocrx_word' id='word_1_470' title='bbox 2585 2145 2688 2198; x_wconf 92' lang='lat' dir='ltr'>per</span> <span class='ocrx_word' id='word_1_471' title='bbox 2713 2127 2982 2182; x_wconf 90' lang='lat' dir='ltr'>invidiam</span> <span class='ocrx_word' id='word_1_472' title='bbox 3006 2170 3018 2195; x_wconf 95' lang='lat'>,</span> <span class='ocrx_word' id='word_1_473' title='bbox 3048 2144 3223 2198; x_wconf 87' lang='lat' dir='ltr'>quam</span> <span class='ocrx_word' id='word_1_474' title='bbox 3253 2129 3358 2182; x_wconf 92' lang='lat' dir='ltr'>Do-</span> 
     </span>
    </p>
   </div>
   <div class='ocr_carea' id='block_1_65' title="bbox 1720 2219 3362 2292">
    <p class='ocr_par' dir='ltr' id='par_1_65' title="bbox 1720 2219 3362 2292">
     <span class='ocr_line' id='line_1_65' title="bbox 1720 2219 3362 2292; baseline -0.001 -17"><span class='ocrx_word' id='word_1_475' title='bbox 1720 2221 1910 2275; x_wconf 90' lang='lat' dir='ltr'>minus</span> <span class='ocrx_word' id='word_1_476' title='bbox 1937 2221 2036 2291; x_wconf 87' lang='lat' dir='ltr'>qui</span> <span class='ocrx_word' id='word_1_477' title='bbox 2066 2238 2168 2292; x_wconf 90' lang='lat' dir='ltr'>per</span> <span class='ocrx_word' id='word_1_478' title='bbox 2197 2237 2485 2275; x_wconf 89' lang='lat' dir='ltr'>cursorem</span> <span class='ocrx_word' id='word_1_479' title='bbox 2525 2219 2660 2291; x_wconf 84' lang='lat' dir='ltr'>[Al.,</span> <span class='ocrx_word' id='word_1_480' title='bbox 2689 2220 3092 2291; x_wconf 82' lang='lat' dir='ltr'>percussorem]</span> <span class='ocrx_word' id='word_1_481' title='bbox 3138 2220 3362 2275; x_wconf 86' lang='lat' dir='ltr'>ﬁdelem</span> 
     </span>
    </p>
   </div>
   <div class='ocr_carea' id='block_1_66' title="bbox 1721 2315 3358 2385">
    <p class='ocr_par' dir='ltr' id='par_1_66' title="bbox 1721 2315 3358 2385">
     <span class='ocr_line' id='line_1_66' title="bbox 1721 2315 3358 2385; baseline 0 -17"><span class='ocrx_word' id='word_1_482' title='bbox 1721 2319 1951 2369; x_wconf 87' lang='lat' dir='ltr'>vocatus</span> <span class='ocrx_word' id='word_1_483' title='bbox 1980 2319 2036 2370; x_wconf 91' lang='lat' dir='ltr'>et</span> <span class='ocrx_word' id='word_1_484' title='bbox 2064 2318 2354 2369; x_wconf 88' lang='lat' dir='ltr'>revocatus</span> <span class='ocrx_word' id='word_1_485' title='bbox 2382 2319 2511 2368; x_wconf 88' lang='lat' dir='ltr'>ante</span> <span class='ocrx_word' id='word_1_486' title='bbox 2541 2315 2792 2385; x_wconf 90' lang='lat' dir='ltr'>presides</span> <span class='ocrx_word' id='word_1_487' title='bbox 2819 2321 2874 2368; x_wconf 92' lang='lat' dir='ltr'>et</span> <span class='ocrx_word' id='word_1_488' title='bbox 2886 2315 3103 2385; x_wconf 87' lang='lat' dir='ltr'>judices</span> <span class='ocrx_word' id='word_1_489' title='bbox 3126 2331 3358 2369; x_wconf 90' lang='lat' dir='ltr'>omnem</span> 
     </span>
    </p>
   </div>
   <div class='ocr_carea' id='block_1_67' title="bbox 1721 2407 3362 2480">
    <p class='ocr_par' dir='ltr' id='par_1_67' title="bbox 1721 2407 3362 2480">
     <span class='ocr_line' id='line_1_67' title="bbox 1721 2407 3362 2480; baseline 0 -17"><span class='ocrx_word' id='word_1_490' title='bbox 1721 2408 1996 2463; x_wconf 86' lang='lat' dir='ltr'>malitiam</span> <span class='ocrx_word' id='word_1_491' title='bbox 2052 2410 2334 2480; x_wconf 89' lang='lat' dir='ltr'>patienter</span> <span class='ocrx_word' id='word_1_492' title='bbox 2399 2407 2686 2476; x_wconf 90' lang='lat' dir='ltr'>sustinuit,</span> <span class='ocrx_word' id='word_1_493' title='bbox 2737 2413 2802 2462; x_wconf 91' lang='lat' dir='ltr'>ut</span> <span class='ocrx_word' id='word_1_494' title='bbox 2854 2409 3006 2479; x_wconf 92' lang='lat' dir='ltr'>quod</span> <span class='ocrx_word' id='word_1_495' title='bbox 3077 2415 3362 2463; x_wconf 87' lang='lat' dir='ltr'>creaverat</span> 
     </span>
    </p>
   </div>
   <div class='ocr_carea' id='block_1_68' title="bbox 1721 2501 3358 2573">
    <p class='ocr_par' dir='ltr' id='par_1_68' title="bbox 1721 2501 3358 2573">
     <span class='ocr_line' id='line_1_68' title="bbox 1721 2501 3358 2573; baseline -0.001 -16"><span class='ocrx_word' id='word_1_496' title='bbox 1721 2519 1839 2557; x_wconf 89' lang='lat' dir='ltr'>non</span> <span class='ocrx_word' id='word_1_497' title='bbox 1864 2503 2093 2573; x_wconf 87' lang='lat' dir='ltr'>periret.</span> <span class='ocrx_word' id='word_1_498' title='bbox 2123 2504 2182 2555; x_wconf 93' lang='lat' dir='ltr'>ln</span> <span class='ocrx_word' id='word_1_499' title='bbox 2209 2507 2421 2573; x_wconf 87' lang='lat' dir='ltr'>quanto</span> <span class='ocrx_word' id='word_1_500' title='bbox 2448 2517 2505 2556; x_wconf 90' lang='lat' dir='ltr'>se</span> <span class='ocrx_word' id='word_1_501' title='bbox 2527 2502 2779 2555; x_wconf 89' lang='lat' dir='ltr'>cruciatu</span> <span class='ocrx_word' id='word_1_502' title='bbox 2795 2501 3000 2571; x_wconf 89' lang='lat' dir='ltr'>posuit,</span> <span class='ocrx_word' id='word_1_503' title='bbox 3029 2502 3089 2555; x_wconf 89' lang='lat' dir='ltr'>in</span> <span class='ocrx_word' id='word_1_504' title='bbox 3103 2502 3358 2572; x_wconf 87' lang='lat' dir='ltr'>jejuniis,</span> 
     </span>
    </p>
   </div>
   <div class='ocr_carea' id='block_1_69' title="bbox 1722 2596 3360 2667">
    <p class='ocr_par' dir='ltr' id='par_1_69' title="bbox 1722 2596 3360 2667">
     <span class='ocr_line' id='line_1_69' title="bbox 1722 2596 3360 2667; baseline 0.001 -18"><span class='ocrx_word' id='word_1_505' title='bbox 1722 2596 1783 2651; x_wconf 93' lang='lat' dir='ltr'>in</span> <span class='ocrx_word' id='word_1_506' title='bbox 1809 2596 2035 2667; x_wconf 89' lang='lat' dir='ltr'>vigiliis,</span> <span class='ocrx_word' id='word_1_507' title='bbox 2069 2597 2127 2649; x_wconf 92' lang='lat' dir='ltr'>in</span> <span class='ocrx_word' id='word_1_508' title='bbox 2165 2596 2494 2667; x_wconf 88' lang='lat' dir='ltr'>profusione</span> <span class='ocrx_word' id='word_1_509' title='bbox 2541 2596 2916 2667; x_wconf 86' lang='lat' dir='ltr'>lacrymarum</span> <span class='ocrx_word' id='word_1_510' title='bbox 2959 2600 3075 2650; x_wconf 84' lang='lat' dir='ltr'>tota</span> <span class='ocrx_word' id='word_1_511' title='bbox 3122 2611 3360 2666; x_wconf 88' lang='lat' dir='ltr'>congre-</span> 
     </span>
    </p>
   </div>
   <div class='ocr_carea' id='block_1_70' title="bbox 1724 2689 3359 2760">
    <p class='ocr_par' dir='ltr' id='par_1_70' title="bbox 1724 2689 3359 2760">
     <span class='ocr_line' id='line_1_70' title="bbox 1724 2689 3359 2760; baseline -0.001 -16"><span class='ocrx_word' id='word_1_512' title='bbox 1724 2690 1874 2760; x_wconf 89' lang='lat' dir='ltr'>gatio</span> <span class='ocrx_word' id='word_1_513' title='bbox 1901 2707 2021 2759; x_wconf 89' lang='lat' dir='ltr'>sua,</span> <span class='ocrx_word' id='word_1_514' title='bbox 2063 2690 2121 2743; x_wconf 93' lang='lat' dir='ltr'>in</span> <span class='ocrx_word' id='word_1_515' title='bbox 2170 2689 2327 2743; x_wconf 92' lang='lat' dir='ltr'>luctu</span> <span class='ocrx_word' id='word_1_516' title='bbox 2375 2695 2431 2745; x_wconf 92' lang='lat' dir='ltr'>et</span> <span class='ocrx_word' id='word_1_517' title='bbox 2454 2689 2594 2746; x_wconf 86' lang='lat' dir='ltr'>ﬂetu</span> <span class='ocrx_word' id='word_1_518' title='bbox 2638 2689 2903 2743; x_wconf 90' lang='lat' dir='ltr'>omnibus</span> <span class='ocrx_word' id='word_1_519' title='bbox 2937 2689 3133 2743; x_wconf 91' lang='lat' dir='ltr'>diebus</span> <span class='ocrx_word' id='word_1_520' title='bbox 3182 2705 3359 2760; x_wconf 90' lang='lat' dir='ltr'>usque</span> 
     </span>
    </p>
   </div>
   <div class='ocr_carea' id='block_1_71' title="bbox 1721 2782 3360 2855">
    <p class='ocr_par' dir='ltr' id='par_1_71' title="bbox 1721 2782 3360 2855">
     <span class='ocr_line' id='line_1_71' title="bbox 1721 2782 3360 2855; baseline -0.001 -17"><span class='ocrx_word' id='word_1_521' title='bbox 1721 2801 1834 2855; x_wconf 91' lang='lat' dir='ltr'>quo</span> <span class='ocrx_word' id='word_1_522' title='bbox 1860 2783 2105 2854; x_wconf 87' lang='lat' dir='ltr'>respexit</span> <span class='ocrx_word' id='word_1_523' title='bbox 2133 2783 2405 2838; x_wconf 90' lang='lat' dir='ltr'>Dominus</span> <span class='ocrx_word' id='word_1_524' title='bbox 2428 2783 2814 2837; x_wconf 88' lang='lat' dir='ltr'>humilitatem</span> <span class='ocrx_word' id='word_1_525' title='bbox 2848 2782 3069 2836; x_wconf 85' lang='lat' dir='ltr'>ancillae</span> <span class='ocrx_word' id='word_1_526' title='bbox 3102 2799 3236 2852; x_wconf 78' lang='lat' dir='ltr'>suae,</span> <span class='ocrx_word' id='word_1_527' title='bbox 3261 2783 3360 2853; x_wconf 91' lang='lat' dir='ltr'>qui</span> 
     </span>
    </p>
   </div>
   <div class='ocr_carea' id='block_1_72' title="bbox 1722 2876 3362 2947">
    <p class='ocr_par' dir='ltr' id='par_1_72' title="bbox 1722 2876 3362 2947">
     <span class='ocr_line' id='line_1_72' title="bbox 1722 2876 3362 2947; baseline -0.001 -15"><span class='ocrx_word' id='word_1_528' title='bbox 1722 2878 1876 2932; x_wconf 86' lang='lat' dir='ltr'>dedit</span> <span class='ocrx_word' id='word_1_529' title='bbox 1899 2878 1958 2930; x_wconf 89' lang='lat' dir='ltr'>in</span> <span class='ocrx_word' id='word_1_530' title='bbox 1986 2876 2152 2930; x_wconf 89' lang='lat' dir='ltr'>corde</span> <span class='ocrx_word' id='word_1_531' title='bbox 2182 2877 2332 2947; x_wconf 82' lang='lat' dir='ltr'>regis</span> <span class='ocrx_word' id='word_1_532' title='bbox 2359 2881 2424 2931; x_wconf 90' lang='lat' dir='ltr'>ut</span> <span class='ocrx_word' id='word_1_533' title='bbox 2460 2877 2668 2931; x_wconf 87' lang='lat' dir='ltr'>faceret</span> <span class='ocrx_word' id='word_1_534' title='bbox 2689 2876 2975 2946; x_wconf 90' lang='lat' dir='ltr'>judicium</span> <span class='ocrx_word' id='word_1_535' title='bbox 3004 2881 3062 2930; x_wconf 87' lang='lat' dir='ltr'>et</span> <span class='ocrx_word' id='word_1_536' title='bbox 3079 2877 3362 2947; x_wconf 86' lang='lat' dir='ltr'>justitiam</span> 
     </span>
    </p>
   </div>
   <div class='ocr_carea' id='block_1_73' title="bbox 1723 2969 3362 3041">
    <p class='ocr_par' dir='ltr' id='par_1_73' title="bbox 1723 2969 3362 3041">
     <span class='ocr_line' id='line_1_73' title="bbox 1723 2969 3362 3041; baseline 0 -17"><span class='ocrx_word' id='word_1_537' title='bbox 1723 2971 1781 3026; x_wconf 88' lang='lat' dir='ltr'>in</span> <span class='ocrx_word' id='word_1_538' title='bbox 1808 2971 1994 3026; x_wconf 91' lang='lat' dir='ltr'>medio</span> <span class='ocrx_word' id='word_1_539' title='bbox 2021 2971 2263 3041; x_wconf 86' lang='lat' dir='ltr'>populi?</span> <span class='ocrx_word' id='word_1_540' title='bbox 2283 2971 2422 3024; x_wconf 82' lang='lat' dir='ltr'>Nam</span> <span class='ocrx_word' id='word_1_541' title='bbox 2441 2970 2674 3024; x_wconf 89' lang='lat' dir='ltr'>devotus</span> <span class='ocrx_word' id='word_1_542' title='bbox 2695 2986 2794 3024; x_wconf 88' lang='lat' dir='ltr'>rex</span> <span class='ocrx_word' id='word_1_543' title='bbox 2822 2986 2924 3040; x_wconf 90' lang='lat' dir='ltr'>per</span> <span class='ocrx_word' id='word_1_544' title='bbox 2941 2969 3165 3024; x_wconf 86' lang='lat' dir='ltr'>ﬁdelem</span> <span class='ocrx_word' id='word_1_545' title='bbox 3194 2986 3362 3024; x_wconf 92' lang='lat' dir='ltr'>suum</span> 
     </span>
    </p>
   </div>
   <div class='ocr_carea' id='block_1_74' title="bbox 1721 3063 3363 3120">
    <p class='ocr_par' dir='ltr' id='par_1_74' title="bbox 1721 3063 3363 3120">
     <span class='ocr_line' id='line_1_74' title="bbox 1721 3063 3363 3120; baseline -0.001 -1"><span class='ocrx_word' id='word_1_546' title='bbox 1721 3065 1907 3120; x_wconf 87' lang='lat' dir='ltr'>virum</span> <span class='ocrx_word' id='word_1_547' title='bbox 1953 3064 2232 3118; x_wconf 88' lang='lat' dir='ltr'>illustrem</span> <span class='ocrx_word' id='word_1_548' title='bbox 2279 3063 2564 3118; x_wconf 87' lang='lat' dir='ltr'>Justinum</span> <span class='ocrx_word' id='word_1_549' title='bbox 2622 3063 2885 3118; x_wconf 90' lang='lat' dir='ltr'>comitem</span> <span class='ocrx_word' id='word_1_550' title='bbox 2935 3064 3244 3118; x_wconf 89' lang='lat' dir='ltr'>transmisit</span> <span class='ocrx_word' id='word_1_551' title='bbox 3291 3063 3363 3118; x_wconf 87' lang='lat' dir='ltr'>ad</span> 
     </span>
    </p>
   </div>
   <div class='ocr_carea' id='block_1_75' title="bbox 1724 3162 3363 3233">
    <p class='ocr_par' dir='ltr' id='par_1_75' title="bbox 1724 3162 3363 3233">
     <span class='ocr_line' id='line_1_75' title="bbox 1724 3162 3363 3233; baseline 0 -17"><span class='ocrx_word' id='word_1_552' title='bbox 1724 3162 1915 3216; x_wconf 90' lang='lat' dir='ltr'>virum</span> <span class='ocrx_word' id='word_1_553' title='bbox 1951 3162 2322 3233; x_wconf 89' lang='lat' dir='ltr'>apostolicum</span> <span class='ocrx_word' id='word_1_554' title='bbox 2366 3163 2644 3217; x_wconf 87' lang='lat' dir='ltr'>domuum</span> <span class='ocrx_word' id='word_1_555' title='bbox 2688 3163 3041 3216; x_wconf 87' lang='lat' dir='ltr'>Eufromium</span> <span class='ocrx_word' id='word_1_556' title='bbox 3087 3163 3154 3233; x_wconf 86' lang='lat' dir='ltr'>(b)</span> <span class='ocrx_word' id='word_1_557' title='bbox 3185 3164 3363 3216; x_wconf 84' lang='lat' dir='ltr'>Turo-</span> 
     </span>
    </p>
   </div>
   <div class='ocr_carea' id='block_1_76' title="bbox 1725 3260 3361 3332">
    <p class='ocr_par' dir='ltr' id='par_1_76' title="bbox 1725 3260 3361 3332">
     <span class='ocr_line' id='line_1_76' title="bbox 1725 3260 3361 3332; baseline -0.001 -17"><span class='ocrx_word' id='word_1_558' title='bbox 1725 3260 1864 3315; x_wconf 81' lang='lat' dir='ltr'>nicae</span> <span class='ocrx_word' id='word_1_559' title='bbox 1891 3260 2129 3314; x_wconf 87' lang='lat' dir='ltr'>civitatis</span> <span class='ocrx_word' id='word_1_560' title='bbox 2154 3261 2501 3332; x_wconf 83' lang='lat' dir='ltr'>episcopum,</span> <span class='ocrx_word' id='word_1_561' title='bbox 2529 3265 2595 3315; x_wconf 89' lang='lat' dir='ltr'>ut</span> <span class='ocrx_word' id='word_1_562' title='bbox 2623 3277 2755 3314; x_wconf 90' lang='lat' dir='ltr'>cum</span> <span class='ocrx_word' id='word_1_563' title='bbox 2780 3261 2999 3316; x_wconf 92' lang='lat' dir='ltr'>honore</span> <span class='ocrx_word' id='word_1_564' title='bbox 3037 3260 3211 3332; x_wconf 88' lang='lat' dir='ltr'>digno</span> <span class='ocrx_word' id='word_1_565' title='bbox 3245 3260 3361 3332; x_wconf 45' lang='lat' dir='ltr'>glo‘</span> 
     </span>
    </p>
   </div>
   <div class='ocr_carea' id='block_1_77' title="bbox 1725 3353 3367 3426">
    <p class='ocr_par' dir='ltr' id='par_1_77' title="bbox 1725 3353 3367 3426">
     <span class='ocr_line' id='line_1_77' title="bbox 1725 3353 3367 3426; baseline 0.001 -19"><span class='ocrx_word' id='word_1_566' title='bbox 1725 3354 1937 3408; x_wconf 89' lang='lat' dir='ltr'>riosam</span> <span class='ocrx_word' id='word_1_567' title='bbox 1982 3371 2210 3408; x_wconf 90' lang='lat' dir='ltr'>crucem</span> <span class='ocrx_word' id='word_1_568' title='bbox 2238 3353 2459 3407; x_wconf 91' lang='lat' dir='ltr'>Domini</span> <span class='ocrx_word' id='word_1_569' title='bbox 2502 3354 2589 3408; x_wconf 89' lang='lat' dir='ltr'>vel</span> <span class='ocrx_word' id='word_1_570' title='bbox 2633 3359 2958 3409; x_wconf 89' lang='lat' dir='ltr'>sanctorum</span> <span class='ocrx_word' id='word_1_571' title='bbox 3001 3354 3269 3426; x_wconf 89' lang='lat' dir='ltr'>reliquias</span> <span class='ocrx_word' id='word_1_572' title='bbox 3307 3353 3367 3408; x_wconf 92' lang='lat' dir='ltr'>in</span> 
     </span>
    </p>
   </div>
   <div class='ocr_carea' id='block_1_78' title="bbox 1727 3447 3368 3519">
    <p class='ocr_par' dir='ltr' id='par_1_78' title="bbox 1727 3447 3368 3519">
     <span class='ocr_line' id='line_1_78' title="bbox 1727 3447 3368 3519; baseline 0.001 -18"><span class='ocrx_word' id='word_1_573' title='bbox 1727 3447 2069 3502; x_wconf 88' lang='lat' dir='ltr'>monasterio</span> <span class='ocrx_word' id='word_1_574' title='bbox 2105 3448 2327 3502; x_wconf 76' lang='lat' dir='ltr'>domnae</span> <span class='ocrx_word' id='word_1_575' title='bbox 2360 3447 2722 3518; x_wconf 80' lang='lat' dir='ltr'>Radegimdis</span> <span class='ocrx_word' id='word_1_576' title='bbox 2748 3448 3178 3519; x_wconf 82' lang='lat' dir='ltr'>introponeret;</span> <span class='ocrx_word' id='word_1_577' title='bbox 3213 3447 3368 3519; x_wconf 89' lang='lat' dir='ltr'>quod</span> 
     </span>
    </p>
   </div>
   <div class='ocr_carea' id='block_1_79' title="bbox 1728 3541 3369 3612">
    <p class='ocr_par' dir='ltr' id='par_1_79' title="bbox 1728 3541 3369 3612">
     <span class='ocr_line' id='line_1_79' title="bbox 1728 3541 3369 3612; baseline -0.001 -17"><span class='ocrx_word' id='word_1_578' title='bbox 1728 3546 1784 3596; x_wconf 92' lang='lat' dir='ltr'>et</span> <span class='ocrx_word' id='word_1_579' title='bbox 1812 3542 2024 3596; x_wconf 90' lang='lat' dir='ltr'>factum</span> <span class='ocrx_word' id='word_1_580' title='bbox 2062 3545 2166 3596; x_wconf 90' lang='lat' dir='ltr'>est.</span> <span class='ocrx_word' id='word_1_581' title='bbox 2203 3541 2483 3595; x_wconf 89' lang='lat' dir='ltr'>Exultavit</span> <span class='ocrx_word' id='word_1_582' title='bbox 2522 3541 2582 3595; x_wconf 91' lang='lat' dir='ltr'>in</span> <span class='ocrx_word' id='word_1_583' title='bbox 2613 3542 2818 3612; x_wconf 83' lang='lat' dir='ltr'>gaudio</span> <span class='ocrx_word' id='word_1_584' title='bbox 2862 3543 3026 3596; x_wconf 90' lang='lat' dir='ltr'>beata</span> <span class='ocrx_word' id='word_1_585' title='bbox 3055 3558 3186 3596; x_wconf 92' lang='lat' dir='ltr'>cum</span> <span class='ocrx_word' id='word_1_586' title='bbox 3213 3542 3369 3595; x_wconf 89' lang='lat' dir='ltr'>omni</span> 
     </span>
    </p>
   </div>
   <div class='ocr_carea' id='block_1_80' title="bbox 1729 3635 3364 3706">
    <p class='ocr_par' dir='ltr' id='par_1_80' title="bbox 1729 3635 3364 3706">
     <span class='ocr_line' id='line_1_80' title="bbox 1729 3635 3364 3706; baseline -0.001 -16"><span class='ocrx_word' id='word_1_587' title='bbox 1729 3635 1871 3690; x_wconf 90' lang='lat' dir='ltr'>cella</span> <span class='ocrx_word' id='word_1_588' title='bbox 1899 3651 2018 3702; x_wconf 89' lang='lat' dir='ltr'>sua,</span> <span class='ocrx_word' id='word_1_589' title='bbox 2052 3651 2222 3706; x_wconf 91' lang='lat' dir='ltr'>seque</span> <span class='ocrx_word' id='word_1_590' title='bbox 2257 3635 2362 3689; x_wconf 93' lang='lat' dir='ltr'>hoc</span> <span class='ocrx_word' id='word_1_591' title='bbox 2389 3636 2458 3690; x_wconf 92' lang='lat' dir='ltr'>de</span> <span class='ocrx_word' id='word_1_592' title='bbox 2496 3635 2648 3690; x_wconf 61' lang='lat' dir='ltr'>caelis</span> <span class='ocrx_word' id='word_1_593' title='bbox 2675 3636 2890 3690; x_wconf 88' lang='lat' dir='ltr'>donum</span> <span class='ocrx_word' id='word_1_594' title='bbox 2939 3635 3155 3688; x_wconf 91' lang='lat' dir='ltr'>bonum</span> <span class='ocrx_word' id='word_1_595' title='bbox 3182 3639 3238 3689; x_wconf 90' lang='lat' dir='ltr'>et</span> <span class='ocrx_word' id='word_1_596' title='bbox 3263 3635 3364 3688; x_wconf 82' lang='lat' dir='ltr'>da-</span> 
     </span>
    </p>
   </div>
   <div class='ocr_carea' id='block_1_81' title="bbox 1727 3727 3368 3801">
    <p class='ocr_par' dir='ltr' id='par_1_81' title="bbox 1727 3727 3368 3801">
     <span class='ocr_line' id='line_1_81' title="bbox 1727 3727 3368 3801; baseline -0.002 -17"><span class='ocrx_word' id='word_1_597' title='bbox 1727 3734 1852 3784; x_wconf 87' lang='lat' dir='ltr'>tum</span> <span class='ocrx_word' id='word_1_598' title='bbox 1887 3728 2202 3799; x_wconf 87' lang='lat' dir='ltr'>perfectum</span> <span class='ocrx_word' id='word_1_599' title='bbox 2232 3745 2347 3783; x_wconf 83' lang='lat' dir='ltr'>suae</span> <span class='ocrx_word' id='word_1_600' title='bbox 2371 3728 2819 3801; x_wconf 88' lang='lat' dir='ltr'>congregationi,</span> <span class='ocrx_word' id='word_1_601' title='bbox 2841 3744 3013 3799; x_wconf 89' lang='lat' dir='ltr'>quam</span> <span class='ocrx_word' id='word_1_602' title='bbox 3041 3728 3113 3782; x_wconf 91' lang='lat' dir='ltr'>ad</span> <span class='ocrx_word' id='word_1_603' title='bbox 3147 3727 3368 3781; x_wconf 90' lang='lat' dir='ltr'>Domini</span> 
     </span>
    </p>
   </div>
   <div class='ocr_carea' id='block_1_82' title="bbox 1730 3820 3370 3893">
    <p class='ocr_par' dir='ltr' id='par_1_82' title="bbox 1730 3820 3370 3893">
     <span class='ocr_line' id='line_1_82' title="bbox 1730 3820 3370 3893; baseline -0.002 -16"><span class='ocrx_word' id='word_1_604' title='bbox 1730 3822 2025 3877; x_wconf 90' lang='lat' dir='ltr'>servitium</span> <span class='ocrx_word' id='word_1_605' title='bbox 2051 3822 2437 3893; x_wconf 89' lang='lat' dir='ltr'>congregavit,</span> <span class='ocrx_word' id='word_1_606' title='bbox 2480 3822 2756 3888; x_wconf 89' lang='lat' dir='ltr'>contulit,</span> <span class='ocrx_word' id='word_1_607' title='bbox 2788 3821 2848 3875; x_wconf 92' lang='lat' dir='ltr'>in</span> <span class='ocrx_word' id='word_1_608' title='bbox 2893 3820 3096 3891; x_wconf 88' lang='lat' dir='ltr'>spiritu</span> <span class='ocrx_word' id='word_1_609' title='bbox 3123 3820 3370 3875; x_wconf 89' lang='lat' dir='ltr'>sentiens</span> 
     </span>
    </p>
   </div>
   <div class='ocr_carea' id='block_1_83' title="bbox 1731 3915 3368 3988">
    <p class='ocr_par' dir='ltr' id='par_1_83' title="bbox 1731 3915 3368 3988">
     <span class='ocr_line' id='line_1_83' title="bbox 1731 3915 3368 3988; baseline -0.002 -16"><span class='ocrx_word' id='word_1_610' title='bbox 1731 3917 1882 3988; x_wconf 89' lang='lat' dir='ltr'>quod</span> <span class='ocrx_word' id='word_1_611' title='bbox 1932 3919 2060 3986; x_wconf 87' lang='lat' dir='ltr'>post</span> <span class='ocrx_word' id='word_1_612' title='bbox 2107 3915 2227 3986; x_wconf 90' lang='lat' dir='ltr'>ejus</span> <span class='ocrx_word' id='word_1_613' title='bbox 2281 3915 2584 3970; x_wconf 89' lang='lat' dir='ltr'>transitum</span> <span class='ocrx_word' id='word_1_614' title='bbox 2637 3931 2842 3987; x_wconf 88' lang='lat' dir='ltr'>parum</span> <span class='ocrx_word' id='word_1_615' title='bbox 2904 3915 3113 3970; x_wconf 89' lang='lat' dir='ltr'>habere</span> <span class='ocrx_word' id='word_1_616' title='bbox 3162 3918 3368 3986; x_wconf 86' lang='lat' dir='ltr'>posset.</span> 
     </span>
    </p>
   </div>
   <div class='ocr_carea' id='block_1_84' title="bbox 1730 4008 3369 4081">
    <p class='ocr_par' dir='ltr' id='par_1_84' title="bbox 1730 4008 3369 4081">
     <span class='ocr_line' id='line_1_84' title="bbox 1730 4008 3369 4081; baseline -0.001 -15"><span class='ocrx_word' id='word_1_617' title='bbox 1730 4012 2085 4080; x_wconf 87' lang='lat' dir='ltr'>Quamquam</span> <span class='ocrx_word' id='word_1_618' title='bbox 2112 4009 2205 4062; x_wconf 92' lang='lat' dir='ltr'>illa</span> <span class='ocrx_word' id='word_1_619' title='bbox 2241 4025 2372 4064; x_wconf 90' lang='lat' dir='ltr'>cum</span> <span class='ocrx_word' id='word_1_620' title='bbox 2400 4026 2533 4081; x_wconf 91' lang='lat' dir='ltr'>rege</span> <span class='ocrx_word' id='word_1_621' title='bbox 2559 4009 2681 4065; x_wconf 90' lang='lat' dir='ltr'>coeli</span> <span class='ocrx_word' id='word_1_622' title='bbox 2722 4009 3085 4080; x_wconf 90' lang='lat' dir='ltr'>gloriaretur,</span> <span class='ocrx_word' id='word_1_623' title='bbox 3115 4008 3264 4064; x_wconf 90' lang='lat' dir='ltr'>unde</span> <span class='ocrx_word' id='word_1_624' title='bbox 3289 4008 3369 4064; x_wconf 85' lang='lat' dir='ltr'>eis</span> 
     </span>
    </p>
   </div>
   <div class='ocr_carea' id='block_1_85' title="bbox 1732 4102 3373 4175">
    <p class='ocr_par' dir='ltr' id='par_1_85' title="bbox 1732 4102 3373 4175">
     <span class='ocr_line' id='line_1_85' title="bbox 1732 4102 3373 4175; baseline -0.001 -16"><span class='ocrx_word' id='word_1_625' title='bbox 1732 4102 2030 4159; x_wconf 89' lang='lat' dir='ltr'>subvenire</span> <span class='ocrx_word' id='word_1_626' title='bbox 2059 4107 2250 4173; x_wconf 90' lang='lat' dir='ltr'>posset</span> <span class='ocrx_word' id='word_1_627' title='bbox 2279 4119 2291 4157; x_wconf 91' lang='lat'>:</span> <span class='ocrx_word' id='word_1_628' title='bbox 2335 4103 2442 4158; x_wconf 92' lang='lat' dir='ltr'>hoc</span> <span class='ocrx_word' id='word_1_629' title='bbox 2471 4104 2684 4158; x_wconf 89' lang='lat' dir='ltr'>donum</span> <span class='ocrx_word' id='word_1_630' title='bbox 2711 4104 2932 4159; x_wconf 83' lang='lat' dir='ltr'>caeleste</span> <span class='ocrx_word' id='word_1_631' title='bbox 2962 4103 3238 4174; x_wconf 87' lang='lat' dir='ltr'>provitrix</span> <span class='ocrx_word' id='word_1_632' title='bbox 3277 4120 3373 4175; x_wconf 78' lang='lat' dir='ltr'>op-</span> 
     </span>
    </p>
   </div>
   <div class='ocr_carea' id='block_1_86' title="bbox 1735 4197 3374 4271">
    <p class='ocr_par' dir='ltr' id='par_1_86' title="bbox 1735 4197 3374 4271">
     <span class='ocr_line' id='line_1_86' title="bbox 1735 4197 3374 4271; baseline -0.001 -18"><span class='ocrx_word' id='word_1_633' title='bbox 1735 4199 1892 4268; x_wconf 88' lang='lat' dir='ltr'>tima,</span> <span class='ocrx_word' id='word_1_634' title='bbox 1925 4197 2296 4271; x_wconf 85' lang='lat' dir='ltr'>gubernatrix</span> <span class='ocrx_word' id='word_1_635' title='bbox 2323 4197 2474 4252; x_wconf 90' lang='lat' dir='ltr'>bona</span> <span class='ocrx_word' id='word_1_636' title='bbox 2497 4238 2510 4264; x_wconf 93' lang='lat'>,</span> <span class='ocrx_word' id='word_1_637' title='bbox 2539 4201 2606 4252; x_wconf 89' lang='lat' dir='ltr'>ut</span> <span class='ocrx_word' id='word_1_638' title='bbox 2650 4213 2780 4253; x_wconf 89' lang='lat' dir='ltr'>oves</span> <span class='ocrx_word' id='word_1_639' title='bbox 2809 4214 2927 4252; x_wconf 91' lang='lat' dir='ltr'>non</span> <span class='ocrx_word' id='word_1_640' title='bbox 2966 4213 3374 4269; x_wconf 88' lang='lat' dir='ltr'>usquequaque</span> 
     </span>
    </p>
   </div>
   <div class='ocr_carea' id='block_1_87' title="bbox 1735 4282 3368 4365">
    <p class='ocr_par' dir='ltr' id='par_1_87' title="bbox 1735 4282 3368 4365">
     <span class='ocr_line' id='line_1_87' title="bbox 1735 4282 3368 4365; baseline -0.001 -18"><span class='ocrx_word' id='word_1_641' title='bbox 1735 4293 2099 4365; x_wconf 88' lang='lat' dir='ltr'>relinqueret,</span> <span class='ocrx_word' id='word_1_642' title='bbox 2118 4292 2366 4364; x_wconf 90' lang='lat' dir='ltr'>pretium</span> <span class='ocrx_word' id='word_1_643' title='bbox 2393 4291 2593 4347; x_wconf 92' lang='lat' dir='ltr'>mundi</span> <span class='ocrx_word' id='word_1_644' title='bbox 2614 4293 2683 4347; x_wconf 86' lang='lat' dir='ltr'>de</span> <span class='ocrx_word' id='word_1_645' title='bbox 2710 4291 2947 4363; x_wconf 90' lang='lat' dir='ltr'>pignore</span> <span class='ocrx_word' id='word_1_646' title='bbox 2964 4282 3192 4360; x_wconf 87' lang='lat' dir='ltr'>Christi,</span> <span class='ocrx_word' id='word_1_647' title='bbox 3217 4293 3368 4362; x_wconf 92' lang='lat' dir='ltr'>quod</span> 
     </span>
    </p>
   </div>
   <div class='ocr_carea' id='block_1_88' title="bbox 1735 4380 3372 4455">
    <p class='ocr_par' dir='ltr' id='par_1_88' title="bbox 1735 4380 3372 4455">
     <span class='ocr_line' id='line_1_88' title="bbox 1735 4380 3372 4455; baseline -0.002 -17"><span class='ocrx_word' id='word_1_648' title='bbox 1735 4384 1803 4438; x_wconf 92' lang='lat' dir='ltr'>de</span> <span class='ocrx_word' id='word_1_649' title='bbox 1833 4383 2149 4455; x_wconf 89' lang='lat' dir='ltr'>longinqua</span> <span class='ocrx_word' id='word_1_650' title='bbox 2173 4382 2407 4453; x_wconf 90' lang='lat' dir='ltr'>regione</span> <span class='ocrx_word' id='word_1_651' title='bbox 2447 4381 2699 4452; x_wconf 88' lang='lat' dir='ltr'>expetiit,</span> <span class='ocrx_word' id='word_1_652' title='bbox 2742 4381 2813 4436; x_wconf 90' lang='lat' dir='ltr'>ad</span> <span class='ocrx_word' id='word_1_653' title='bbox 2857 4381 3133 4435; x_wconf 91' lang='lat' dir='ltr'>honorem</span> <span class='ocrx_word' id='word_1_654' title='bbox 3179 4380 3288 4434; x_wconf 93' lang='lat' dir='ltr'>loci</span> <span class='ocrx_word' id='word_1_655' title='bbox 3315 4386 3372 4435; x_wconf 90' lang='lat' dir='ltr'>et</span> 
     </span>
    </p>
   </div>
   <div class='ocr_carea' id='block_1_89' title="bbox 1735 4473 3370 4548">
    <p class='ocr_par' dir='ltr' id='par_1_89' title="bbox 1735 4473 3370 4548">
     <span class='ocr_line' id='line_1_89' title="bbox 1735 4473 3370 4548; baseline -0.003 -16"><span class='ocrx_word' id='word_1_656' title='bbox 1735 4477 2102 4533; x_wconf 88' lang='lat' dir='ltr'>salvationem</span> <span class='ocrx_word' id='word_1_657' title='bbox 2145 4476 2339 4548; x_wconf 91' lang='lat' dir='ltr'>p0puli</span> <span class='ocrx_word' id='word_1_658' title='bbox 2383 4492 2486 4530; x_wconf 90' lang='lat' dir='ltr'>suo</span> <span class='ocrx_word' id='word_1_659' title='bbox 2521 4476 2582 4529; x_wconf 93' lang='lat' dir='ltr'>in</span> <span class='ocrx_word' id='word_1_660' title='bbox 2630 4474 2969 4529; x_wconf 88' lang='lat' dir='ltr'>monasterio</span> <span class='ocrx_word' id='word_1_661' title='bbox 2998 4473 3239 4542; x_wconf 87' lang='lat' dir='ltr'>dimisit;</span> <span class='ocrx_word' id='word_1_662' title='bbox 3273 4473 3370 4527; x_wconf 91' lang='lat' dir='ltr'>ubi</span> 
     </span>
    </p>
   </div>
   <div class='ocr_carea' id='block_1_90' title="bbox 33 4562 3368 4641">
    <p class='ocr_par' dir='ltr' id='par_1_90' title="bbox 33 4562 3368 4641">
     <span class='ocr_line' id='line_1_90' title="bbox 33 4562 3368 4641; baseline -0.001 -23"><span class='ocrx_word' id='word_1_663' title='bbox 33 4564 211 4621; x_wconf 87' lang='lat' dir='ltr'>)omini</span> <span class='ocrx_word' id='word_1_664' title='bbox 246 4570 315 4623; x_wconf 92' lang='lat' dir='ltr'>ab</span> <span class='ocrx_word' id='word_1_665' title='bbox 341 4569 691 4641; x_wconf 86' lang='lat' dir='ltr'>imperatore</span> <span class='ocrx_word' id='word_1_666' title='bbox 724 4566 978 4640; x_wconf 72' lang='lat' dir='ltr'>[Iustino]</span> <span class='ocrx_word' id='word_1_667' title='bbox 1015 4573 1280 4640; x_wconf 89' lang='lat' dir='ltr'>expetere</span> <span class='ocrx_word' id='word_1_668' title='bbox 1309 4585 1323 4622; x_wconf 87' lang='lat'><strong>:</strong></span> <span class='ocrx_word' id='word_1_669' title='bbox 1351 4567 1503 4639; x_wconf 91' lang='lat' dir='ltr'>quod</span> <span class='ocrx_word' id='word_1_670' title='bbox 1534 4567 1629 4622; x_wconf 91' lang='lat' dir='ltr'>ille</span> <span class='ocrx_word' id='word_1_671' title='bbox 1649 4565 1708 4638; x_wconf 89' lang='lat' dir='ltr'>D</span> <span class='ocrx_word' id='word_1_672' title='bbox 1731 4567 1937 4622; x_wconf 91' lang='lat' dir='ltr'>virtute</span> <span class='ocrx_word' id='word_1_673' title='bbox 1984 4567 2082 4622; x_wconf 91' lang='lat' dir='ltr'>Dei</span> <span class='ocrx_word' id='word_1_674' title='bbox 2132 4568 2489 4637; x_wconf 89' lang='lat' dir='ltr'>cooperante,</span> <span class='ocrx_word' id='word_1_675' title='bbox 2522 4563 2776 4635; x_wconf 89' lang='lat' dir='ltr'>potentia</span> <span class='ocrx_word' id='word_1_676' title='bbox 2819 4562 2943 4618; x_wconf 89' lang='lat' dir='ltr'>coeli</span> <span class='ocrx_word' id='word_1_677' title='bbox 2987 4562 3368 4632; x_wconf 89' lang='lat' dir='ltr'>ministrante,</span> 
     </span>
    </p>
   </div>
   <div class='ocr_carea' id='block_1_91' title="bbox 34 4660 1631 4734">
    <p class='ocr_par' dir='ltr' id='par_1_91' title="bbox 34 4660 1631 4734">
     <span class='ocr_line' id='line_1_91' title="bbox 34 4660 1631 4734; baseline 0.003 -22"><span class='ocrx_word' id='word_1_678' title='bbox 34 4660 390 4733; x_wconf 73' lang='lat' dir='ltr'>ienignissime</span> <span class='ocrx_word' id='word_1_679' title='bbox 422 4663 493 4718; x_wconf 89' lang='lat' dir='ltr'>ad</span> <span class='ocrx_word' id='word_1_680' title='bbox 517 4662 851 4734; x_wconf 88' lang='lat' dir='ltr'>petitionem</span> <span class='ocrx_word' id='word_1_681' title='bbox 879 4667 1085 4718; x_wconf 78' lang='lat' dir='ltr'>sanctae</span> <span class='ocrx_word' id='word_1_682' title='bbox 1103 4661 1317 4732; x_wconf 76' lang='lat' dir='ltr'>reginas</span> <span class='ocrx_word' id='word_1_683' title='bbox 1335 4677 1631 4717; x_wconf 90' lang='lat' dir='ltr'>assensum</span> 
     </span>
    </p>
   </div>
   <div class='ocr_carea' id='block_1_92' title="bbox 33 4759 1629 4832">
    <p class='ocr_par' dir='ltr' id='par_1_92' title="bbox 33 4759 1629 4832">
     <span class='ocr_line' id='line_1_92' title="bbox 33 4759 1629 4832; baseline 0.002 -22"><span class='ocrx_word' id='word_1_684' title='bbox 33 4759 252 4816; x_wconf 76' lang='lat' dir='ltr'>mebuit.</span> <span class='ocrx_word' id='word_1_685' title='bbox 295 4762 393 4817; x_wconf 87' lang='lat' dir='ltr'>Illa</span> <span class='ocrx_word' id='word_1_686' title='bbox 435 4760 734 4817; x_wconf 86' lang='lat' dir='ltr'>devotione</span> <span class='ocrx_word' id='word_1_687' title='bbox 769 4761 956 4832; x_wconf 90' lang='lat' dir='ltr'>plena,</span> <span class='ocrx_word' id='word_1_688' title='bbox 999 4759 1278 4815; x_wconf 88' lang='lat' dir='ltr'>desiderio</span> <span class='ocrx_word' id='word_1_689' title='bbox 1305 4775 1536 4815; x_wconf 89' lang='lat' dir='ltr'>accensa</span> <span class='ocrx_word' id='word_1_690' title='bbox 1559 4759 1629 4814; x_wconf 89' lang='lat' dir='ltr'>ad</span> 
     </span>
    </p>
   </div>
   <div class='ocr_carea' id='block_1_93' title="bbox 35 4858 1631 4930">
    <p class='ocr_par' dir='ltr' id='par_1_93' title="bbox 35 4858 1631 4930">
     <span class='ocr_line' id='line_1_93' title="bbox 35 4858 1631 4930; baseline 0 -20"><span class='ocrx_word' id='word_1_691' title='bbox 35 4864 391 4928; x_wconf 90' lang='lat' dir='ltr'>mperatorem</span> <span class='ocrx_word' id='word_1_692' title='bbox 430 4876 547 4914; x_wconf 92' lang='lat' dir='ltr'>non</span> <span class='ocrx_word' id='word_1_693' title='bbox 595 4874 837 4914; x_wconf 90' lang='lat' dir='ltr'>munera</span> <span class='ocrx_word' id='word_1_694' title='bbox 876 4858 1091 4930; x_wconf 90' lang='lat' dir='ltr'>dirigit,</span> <span class='ocrx_word' id='word_1_695' title='bbox 1135 4874 1264 4930; x_wconf 81' lang='lat' dir='ltr'>quae</span> <span class='ocrx_word' id='word_1_696' title='bbox 1297 4874 1355 4913; x_wconf 89' lang='lat' dir='ltr'>se</span> <span class='ocrx_word' id='word_1_697' title='bbox 1397 4861 1631 4929; x_wconf 84' lang='lat' dir='ltr'>prepter</span> 
     </span>
    </p>
   </div>
   <div class='ocr_carea' id='block_1_94' title="bbox 33 4951 1630 5027">
    <p class='ocr_par' dir='ltr' id='par_1_94' title="bbox 33 4951 1630 5027">
     <span class='ocr_line' id='line_1_94' title="bbox 33 4951 1630 5027; baseline -0.001 -21"><span class='ocrx_word' id='word_1_698' title='bbox 33 4951 172 5007; x_wconf 77' lang='lat' dir='ltr'>lcum</span> <span class='ocrx_word' id='word_1_699' title='bbox 195 4971 509 5027; x_wconf 88' lang='lat' dir='ltr'>pauperem</span> <span class='ocrx_word' id='word_1_700' title='bbox 544 4953 676 5009; x_wconf 89' lang='lat' dir='ltr'>fecit</span> <span class='ocrx_word' id='word_1_701' title='bbox 685 4971 702 5023; x_wconf 83' lang='lat'>;</span> <span class='ocrx_word' id='word_1_702' title='bbox 745 4953 842 5008; x_wconf 91' lang='lat' dir='ltr'>sed</span> <span class='ocrx_word' id='word_1_703' title='bbox 872 4952 1124 5008; x_wconf 90' lang='lat' dir='ltr'>oratione</span> <span class='ocrx_word' id='word_1_704' title='bbox 1156 4952 1466 5022; x_wconf 90' lang='lat' dir='ltr'>obtinente,</span> <span class='ocrx_word' id='word_1_705' title='bbox 1501 4967 1630 5005; x_wconf 90' lang='lat' dir='ltr'>cum</span> 
     </span>
    </p>
   </div>
   <div class='ocr_carea' id='block_1_95' title="bbox 34 5045 1628 5120">
    <p class='ocr_par' dir='ltr' id='par_1_95' title="bbox 34 5045 1628 5120">
     <span class='ocr_line' id='line_1_95' title="bbox 34 5045 1628 5120; baseline 0.003 -24"><span class='ocrx_word' id='word_1_706' title='bbox 34 5048 262 5104; x_wconf 88' lang='lat' dir='ltr'>:omitatu</span> <span class='ocrx_word' id='word_1_707' title='bbox 303 5052 635 5104; x_wconf 90' lang='lat' dir='ltr'>sanctorum</span> <span class='ocrx_word' id='word_1_708' title='bbox 678 5063 820 5120; x_wconf 88' lang='lat' dir='ltr'>quos</span> <span class='ocrx_word' id='word_1_709' title='bbox 863 5045 1269 5103; x_wconf 88' lang='lat' dir='ltr'>incessabiliter</span> <span class='ocrx_word' id='word_1_710' title='bbox 1314 5046 1628 5116; x_wconf 89' lang='lat' dir='ltr'>invocabat,</span> 
     </span>
    </p>
   </div>
   <div class='ocr_carea' id='block_1_96' title="bbox 34 5139 1634 5214">
    <p class='ocr_par' dir='ltr' id='par_1_96' title="bbox 34 5139 1634 5214">
     <span class='ocr_line' id='line_1_96' title="bbox 34 5139 1634 5214; baseline 0.001 -22"><span class='ocrx_word' id='word_1_711' title='bbox 34 5141 191 5196; x_wconf 88' lang='lat' dir='ltr'>nissos</span> <span class='ocrx_word' id='word_1_712' title='bbox 225 5160 355 5198; x_wconf 89' lang='lat' dir='ltr'>suos</span> <span class='ocrx_word' id='word_1_713' title='bbox 399 5142 625 5199; x_wconf 90' lang='lat' dir='ltr'>direxit.</span> <span class='ocrx_word' id='word_1_714' title='bbox 673 5142 784 5198; x_wconf 92' lang='lat' dir='ltr'>Sed</span> <span class='ocrx_word' id='word_1_715' title='bbox 821 5141 973 5214; x_wconf 91' lang='lat' dir='ltr'>quod</span> <span class='ocrx_word' id='word_1_716' title='bbox 1015 5158 1115 5196; x_wconf 87' lang='lat' dir='ltr'>sua</span> <span class='ocrx_word' id='word_1_717' title='bbox 1157 5146 1288 5195; x_wconf 89' lang='lat' dir='ltr'>vota</span> <span class='ocrx_word' id='word_1_718' title='bbox 1326 5139 1634 5212; x_wconf 89' lang='lat' dir='ltr'>poscebant</span> 
     </span>
    </p>
   </div>
   <div class='ocr_carea' id='block_1_97' title="bbox 34 5234 1634 5308">
    <p class='ocr_par' dir='ltr' id='par_1_97' title="bbox 34 5234 1634 5308">
     <span class='ocr_line' id='line_1_97' title="bbox 34 5234 1634 5308; baseline 0.001 -21"><span class='ocrx_word' id='word_1_719' title='bbox 34 5234 256 5308; x_wconf 66' lang='lat' dir='ltr'>ibtinuit,</span> <span class='ocrx_word' id='word_1_720' title='bbox 301 5243 368 5293; x_wconf 89' lang='lat' dir='ltr'>ut</span> <span class='ocrx_word' id='word_1_721' title='bbox 398 5238 629 5293; x_wconf 87' lang='lat' dir='ltr'>beatum</span> <span class='ocrx_word' id='word_1_722' title='bbox 664 5236 890 5308; x_wconf 89' lang='lat' dir='ltr'>lignum</span> <span class='ocrx_word' id='word_1_723' title='bbox 926 5236 1107 5290; x_wconf 91' lang='lat' dir='ltr'>crucis</span> <span class='ocrx_word' id='word_1_724' title='bbox 1148 5234 1376 5289; x_wconf 89' lang='lat' dir='ltr'>Domini</span> <span class='ocrx_word' id='word_1_725' title='bbox 1415 5251 1553 5289; x_wconf 89' lang='lat' dir='ltr'>auro</span> <span class='ocrx_word' id='word_1_726' title='bbox 1579 5237 1634 5288; x_wconf 87' lang='lat' dir='ltr'>et</span> 
     </span>
    </p>
   </div>
   <div class='ocr_carea' id='block_1_98' title="bbox 33 5323 1629 5396">
    <p class='ocr_par' dir='ltr' id='par_1_98' title="bbox 33 5323 1629 5396">
     <span class='ocr_line' id='line_1_98' title="bbox 33 5323 1629 5396; baseline -0.001 -19"><span class='ocrx_word' id='word_1_727' title='bbox 33 5327 234 5391; x_wconf 71' lang='lat' dir='ltr'>gemmis</span> <span class='ocrx_word' id='word_1_728' title='bbox 286 5332 572 5394; x_wconf 90' lang='lat' dir='ltr'>ornatum,</span> <span class='ocrx_word' id='word_1_729' title='bbox 619 5332 676 5381; x_wconf 93' lang='lat' dir='ltr'>et</span> <span class='ocrx_word' id='word_1_730' title='bbox 728 5325 937 5380; x_wconf 89' lang='lat' dir='ltr'>multas</span> <span class='ocrx_word' id='word_1_731' title='bbox 984 5330 1307 5380; x_wconf 89' lang='lat' dir='ltr'>sanctorum</span> <span class='ocrx_word' id='word_1_732' title='bbox 1342 5323 1629 5396; x_wconf 90' lang='lat' dir='ltr'>reliquias,</span> 
     </span>
    </p>
   </div>
   <div class='ocr_carea' id='block_1_99' title="bbox 33 5417 1633 5488">
    <p class='ocr_par' dir='ltr' id='par_1_99' title="bbox 33 5417 1633 5488">
     <span class='ocr_line' id='line_1_99' title="bbox 33 5417 1633 5488; baseline 0 -18"><span class='ocrx_word' id='word_1_733' title='bbox 33 5431 134 5485; x_wconf 85' lang='lat' dir='ltr'>[uas</span> <span class='ocrx_word' id='word_1_734' title='bbox 172 5420 367 5475; x_wconf 90' lang='lat' dir='ltr'>Oriens</span> <span class='ocrx_word' id='word_1_735' title='bbox 409 5420 706 5488; x_wconf 86' lang='lat' dir='ltr'>retinebat,</span> <span class='ocrx_word' id='word_1_736' title='bbox 749 5436 866 5474; x_wconf 90' lang='lat' dir='ltr'>uno</span> <span class='ocrx_word' id='word_1_737' title='bbox 899 5419 1152 5474; x_wconf 89' lang='lat' dir='ltr'>residens</span> <span class='ocrx_word' id='word_1_738' title='bbox 1189 5419 1310 5472; x_wconf 94' lang='lat' dir='ltr'>loco</span> <span class='ocrx_word' id='word_1_739' title='bbox 1337 5435 1394 5472; x_wconf 90' lang='lat' dir='ltr'>se</span> <span class='ocrx_word' id='word_1_740' title='bbox 1423 5417 1633 5472; x_wconf 85' lang='lat' dir='ltr'>habere</span> 
     </span>
    </p>
   </div>
   <div class='ocr_carea' id='block_1_100' title="bbox 33 5509 1632 5587">
    <p class='ocr_par' dir='ltr' id='par_1_100' title="bbox 33 5509 1632 5587">
     <span class='ocr_line' id='line_1_100' title="bbox 33 5509 1632 5587; baseline 0.001 -24"><span class='ocrx_word' id='word_1_741' title='bbox 33 5509 230 5578; x_wconf 69' lang='lat' dir='ltr'>gloriata</span> <span class='ocrx_word' id='word_1_742' title='bbox 258 5520 364 5571; x_wconf 87' lang='lat' dir='ltr'>est.</span> <span class='ocrx_word' id='word_1_743' title='bbox 395 5515 474 5570; x_wconf 83' lang='lat' dir='ltr'>Ad</span> <span class='ocrx_word' id='word_1_744' title='bbox 493 5514 829 5587; x_wconf 90' lang='lat' dir='ltr'>petitionem</span> <span class='ocrx_word' id='word_1_745' title='bbox 870 5517 1076 5569; x_wconf 67' lang='lat' dir='ltr'>sancta:</span> <span class='ocrx_word' id='word_1_746' title='bbox 1102 5512 1415 5568; x_wconf 89' lang='lat' dir='ltr'>transmisit</span> <span class='ocrx_word' id='word_1_747' title='bbox 1450 5511 1632 5582; x_wconf 47' lang='lat' dir='ltr'>impe‘</span> 
     </span>
    </p>
   </div>
   <div class='ocr_carea' id='block_1_101' title="bbox 78 5669 1631 5744">
    <p class='ocr_par' dir='ltr' id='par_1_101' title="bbox 78 5669 1631 5744">
     <span class='ocr_line' id='line_1_101' title="bbox 78 5669 1631 5744; baseline -0.005 -15"><span class='ocrx_word' id='word_1_748' title='bbox 78 5670 142 5744; x_wconf 13' lang='lat' dir='ltr'>(Va)</span> <span class='ocrx_word' id='word_1_749' title='bbox 159 5671 458 5744; x_wconf 86' lang='lat' dir='ltr'>Gregorius</span> <span class='ocrx_word' id='word_1_750' title='bbox 474 5672 838 5741; x_wconf 88' lang='lat' dir='ltr'>Turonensis,</span> <span class='ocrx_word' id='word_1_751' title='bbox 856 5672 955 5727; x_wconf 90' lang='lat' dir='ltr'>lib.</span> <span class='ocrx_word' id='word_1_752' title='bbox 985 5675 1038 5741; x_wconf 88' lang='lat'>9,</span> <span class='ocrx_word' id='word_1_753' title='bbox 1061 5689 1109 5727; x_wconf 93' lang='lat' dir='ltr'>c.</span> <span class='ocrx_word' id='word_1_754' title='bbox 1140 5673 1207 5727; x_wconf 79' lang='grc'>40</span> <span class='ocrx_word' id='word_1_755' title='bbox 1243 5672 1480 5744; x_wconf 86' lang='lat' dir='ltr'>:Delatis</span> <span class='ocrx_word' id='word_1_756' title='bbox 1505 5669 1631 5744; x_wconf 55' lang='lat' dir='ltr'>reti--</span> 
     </span>
    </p>
   </div>
   <div class='ocr_carea' id='block_1_102' title="bbox 33 5739 1636 5815">
    <p class='ocr_par' dir='ltr' id='par_1_102' title="bbox 33 5739 1636 5815">
     <span class='ocr_line' id='line_1_102' title="bbox 33 5739 1636 5815; baseline -0.001 -21"><span class='ocrx_word' id='word_1_757' title='bbox 33 5739 159 5806; x_wconf 55' lang='lat' dir='ltr'>(uiis,</span> <span class='ocrx_word' id='word_1_758' title='bbox 187 5739 391 5815; x_wconf 74' lang='lat' dir='ltr'>inquit,</span> <span class='ocrx_word' id='word_1_759' title='bbox 411 5747 568 5815; x_wconf 86' lang='lat' dir='ltr'>petiit</span> <span class='ocrx_word' id='word_1_760' title='bbox 591 5747 785 5814; x_wconf 78' lang='lat' dir='ltr'>regina</span> <span class='ocrx_word' id='word_1_761' title='bbox 811 5739 1111 5815; x_wconf 75' lang='lat' dir='ltr'>episcopum</span> <span class='ocrx_word' id='word_1_762' title='bbox 1124 5749 1184 5799; x_wconf 83' lang='lat' dir='ltr'>ut</span> <span class='ocrx_word' id='word_1_763' title='bbox 1204 5759 1323 5798; x_wconf 82' lang='lat' dir='ltr'>cum</span> <span class='ocrx_word' id='word_1_764' title='bbox 1339 5743 1531 5797; x_wconf 84' lang='lat' dir='ltr'>honore</span> <span class='ocrx_word' id='word_1_765' title='bbox 1549 5739 1636 5794; x_wconf 84' lang='lat' dir='ltr'>de-</span> 
     </span>
    </p>
   </div>
   <div class='ocr_carea' id='block_1_103' title="bbox 33 5814 1633 5887">
    <p class='ocr_par' dir='ltr' id='par_1_103' title="bbox 33 5814 1633 5887">
     <span class='ocr_line' id='line_1_103' title="bbox 33 5814 1633 5887; baseline -0.005 -16"><span class='ocrx_word' id='word_1_766' title='bbox 33 5814 110 5887; x_wconf 75' lang='lat' dir='ltr'>n&#39;to</span> <span class='ocrx_word' id='word_1_767' title='bbox 126 5814 723 5887; x_wconf 74' lang='lat' dir='ltr'>grandiquepsallentio</span> <span class='ocrx_word' id='word_1_768' title='bbox 740 5818 799 5869; x_wconf 83' lang='lat' dir='ltr'>in</span> <span class='ocrx_word' id='word_1_769' title='bbox 817 5814 1198 5871; x_wconf 61' lang='lat' dir='ltr'>monasterium</span> <span class='ocrx_word' id='word_1_770' title='bbox 1213 5815 1633 5887; x_wconf 73' lang='lat' dir='ltr'>collocarentur:</span> 
     </span>
    </p>
   </div>
   <div class='ocr_carea' id='block_1_104' title="bbox 34 5885 1632 5962">
    <p class='ocr_par' dir='ltr' id='par_1_104' title="bbox 34 5885 1632 5962">
     <span class='ocr_line' id='line_1_104' title="bbox 34 5885 1632 5962; baseline -0.001 -22"><span class='ocrx_word' id='word_1_771' title='bbox 34 5885 96 5940; x_wconf 80' lang='lat' dir='ltr'>ed</span> <span class='ocrx_word' id='word_1_772' title='bbox 128 5887 217 5942; x_wconf 80' lang='lat' dir='ltr'>ille</span> <span class='ocrx_word' id='word_1_773' title='bbox 252 5885 542 5962; x_wconf 77' lang='lat' dir='ltr'>despiciens</span> <span class='ocrx_word' id='word_1_774' title='bbox 576 5890 967 5961; x_wconf 75' lang='lat' dir='ltr'>suggestionem</span> <span class='ocrx_word' id='word_1_775' title='bbox 1010 5887 1142 5960; x_wconf 82' lang='lat' dir='ltr'>ejus,</span> <span class='ocrx_word' id='word_1_776' title='bbox 1179 5888 1408 5944; x_wconf 74' lang='lat' dir='ltr'>ascensis</span> <span class='ocrx_word' id='word_1_777' title='bbox 1435 5885 1632 5957; x_wconf 79' lang='lat' dir='ltr'>equiti-</span> 
     </span>
    </p>
   </div>
   <div class='ocr_carea' id='block_1_105' title="bbox 1730 4656 3371 4728">
    <p class='ocr_par' dir='ltr' id='par_1_105' title="bbox 1730 4656 3371 4728">
     <span class='ocr_line' id='line_1_105' title="bbox 1730 4656 3371 4728; baseline -0.002 -12"><span class='ocrx_word' id='word_1_778' title='bbox 1730 4677 2014 4717; x_wconf 89' lang='lat' dir='ltr'>coecorum</span> <span class='ocrx_word' id='word_1_779' title='bbox 2063 4659 2212 4714; x_wconf 90' lang='lat' dir='ltr'>oculi</span> <span class='ocrx_word' id='word_1_780' title='bbox 2247 4661 2443 4714; x_wconf 90' lang='lat' dir='ltr'>lumen</span> <span class='ocrx_word' id='word_1_781' title='bbox 2469 4657 2770 4728; x_wconf 90' lang='lat' dir='ltr'>recipiunt,</span> <span class='ocrx_word' id='word_1_782' title='bbox 2797 4673 2963 4712; x_wconf 88' lang='lat' dir='ltr'>aures</span> <span class='ocrx_word' id='word_1_783' title='bbox 2999 4656 3184 4711; x_wconf 79' lang='lat' dir='ltr'>surdae</span> <span class='ocrx_word' id='word_1_784' title='bbox 3219 4661 3371 4728; x_wconf 50' lang='lat' dir='ltr'>pate.</span> 
     </span>
    </p>
   </div>
   <div class='ocr_carea' id='block_1_106' title="bbox 1729 4751 3374 4825">
    <p class='ocr_par' dir='ltr' id='par_1_106' title="bbox 1729 4751 3374 4825">
     <span class='ocr_line' id='line_1_106' title="bbox 1729 4751 3374 4825; baseline -0.002 -14"><span class='ocrx_word' id='word_1_785' title='bbox 1729 4756 1895 4823; x_wconf 86' lang='lat' dir='ltr'>fiunt,</span> <span class='ocrx_word' id='word_1_786' title='bbox 1923 4759 2218 4810; x_wconf 90' lang='lat' dir='ltr'>mutorum</span> <span class='ocrx_word' id='word_1_787' title='bbox 2244 4753 2442 4825; x_wconf 90' lang='lat' dir='ltr'>lingua</span> <span class='ocrx_word' id='word_1_788' title='bbox 2465 4752 2534 4807; x_wconf 89' lang='lat' dir='ltr'>ad</span> <span class='ocrx_word' id='word_1_789' title='bbox 2557 4767 2727 4806; x_wconf 89' lang='lat' dir='ltr'>suum</span> <span class='ocrx_word' id='word_1_790' title='bbox 2751 4752 2898 4807; x_wconf 90' lang='lat' dir='ltr'>redit</span> <span class='ocrx_word' id='word_1_791' title='bbox 2919 4751 3197 4822; x_wconf 85' lang='lat' dir='ltr'>ofﬁcium;</span> <span class='ocrx_word' id='word_1_792' title='bbox 3221 4751 3374 4807; x_wconf 78' lang='lat' dir='ltr'>clau-</span> 
     </span>
    </p>
   </div>
   <div class='ocr_carea' id='block_1_107' title="bbox 1730 4845 3370 4920">
    <p class='ocr_par' dir='ltr' id='par_1_107' title="bbox 1730 4845 3370 4920">
     <span class='ocr_line' id='line_1_107' title="bbox 1730 4845 3370 4920; baseline -0.002 -15"><span class='ocrx_word' id='word_1_793' title='bbox 1730 4849 1788 4905; x_wconf 94' lang='lat' dir='ltr'>di</span> <span class='ocrx_word' id='word_1_794' title='bbox 1812 4849 2124 4920; x_wconf 87' lang='lat' dir='ltr'>ambulant,</span> <span class='ocrx_word' id='word_1_795' title='bbox 2154 4848 2437 4904; x_wconf 63' lang='lat' dir='ltr'>daemones</span> <span class='ocrx_word' id='word_1_796' title='bbox 2452 4845 2796 4917; x_wconf 76' lang='lat' dir='ltr'>effugantur.</span> <span class='ocrx_word' id='word_1_797' title='bbox 2813 4845 2960 4910; x_wconf 91' lang='lat' dir='ltr'>Quid</span> <span class='ocrx_word' id='word_1_798' title='bbox 2975 4846 3141 4918; x_wconf 90' lang='lat' dir='ltr'>plura</span> <span class='ocrx_word' id='word_1_799' title='bbox 3160 4846 3187 4901; x_wconf 84' lang='lat'><strong>?</strong></span> <span class='ocrx_word' id='word_1_800' title='bbox 3213 4846 3370 4912; x_wconf 48' lang='lat' dir='ltr'>QuisA</span> 
     </span>
    </p>
   </div>
   <div class='ocr_carea' id='block_1_108' title="bbox 1732 4940 3373 5016">
    <p class='ocr_par' dir='ltr' id='par_1_108' title="bbox 1732 4940 3373 5016">
     <span class='ocr_line' id='line_1_108' title="bbox 1732 4940 3373 5016; baseline 0.001 -18"><span class='ocrx_word' id='word_1_801' title='bbox 1732 4944 1857 5016; x_wconf 89' lang='lat' dir='ltr'>quis</span> <span class='ocrx_word' id='word_1_802' title='bbox 1883 4961 1916 4997; x_wconf 91' lang='lat' dir='ltr'>a</span> <span class='ocrx_word' id='word_1_803' title='bbox 1941 4959 2298 5015; x_wconf 88' lang='lat' dir='ltr'>quacumque</span> <span class='ocrx_word' id='word_1_804' title='bbox 2323 4940 2650 4997; x_wconf 86' lang='lat' dir='ltr'>infirmitate</span> <span class='ocrx_word' id='word_1_805' title='bbox 2677 4940 2941 4996; x_wconf 87' lang='lat' dir='ltr'>detentus</span> <span class='ocrx_word' id='word_1_806' title='bbox 2975 4956 3044 4996; x_wconf 91' lang='lat' dir='ltr'>ex</span> <span class='ocrx_word' id='word_1_807' title='bbox 3070 4941 3182 4997; x_wconf 85' lang='lat' dir='ltr'>ﬁde</span> <span class='ocrx_word' id='word_1_808' title='bbox 3206 4957 3373 4999; x_wconf 89' lang='lat' dir='ltr'>vene-</span> 
     </span>
    </p>
   </div>
   <div class='ocr_carea' id='block_1_109' title="bbox 1733 5035 3374 5108">
    <p class='ocr_par' dir='ltr' id='par_1_109' title="bbox 1733 5035 3374 5108">
     <span class='ocr_line' id='line_1_109' title="bbox 1733 5035 3374 5108; baseline 0 -16"><span class='ocrx_word' id='word_1_809' title='bbox 1733 5038 1826 5106; x_wconf 88' lang='lat' dir='ltr'>rit,</span> <span class='ocrx_word' id='word_1_810' title='bbox 1871 5054 1974 5108; x_wconf 91' lang='lat' dir='ltr'>per</span> <span class='ocrx_word' id='word_1_811' title='bbox 2023 5038 2290 5093; x_wconf 88' lang='lat' dir='ltr'>virtutem</span> <span class='ocrx_word' id='word_1_812' title='bbox 2334 5040 2544 5092; x_wconf 82' lang='lat' dir='ltr'>sanctae</span> <span class='ocrx_word' id='word_1_813' title='bbox 2588 5035 2768 5090; x_wconf 92' lang='lat' dir='ltr'>crucis</span> <span class='ocrx_word' id='word_1_814' title='bbox 2813 5051 2984 5090; x_wconf 90' lang='lat' dir='ltr'>sanus</span> <span class='ocrx_word' id='word_1_815' title='bbox 3023 5036 3191 5093; x_wconf 91' lang='lat' dir='ltr'>redit.</span> <span class='ocrx_word' id='word_1_816' title='bbox 3238 5039 3374 5102; x_wconf 91' lang='lat' dir='ltr'>Quis</span> 
     </span>
    </p>
   </div>
   <div class='ocr_carea' id='block_1_110' title="bbox 1733 5130 3372 5203">
    <p class='ocr_par' dir='ltr' id='par_1_110' title="bbox 1733 5130 3372 5203">
     <span class='ocr_line' id='line_1_110' title="bbox 1733 5130 3372 5203; baseline 0 -17"><span class='ocrx_word' id='word_1_817' title='bbox 1733 5135 1903 5203; x_wconf 89' lang='lat' dir='ltr'>queat</span> <span class='ocrx_word' id='word_1_818' title='bbox 1921 5131 2107 5186; x_wconf 92' lang='lat' dir='ltr'>dicere</span> <span class='ocrx_word' id='word_1_819' title='bbox 2128 5135 2406 5203; x_wconf 90' lang='lat' dir='ltr'>quantum</span> <span class='ocrx_word' id='word_1_820' title='bbox 2433 5135 2490 5185; x_wconf 91' lang='lat' dir='ltr'>et</span> <span class='ocrx_word' id='word_1_821' title='bbox 2507 5130 2671 5202; x_wconf 90' lang='lat' dir='ltr'>quale</span> <span class='ocrx_word' id='word_1_822' title='bbox 2693 5131 2907 5186; x_wconf 91' lang='lat' dir='ltr'>donum</span> <span class='ocrx_word' id='word_1_823' title='bbox 2925 5131 3056 5186; x_wconf 90' lang='lat' dir='ltr'>huic</span> <span class='ocrx_word' id='word_1_824' title='bbox 3087 5131 3216 5186; x_wconf 89' lang='lat' dir='ltr'>urbi</span> <span class='ocrx_word' id='word_1_825' title='bbox 3245 5131 3372 5186; x_wconf 80' lang='lat' dir='ltr'>bea-</span> 
     </span>
    </p>
   </div>
   <div class='ocr_carea' id='block_1_111' title="bbox 1732 5224 3374 5297">
    <p class='ocr_par' dir='ltr' id='par_1_111' title="bbox 1732 5224 3374 5297">
     <span class='ocr_line' id='line_1_111' title="bbox 1732 5224 3374 5297; baseline -0.001 -16"><span class='ocrx_word' id='word_1_826' title='bbox 1732 5231 1790 5281; x_wconf 89' lang='lat' dir='ltr'>ta</span> <span class='ocrx_word' id='word_1_827' title='bbox 1818 5225 2099 5280; x_wconf 78' lang='lat' dir='ltr'>contulit?</span> <span class='ocrx_word' id='word_1_828' title='bbox 2129 5226 2285 5280; x_wconf 92' lang='lat' dir='ltr'>Unde</span> <span class='ocrx_word' id='word_1_829' title='bbox 2315 5224 2570 5297; x_wconf 89' lang='lat' dir='ltr'>quisquis</span> <span class='ocrx_word' id='word_1_830' title='bbox 2600 5240 2669 5280; x_wconf 90' lang='lat' dir='ltr'>ex</span> <span class='ocrx_word' id='word_1_831' title='bbox 2695 5224 2804 5280; x_wconf 86' lang='lat' dir='ltr'>ﬁde</span> <span class='ocrx_word' id='word_1_832' title='bbox 2830 5226 2984 5295; x_wconf 88' lang='lat' dir='ltr'>vivit,</span> <span class='ocrx_word' id='word_1_833' title='bbox 3008 5226 3131 5297; x_wconf 90' lang='lat' dir='ltr'>ejus</span> <span class='ocrx_word' id='word_1_834' title='bbox 3155 5225 3374 5280; x_wconf 87' lang='lat' dir='ltr'>nomini</span> 
     </span>
    </p>
   </div>
   <div class='ocr_carea' id='block_1_112' title="bbox 1733 5318 3369 5389">
    <p class='ocr_par' dir='ltr' id='par_1_112' title="bbox 1733 5318 3369 5389">
     <span class='ocr_line' id='line_1_112' title="bbox 1733 5318 3369 5389; baseline -0.002 -15"><span class='ocrx_word' id='word_1_835' title='bbox 1733 5319 2034 5375; x_wconf 91' lang='lat' dir='ltr'>benedicit.</span> <span class='ocrx_word' id='word_1_836' title='bbox 2066 5318 2602 5374; x_wconf 65' lang='lat' dir='ltr'>Praecellentissimis</span> <span class='ocrx_word' id='word_1_837' title='bbox 2627 5319 2782 5373; x_wconf 90' lang='lat' dir='ltr'>enim</span> <span class='ocrx_word' id='word_1_838' title='bbox 2808 5319 3051 5374; x_wconf 90' lang='lat' dir='ltr'>dominis</span> <span class='ocrx_word' id='word_1_839' title='bbox 3070 5318 3298 5389; x_wconf 88' lang='lat' dir='ltr'>regibus</span> <span class='ocrx_word' id='word_1_840' title='bbox 3315 5322 3369 5372; x_wconf 91' lang='lat' dir='ltr'>et</span> 
     </span>
    </p>
   </div>
   <div class='ocr_carea' id='block_1_113' title="bbox 1735 5412 3371 5483">
    <p class='ocr_par' dir='ltr' id='par_1_113' title="bbox 1735 5412 3371 5483">
     <span class='ocr_line' id='line_1_113' title="bbox 1735 5412 3371 5483; baseline -0.003 -15"><span class='ocrx_word' id='word_1_841' title='bbox 1735 5413 2109 5470; x_wconf 64' lang='lat' dir='ltr'>serenissima:</span> <span class='ocrx_word' id='word_1_842' title='bbox 2135 5412 2358 5467; x_wconf 84' lang='lat' dir='ltr'>domnae</span> <span class='ocrx_word' id='word_1_843' title='bbox 2398 5412 2785 5483; x_wconf 72' lang='lat' dir='ltr'>Brunighilda:</span> <span class='ocrx_word' id='word_1_844' title='bbox 2818 5413 3048 5483; x_wconf 81' lang='lat' dir='ltr'>reginae,</span> <span class='ocrx_word' id='word_1_845' title='bbox 3077 5426 3217 5482; x_wconf 85' lang='lat' dir='ltr'>quos</span> <span class='ocrx_word' id='word_1_846' title='bbox 3242 5424 3371 5464; x_wconf 89' lang='lat' dir='ltr'>caro</span> 
     </span>
    </p>
   </div>
   <div class='ocr_carea' id='block_1_114' title="bbox 1735 5501 3368 5574">
    <p class='ocr_par' dir='ltr' id='par_1_114' title="bbox 1735 5501 3368 5574">
     <span class='ocr_line' id='line_1_114' title="bbox 1735 5501 3368 5574; baseline -0.004 -10"><span class='ocrx_word' id='word_1_847' title='bbox 1735 5509 1933 5564; x_wconf 92' lang='lat' dir='ltr'>dilexit</span> <span class='ocrx_word' id='word_1_848' title='bbox 1973 5507 2200 5574; x_wconf 76' lang='lat' dir='ltr'>affectu,</span> <span class='ocrx_word' id='word_1_849' title='bbox 2247 5512 2303 5562; x_wconf 89' lang='lat' dir='ltr'>et</span> <span class='ocrx_word' id='word_1_850' title='bbox 2338 5506 2701 5562; x_wconf 88' lang='lat' dir='ltr'>sacrosanctis</span> <span class='ocrx_word' id='word_1_851' title='bbox 2741 5504 2986 5560; x_wconf 91' lang='lat' dir='ltr'>ecclesiis</span> <span class='ocrx_word' id='word_1_852' title='bbox 3024 5504 3110 5558; x_wconf 89' lang='lat' dir='ltr'>vel</span> <span class='ocrx_word' id='word_1_853' title='bbox 3149 5501 3368 5574; x_wconf 85' lang='lat' dir='ltr'>pontiﬁ-</span> 
     </span>
    </p>
   </div>
   <div class='ocr_carea' id='block_1_115' title="bbox 1738 5659 3362 5732">
    <p class='ocr_par' dir='ltr' id='par_1_115' title="bbox 1738 5659 3362 5732">
     <span class='ocr_line' id='line_1_115' title="bbox 1738 5659 3362 5732; baseline -0.004 -10"><span class='ocrx_word' id='word_1_854' title='bbox 1738 5667 1834 5722; x_wconf 86' lang='lat' dir='ltr'>bus</span> <span class='ocrx_word' id='word_1_855' title='bbox 1856 5665 2002 5722; x_wconf 56' lang='lat' dir='ltr'>villa</span> <span class='ocrx_word' id='word_1_856' title='bbox 2028 5682 2082 5722; x_wconf 87' lang='lat' dir='ltr'>se</span> <span class='ocrx_word' id='word_1_857' title='bbox 2107 5665 2352 5722; x_wconf 84' lang='lat' dir='ltr'>contulit.</span> <span class='ocrx_word' id='word_1_858' title='bbox 2375 5667 2660 5720; x_wconf 86' lang='lat' dir='ltr'>Maroveus</span> <span class='ocrx_word' id='word_1_859' title='bbox 2681 5666 2814 5732; x_wconf 85' lang='lat' dir='ltr'>tunc</span> <span class='ocrx_word' id='word_1_860' title='bbox 2837 5659 3086 5732; x_wconf 81' lang='lat' dir='ltr'>Pictavos</span> <span class='ocrx_word' id='word_1_861' title='bbox 3113 5662 3362 5732; x_wconf 89' lang='lat' dir='ltr'>regebat.</span> 
     </span>
    </p>
   </div>
   <div class='ocr_carea' id='block_1_116' title="bbox 1809 5730 3366 5809">
    <p class='ocr_par' dir='ltr' id='par_1_116' title="bbox 1809 5730 3366 5809">
     <span class='ocr_line' id='line_1_116' title="bbox 1809 5730 3366 5809; baseline -0.004 -16"><span class='ocrx_word' id='word_1_862' title='bbox 1809 5739 1877 5809; x_wconf 92' lang='lat' dir='ltr'>(b)</span> <span class='ocrx_word' id='word_1_863' title='bbox 1924 5739 2176 5793; x_wconf 86' lang='lat' dir='ltr'>Mortuus</span> <span class='ocrx_word' id='word_1_864' title='bbox 2219 5753 2369 5791; x_wconf 89' lang='lat' dir='ltr'>anno</span> <span class='ocrx_word' id='word_1_865' title='bbox 2400 5738 2500 5790; x_wconf 78' lang='lat'>573</span> <span class='ocrx_word' id='word_1_866' title='bbox 2543 5730 2880 5807; x_wconf 87' lang='lat' dir='ltr'>Gregorium</span> <span class='ocrx_word' id='word_1_867' title='bbox 2924 5730 3122 5789; x_wconf 85' lang='lat' dir='ltr'>habuit</span> <span class='ocrx_word' id='word_1_868' title='bbox 3155 5730 3366 5786; x_wconf 77' lang='lat' dir='ltr'>succes-</span> 
     </span>
    </p>
   </div>
   <div class='ocr_carea' id='block_1_117' title="bbox 1737 5825 1942 5866">
    <p class='ocr_par' dir='ltr' id='par_1_117' title="bbox 1737 5825 1942 5866">
     <span class='ocr_line' id='line_1_117' title="bbox 1737 5825 1942 5866; baseline 0.005 -1"><span class='ocrx_word' id='word_1_869' title='bbox 1737 5825 1921 5865; x_wconf 85' lang='lat' dir='ltr'>sorem</span> <span class='ocrx_word' id='word_1_870' title='bbox 1931 5851 1942 5866; x_wconf 79' lang='lat'>.</span> 
     </span>
    </p>
   </div>
  </div>
