4006 6238
566 340 670 393 675
1540 335 1794 390 SANCTA
1833 328 2301 400 RADEGUNDUS,
2345 332 2593 390 REGINA
2630 330 2959 389 FRANCIIE.
3856 322 3967 376 676

565 447 724 502 cibus
761 462 960 502 earum
997 461 1129 500 cum
1169 442 1571 499 contestatione
1612 443 1800 498 divina
1831 459 2000 498 suum
2045 458 2200 498 com-
2227 455 2287 529 Α
2305 443 2445 499 illud
2472 444 2741 514 signaret,
2773 442 2963 514 aliqua
2997 440 3067 496 de
3104 438 3391 495 sororibus
3428 438 3571 495 vidit
3606 453 3789 509 supra
3816 450 3963 489 mu—

566 540 858 604 mendavit
883 538 1318 593 monasterium.
1811 584 1839 606 ,
2303 554 2434 591 rum
2471 537 2646 592 millia
2688 536 2932 591 millium
2971 535 3299 590 daemonum
3335 534 3397 589 in
3426 533 3620 605 specie
3646 544 3971 602 caprarum

638 638 728 689 20.
762 636 890 688 Post
926 634 1031 687 hoc
1067 632 1281 686 donum
1316 630 1536 685 caeleste
1574 634 1870 702 acceptum
1896 629 2205 686 transmisit
2302 637 2484 686 astare
2524 648 2537 685 :
2582 630 2679 685 ubi
2729 634 2921 685 sancta
2976 629 3269 684 dexteram
3318 629 3546 683 beatam
3602 641 3742 681 cum
3791 624 3975 693 signo

567 728 731 784 beata
772 728 971 782 missos
1015 742 1165 791 suos,
1213 723 1601 795 supradictum
1628 725 2044 796 presbyterum,
2073 740 2204 778 cum
2304 725 2484 781 crucis
2512 725 2766 791 elevavit,
2800 723 2984 778 omnis
3015 723 3110 777 illa
3151 721 3458 777 multitudo
3488 721 3831 776 dmmonum
3864 718 3969 771 fu-

568 822 713 891 aliis,
745 822 815 875 ad
846 822 1252 891 imperatorem
1280 834 1412 873 cum
1439 817 1683 889 simplici
1706 818 2041 874 vestimento
2072 834 2202 889 gra-
2307 824 2435 891 gata
2461 834 2744 889 nusquam
2769 817 3110 888 comparuit.

569 916 678 970 tias
693 930 877 985 agere.
906 914 965 967 ln
987 912 1279 967 redeundo
1308 911 1477 982 coepit
1500 927 1660 967 mare
1687 912 1954 966 ﬂuctibus
1967 911 2081 984 agi,
2107 911 2206 966 ubi
2376 916 2465 969 23.
2488 910 2667 969 Simili
2694 911 2861 966 modo
2886 911 3025 965 dum
3049 914 3181 965 ante
3211 926 3374 964 suam
3395 908 3597 963 cellam
3619 912 3793 961 nocte
3813 908 3975 960 asta-

570 1012 703 1063 sunt
734 1008 912 1062 multa
953 1005 1204 1077 pericula
1229 1006 1399 1076 passi,
1430 1006 1708 1077 procellas
1736 1006 1946 1060 scilicet
1977 1011 2035 1061 et
2058 1010 2203 1060 tem-

567 1106 829 1173 pestates,
859 1101 1027 1172 quale
1048 1117 1107 1155 se
1126 1116 1428 1171 nunquam
1452 1099 1658 1155 vidisse
1682 1100 2040 1169 fatebantur;
2072 1116 2209 1171 qua-

2306 1013 2412 1077 ret,
2442 1021 2667 1077 semper
2692 1005 2857 1060 corde
2884 1009 2941 1059 et
2966 1004 3026 1059 in
3052 1020 3149 1058 ore
3176 1019 3407 1058 cursum
3432 1002 3769 1069 decantans,
3805 999 3979 1053 intra

2306 1116 2510 1156 arcana
2536 1080 2722 1155 cordis
2751 1099 2839 1154 sui
2868 1103 3079 1153 secrete
3102 1098 3259 1169 jugis
3288 1097 3413 1151 laus
3453 1096 3550 1150 Dei
3578 1093 3975 1167 personabat,

569 1194 831 1266 draginta
877 1194 1078 1249 diebus
1115 1199 1172 1249 et
1208 1193 1585 1265 quadraginta
1624 1192 1881 1248 noctibus
1922 1193 1983 1248 in
2020 1193 2208 1248 medio
2308 1199 2581 1250 nocturna
2618 1193 2754 1262 avis,
2785 1208 2915 1264 quae
2957 1191 3285 1247 hominibus
3320 1195 3407 1245 est
3439 1189 3692 1261 ingrata,
3736 1186 3970 1242 vocife-

568 1288 715 1343 mari
744 1288 902 1343 navis
930 1304 1129 1342 eorum
1154 1287 1406 1358 periculo
1452 1287 1799 1359 subjacebat.
1837 1288 1961 1342 Jam
1990 1287 2060 1341 de
2095 1286 2211 1342 vita
2309 1306 2440 1343 rans
2480 1288 2539 1343 in
2575 1287 2763 1343 medio
2808 1285 3151 1342 monasterio
3194 1285 3249 1339 in
3279 1284 3481 1339 arbore
3522 1299 3581 1337 se
3623 1281 3979 1339 infestabat.

571 1383 930 1454 desperantes
974 1387 1218 1436 mortem
1261 1398 1381 1452 prie
1419 1381 1596 1435 oculis
1643 1381 1937 1451 habentes,
1966 1379 2117 1435 inter
2151 1396 2211 1435 se
2310 1382 2453 1437 Dicit
2474 1382 2546 1437 ad
2571 1398 2697 1437 eam
2725 1398 2840 1436 una
2882 1380 2951 1435 de
3001 1378 3352 1434 astantibus:
3398 1376 3637 1432 Domina
3672 1376 3874 1445 beata,
3934 1376 3981 1425 si

569 1493 767 1549 pacem
785 1477 1070 1543 facientes,
1093 1475 1360 1547 quiajam
1382 1491 1478 1530 eos
1502 1492 1661 1530 mare
1687 1474 1988 1529 absorbere
2013 1473 2208 1547 cupie-
2304 1475 2493 1547 jubes,
2534 1474 2596 1530 in
2639 1474 2810 1530 verbo
2853 1478 2952 1529 tuo
2993 1471 3153 1542 ejicio
3194 1488 3377 1526 avem.
3424 1472 3561 1533 Qua:
3607 1469 3747 1524 dicit
3773 1468 3829 1523 ei
3867 1484 3885 1520 :
3922 1466 3985 1520 Si

572 1570 687 1639 bat,
719 1587 778 1626 se
804 1570 1056 1625 videntes
1091 1569 1151 1623 in
1188 1572 1343 1623 tanto
1384 1569 1661 1640 periculo,
1708 1584 1868 1624 voces
1895 1568 1966 1623 ad
2008 1569 2212 1623 ccelum
2310 1573 2494 1639 nocet,
2522 1568 2581 1623 in
2605 1568 2836 1623 nomine
2864 1566 3092 1622 Domini
3117 1565 3278 1634 vade,
3306 1563 3686 1619 nihilominus
3722 1561 3981 1632 signum

572 1664 785 1719 dabant
808 1664 1114 1718 clamantes
1138 1680 1203 1717 ac
1229 1662 1479 1718 dicentes
1511 1662 1789 1718 :Domina
1826 1662 2209 1734 Radegundis,
2313 1663 2492 1719 crucis
2514 1679 2685 1735 super
2714 1677 2842 1717 eam
2888 1660 3118 1715 faciens.
3157 1658 3481 1713 Ambulavit
3517 1657 3780 1727 dixitque
3820 1655 3927 1709 avi
3962 1671 3975 1707 :

575 1757 810 1812 subveni
855 1757 1027 1811 servis
1058 1757 1171 1811 tuis
1209 1774 1221 1811 :
1259 1757 1398 1811 dum
1428 1756 1530 1812 tibi
1568 1756 1884 1825 obedimus,
1932 1756 2215 1811 submersi
2317 1759 2378 1811 ln
2404 1757 2636 1812 nomine
2671 1754 2893 1815 Domini
2917 1753 3098 1809 nostri
3124 1754 3254 1808 Jesu
3298 1751 3509 1807 Christi
3529 1750 3696 1821 jubet
3723 1748 3981 1804 domina

575 1866 691 1904 non
716 1866 1056 1921 pereamus;
1086 1850 1265 1905 libera
1301 1867 1405 1904 nos
1443 1849 1512 1904 de
1555 1849 1754 1905 mortis
1790 1849 2041 1920 periculo
2084 1830 2292 1920 quiaB
2315 1849 2700 1922 Radegundis,
2744 1848 2792 1904 si
2839 1865 2953 1904 non
2987 1864 3056 1903 ex
3081 1846 3180 1902 Dei
3207 1850 3367 1918 parte
3403 1844 3627 1913 venisti,
3656 1848 3726 1898 ut
3754 1843 3829 1897 ab
3860 1842 3977 1896 hoc

569 1944 692 2015 jam
720 1959 875 1997 mare
911 1945 1176 2014 paratum
1206 1947 1290 1998 est
1314 1948 1379 1998 ut
1416 1959 1519 1997 nos
1547 1942 1700 1998 vivos
1727 1942 2045 1997 absorbeat.
2079 1942 2214 1998 Ubi-
2314 1944 2435 1999 loco
2460 1943 2728 2011 discedas,
2755 1948 2811 1997 et
2839 1942 3065 2013 penitus
3091 1941 3185 1995 hic
3212 1944 3440 1995 cantare
3468 1955 3585 1994 non
3609 1953 3975 2008 praesumas.

578 2053 803 2109 cunque
829 2037 1087 2091 invocata
1113 2036 1274 2092 fuisti
1302 2036 1535 2092 miserta
1560 2053 1642 2100 es,
1671 2054 1822 2092 nunc
1863 2038 2067 2108 adjuva
2090 2041 2216 2092 tuos
2314 2039 2608 2109 Tanquam
2640 2036 2687 2091 si
2736 2053 2806 2093 ex
2837 2052 2934 2091 ore
2965 2035 3066 2091 Dei
3091 2035 3375 2106 prolatum
3417 2033 3667 2089 audisset
3691 2030 3978 2098 verbum,

576 2143 649 2183 ne
671 2130 925 2197 pereant.
952 2127 1035 2181 Ad
1059 2126 1161 2180 has
1186 2142 1348 2182 voces
1375 2126 1437 2180 in
1462 2126 1649 2181 medio
1673 2127 1821 2181 mari
1855 2127 2082 2182 advenit
2119 2143 2214 2181 co-

574 2220 942 2299 lumbahquae
969 2220 1274 2291 teanavem
1302 2236 1501 2276 eorum
1518 2220 1873 2291 circumiens,
1896 2220 2075 2291 tertia
2098 2221 2217 2276 vice

576 2314 638 2368 in
666 2314 901 2369 nomine
930 2314 1214 2370 Trinitatis
1247 2331 1422 2386 quam
1450 2314 1615 2370 beata
1651 2330 1873 2386 semper
1914 2314 2080 2370 corde
2126 2315 2214 2369 di-

476 2422 491 2429 ·
577 2407 739 2476 lexit,
769 2424 902 2463 cum
925 2408 1155 2476 volaret,
1184 2424 1377 2463 servus
1399 2407 1580 2463 beatae
1606 2408 1821 2480 reginas
1842 2408 2082 2464 nomine
2118 2409 2215 2462 Ba-

581 2502 788 2556 nisaios
822 2501 1076 2557 extendit
1117 2517 1373 2571 manum,
1413 2501 1482 2557 de
1529 2501 1707 2557 cauda
1760 2502 1881 2574 ejus
1928 2507 2040 2558 tres
2089 2502 2220 2557 tulit

583 2610 817 2666 pennas,
846 2611 985 2667 quas
1014 2594 1158 2650 mari
1187 2595 1518 2667 intinguens
1544 2598 1939 2667 tempestatem
1959 2612 2216 2668 compes-

582 2689 699 2743 cuit
727 2694 784 2745 et
810 2690 881 2744 ad
918 2688 1329 2744 invocationem
1375 2690 1623 2744 nominis
1648 2689 1829 2746 beatae
1855 2690 2219 2763 Radegundis

584 2783 848 2838 columba
871 2799 1011 2855 quae.
1030 2784 1316 2855 apparuit,
1346 2784 1470 2854 ejus
1501 2784 1747 2839 famulos
1792 2784 1861 2838 de
1907 2785 2107 2839 mortis
2125 2785 2215 2856 ja-

584 2894 698 2933 nua
722 2878 853 2933 vita:
883 2878 1146 2945 reddidit,
1169 2880 1226 2931 et
1244 2878 1391 2933 facta
1418 2894 1478 2933 es
1521 2878 1903 2950 tranquillitas
1932 2895 2141 2950 magna
2160 2880 2221 2934 in

583 2971 769 3027 medio
797 2971 964 3026 mari.
994 2971 1079 3026 Illi
1104 2987 1237 3026 vero
1261 2972 1370 3026 alta
1413 2988 1547 3026 voce
1582 2973 1887 3028 clamantes
1911 2972 2173 3029 dicebant
2199 2990 2214 3028 :

583 3065 890 3137 Advenisti,
921 3066 1071 3120 bona
1097 3065 1344 3133 domina,
1371 3066 1580 3137 pietate
1603 3066 1790 3138 plena,
1818 3071 1946 3122 tuos
1971 3066 2221 3138 captivos

585 3160 806 3232 eripere
834 3178 907 3216 ne
948 3160 1212 3216 ﬂuctibus
1251 3164 1672 3231 mergerentur.
1700 3161 1785 3215 Ad
1831 3161 1953 3231 ejus
1993 3160 2219 3215 invoca-

584 3254 801 3310 tionem
833 3271 948 3309 non
977 3258 1203 3310 tantum
1227 3254 1335 3325 sui,
1365 3254 1466 3308 sed
1491 3270 1690 3309 omnes
1716 3258 1851 3308 sunt
1867 3254 2087 3310 liberati
2116 3270 2222 3327 per

2241 3205 2296 3279 C

2315 2131 2472 2187 dedit
2497 2131 2747 2185 volatum
2771 2133 2829 2185 et
2853 2146 3134 2201 nusquam
3161 2126 3497 2199 comparuit.
3525 2126 3722 2182 Merito
3753 2124 3811 2180 ei
3837 2140 3984 2178 aves

2318 2229 2377 2280 et
2403 2225 2599 2281 bestia:
2626 2223 2918 2290 obediunt,
2946 2223 3079 2295 quia
3110 2222 3207 2277 illa
3232 2236 3531 2293 nunquam
3554 2218 3846 2292 praeteriit
3873 2220 3984 2272 Do-

2315 2317 2456 2373 mini
2490 2317 2722 2374 obedire
2747 2318 3053 2389 praecepto.

2387 2412 2478 2468 24.
2508 2412 2577 2466 Et
2600 2411 2645 2465 si
2665 2427 2769 2483 pro
2794 2409 3125 2465 inﬁrmitate
3152 2408 3449 2481 aliquoties
3473 2406 3845 2479 requiescere
3875 2422 3977 2460 vo-

2317 2505 2534 2576 luisset,
2557 2505 2760 2577 spiritu
2785 2504 3045 2576 vigilanti
3070 2503 3311 2572 dicebat,
3341 2507 3615 2574 tanquam
3641 2501 3983 2556 admonens

2318 2616 2445 2656 eam
2482 2615 2612 2671 quae
2637 2598 2923 2671 psalmum
2948 2597 3167 2653 dicebat
3194 2614 3209 2652 :
3242 2600 3380 2669 Age,
3403 2596 3513 2651 dic.
3543 2595 3693 2651 Nulli
3715 2594 3981 2651 dubium

2318 2693 2575 2765 estquod
2602 2692 2933 2764 spiritaliter
2957 2708 3090 2747 cum
3119 2691 3326 2746 sanctis
3361 2690 3655 2762 psallebat,
3675 2694 3786 2743 aut
3812 2694 3977 2743 certe

2321 2804 2425 2844 nec
2448 2804 2616 2858 sopor
2639 2802 2766 2842 eam
2794 2785 3112 2858 superabat.
3141 2786 3294 2839 Mens
3319 2784 3537 2839 intenta
3561 2782 3634 2837 ad
3662 2782 3979 2837 Christum

2318 2882 2649 2954 frequenter
2669 2880 2845 2937 etiam
2870 2880 2932 2935 in
2957 2895 3159 2951 sopore
3184 2879 3383 2950 posita,
3420 2878 3488 2933 de
3520 2877 3719 2932 futuro
3744 2875 3982 2946 judicio

2321 2979 2378 3032 et
2403 2976 2472 3031 de
2508 2979 2721 3031 aeterno
2747 2973 2987 3047 prmmio
3011 2972 3347 3045 praedicans,
3376 2970 3782 3043 expergefacta
3805 2970 3986 3023 nobis

2321 3070 2542 3126 dicebat
2559 3086 2571 3124 :
2587 3069 2861 3142 Colligite,
2883 3067 3130 3140 colligite
3150 3067 3403 3122 triticum
3424 3065 3810 3134 dominicum,
3837 3064 3987 3135 quia

2319 3180 2449 3219 vere
2468 3164 2593 3219 dico
2621 3164 2774 3218 vobis
2791 3179 2908 3217 non
2940 3162 3041 3217 diu
3061 3161 3170 3216 erit
3192 3164 3258 3216 ut
3276 3160 3569 3232 colligatis.
3591 3158 3797 3215 Videte
3816 3159 3985 3231 quod

2320 3258 2463 3328 dico,
2518 3257 2761 3329 colligite
2818 3256 2952 3328 quia
3026 3271 3157 3311 vere
3220 3252 3545 3326 quaesituras
3608 3252 3752 3307 estis
3815 3252 3987 3306 istud

585 3347 1045 3420 virtutemipsius
1065 3349 1290 3403 domnae
1308 3347 1687 3418 Radegundis.
1710 3350 1860 3419 Ipsas
1877 3349 2221 3419 pennashuc
2318 3356 2572 3423 tempus;
2620 3367 2770 3422 vere,
2820 3367 2949 3407 vere
2998 3348 3321 3422 quaesitura:
3373 3347 3505 3403 estis
3542 3347 3676 3402 istos
3735 3346 3871 3401 dies
3931 3351 3987 3400 et

586 3442 913 3513 attulerant,
941 3446 997 3497 et
1023 3439 1320 3497 fabricatas
1333 3440 1440 3513 ipsi
1469 3441 1571 3513 qui
1595 3441 1664 3497 de
1702 3446 1887 3498 morte
1912 3447 2046 3498 sunt
2079 3442 2219 3497 libe-
2320 3445 2483 3501 valde
2521 3445 2943 3501 desideratura.
2977 3443 3139 3509 Quod
3188 3443 3293 3499 etsi
3323 3448 3461 3499 tunc
3496 3440 3730 3514 ignavia
3775 3445 3983 3495 nostra

586 3535 713 3605 rati,
757 3553 860 3607 per
900 3537 1019 3591 loca
1052 3540 1247 3590 sancta
1297 3535 1484 3591 devoti
1525 3536 1824 3591 dederunt.
1872 3536 2221 3609 Ubicumque
2320 3540 2429 3595 hoc
2461 3539 2649 3612 tepide
2677 3538 3002 3611 accipiebat,
3028 3538 3153 3609 jam
3177 3540 3368 3594 tamen
3391 3553 3547 3593 nunc
3576 3535 3803 3590 venisse
3835 3552 3981 3607 pro-

586 3628 844 3685 invocata
871 3629 1062 3700 fuerit,
1090 3629 1338 3700 benigne
1364 3630 1625 3700 exaudit;
1665 3629 1711 3684 si
1748 3629 2094 3699 febricitans,
2124 3636 2224 3687 aut
2320 3633 2523 3689 bemus
2557 3633 2713 3705 quod
2748 3632 2908 3688 dixit.
2952 3633 3096 3688 Illud
3138 3631 3538 3705 propheticum
3576 3630 3638 3685 in
3661 3631 3843 3686 nobis
3878 3630 3984 3684 im-

584 3724 876 3797 pustulam
900 3724 1136 3794 habens,
1166 3728 1265 3779 aut
1285 3740 1320 3778 a
1345 3740 1683 3796 quacunque
1708 3727 1899 3779 tentus
1916 3723 2219 3781 inﬁrmita-
2321 3729 2540 3800 pletum
2564 3732 2651 3783 est
2681 3744 2695 3783 :
2739 3730 2959 3784 Mittam
2983 3728 3132 3783 vobis
3153 3729 3355 3796 famem
3378 3729 3438 3781 in
3464 3731 3613 3782 terra
3638 3725 3835 3795 (Amos
3867 3728 3981 3795 v1};

587 3822 663 3889 te,
685 3835 790 3890 pro
814 3818 1115 3889 interjecto
1138 3818 1566 3891 longinquitatis
1590 3823 1756 3874 terra":
1782 3818 1964 3890 spatio
1992 3818 2061 3873 ad
2098 3834 2224 3874 eam
2321 3821 2893 3894 famem,inquit,non
2904 3822 3066 3893 panis
3083 3827 3140 3878 et
3150 3837 3314 3894 aqua:
3330 3821 3428 3876 sed
3440 3817 3713 3875 audiendi
3726 3821 3983 3875 verbum

584 3913 779 3968 venire
814 3929 930 3967 non
974 3911 1272 3984 potuisset,
1320 3912 1553 3968 candela
1590 3912 1652 3967 in
1701 3912 1823 3984 ejus
1865 3912 2100 3968 nomine
2127 3929 2220 3968 ac-
2323 3916 2441 3971 Dei.
2485 3915 2638 3971 Licet
2679 3915 3108 3987 praedicationes
3149 3932 3290 3988 quas
3331 3914 3577 3970 instituit
3608 3915 3980 3981 recitantur;

587 4022 752 4061 censa
775 4022 1005 4061 omnem
1030 4006 1247 4062 febrem
1267 4005 1505 4078 depulit.
2323 4014 2516 4065 tamen
2559 4009 2796 4065 cessavit
2851 4009 2946 4065 illa
2992 4009 3336 4065 incessabilis
3381 4024 3519 4078 vox,
3573 4007 3983 4063 desiderabilis

658 4102 749 4155 21.
783 4100 1071 4164 Quantum
1100 4116 1259 4154 suam
1286 4100 1788 4172 congregationem
1814 4099 2075 4156 dilexerit
2097 4100 2225 4172 quis
2323 4103 2847 4171 admonitio,dulcis
2866 4104 3118 4160 affectus.
3145 4104 3286 4158 Nam
3300 4102 3529 4175 qualem
3546 4101 3797 4169 vultum,
3819 4102 3980 4157 Deus

590 4197 750 4253 effari
776 4198 994 4253 valeat?
1021 4214 1125 4254 nec
1154 4198 1202 4252 si
1224 4203 1462 4254 centeno
1488 4199 1677 4254 sonitu
1700 4199 1915 4271 linguae
1942 4199 2224 4272 plectrum
2322 4198 2629 4271 plasmator
2654 4198 2837 4254 bone!
2869 4199 3099 4271 qualem
3122 4198 3346 4269 faciem,
3388 4197 3615 4269 qualem
3652 4212 3975 4268 personam

589 4296 814 4348 moveat
845 4292 952 4347 hoc
993 4292 1219 4364 explere
1258 4293 1427 4350 valet.
1454 4293 1705 4349 Instituit
1739 4298 1822 4362 ut,
1863 4294 2000 4349 dum
2025 4294 2221 4350 refice-
2324 4293 2548 4364 habuit,
2574 4293 2700 4365 quis
2742 4295 2927 4364 potest
2969 4309 3227 4366 unquam
3268 4291 3593 4363 exponere?
3619 4289 3735 4346 Sed
3760 4295 3821 4346 et
3868 4291 3975 4345 hoc

588 4390 734 4457 rent,
764 4402 990 4458 semper
1011 4386 1176 4442 lectio
1213 4387 1519 4460 legeretur,
1556 4391 1624 4443 ut
1665 4404 1781 4443 non
1811 4388 1997 4443 solum
2038 4388 2226 4444 fauces
2325 4387 2609 4443 reminisci
2634 4387 2976 4459 supplicium
2999 4391 3102 4443 est.
3135 4387 3244 4441 Nos
3282 4401 3414 4441 vero
3457 4384 3708 4440 humiles
3749 4385 3978 4441 deside-

587 4480 865 4553 accipiant
910 4481 1124 4553 cibum,
1158 4482 1256 4537 sed
1303 4487 1359 4537 et
1380 4497 1546 4537 aures
1575 4482 1813 4538 audiant
1839 4482 1938 4538 Dei
1965 4482 2222 4538 verbum.
2324 4497 2517 4536 ramus
2543 4481 2606 4536 in
2625 4497 2691 4537 ea
2716 4480 3049 4551 doctrinam,
3080 4480 3346 4552 formam,
3372 4479 3613 4547 vultum,
3634 4495 3977 4550 personam,

585 4575 869 4648 Quidquid
913 4580 1012 4631 aut
1045 4576 1169 4631 aliis
1202 4576 1475 4648 praecepit
1511 4580 1612 4632 aut
1660 4577 1786 4648 ipsa
1820 4576 1975 4645 fecit,
2030 4576 2223 4631 omnia
2240 4584 2300 4658 D
2323 4575 2634 4644 scientiam,
2662 4575 2954 4648 pietatem,
2989 4574 3321 4645 bonitatem,
3353 4573 3713 4629 dulcedinem
3743 4590 3758 4628 :
3789 4590 3979 4645 quam

586 4675 821 4742 prOpter
846 4670 1023 4726 Deum
1052 4686 1278 4741 semper
1299 4670 1885 4743 implevit.Quidquid
1909 4674 2009 4726 aut
2026 4670 2221 4742 prohi-
2326 4670 2627 4741 specialem
2654 4687 2688 4724 a
2725 4669 2960 4725 Domino
2985 4668 3137 4725 inter
3176 4674 3408 4724 caeteros
3444 4667 3707 4723 homines
3742 4667 3977 4724 habuit.

585 4763 712 4819 buit
734 4764 877 4835 fieri,
903 4770 1003 4821 aut
1024 4765 1147 4837 ipsa
1175 4765 1371 4821 vitavit
1412 4765 1615 4837 facere,
1653 4765 1844 4820 omnia
1893 4765 1955 4820 in
1981 4766 2098 4821 zelo
2128 4765 2225 4820 Dei

587 4859 645 4910 et
670 4854 817 4909 nihil
846 4855 1146 4910 carnaliter
1170 4856 1272 4909 aut
1296 4855 1433 4927 egit,
1463 4859 1565 4910 aut
1592 4855 1801 4927 sapuit.
1834 4856 1901 4910 Et
1929 4854 2064 4927 quia
2081 4871 2227 4911 nun-

586 4964 761 5022 quam
785 4949 965 5005 otiosa
986 4949 1056 5004 ab
1082 4964 1256 5022 Opere
1295 4949 1397 5005 Dei
1429 4965 1548 5005 esse
1575 4948 1768 5018 voluit,
1797 4948 2090 5004 insistebat
2120 4948 2226 5004 uti-

587 5059 699 5116 que
724 5042 983 5114 orationi,
1012 5044 1241 5101 lectioni
1267 5046 1324 5099 et
1370 5042 1744 5116 eleemosynis
1781 5060 1844 5098 ac
1882 5042 2226 5115 praedicatio-

585 5139 753 5195 nibus
786 5139 1155 5209 incessanter,
1205 5137 1469 5193 omnibus
1512 5137 1736 5208 diebus,
1789 5141 1852 5192 ut
1886 5137 2039 5193 nulla
2080 5140 2226 5193 esset

584 5249 714 5307 qua:
735 5250 794 5290 se
820 5233 889 5289 de
917 5232 1239 5305 ignorantia
1262 5236 1576 5289 excusaret.

658 5331 749 5385 22.
774 5330 1016 5383 Tantum
1044 5326 1289 5398 denique
1317 5327 1533 5384 donum
1560 5327 1619 5382 in
1645 5342 1704 5383 se
1735 5326 2015 5399 largiente
2032 5326 2225 5383 divina

587 5422 769 5496 gratia
794 5422 1014 5491 habuit,
1044 5427 1108 5478 ut
1136 5422 1470 5477 humilitatis
1515 5420 1855 5493 magistrum
1877 5422 1977 5495 qui
2004 5421 2073 5478 de
2098 5421 2225 5477 coeli

587 5518 724 5573 solio
748 5517 819 5573 ad
842 5522 1022 5573 terras
1052 5516 1342 5573 descendit
1368 5515 1663 5585 imitando,
1694 5515 2001 5571 Dominum
2020 5531 2217 5587 seque-

587 5616 747 5667 retur
765 5612 825 5666 in
846 5611 1068 5683 spiritu,
1092 5626 1431 5683 quocunque
1447 5611 1573 5666 iret.
1595 5612 1899 5680 Postquam
1915 5626 2226 5682 congrega—

584 5705 666 5760 tio
692 5722 752 5760 se
778 5705 1115 5760 recondebat
1149 5705 1273 5777 jam
1307 5705 1377 5760 ad
1416 5703 1830 5776 pausationem,
1860 5703 1974 5774 illa,
2000 5708 2067 5759 ut
2089 5720 2221 5776 per-

586 5801 819 5853 noctans
845 5796 906 5851 in
937 5798 1210 5867 oratione,
1232 5815 1331 5853 sua
1348 5802 1536 5853 sancta
1559 5796 1789 5852 dextera
1809 5798 2222 5854 monasterium

588 5902 695 5960 per
720 5886 951 5958 signum
979 5890 1159 5946 crucis
1186 5891 1447 5948 salvabat.
1470 5890 1723 5958 Quadam
1748 5891 1866 5949 vice
1892 5891 2029 5949 dum
2059 5892 2223 5949 beata

2393 4767 2483 4819 25.
2511 4764 2691 4828 Quam
2717 4768 2910 4819 sancta
2934 4762 3044 4818 fuit
3067 4764 3186 4819 vita
3205 4764 3348 4835 ejus,
3368 4768 3486 4819 tam
3503 4778 3682 4834 purus
3700 4767 3762 4817 et
3785 4761 3977 4817 dulcis

2323 4863 2598 4929 aspectus.
2629 4862 2774 4913 Ante
2801 4873 3017 4914 annum
3043 4858 3316 4914 transitus
3344 4856 3452 4928 sui,
3480 4856 3622 4911 vidit
3649 4856 3713 4910 in
3735 4857 3878 4912 visu
3905 4858 3977 4912 lo-

2276 4970 2279 4973 ‘
2325 4968 2457 5007 cum
2482 4951 2588 5008 sibi
2614 4957 2896 5023 paratum,
2918 4953 3185 5025 venitque
3206 4952 3278 5008 ad
3293 4967 3423 5008 eam
3435 4950 3661 5023 juvenis
3681 4951 3976 5023 praedives

2324 5045 2764 5118 pulcherrimus,
2811 5051 2868 5102 et
2901 5046 3064 5119 quasi
3101 5046 3418 5118 juvenilem
3460 5046 3677 5101 habens
3718 5051 3977 5110 atatem,

2324 5140 2424 5213 qui
2452 5140 2611 5196 suavi
2634 5144 2787 5197 tactu
2813 5138 3139 5214 blandoque
3165 5140 3446 5214 colloquio
3470 5140 3612 5197 dum
3638 5156 3779 5196 cum
3805 5156 3887 5196 ea
3912 5143 3977 5197 lo-

2323 5238 2614 5307 queretur,
2638 5235 2737 5290 illa
2764 5236 2833 5291 de
2853 5252 2912 5291 se
2928 5235 3134 5305 zelans,
3156 5234 3492 5291 blanditiam
3511 5235 3850 5307 respuebat.
3875 5236 3975 5301 Qui

2324 5329 2466 5385 dixit
2490 5330 2544 5386 ei
2567 5346 2581 5385 :
2603 5330 2750 5394 Quid
2770 5346 2862 5386 me
2888 5330 3166 5387 desiderio
3186 5345 3419 5385 accensa
3443 5345 3578 5385 cum
3599 5329 3779 5385 tantis
3796 5330 3974 5402 lacri-

2323 5423 2432 5478 mis
2448 5440 2633 5496 rogas,
2658 5441 2892 5496 gemens
2912 5424 3176 5497 requiris,
3204 5423 3340 5479 fusis
3360 5423 3624 5496 precibus
3634 5425 3859 5496 poscis,
3878 5441 3971 5497 pro

2322 5534 2415 5573 me
2440 5522 2597 5573 tanto
2621 5522 2677 5573 te
2706 5519 2957 5575 cruciatu
2981 5518 3186 5590 aftligis
3209 5518 3310 5591 qui
3335 5534 3561 5590 semper
3586 5517 3693 5574 tibi
3721 5518 3971 5575 adsisto?

2322 5612 2423 5682 Tu,
2455 5629 2684 5684 gemma
2709 5613 2972 5685 pretiosa,
3004 5612 3226 5669 noveris
3249 5617 3307 5669 te
3335 5613 3397 5667 in
3424 5612 3750 5669 diademate
3776 5614 3966 5685 capitis

2320 5706 2435 5761 mei
2462 5706 2710 5778 primam
2739 5724 2859 5762 esse
2886 5723 3195 5780 gemmam.
3225 5706 3371 5763 Nulli
3399 5706 3639 5762 dubium
3660 5707 3823 5780 quod
3854 5708 3964 5781 ipse

2322 5816 2449 5856 eam
2473 5800 2716 5859 visitavit
2741 5802 2835 5858 cui
2863 5818 2922 5858 se
2947 5805 3066 5858 tota
3090 5800 3385 5859 devotione
3417 5801 3655 5860 tradidit
3684 5801 3891 5859 vivens
3914 5802 3963 5856 in

2321 5910 2555 5968 corpore
2579 5901 2637 5953 et
2661 5896 2906 5969 gloriam
2931 5913 3040 5971 qua
3069 5895 3316 5954 fruitura
3333 5901 3455 5953 erat
3490 5896 3543 5953 ei
3564 5898 3847 5955 ostendit.
3874 5896 3961 5954 Sed
