4006 6238
117 328 210 382 677

1374 318 1546 377 VITA.
1588 318 1788 377 LIBER
1825 318 2186 377 SECUNDUS.

3369 326 3470 379 678

116 436 258 491 hunc
294 431 480 488 visum
510 429 778 487 secretius
807 446 938 486 cum
962 428 1379 485 contestatione
1414 430 1636 485 duabus
1656 446 1741 486 sa-
1761 443 1821 516 Α
1841 430 2053 485 Flenda
2075 445 2213 501 ergo
2242 428 2406 485 nobis
2432 428 2559 483 talis
2580 444 2696 484 non
2729 432 2832 497 est,
2858 428 2959 484 sed
2977 429 3298 485 tremenda.
3321 432 3476 485 Ami-

116 530 180 584 tis
189 527 452 583 fidelibus
470 525 756 592 disseruit,
780 530 844 580 ut
857 542 915 580 se
928 524 1231 597 superstite
1251 524 1391 580 nulli
1410 529 1736 581 narrarent.

179 623 245 677 Et
267 620 401 693 quia
428 621 613 676 multa
640 623 774 675 sunt
791 620 979 675 adhuc
999 619 1138 674 satis
1156 622 1214 674 et
1230 635 1445 690 magna
1465 636 1592 691 qua:
1612 636 1740 691 pro-

116 716 234 784 pter
262 710 647 782 prolixitatem
676 709 1062 781 praeterimus,
1093 725 1164 764 ne
1200 708 1493 779 prolixitas
1541 712 1738 764 nostra

117 804 471 861 audientibus
500 804 692 876 potius
716 803 1017 858 fastidium
1030 806 1473 874 generet,quam
1487 802 1737 857 nitorem

118 899 386 954 sermonis
413 897 552 970 [Al.,
576 898 789 969 sermo]
814 898 1099 952 ostendat.
1115 898 1406 961 Quantum
1429 896 1499 950 de
1512 912 1735 966 amore,

116 993 181 1048 de
210 992 596 1060 nutrimentis,
630 993 700 1046 de
734 990 1033 1057 charitate,
1074 990 1144 1045 de
1185 989 1621 1061 praedicatione,
1664 991 1735 1044 de

118 1085 263 1142 omni
289 1085 532 1141 omnino
554 1091 753 1140 sancta
775 1085 898 1155 ejus
928 1083 1362 1139 conversatione
1412 1083 1736 1138 reminisci-

116 1197 252 1249 mur,
282 1180 612 1235 cruciamur
636 1183 693 1234 et
721 1178 984 1233 dolentes
1003 1178 1182 1232 oculis
1202 1176 1468 1231 distensis
1492 1176 1736 1248 requiri-

116 1291 231 1329 mus
267 1277 495 1329 tantam
529 1273 826 1343 pietatem,
885 1271 987 1326 sed
1042 1288 1146 1325 nec
1204 1270 1529 1325 invenimus
1582 1270 1738 1341 quod

115 1366 480 1440 perdidimus.
511 1366 555 1421 Ο
582 1370 701 1421 tam
723 1366 868 1420 dura
893 1364 1148 1419 conditio
1175 1381 1303 1436 qua:
1336 1364 1502 1419 nobis
1544 1363 1734 1419 infeli-

116 1462 260 1516 cibus
286 1459 510 1515 evenit!
541 1477 574 1515 o
602 1459 835 1531 piisima
863 1458 1120 1525 domina,
1144 1458 1367 1513 utinam
1390 1458 1735 1512 obtinuisses

114 1572 231 1610 cum
255 1555 375 1609 caeli
399 1553 672 1621 Domino,
700 1557 763 1608 ut
789 1555 923 1608 ante
952 1555 1008 1608 te
1054 1569 1187 1607 oves
1234 1569 1378 1623 quas
1422 1567 1737 1622 congrega-

114 1665 263 1702 veras
313 1646 645 1703 direxissesl
700 1648 799 1713 Tu,
845 1650 1137 1718 pastorem
1192 1646 1410 1701 bonum
1465 1662 1733 1717 sequens,

115 1758 337 1812 gregem
367 1741 619 1796 Domino
648 1740 1000 1796 tradidisses.

1840 524 2016 578 simus
2049 523 2283 594 quidem
2313 523 2367 577 in
2392 523 2663 594 praesenti
2692 523 2900 578 saeculo
2932 523 3232 579 dominam
3259 526 3317 578 et
3346 539 3469 579 ma-

1839 620 1986 672 trem
2022 634 2036 672 :
2065 617 2166 671 sed
2190 618 2251 672 in
2272 633 2518 689 regnum
2546 617 2754 673 Christi
2794 617 3179 689 praemisimus
3216 618 3461 672 interce-

1839 710 2092 767 dentem.
2122 711 2470 766 Admirabile
2494 712 2729 783 quidem
2762 711 3039 783 gaudium
3060 712 3196 766 fecit
3215 712 3273 766 in
3296 713 3468 779 caelis,

1837 803 1894 859 in
1928 805 2096 859 terris
2126 822 2259 861 vero
2287 804 2714 860 intolerabilem
2740 806 2954 860 luctum
2980 806 3235 878 reliquit.

1911 903 1996 953 '27.
2055 899 2299 964 Quando
2341 899 2465 970 ejus
2510 903 2707 954 sancta
2756 900 2951 954 anima
2997 900 3069 955 de
3120 901 3228 955 hoc
3264 901 3471 955 saeculo

1838 992 2107 1063 migravit
2136 993 2211 1047 ad
2254 992 2564 1060 Christum,
2597 1010 2714 1048 non
2761 997 2886 1048 erat
2923 993 3000 1047 ibi
3046 994 3300 1064 pontifex
3338 995 3467 1049 loci.

1836 1086 2160 1141 Ambulavit
2190 1086 2423 1140 nuntius
2452 1086 2527 1140 ad
2550 1087 2737 1142 virum
2774 1087 3151 1158 apostolicum
3191 1087 3470 1142 domnum

1838 1181 2178 1251 Gregorium
2202 1180 2497 1235 Turonicaz
2531 1180 2771 1236 civitatis
2801 1181 3154 1251 episcopum,
3202 1184 3260 1235 et
3298 1182 3466 1235 adve-

1838 1275 1940 1328 nit.
1987 1274 2102 1330 Sed
2147 1277 2429 1345 quantum
2466 1290 2721 1345 praesens
2759 1274 2901 1328 vidit
2942 1275 3120 1329 oculis
3158 1280 3470 1346 antequam

1837 1384 1968 1422 eam
1996 1368 2283 1439 sepeliret,
2308 1368 2377 1422 de
2404 1368 2528 1438 ejus
2552 1367 2857 1422 virtutibus
2888 1368 2945 1421 in
2980 1368 3125 1423 libro
3164 1368 3467 1423 miraculo-

1834 1476 1964 1515 rum
1995 1461 2174 1532 (Greg.
2208 1464 2404 1516 Turon.
2429 1462 2494 1515 de
2525 1460 2609 1515 Gl.
2635 1463 2844 1528 Confes.
2896 1462 3037 1532 106),
3086 1478 3257 1532 quem
3315 1477 3470 1516 com-

1833 1555 2043 1626 posuit,
2096 1554 2354 1608 inseruit.
2398 1556 2541 1610 Cum
2588 1558 2783 1608 autem
2818 1554 2976 1608 venit
3018 1554 3089 1608 ad
3130 1555 3319 1609 locum
3372 1554 3467 1608 ubi

1834 1651 2097 1703 sanctum
2124 1664 2332 1719 corpus
2348 1648 2581 1718 jacebat
2608 1647 2785 1719 (quod
2815 1648 2934 1718 ipse
2952 1652 3151 1718 postea
3200 1664 3329 1701 cum
3379 1664 3467 1701 sa-

1837 1746 2131 1797 cramento
2167 1744 2495 1812 lacrymans
2534 1741 2782 1808 dicebat,
2826 1741 2982 1813 quod
3032 1741 3089 1795 in
3136 1741 3323 1812 specie
3363 1741 3469 1795 ho-

179 1838 259 1891 26.
287 1836 415 1891 Jam
447 1835 523 1890 ad
567 1834 881 1906 gloriosum
934 1834 1061 1904 ejus
1103 1833 1368 1888 venimus
1408 1832 1733 1899 transitum,
1756 1821 1814 1893 Β
1838 1836 2008 1890 minis
2029 1836 2357 1907 angelicum
2388 1837 2606 1891 vultum
2640 1835 2881 1905 viderat)
2928 1835 3101 1889 facies
3137 1834 3286 1888 illius
3320 1834 3474 1889 velut

114 1946 273 2000 quem
296 1929 417 1983 sine
430 1929 766 2001 profusione
791 1929 1178 1999 lacrymarum
1193 1926 1383 1983 dicere
1400 1944 1518 1982 non
1535 1943 1733 1999 possu-

114 2039 249 2077 mus.
272 2023 780 2093 Fluuntlacrymae,
806 2022 877 2077 de
894 2021 1026 2076 imis
1042 2021 1311 2076 medullis
1332 2020 1584 2092 gemitus
1601 2037 1734 2092 pro-

114 2120 395 2188 rumpunt,
414 2117 517 2172 sed
532 2117 592 2171 in
610 2117 767 2172 nullo
782 2114 1395 2172 consolationislocum
1415 2114 1733 2183 inveniunt,

116 2211 239 2266 dum
259 2211 619 2282 plangimus;
640 2210 687 2265 si
700 2210 772 2266 de
797 2210 922 2281 ejus
938 2209 1098 2264 ﬁdeli
1121 2208 1428 2264 devotione
1445 2208 1641 2263 minus
1657 2208 1738 2263 di-

115 2305 303 2372 cimus,
329 2305 458 2375 plus
484 2320 809 2375 peccamus.
841 2304 1030 2375 Usque
1054 2302 1127 2357 ad
1152 2302 1310 2358 diem
1344 2302 1618 2358 transitus
1651 2303 1734 2356 sui

117 2414 419 2469 numquam
448 2398 662 2452 minuit
680 2414 909 2453 cursum
943 2397 1219 2468 implere;
1262 2400 1321 2451 et
1357 2396 1513 2468 quod
1543 2396 1733 2467 cmpit,

116 2491 272 2545 corde
292 2490 566 2546 retinuit:
599 2490 735 2563 quia
760 2507 876 2546 non
899 2490 997 2563 qui
1017 2491 1269 2562 coeperit,
1304 2490 1406 2545 sed
1421 2489 1519 2562 qui
1539 2505 1732 2561 perse-

116 2585 380 2640 veraverit
408 2601 589 2656 usque
614 2584 673 2639 in
704 2585 904 2653 finem,
934 2586 1055 2655 ipse
1084 2584 1270 2639 salvus
1299 2584 1427 2638 erit.
1465 2583 1571 2638 Ubi
1611 2583 1735 2654 jam

118 2677 182 2733 ad
200 2678 371 2734 finem
393 2679 526 2734 vita:
554 2678 711 2734 venit
729 2681 993 2734 sanctum
1023 2678 1147 2749 ejus
1166 2678 1588 2749 corpusculum,
1616 2678 1737 2731 lon-

115 2787 241 2842 gum
270 2773 508 2828 trahens
528 2772 872 2845 martyrium
903 2788 1008 2844 pro
1033 2788 1233 2827 amore
1252 2761 1503 2827 ‘Domini
1527 2788 1542 2837 ;
1580 2770 1737 2825 beati

117 2865 313 2935 [forsan
334 2867 521 2922 beatae
544 2867 606 2922 id
632 2872 709 2923 est
726 2865 1019 2936 Moniales]
1044 2882 1249 2921 omnes
1268 2864 1607 2936 congregati
1624 2865 1737 2918 luc-

117 2961 265 3015 tuose
285 2961 434 3016 circa
455 2960 581 3032 ejus
601 2962 832 3016 thorum
851 2959 1059 3015 ﬂentes
1078 2962 1138 3015 et
1166 2960 1215 3031 ej
1225 2960 1468 3026 ulantes,
1500 2961 1735 3030 pectora

117 3052 260 3108 duris
287 3055 498 3126 pugnis
524 3058 582 3109 et
606 3054 889 3126 lapidibus
909 3054 1205 3121 ferientes,
1227 3069 1395 3109 voces
1429 3052 1503 3107 ad
1532 3053 1733 3107 caelum

118 3146 316 3203 dabant
331 3149 651 3204 clamantes
666 3164 732 3204 ac
753 3147 1041 3203 dicentes:
1072 3146 1416 3215 Domine,ne
1434 3145 1734 3217 permittas

1837 1946 1968 1984 rosa
1990 1932 2048 1984 et
2067 1928 2247 1983 lilium
2280 1929 2568 2000 fulgebat;
2596 1928 2675 1982 ita
2701 1929 3075 1983 tremefactus
3101 1930 3186 1982 est
3209 1944 3275 1983 ac
3313 1930 3471 1981 metu

1838 2040 2164 2087 concussus,
2208 2026 2489 2094 tanquam
2521 2022 2565 2076 si
2597 2026 2729 2076 ante
2762 2020 3131 2093 przesentiam
3158 2021 3342 2075 beatae
3372 2038 3468 2092 ge-

1837 2117 2058 2171 nitricis
2103 2116 2331 2171 Domini
2370 2116 2627 2170 adstaret
2672 2116 2911 2170 devotus
2958 2114 3043 2168 vir
3084 2116 3202 2170 Deo
3244 2115 3468 2186 plenus.

1836 2210 2254 2282 Expectabatur
2280 2209 2535 2282 pontifex
2563 2210 2673 2265 loci
2703 2212 2766 2263 ut
2790 2225 2919 2264 eam
2946 2225 3078 2263 cum
3102 2208 3279 2279 digno
3306 2225 3467 2279 sepe-

1837 2304 1967 2359 liret
1986 2305 2227 2359 honore.
2242 2306 2383 2359 Tota
2404 2303 2781 2375 congregatio
2794 2303 2943 2357 circa
2964 2302 3086 2373 ejus
3105 2305 3297 2357 torum
3314 2306 3472 2356 stans

1836 2398 2145 2470 psallebat;
2169 2397 2265 2452 ubi
2295 2397 2662 2469 psallentium
2691 2398 2776 2451 vel
2800 2397 3097 2468 paululum
3120 2394 3468 2467 quiescebat,

1838 2492 2214 2547 intolerabilis
2233 2492 2499 2563 planctus
2519 2491 2738 2546 aderat.
2762 2490 2972 2545 Triduo
3019 2492 3348 2561 expectatus
3387 2492 3473 2543 est

1836 2586 2115 2659 pontifex,
2144 2584 2281 2656 quia
2306 2585 2460 2640 vicos
2491 2584 2899 2651 circumiebat;
2929 2583 3031 2637 sed
3052 2583 3186 2655 quia
3224 2599 3340 2638 non
3382 2598 3473 2637 ve-

1838 2679 1941 2748 nit,
1972 2678 2331 2751 supradictus
2354 2678 2440 2734 vir
2458 2679 2805 2751 apostolicus
2831 2678 2902 2733 de
2925 2678 3161 2733 caritate
3184 2678 3319 2731 fisus
3337 2676 3471 2748 quia

1829 2775 2076 2844 perfecta
2100 2775 2302 2829 caritas
2324 2775 2477 2841 farus
2518 2775 2691 2828 mittit
2725 2775 2967 2827 timorem
3006 2772 3057 2843 (Ι
3082 2774 3238 2827 Joan.
3279 2771 3375 2841 IV),
3413 2770 3470 2825 in

1838 2867 2076 2922 Basilica
2106 2870 2315 2922 sanctae
2343 2866 2529 2923 Mariae
2563 2866 2625 2937 (c)
2669 2866 2908 2921 nomine
2949 2864 3200 2929 condita,
3243 2864 3339 2918 ubi
3378 2881 3466 2919 sa-

1835 2978 1932 3016 cra
1949 2961 2240 3033 virginum
2265 2977 2508 3032 corpora
2529 2961 2598 3015 de
2621 2959 2972 3016 monasterio
3000 2976 3101 3014 suo
3119 2958 3464 3025 conduntur,

1836 3072 1966 3111 eam
1993 3073 2123 3111 cum
2146 3055 2322 3127 digno
2354 3054 2612 3126 sepelivit
2640 3054 2883 3110 honore.

1906 3153 1995 3204 28.
2031 3151 2180 3203 Dum
2213 3150 2316 3203 sub
2358 3164 2525 3204 muro
2554 3164 2684 3203 cum
2711 3146 3017 3220 psallentio
3049 3149 3310 3201 sanctum
3348 3146 3470 3217 ejus

124 3197 647 3204 _w-_---_____-_-
669 3197 730 3204 _-
759 3197 1008 3203 __---__-_
1029 3197 1041 3203 -
1072 3197 1412 3215 _-___-,_-
1434 3197 1463 3217 τ
1908 3197 1995 3204 _--
2031 3197 2180 3203 ,κη
2213 3197 2312 3203 ___
2358 3197 2521 3204 ω---
2559 3197 2684 3203 -__
2711 3197 3011 3220 rem---"
3049 3197 3310 3201 ____--____
3356 3197 3396 3217 ,υ
3412 3197 3465 3200 η

119 3245 344 3298 nostam
364 3259 541 3314 grave
557 3242 837 3298 damnum
850 3242 1207 3313 pati;lumen
1220 3243 1483 3296 nostrum
1502 3238 1730 3310 recipis,
1755 3197 1810 3272 Ο
1834 3259 2042 3315 corpus
2079 3246 2425 3315 portaretur,
2456 3242 2588 3314 quia
2617 3241 2945 3297 instituerat
2974 3244 3037 3296 ut
3079 3241 3236 3295 nulla
3277 3240 3472 3295 vivens

117 3351 210 3391 nos
240 3353 337 3392 cur
357 3337 419 3392 in
451 3335 708 3392 tenebris
730 3335 1010 3407 relinquis
1029 3334 1057 3390 ‘I
1084 3336 1153 3389 Et
1169 3334 1301 3407 quia
1325 3333 1423 3389 illa
1453 3331 1733 3407 quidquid

116 3428 465 3499 potissimum
486 3431 677 3486 facere
697 3429 896 3498 voluit,
921 3445 1152 3501 semper
1172 3428 1266 3484 die
1280 3427 1488 3483 natalis
1507 3426 1733 3483 Domini

118 3521 290 3578 facere
326 3523 524 3597 elegit,
558 3523 840 3595 gloriosus
874 3523 1153 3579 transitus
1190 3522 1313 3593 ejus
1348 3522 1425 3577 sic
1470 3519 1731 3593 contigit,

117 3615 248 3671 Nam
275 3622 480 3690 quarta
502 3618 649 3673 feria
669 3634 844 3673 mane
870 3618 1062 3690 primo
1082 3617 1209 3672 idus
1231 3618 1537 3689 Augustas,
1580 3613 1735 3687 quod

119 3708 245 3765 fecit
261 3710 407 3767 idem
420 3712 640 3767 mensis
652 3711 774 3766 dies
791 3700 888 3767 XIII
904 3710 1001 3783 (a),
1019 3710 1194 3765 clausi
1207 3712 1337 3765 sunt
1351 3710 1401 3781 ej
1410 3726 1473 3763 us
1499 3708 1649 3764 oculi
1662 3708 1732 3780 (b)

120 3805 173 3857 et
193 3804 473 3861 obscurati
494 3809 627 3860 sunt
648 3805 849 3861 nostri.
879 3806 973 3860 Vas
1002 3804 1166 3860 nobis
1197 3804 1332 3876 quia
1352 3802 1731 3876 peccavimus,

1833 3338 1989 3393 foras
2026 3337 2362 3393 monasterii
2378 3337 2624 3409 januam
2655 3336 3032 3408 egrederetur
3057 3334 3155 3407 (ἀ),
3188 3337 3311 3390 tota
3332 3350 3468 3389 con-

1836 3430 2099 3503 gregatio
2130 3448 2302 3504 supra
2329 3447 2562 3486 murum
2595 3431 2941 3498 lamentans,
2994 3430 3074 3485 ita
3103 3431 3168 3483 ut
3211 3429 3470 3501 planctus

1836 3541 2035 3581 earum
2071 3527 2369 3597 superaret
2413 3525 2601 3596 ipsum
2654 3524 3044 3596 psallentium,
3106 3539 3212 3593 pro
3248 3522 3470 3593 psalmo

1835 3620 2140 3691 lacrymas,
2163 3635 2268 3690 pro
2294 3618 2516 3673 cantico
2537 3618 2845 3689 mugitum,
2870 3621 2929 3672 et
2949 3616 3232 3687 gemitum
3260 3632 3365 3687 pro
3388 3616 3469 3670 al-

1835 3712 2008 3767 leluia
2028 3712 2091 3784 (c)
2104 3712 2446 3767 reddebant.
2472 3712 2841 3782 Rogaverunt
2869 3711 3170 3765 desursum
3189 3711 3256 3763 ut
3275 3708 3474 3763 subtus

1837 3809 2056 3861 turrem
2080 3808 2486 3878 repausaretur
2504 3804 2785 3859 feretrum
2804 3804 2862 3858 in
2888 3820 3002 3875 quo
3014 3802 3184 3857 beata
3200 3800 3470 3872 portaba-

121 3897 377 3955 aﬁlictum
402 3903 493 3955 est
513 3899 711 3955 dolore
738 3916 837 3954 cor
854 3901 1137 3967 nostrum,
1164 3897 1425 3953 ﬂevimus
1471 3900 1529 3952 et
1568 3897 1732 3968 plan-
1836 3906 1947 3973 tur,
1985 3904 2236 3975 graviter
2279 3903 2629 3959 sustinentes
2680 3901 2803 3973 ejus
2853 3900 3191 3957 absentiam.
3249 3898 3363 3955 Sed
3411 3902 3475 3954 ut

120 3990 311 4062 Simus,
350 3993 508 4066 quod
539 3993 750 4048 diutius
780 4009 895 4047 una
921 4009 1027 4047 n08
1055 3996 1113 4047 te
1138 3993 1352 4048 habere
1377 4010 1495 4049 non
1520 3993 1732 4049 merui"-
1836 4015 2001 4055 suam
2032 3999 2265 4052 fidelem
2294 3997 2571 4052 Dominus
2600 3996 2923 4051 declararet
2946 3996 3003 4050 in
3027 3994 3218 4051 medio
3252 3993 3469 4066 populi,

120 4100 249 4141 mus.
268 4088 457 4159 lpsum
484 4104 659 4142 mane
682 4087 778 4142 ubi
802 4086 968 4142 nobis
990 4090 1217 4142 tantum
1232 4089 1451 4143 malum
1470 4087 1733 4160 contigit,
1764 4162 1773 4170 .
1836 4094 1917 4149 ibi
1937 4093 2077 4148 dum
2108 4095 2451 4164 pausaretur
2476 4092 2742 4146 sanctum
2773 4106 2998 4163 corpus,
3026 4105 3243 4144 caecum
3262 4087 3470 4143 illumi-

122 4178 208 4263 ubi
232 4198 340 4237 una
359 4199 487 4250 vox,
509 4199 657 4237 unus
669 4182 954 4253 planctus,
972 4198 1119 4236 unus
1132 4182 1352 4237 clamor
1372 4183 1541 4238 caelos
1552 4198 1732 4254 pene-
1838 4186 2017 4242 navit:
2037 4186 2136 4258 qui
2153 4185 2349 4241 multis
2373 4184 2540 4240 annis
2554 4186 2740 4240 lucem
2754 4184 2869 4239 diei
2891 4200 3008 4239 non
3022 4182 3472 4251 viderat,lumen

120 4273 326 4341 t1‘s’tbaiv;
352 4275 623 4348 lapidarii
645 4274 741 4347 (Illi
763 4274 822 4330 in
844 4278 1046 4330 monte
1075 4276 1486 4347 operabantul',
1515 4276 1576 4329 in
1601 4292 1734 4331 aere
1837 4281 2083 4353 recepit;
2113 4281 2209 4353 qui
2233 4280 2307 4335 ad
2328 4296 2534 4335 manus
2554 4281 2769 4334 tractus
2785 4279 3180 4349 venerat,post
3199 4278 3476 4331 feretrum

121 4369 411 4427 audierunt
442 4374 714 4444 angelum
740 4372 844 4427 Dei
874 4373 1242 4443 loquentem;
1286 4390 1434 4427 unus
1475 4372 1620 4427 dixit
1664 4372 1737 4426 ad
1838 4376 1994 4430 nullo
2030 4377 2386 4430 sustentante
2436 4373 2655 4442 videns,
2697 4377 2979 4445 tanquam
3026 4371 3070 4425 si
3117 4371 3337 4425 nullum
3381 4370 3479 4425 ha-

120 4462 273 4519 alios:
302 4466 442 4538 quid
467 4466 698 4521 facitis?
731 4466 1004 4521 dimittite
1035 4482 1167 4521 eam
1202 4466 1427 4535 adhuc;
1479 4466 1615 4539 quia
1648 4466 1736 4520 hie
1837 4469 2052 4525 buisset
2078 4469 2337 4524 laborem
2364 4469 2683 4536 oculorum,
2727 4467 2799 4522 ad
2848 4468 3110 4522 sanctum
3149 4465 3474 4536 sepulcrum

122 4571 273 4613 voces
306 4560 377 4614 ad
422 4560 651 4616 Domini
690 4563 1079 4632 pervenerunt
1131 4576 1317 4615 aures.
1363 4559 1591 4632 Angeli,
1646 4559 1741 4631 qui
1761 4573 1821 4646 D
1845 4563 2004 4630 abiit,
2035 4565 2093 4617 et
2118 4579 2296 4633 usque
2321 4562 2497 4617 hodie
2523 4563 2675 4617 clare
2702 4560 2876 4615 videt.

124 4666 241 4707 eam
268 4654 551 4722 ferebant,
573 4654 989 4725 respondentes
1017 4654 1284 4709 dixerunt
1313 4670 1326 4708 :
1362 4655 1489 4709 Jam
1524 4654 1739 4709 factum
1910 4659 1997 4711 29.
2030 4657 2108 4710 Ne
2147 4655 2624 4727 praetermittatur
2668 4656 2725 4708 et
2771 4652 2924 4708 aliud
2975 4652 3337 4708 miraculum.
3373 4652 3476 4709 Ubi

125 4748 217 4800 est.
247 4746 386 4811 Quid
409 4747 728 4803 faciemus?
751 4749 910 4803 Illam
930 4748 1148 4820 recepit
1168 4747 1488 4819 paradisus,
1511 4748 1740 4819 ubiglo-
1840 4767 1967 4806 eam
2008 4748 2267 4821 sepelivit
2294 4748 2656 4820 supradictus
2697 4748 3018 4820 episcopus,
3053 4747 3477 4819 coopertorium

126 4837 290 4894 riatur
313 4858 444 4897 cum
471 4842 736 4898 Domino.
764 4842 1063 4900 Credimus
1106 4841 1261 4915 quod
1293 4858 1398 4898 nos
1422 4858 1539 4896 non
1568 4842 1639 4896 de
1677 4860 1737 4898 se
1842 4861 1957 4900 non
1984 4843 2195 4916 posuit,
2224 4845 2537 4914 antequam
2558 4841 2818 4914 pontifex
2847 4840 2955 4897 loci
2991 4838 3231 4896 veniret.
3258 4841 3473 4897 Libera:

126 4938 355 5004 separat,
386 4953 515 5009 quae
536 4953 595 4991 se
627 4935 680 4992 ei
706 4937 933 5009 placere
966 4937 1146 4993 voluit
1179 4952 1310 4991 cum
1360 4952 1475 5008 quo
1510 4941 1733 5008 regnat.
1842 4956 1967 5011 quae
1993 4940 2126 4993 ante
2156 4954 2283 4993 eam
2310 4953 2509 4993 cereos
2537 4939 2934 5009 portaverunt,
2963 4939 3100 4992 tota:
3126 4935 3185 4991 in
3218 4953 3360 5010 gyro
3389 4954 3475 4993 se-

190 5095 258 5167 (a)
287 5097 501 5163 Quarta
537 5097 685 5154 feria
708 5098 996 5155 Christum
1027 5099 1339 5154 Dominum
1371 5101 1574 5154 natum
1612 5116 1735 5155 esse

127 5166 399 5242 Cedrenus
417 5174 475 5225 et
492 5170 765 5242 Maximus
794 5171 1101 5226 Monachus
1128 5187 1291 5242 aeque
1319 5170 1733 5241 existimarunt,

128 5240 182 5290 ut
199 5238 446 5313 Scaliger
472 5242 571 5297 lib.
595 5258 651 5297 v1
682 5241 753 5296 de
795 5242 1086 5297 emendat.
1126 5238 1305 5313 tefnp.
1340 5242 1437 5297 ubi
1475 5242 1545 5297 de
1581 5238 1735 5299 anno

131 5258 182 5290 ιιι
199 5258 339 5294 scan
384 5258 571 5297 eruo.
595 5258 651 5297 v1
682 5258 753 5296 de
795 5258 949 5297 emet

131 5311 319 5365 natalis
338 5258 585 5381 gomini,
610 5313 949 5368 observavit.

192 5381 271 5455 (b)_
297 5384 599 5455 Gregorius
620 5384 967 5439 Turonensis
990 5383 1088 5439 lib.
1117 5402 1169 5441 Ix
1196 5401 1244 5439 c.
1278 5387 1331 5453 2,
1362 5385 1585 5440 obitum
1612 5404 1738 5441 san-

127 5453 220 5534 ctae
248 5453 612 5534 Radegundis
631 5455 816 5534 illigat
840 5473 993 5511 anno
1023 5455 1369 5534 duodecimo
1401 5456 1556 5527 regis
1582 5458 1734 5513 Chil-

130 5520 352 5605 deberti,
383 5520 826 5605 qui‘resppn'det
859 5544 1013 5605 anno
1055 5527 1263 5584 Christi
1303 5544 1355 5583 ο.
1387 5520 1590 5597 fovu,
1622 5546 1735 5600 quo

130 5590 672 5654 dominica'littera'E
698 5599 982 5654 currebat.

1912 5100 1993 5181 (ἀλ
2016 5101 2232 5181 Nempe
2249 5100 2411 5171 juxta
2426 5098 2703 5181 regulam
2731 5114 2905 5170 quam
2945 5101 3174 5181 sanctus
3205 5096 3479 5181 Caesarius

1836 5168 2184 5244 monialibus
2213 5168 2579 5244 praescripsit.
2606 5168 2767 5225 Nam’
2786 5168 3274 5244 recapitulationis
3304 5169 3475 5244 Artic.

1839 5261 1855 5298 I
1899 5243 2097 5298 statuit
2133 5248 2196 5299 ut
2212 5239 2370 5298 nulla
2395 5239 2463 5297 ea}
2492 5242 2640 5297 vobis
2668 5258 2833 5313 usque
2860 5239 2938 5297 ad
2959 5247 3181 5297 mortem
3218 5254 3371 5313 suam
3414 5239 3480 5293 de

1836 5317 2161 5371 monasterio
2188 5314 2390 5385 egredi,
2420 5313 2505 5367 vel
2528 5313 2595 5368 de
2621 5309 2760 5384 ipsa'
2777 5313 3001 5368 basilica
3028 5315 3085 5366 in
3122 5327 3231 5381 qua
3246 5309 3475 5385 januam

1838 5386 2069 5451 habetis,
2099 5390 2211 5454 aut,
2224 5384 2604 5457 permittatur,
2635 5390 2732 5439 aut
2766 5400 2868 5455 per
2901 5385 3133 5452 seipsam
3178 5384 3475 5451 praesumat

1837 5473 2003 5513 mre.

1912 5528 1976 5600 (ε)
2003 5528 2160 5582 Hanc
2187 5526 2399 5600 laetitiae
2428 5542 2628 5600 vocem
2649 5521 3038 5600 qlleluz‘qolim
3079 5522 3137 5600 in
3181 5517 3474 5600 Exsequiis

1836 5588 2177 5671 usurpatam
2191 5598 2315 5670 jam
2338 5597 2637 5654 annotavit
2660 5592 2959 5671 Menardus
2974 5595 3173 5671 noster
3185 5588 3479 5671 inlibr‘um

195 5665 270 5748 (ο),
285 5669 345 5750 19
378 5669 540 5751 illam
579 5670 877 5751 basilicam
913 5670 1089 5726 modo
1128 5675 1339 5751 sanctae
1364 5669 1738 5751 Radegundis
1839 5658 2565 5751 sacramentovrumzquam.
2579 5680 2772 5746 vocem
2787 5662 3073 5751 prmcipue
3095 5662 3153 5751 in
3180 5658 3478 5751 funeribus

131 5730 335 5818 Πρῶίηί
363 5740 612 5818 ἀῆίὲβίβω
641 5742 949 5818 collegium
979 5741 1392 5818 {tamquamut
1420 5730 1690 5818 successit
1719 5760 1734 5798 :
1838 5741 2201 5818 sacerdotum
2226 5730 2418 5800 Graeci
2432 5738 2640 5811 saepius
2656 5730 3047 5808 ingeminant,
3071 5734 3135 5789 ut
3159 5730 3381 5786 constat
3406 5743 3479 5785 ex

135 5806 237 5864 alia
252 5826 381 5893 vero
404 5812 570 5893 titulo
601 5806 821 5893 sancta?
845 5813 1029 5893 crucis
1054 5812 1332 5893 insignita
1378 5811 1668 5888 hodieque
1705 5831 1739 5869 a
1842 5811 2215 5884 Euchologio.

138 5884 647 5944 sanctimonialibus
679 5884 1062 5942 Benedictinis
1082 5884 1414 5959 occupatur.
