4006 6238
480 286 581 338 6'79

1451 279 1705 335 SANCTA
1743 278 2207 345 RADEGUNDUS,
2248 278 2495 333 REGINA
2536 276 2865 333 FRANCl/E.

3759 277 3869 328 680

478 390 659 463 pulcri
681 390 1003 455 adstabant;
1027 405 1388 461 unaquaeque
1412 388 1469 442 in
1493 405 1593 442 suo
1613 405 1779 442 cereo
1813 404 1976 442 suum
2001 405 2103 443 no-
2130 388 2268 474 Ain
2308 388 2462 442 beati
2504 387 2786 442 Antistitis
2821 385 3059 441 Basilica
3086 385 3484 456 vigilaverunt,
3524 388 3651 440 tota
3689 386 3870 437 nocte

479 502 617 542 men
648 485 822 540 dabat
842 485 1277 556 scriptum,tot£e
1295 482 1394 537 uni
1416 499 1482 536 ex
1503 482 1733 537 famulis
1750 483 2108 553 cereosipsos

475 580 639 651 juxta
661 579 1085 634 ordinationem
1115 577 1439 632 tradebant.
1474 576 1560 631 Fit
1587 576 1879 631 contentio
1918 577 1976 630 in
2014 594 2111 647 po-

481 675 619 745 pulo
644 674 775 741 ;alii
803 673 1072 727 dicebant
1094 687 1289 724 cereos
1309 670 1460 741 ipsos
1481 670 1538 723 in
1573 671 1696 740 ejus
1726 674 1987 725 sanctum
2022 687 2109 724 se-

482 769 743 840 pulcrum
763 766 912 821 mitti
929 766 1137 819 debere
1163 806 1177 831 ,
1207 764 1302 818 alii
1325 764 1610 833 dicebant,
1640 781 1777 819 non.
1802 764 2111 819 Dumistud

484 864 774 933 ageretur,
827 860 896 913 de
923 858 1087 929 pueri
1112 858 1346 912 brachio
1376 858 1474 928 qui
1500 861 1652 913 totos
1676 858 1934 913 tenebat.
1967 875 2115 911 unus

487 954 695 1009 exilivit
722 954 781 1006 in
827 953 1006 1005 altum
1043 968 1214 1022 super
1255 968 1491 1006 omnem
1524 954 1822 1023 populum,
1866 956 1923 1006 et
1956 969 2015 1005 se
2056 951 2114 1004 in

487 1050 683 1103 sancto
707 1046 967 1116 sepulcro
996 1045 1071 1099 ad
1095 1044 1274 1116 pedes
1285 1046 1469 1099 beatae
1486 1047 1696 1116 posuit,
1712 1050 1769 1100 et
1790 1046 1943 1116 quod
1958 1044 2119 1099 haesi-

486 1142 735 1207 tabatur,
776 1138 1103 1193 declaravit.
1144 1139 1534 1209 Respicientes
1577 1140 1651 1194 ad
1692 1156 1925 1205 nomen,
1959 1139 2119 1208 cujus

488 1250 633 1301 esse,
656 1249 875 1300 cereus,
898 1232 1199 1286 inventum
1221 1235 1307 1286 est
1324 1232 1508 1287 Calvae
1526 1249 1762 1287 nomen.
1788 1234 1903 1287 Hoc
1918 1232 2120 1286 videns

489 1328 789 1399 episcopus
816 1328 900 1379 vel
931 1326 1120 1380 omnis
1141 1327 1403 1398 populus,
1451 1326 1807 1381 admirantes
1852 1326 2121 1380 virtutem

488 1422 673 1476 beatae
704 1419 1094 1490 Radegundis,
1134 1420 1379 1474 Domino
1414 1420 1853 1474 benedixerunt.
1882 1420 2123 1484 Quantae

489 1520 620 1587 post
640 1515 762 1585 ejus
792 1514 1097 1568 transitum
1126 1514 1204 1567 ibi
1241 1516 1373 1567 sunt
1412 1513 1581 1568 facta;
1623 1513 1878 1581 virtutes,
1924 1512 2126 1583 quanti

493 1608 834 1663 daemoniaci
872 1606 1119 1674 liberati,
1159 1607 1359 1678 quanti
1398 1607 1791 1662 febricitantes
1828 1610 1960 1661 sunt
1994 1606 2124 1660 red-

494 1703 599 1758 diti
623 1702 874 1768 sanitati,
903 1701 1030 1772 quis
1059 1717 1403 1755 enumerare
1434 1701 1664 1754 valeat?

2210 481 2590 552 energumeni
2619 482 3040 547 clamaverunt;
3071 479 3223 534 inter
3248 496 3392 551 quos
3418 479 3695 534 mulieres
3722 477 3874 531 duas

2211 574 2463 647 graviter
2499 575 2809 630 infestabat
2839 574 3123 641 inimicus,
3154 574 3437 646 praecipue
3473 591 3595 627 una
3630 575 3872 627 tantum

2211 668 2619 737 bacchabatur,
2634 673 2698 723 ut
2712 669 2771 722 in
2789 668 2912 739 ejus
2927 668 3161 722 fremitu
3174 671 3588 723 totatremeret
3603 665 3872 720 basilica.

2211 765 2523 834 Postquam
2539 762 2673 817 inde
2693 762 2778 816 vir
2796 762 3138 817 venerabilis
3150 761 3505 833 Arnegisilus
3519 761 3707 815 abbas
3724 758 3879 813 basi-

2214 858 2337 911 licae
2353 857 2537 911 beatae
2556 857 2773 926 reginae
2785 872 2916 910 cum
2933 856 3048 909 suis
3062 856 3353 910 Monachis
3370 855 3558 924 exivit,
3594 854 3671 908 ad
3700 869 3875 907 suam

2216 952 2432 1006 vadens
2474 950 2769 1005 basilicam
2799 966 3025 1005 cursum
3065 950 3328 1021 implere,
3371 966 3549 1020 quam
3586 948 3686 1002 illa
3737 946 3881 1000 satis

2220 1046 2515 1115 dilexerat,
2553 1046 2705 1116 ipsas
2724 1047 2854 1115 post
2882 1061 2942 1097 se
2967 1044 3239 1098 mulieres
3266 1043 3576 1097 audierunt
3608 1043 3877 1097 claman-

2220 1144 2326 1208 tes,
2376 1139 2593 1193 Venite.
2652 1140 2789 1202 Quaa
2840 1139 3113 1209 ingressae
3156 1137 3447 1191 basilicam
3481 1136 3883 1191 vociferantes

2222 1233 2498 1288 domnam
2524 1232 2941 1302 Radegundem
2975 1235 3038 1285 ut
3061 1230 3142 1284 eis
3161 1236 3422 1302 parceret
3442 1228 3880 1300 supplicabant.

2223 1328 2347 1381 Una
2369 1344 2435 1380 ex
2464 1327 2592 1391 illis,
2621 1342 2750 1396 quae
2778 1324 3006 1395 gravius
3034 1325 3431 1390 tribulabatur,
3457 1325 3587 1395 jam
3606 1326 3703 1376 ter
3747 1322 3879 1391 qui-

2226 1437 2331 1475 nos
2357 1420 2576 1474 habens
2602 1435 2787 1473 annos
2817 1435 2884 1472 ex
2908 1434 3022 1489 quo
3051 1434 3182 1472 eam
3208 1417 3437 1488 spiritus
3468 1433 3729 1487 nequam
3774 1414 3880 1467 ﬂa-

2226 1513 2498 1585 gellabat,
2523 1530 2653 1567 cum
2681 1512 2970 1566 matutina
2997 1510 3312 1578 dicebatur,
3343 1510 3581 1565 saeviens
3602 1507 3881 1563 inimicus

2226 1625 2325 1661 vas
2355 1607 2509 1678 quod
2530 1607 2836 1674 invaserat,
2860 1605 3113 1675 reliquit.
3134 1605 3233 1659 llla
3261 1605 3375 1659 alia
3391 1605 3465 1658 ad
3486 1604 3725 1658 tertiam
3744 1606 3880 1656 ante

2231 1701 2441 1756 ostium
2464 1700 2638 1771 ipsius
2660 1699 2906 1753 basilicae
2924 1701 3009 1752 est
3032 1698 3293 1766 liberata,
3327 1702 3383 1752 et
3413 1698 3565 1752 ultra
3586 1696 3880 1767 nequissi-

567 1799 654 1851 30.
682 1799 758 1850 De
785 1794 1117 1866 Burgundia
1150 1810 1281 1848 cum
1298 1793 1420 1849 viro
1447 1794 1758 1865 apostolico
1780 1794 2027 1848 Leifasto
2054 1793 2129 1865 (α)
2149 1773 2207 1845 Β
2231 1812 2358 1850 mus
2383 1793 2560 1848 hostis
2582 1793 2664 1848 eis
2695 1810 2903 1848 nocere
2940 1810 3058 1847 non
3082 1792 3274 1846 valuit.
3299 1792 3486 1856 Quam
3511 1793 3676 1862 larga
3709 1793 3801 1843 est
3829 1790 3882 1843 et

497 1891 765 1963 episcopo
788 1888 1024 1943 veniens
1046 1888 1168 1959 ejus
1190 1888 1340 1942 abba
1353 1887 1589 1942 nomine
1609 1887 1790 1955 Abbo,
1820 1888 1956 1942 dum
1986 1890 2133 1942 esset

497 1983 811 2040 Pictavisin
829 1982 1076 2049 civitate,
1096 1981 1285 2039 dentis
1298 1980 1536 2035 incurrit
1566 1981 1820 2035 validum
1852 1981 2130 2036 dolorem.

500 2079 599 2134 Die
621 2080 910 2148 noctuque
932 2093 1045 2141 una
1066 2092 1190 2142 vox,
1214 2092 1362 2129 unus
1382 2075 1548 2130 dolor
1566 2074 1757 2129 inerat
1777 2075 1850 2142 ei,
1883 2078 2135 2129 mortem

500 2172 730 2228 evenire
759 2169 863 2225 sibi
891 2172 1097 2241 optans
1131 2172 1194 2223 ut
1216 2172 1375 2223 tanto
1398 2172 1622 2224 careret
1653 2168 1873 2224 dolore.
1904 2169 2011 2233 Qui
2055 2168 2137 2222 in-

500 2267 753 2338 spirante
782 2264 889 2319 sibi
919 2263 1112 2318 divina
1137 2262 1535 2318 misericordia
1554 2263 1780 2334 rogavit
1808 2280 1866 2317 se
1894 2262 2025 2317 duci
2066 2262 2139 2316 ad

494 2363 709 2415 sanctae
734 2358 1029 2413 basilicam
1057 2373 1070 2411 :
1110 2356 1208 2411 ubi
1237 2356 1549 2427 ingressus,
1587 2373 1717 2411 cum
1748 2356 1861 2410 fide
1903 2372 1963 2411 se
2006 2359 2139 2410 ante

501 2456 765 2509 sanctum
791 2451 1113 2523 sepulcrum
1138 2453 1305 2505 terra;
1325 2451 1588 2521 projecit,
1610 2454 1859 2505 mortem
1876 2466 1994 2521 prae
2015 2465 2143 2504 ocu-

501 2547 572 2603 lis
620 2546 860 2613 habens,
909 2545 1123 2616 pallam
1177 2545 1536 2616 corporalem
1587 2544 1835 2615 desuper
1881 2546 2143 2598 sanctum

505 2640 794 2694 tumulum
822 2637 1113 2692 mordicus
1140 2636 1543 2708 apprehendit.
1568 2635 1677 2700 Qui
1697 2639 1916 2708 septem
1944 2636 2145 2690 diebus

508 2750 615 2788 nec
639 2733 829 2788 cibum
854 2734 1194 2802 sumpserat,
1226 2747 1333 2785 nec
1358 2747 1560 2785 somno
1594 2730 1752 2784 refici
1796 2733 2042 2801 poterat,
2086 2729 2145 2782 in

509 2829 619 2884 hoc
644 2844 837 2882 morsu
864 2842 1037 2897 sopor
1064 2825 1332 2893 accessit;
1374 2824 1540 2879 dolor
1571 2823 1849 2891 discessit,
1877 2840 2050 2878 sanus
2077 2823 2147 2877 ad

510 2921 824 2993 hospitium
865 2918 1054 2974 rediit.
1099 2918 1265 2983 Quod
1302 2921 1433 2989 post
1475 2918 1599 2989 ipso
1634 2919 1922 2972 referente
1959 2919 2150 2988 plures

510 3016 923 3087 cognoverunt,
966 3012 1062 3066 ubi
1088 3028 1148 3067 se
1174 3011 1465 3067 fatebatur
1491 3011 1563 3065 de
1601 3011 1803 3066 mortis
1836 3012 2017 3082 janua
2049 3027 2153 3081 per

508 3110 783 3164 virtutem
808 3107 1036 3162 domnae
1051 3105 1422 3177 Radegundis
1447 3121 1568 3159 esse
1588 3108 1937 3160 revocatum.

586 3206 674 3259 31.
703 3204 772 3256 Et
791 3202 928 3273 quia
951 3217 1078 3255 mos
1099 3203 1185 3253 est
1200 3199 1259 3253 in
1281 3197 1587 3253 festivitate
1608 3200 1762 3253 beati
1792 3199 1987 3254 Hilarii
2026 3198 2156 3253 reli-

518 3297 645 3369 quis
659 3294 1013 3352 Monasteriis
1033 3293 1398 3348 circumcirca
1427 3292 1720 3363 proximis,
1744 3309 1872 3363 quae
1898 3296 2033 3347 sunt
2053 3292 2151 3360 ibi,

517 3406 701 3461 usque
718 3389 779 3443 in
797 3387 1052 3443 mediam
1065 3390 1295 3441 noctem
1312 3385 1535 3457 vigilias
1551 3386 1864 3455 celebrare;
1880 3387 1949 3441 de
1961 3386 2155 3442 media

519 3488 689 3539 nocte
707 3481 1100 3553 unusquisque
1118 3481 1292 3535 abbas
1305 3496 1436 3535 cum
1449 3480 1566 3535 suis
1586 3479 1857 3535 fratribus
1889 3480 1963 3535 ad
1990 3497 2157 3535 suum

518 3577 826 3633 revertitur
841 3575 1254 3632 manasterium
1279 3590 1506 3630 cursum
1526 3574 1836 3630 celebrare.
1870 3574 2157 3639 Quamdiu

581 3748 668 3876 Xa)
717 3747 992 3803 Leifastus
1040 3763 1138 3800 seu
1175 3745 1434 3800 Lefastus
1489 3743 1788 3817 episcopus
1835 3743 2154 3812 IEduensis,

631 3824 788 3876 utan.
811 3823 940 3876 nost
963 3817 1270 3876 Siagrium.
1302 3817 1399 3876 qui
1425 3833 1579 3871 anno
1601 3834 1666 3871 nc
1700 3815 1861 3876 obiit,
1895 3818 1957 3869 ut
1986 3816 2154 3869 sentit

522 3816 788 3899 Q’Autun,
810 3823 942 3899 post
963 3817 1399 3899 S_ia_grium,.qui
1425 3833 1579 3899 ann?
1601 3834 1666 3871 nc
1688 3816 1861 3899 ’obiit‘,
1895 3818 1957 3869 ut
1986 3816 2160 3899 sentit

522 3887 782 3948 Carolus
810 3887 862 3944 Ie
905 3887 1106 3946 Cointe
1159 3888 1219 3942 in
1267 3887 1474 3943 Annal.
1518 3889 1717 3943 Franc.
1776 3887 1851 3942 ad
1899 3904 1994 3942 an.
2032 3889 2157 3953 600,

2235 1888 2391 1943 dives
2417 1886 2809 1942 misericordia
2836 1887 2935 1941 Dei
2957 1903 3086 1958 qua:
3117 1903 3247 1940 suos
3282 1886 3465 1940 vereri
3486 1884 3648 1951 facit,
3670 1887 3732 1938 et
3758 1884 3884 1936 loca

2234 1981 2477 2053 requirit
2495 1981 2615 2051 ipse
2654 1980 2929 2034 virtutum
2973 1979 3211 2050 largitor
3250 1996 3315 2034 ac
3355 1979 3747 2049 dispensator,
3790 1976 3885 2029 ubi

2234 2094 2341 2149 per
2360 2093 2492 2129 suos
2520 2075 2718 2129 ﬁdeles
2749 2091 2912 2129 suam
2939 2073 3193 2128 ostendit
3226 2072 3569 2144 potentiam.
3615 2071 3703 2126 Ad
3740 2070 3887 2123 basi-

2237 2170 2407 2225 licam
2429 2168 2612 2223 sancti
2641 2168 2743 2221 viri
2768 2170 2899 2222 sunt
2929 2167 3026 2221 alii
3053 2167 3300 2235 liberati,
3328 2166 3425 2221 alii
3455 2182 3591 2220 vero
3631 2164 3885 2219 basilicae

2241 2264 2472 2319 domnae
2509 2261 2881 2333 Radegundis
2906 2264 3041 2315 sunt
3058 2261 3300 2315 directi:
3343 2264 3405 2313 ut
3441 2260 3589 2314 sicut
3633 2258 3886 2329 aequales

2242 2358 2429 2429 gratia
2454 2360 2637 2423 erant,
2669 2356 2748 2411 ita
2769 2355 3005 2426 aequalis
3025 2359 3084 2410 et
3110 2355 3288 2408 virtus
3318 2354 3746 2409 ostenderetur.

2316 2454 2401 2505 32.
2426 2450 2562 2515 Quis
2591 2450 2742 2504 male
2768 2444 3008 2516 habens,
3040 2448 3300 2520 quamvis
3321 2447 3434 2501 vita
3459 2447 3827 2518 desperatus,
3847 2444 3890 2496 si

2242 2546 2456 2618 pallam
2485 2543 2868 2599 subteriorem
2893 2546 3085 2597 custos
3101 2541 3362 2613 ejusdem
3381 2540 3527 2596 sacri
3546 2538 3803 2611 sepulcri
3814 2537 3892 2591 in-

2246 2638 2414 2693 tinxit
2427 2638 2485 2692 in
2503 2637 2678 2692 calice
2694 2653 2880 2709 aquae,
2896 2641 2953 2692 et
2974 2636 3134 2691 dedit
3152 2636 3205 2690 ei
3225 2634 3574 2690 febricitanti
3593 2634 3889 2705 poculum,

2248 2750 2364 2788 non
2404 2731 2598 2787 statim
2630 2713 2875 2785 ut'bibit
2916 2734 3049 2785 ante
3096 2733 3359 2784 sanctum
3402 2730 3526 2800 ejus
3560 2729 3889 2800 sepulcrum

2242 2827 2444 2898 jacens
2475 2843 2647 2898 sopor
2676 2825 2933 2892 accessit,
2958 2824 3195 2880 morbus
3218 2823 3494 2879 recessit?
3522 2822 3754 2879 Christo
3782 2822 3891 2874 lar-

2250 2920 2444 2992 giente
2467 2919 2732 2975 omnibus
2752 2918 2955 2973 diebus
2979 2919 3037 2972 in
3056 2918 3291 2974 nomine
3313 2917 3490 2988 ipsius
3506 2915 3789 2971 DominiJ
3796 2929 3891 2969 esu

2253 3013 2458 3070 Christi
2492 3013 2569 3067 ibi
2596 3015 2794 3068 multa:
2812 3012 3048 3068 virtutes
3088 3014 3255 3081 ﬁunt,
3307 3012 3460 3066 unde
3491 3010 3755 3065 recessit.
3789 3009 3894 3063 Nos

2254 3124 2485 3179 quoque
2514 3107 2687 3162 etiam
2726 3107 2883 3161 ﬁdeli
2924 3106 3227 3161 devotione
3268 3110 3326 3161 et
3359 3105 3662 3161 sedulitate
3707 3102 3897 3158 debita

2254 3217 2599 3256 veneramur
2625 3200 2684 3254 in
2714 3201 2899 3269 terris,
2926 3201 3086 3271 cujus
3108 3201 3305 3255 anima
3339 3199 3709 3265 conﬁdimus,
3761 3212 3896 3268 gau-

2256 3295 2459 3349 demus
2489 3298 2547 3349 et
2576 3295 2892 3366 gloriamur
2918 3295 3074 3366 quod
3098 3296 3440 3366 praefulgeat
3462 3294 3524 3347 in
3557 3291 3738 3359 caelis,
3780 3290 3895 3362 ipso

2255 3392 2567 3461 praestante
2605 3389 2701 3460 qui
2727 3406 2858 3443 cum
2884 3391 3050 3444 Patre
3077 3392 3135 3443 et
3163 3389 3377 3460 Spiritu
3424 3390 3624 3443 sancto
3670 3385 3813 3440 vivit
3847 3386 3898 3437 et

2256 3485 2465 3555 regnat
2488 3482 2549 3537 in
2576 3484 2785 3538 smeula
2805 3484 3163 3539 saeculorum.
3186 3485 3391 3539 Amen.

2258 3762 2417 3820 num.
2445 3751 2496 3801 7.
2527 3747 2952 3820 Sammarthani
2982 3747 3311 3820 Auspicium
3339 3748 3493 3820 inter
3528 3746 3823 3820 Siagrium
3842 3752 3897 3820 et

2258 3817 2550 3872 Lefastum
2584 3819 2802 3873 locant:
2828 3819 2928 3873 sed
2955 3817 3116 3891 prior
3129 3819 3417 3874 sententia
3438 3819 3511 3873 ob
3535 3817 3895 3873 Baudoniviaa

2260 3891 2488 3943 aetatem
2518 3890 2900 3961 praeferenda.

1081 4268 1526 4343 SANCT/E
1578 4267 2293 4365 RADEGUNDIS,
2344 4269 2777 4344 REGINZE
2828 4270 3353 4346 FRANCUE.

1620 4443 1812 4569 TE
1826 4443 2445 4570 STAMEN
2450 4447 2772 4573 TUM
2800 4550 2828 4601 ,

903 4784 1908 4940 EPISTOLAE
2008 4666 2282 4957 All;
2408 4791 3511 4945 EPISCOPOS.

605 5160 758 5215 Hanc
782 5158 946 5215 initio
976 5156 1251 5212 instituta:
1283 5158 1743 5231 congregationis
1772 5176 1889 5216 suae
1918 5178 2022 5235 pro
2052 5162 2174 5235 ejus
2199 5163 2375 5220 tutela
2406 5169 2459 5221 et
2486 5162 2781 5220 stabilitate
2809 5162 3049 5238 scripsit,
3077 5164 3427 5238 concilioque
3447 5165 3771 5224 Turonensi
3789 5183 3895 5222 con-

532 5249 874 5306 tinuandam
902 5248 1105 5303 absens
1132 5247 1355 5303 obtulit.

531 5407 630 5477 Et}
656 5406 780 5488 Non
804 5403 972 5459 video
986 5403 1389 5488 quod'temp‘us
1402 5404 1535 5461 huic
1554 5406 1809 5488 epistolae
1828 5408 2017 5488 aptius
2040 5428 2175 5488 con-

535 5421 630 5477 Ei,‘
656 5421 780 5460 non
804 5421 972 5459 vnaeo
986 5421 1143 5485 quod
1160 5421 1389 5530 tempus
1403 5421 1535 5461 nunc
1554 5421 1809 5488 epistouae
1828 5421 2017 5481 aptius
2040 5428 2175 5466 con-

535 5480 934 5557 gruatLquam
977 5476 1180 5556 concdi
1213 5493 1300 5557 u___
1327 5493 1647 5557 urpnensns.
1678 5480 1820 5557 Cu_m
1851 5481 2006 5557 enim
2051 5482 2180 5536 scri-

532 5547 635 5619 pta
682 5547 754 5620 sit
799 5547 873 5601 ad
910 5547 1208 5620 episcopos
1243 5547 1371 5601 illos
1402 5548 1558 5620 ipsos
1598 5550 1776 5620 (quod
1836 5567 1903 5604 ex
1950 5552 2179 5606 illorum

531 5618 811 5689 rescripto
844 5620 1023 5689 patet)
1070 5619 1169 5689 qui
1210 5618 1451 5673 concilio
1490 5618 1805 5674 Turohensi
1852 5621 2179 5689 adfuerunt,

533 5688 842 5743 verisimile
871 5692 957 5742 est
975 5688 1105 5743 tum
1132 5689 1205 5743 ad
1228 5706 1326 5744 eos
1366 5690 1623 5756 missam,
1663 5706 1792 5745 cum
1836 5708 1952 5745 una
1994 5698 2184 5748 essent

534 5757 599 5811 in
630 5774 700 5813 eo
723 5758 969 5833 concilio
989 5760 1346 5831 congregati.
1378 5760 1733 5833 Quihanc‘in
1748 5762 2013 5833 longiora
2036 5767 2183 5819 tem-

540 5843 683 5896 pora
708 5827 1001 5895 differunt,
1021 5833 1079 5882 et
1095 5827 1234 5899 post
1255 5846 1438 5885 annos
1468 5829 1669 5901 viginti
1693 5827 1881 5901 paulo'
1894 5838 2027 5888 ante
2062 5835 2182 5890 obi-

2280 5415 2401 5467 tum
2413 5429 2445 5498 a
2458 5415 2655 5498 sancta
2667 5412 3020 5498 Radegunde
3034 5415 3899 5498 scriptamvoluntmripterquam

2282 5485 2492 5566 quod-a
2514 5485 2790 5566 Gregorio
2809 5485 3128 5566 Turonensi
3145 5485 3632 5566 refellu_ntur,_qui
3650 5485 3814 5566 initio
3828 5487 3896 5539 in-

2283 5556 2496 5638 stitutae
2628 5572 2697 5611 ea
2717 5556 3203 5638 icongregatioinis
3224 5557 3469 5638 ‘editam‘
3500 5556 3693 5638 docet,
3720 5558 3820 5638 lib.
3842 5572 3899 5617 ιι,

2283 5641 2408 5708 cap.
2433 5629 2519 5693 39,
2544 5627 2659 5710 hoc
2678 5627 2993 5710 etiarn’non
3011 5627 3497 5709 animadvertunt,
3524 5628 3900 5710 Euphronium

2284 5697 2615 5821 Episcopum
2642 5698 2728 5769 (ut
2752 5699 2823 5753 de
2860 5700 3081 5755 caeteris
3102 5699 3199 5781 qui
3231 5716 3355 5780 una
3401 5697 3750 5769 rescribunt,
3789 5697 3901 5780 nihil

2288 5773 2590 5894 deccaeartriiifoa
2599 5772 3901 5900 δεξῗὲῐέεοέἃεὲἓὲαἓὲἷὲιὲἕῗίιιῐηῗΐιῗιᾳὲἕθξιιξξὲω

2329 5854 2571 5894 ecennio
2599 5854 2807 5897 sanctae
2838 5854 3207 5913 uaaegunms
3236 5854 3457 5898 omtum
3476 5854 3846 5916 praevertisse.
