4006 6238
171 323 253 377 681

1629 309 1913 367 ΝΟΤΙΤΙΑ.

3408 320 3509 373 682

232 421 468 481 Dominis
494 421 723 490 sanctis,
747 424 804 476 et
826 420 1142 493 apostolica
1172 420 1307 475 sede
1340 419 1697 491 dignissimis
1713 419 1773 473 in
1794 431 1854 504 Α
1873 434 2072 490 pronae
2093 418 2305 473 mentis
2318 418 2504 475 studio
2527 418 2788 491 cogitans
2814 420 2991 475 etiam
3018 420 3089 474 de
3110 420 3354 478 aliarum
3374 441 3508 495 pro-

170 520 369 579 Christo
412 515 685 589 patribus,
743 516 1011 571 omnibus
1066 513 1347 587 episcopis
1404 513 1774 585 Radegundis

168 607 445 683 peccatrix.

229 707 493 773 Congruee
522 699 861 770 provisionis
883 703 1016 754 tunc
1036 698 1380 753 roboraliter
1399 696 1474 752 ad
1502 696 1772 751 effectum

168 796 331 854 tendit
348 793 659 861 exordium,
676 810 808 848 cum
826 792 1194 864 generalibus
1206 792 1485 863 patribus,
1512 789 1780 857 medicis,r

166 910 223 947 ac
258 888 588 962 pastoribus,
631 888 792 943 ovilis
833 887 940 941 sibi
983 886 1273 941 commissi
1314 901 1484 940 causa
1540 884 1773 938 auribus

168 985 405 1049 traditur,
428 998 745 1053 eorumque
768 981 1026 1035 sensibus
1055 979 1771 1049 commendatur,quorum

167 1076 498 1151 participatio
530 1076 603 1130 de
625 1076 904 1129 charitate
928 1074 1255 1141 consilium,
1277 1073 1347 1127 de
1366 1074 1649 1144 potestate
1664 1071 1773 1125 suf-

166 1170 486 1243 fragium,de
509 1169 768 1224 oratione
792 1169 1119 1223 ministrare
1137 1166 1770 1239 poteritinterventum.

164 1268 220 1320 Et
243 1264 506 1337 quoniam
534 1262 671 1318 olim
698 1262 896 1317 vinclis
936 1261 1231 1316 laicalibus
1275 1261 1556 1327 absoluta,
1581 1259 1774 1315 divina

163 1358 473 1431 providente
489 1360 547 1411 et
560 1356 876 1428 inspirante
896 1356 1227 1423 clementia,
1243 1354 1318 1410 ad
1338 1353 1633 1425 religionis
1647 1370 1776 1409 nor-

163 1469 301 1508 mam
316 1452 429 1507 visa
451 1467 581 1506 sum
607 1450 928 1506 voluntarie
956 1450 1100 1505 duce
1128 1449 1351 1505 Christo
1375 1449 1678 1515 translata;
1708 1464 1774 1503 ac

221 1598 244 1627 ⁸
266 1600 433 1655 Soror
458 1596 642 1652 sancti
663 1594 927 1651 Cmsarii:
964 1597 1063 1649 aut
1090 1596 1244 1649 certe
1258 1593 1460 1664 junior
1484 1593 1686 1659 altera,
1730 1592 1773 1647 si

158 1673 288 1741 degit
304 1672 476 1740 legas.
492 1671 626 1724 Duae
645 1666 929 1741 siquidem
950 1665 1480 1741 ejusdempominis
1493 1667 1550 1718 et
1568 1681 1773 1719 mune-

160 1736 236 1796 ris'
258 1736 509 1796 Caesarne
552 1736 803 1793 fuerunt.
838 1740 960 1793 Una
986 1736 1169 1792 Sancti
1196 1736 1423 1791 Cmsarii
1468 1751 1771 1805 germana,

157 1830 315 1895 quam
344 1811 621 1895 Caesarius
640 1812 821 1891 frater
841 1810 1074 1895 condito
1092 1826 1125 1863 a
1146 1824 1205 1861 se
1226 1807 1581 1895 monasterio
1604 1807 1775 1887 abba-

156 1877 334 1939 tissam
356 1883 632 1955 praefecit,
667 1881 833 1955 eique
864 1882 1149 1955 regulam,
1185 1879 1289 1932 sub
1331 1895 1445 1949 qua
1489 1894 1621 1955 c_um_
1659 1877 1775 1931 suis

156 1948 373 2023 viveret,
412 1952 678 2009 instituit.
710 1948 999 2007 Fosterior
1039 1952 1239 2018 altera,
1279 1948 1408 2020 qum
1447 1948 1647 2020 priori,
1688 1966 1775 2002 su-

1874 512 2143 581 fectibus,
2178 516 2241 566 ut
2273 517 2570 567 annuente
2594 513 2834 569 domino
2860 531 2992 569 mea
3010 514 3298 571 desideria
3323 518 3510 573 effice-

1874 610 2076 660 rentur
2100 607 2334 678 reliquis
2348 608 2669 678 profutura,
2692 608 3027 663 instituente
3050 612 3223 681 atque
3244 627 3511 667 remune-

1872 704 2038 755 rante
2062 701 2591 771 praecellentissimo
2619 702 2837 757 domno
2859 719 2997 774 rege
3018 704 3287 773 Clotario,
3310 721 3511 760 mona-

1874 794 2112 848 sterium
2131 795 2452 864 puellarum
2468 796 2697 851 Pictava
2716 797 2857 851 urbe
2878 797 3166 865 constitui,
3190 799 3513 855 conditum-

1874 904 2006 959 que,
2039 891 2318 958 quantum
2338 889 2896 945 mihimuniﬁcentia
2926 891 3139 962 regalis
3166 895 3253 947 est
3274 892 3506 964 largita,

1872 982 2025 1037 facta
2050 981 2363 1036 donatione
2397 982 2609 1037 dotavi.
2650 985 2886 1056 Insuper
2925 986 3363 1057 congregationi
3407 1002 3509 1058 per

1874 1091 1970 1129 me
2007 1073 2230 1131 Christo
2270 1078 2577 1147 praestante
2615 1079 2868 1133 collectae
2908 1080 3168 1149 regulam
3191 1123 3205 1149 ,
3249 1080 3351 1135 sub
3396 1096 3509 1151 qua

1874 1171 2072 1223 sancta
2100 1168 2344 1225 Cmsaria
2371 1168 2626 1240 deguit‘,
2651 1175 2759 1226 etc.

1946 1264 2174 1332 Reliqua
2218 1264 2419 1318 videsis
2475 1269 2599 1318 tom.
2644 1266 2882 1334 praeced.
2926 1268 3025 1322 col.
3081 1270 3204 1331 5'22,
3254 1268 3348 1321 ubi
3400 1267 3510 1322 haec

1875 1357 2103 1426 epistola
2130 1373 2164 1411 α
2190 1356 2443 1425 Gregorio
2475 1360 2776 1414 Turonensi
2800 1362 3058 1427 refertur.

1875 1592 2110 1665 perstite
2136 1592 2325 1648 adhuc
2350 1593 2595 1651 (Σερβωνίο
2624 1594 2928 1661 defunctae,
2958 1594 3015 1648 in
3046 1594 3346 1650 abbatissae
3381 1613 3507 1651 mu-

1878 1681 2014 1719 nere
2041 1665 2329 1733 successit,
2358 1669 2420 1719 ut
2438 1668 2638 1720 auctor
2658 1669 2743 1718 est
2762 1665 3077 1736 Cyprianus
3098 1666 3157 1719 in
3183 1666 3308 1721 Vita
3329 1669 3511 1722 sancti

1876 1736 2126 1809 Caesarii,
2153 1737 2607 1809 quamCeesariaa
2628 1736 2795 1806 hujus
2822 1740 3030 1807 rogatu
3057 1739 3398 1809 composuit.
3425 1740 3510 1793 Ab

1878 1807 1983 1862 hac
2013 1807 2219 1880 eadem
2234 1807 2607 1878 Radegundis
2631 1809 2895 1880 regulam
2906 1808 3155 1876 Casarii,
3185 1807 3359 1880 quam
3384 1827 3507 1865 mo-

1877 1879 2125 1933 nasterio
2157 1895 2259 1933 suo
2282 1880 2558 1946 traderet,
2587 1878 2819 1951 expetit.
2846 1880 2964 1935 JAC.
2998 1880 3152 1935 Sum.

618 2263 1596 2393 DECRETUM
1733 2255 3047 2421 EPISCOPORUM,

739 2490 904 2544 QUOD
950 2488 1256 2535 SUSCEPTA
1298 2488 1516 2533 BEATE
1556 2486 1946 2533 BADEGUNDIS
1990 2487 2293 2533 EPISTOLA
2338 2486 2899 2533 CONSCRIPSERUNT.

211 2630 461 2685 Dominae
496 2630 866 2700 beatissimaa,
886 2634 945 2686 et
989 2631 1051 2685 in
1099 2629 1321 2685 Christo
1361 2628 1613 2685 ecclesiae
1642 2628 1771 2684 ﬁliae
1791 2642 1849 2715 Β
1872 2646 2085 2685 mensae
2106 2628 2417 2685 divinitatis
2449 2628 2746 2701 provisura
2768 2628 3047 2697 remedia,
3072 2631 3179 2684 etc.

149 2724 505 2795 Radegundi,
545 2726 937 2796 Euphronius,
988 2727 1384 2794 Praetextatus,
1427 2725 1770 2790 Germanus,

148 2817 302 2885 Felix,
316 2818 741 2886 Domitiannus,
764 2818 1044 2875 Victorius
1065 2822 1124 2873 et
1137 2820 1476 2887 Domnolus,
1500 2816 1771 2889 episcopi.

207 2911 454 2967 Sollicita
471 2912 846 2984 suntjugiter
872 2913 1023 2968 circa
1064 2930 1247 2984 genus
1286 2913 1614 2969 humanum
1660 2913 1771 2967 im-

1942 2725 2173 2795 Beliqua
2200 2725 2400 2779 videst’s
2430 2726 2586 2792 Greg.
2618 2714 2817 2779 Turon.
2867 2724 2962 2778 lib.
2998 2740 3073 2787 1x,
3118 2740 3239 2794 cap.
3280 2726 3370 2792 39,
3402 2724 3502 2778 col.

1876 2820 1976 2873 516
1998 2823 2123 2874 tom.
2146 2818 2383 2889 praced.

1292 3240 1459 3287 ANNO
1506 3240 1722 3286 DOMINI
1770 3238 2338 3286 DLXXIII-DLXXVII.

530 3386 2033 3592 BENEDICTUS
2186 3386 2822 3585 PAPA
2980 3388 3127 3589 Ι.

750 3850 753 3853 ·
834 3850 1297 3939 NOTITIA
1384 3852 1529 3939 EX
1618 3852 1957 3940 LIBRO
2048 3825 2801 3938 PONTIFICALI.

198 4124 536 4223 benedictus
551 4131 577 4162 ⁸
600 4130 837 4187 natione
856 4132 1151 4188 Romanus
1162 4150 1230 4188 ex
1254 4138 1417 4206 patre
1441 4133 1756 4204 Bonifacio,
1779 4147 1834 4223 ρ
1862 4132 2089 4207 eodem]
2128 4136 2388 4204 tempore
2431 4146 2575 4203 gens
2602 4129 3151 4202 Langobardorumc
3187 4128 3394 4184 invasit
3417 4132 3499 4184 to-

132 4218 268 4274 sedit
296 4238 483 4278 annos
513 4223 541 4264 b
566 4227 815 4295 quatuor
835 4224 932 4298 (α),
960 4243 1222 4281 mensem
1266 4244 1467 4296 unum,
1510 4228 1632 4283 dies
1674 4228 1754 4282 vi-

129 4310 263 4381 ginti
295 4319 424 4370 octo
457 4317 610 4388 [Cod.
642 4320 792 4383 Luc.,
833 4320 1089 4393 novem].
1123 4320 1393 4392 Ejusdem
1426 4320 1576 4395 [Cod.
1607 4325 1755 4386 Luc.,

1857 4229 1979 4282 tam
1994 4226 2236 4296 Italiam,
2256 4226 2539 4299 simulque
2561 4228 2621 4281 et
2639 4226 2822 4280 fames
2843 4222 3041 4291 nimia,
3064 4225 3127 4277 ut
3152 4223 3327 4278 etiam
3348 4224 3496 4278 mul-

1858 4322 2043 4378 titudo
2065 4324 2384 4378 castrorum
2408 4338 2467 4377 se
2492 4319 2747 4378 traderet
2766 4316 3179 4391 Langobardis,
3200 4320 3263 4373 ut
3275 4320 3495 4389 tempe-

1418 4478 1614 4535 ΝΟΤιΕ
1653 4478 1966 4535 SEVEBJNI
2009 4479 2188 4535 BINII.

183 4587 207 4618 ⁸
231 4586 371 4640 Cum
393 4586 661 4645 Romana
692 4589 859 4646 sedes
889 4592 962 4647 ob
992 4595 1272 4649 tumultus
1292 4595 1524 4652 bellicos
1556 4613 1749 4652 vacas-

121 4655 199 4740 set
233 4672 466 4740 menses
500 4659 700 4715 decem
738 4666 797 4740 et
837 4667 953 4740 tres
982 4664 1123 4735 dies,
1172 4667 1529 4736 Benedictus,
1578 4685 1753 4740 quem

120 4722 286 4812 graeci
314 4729 609 4812 Bonosum
622 4733 946 4812 nominant,
961 4722 1187 4812 creatus
1200 4742 1286 4812 est
1298 4722 1555 4812 pontifex
1573 4722 1709 4794 dicit
1718 4722 1752 4794 ti

116 4794 256 4883 lilaii,
282 4816 451 4883 ίξηηρ
463 4802 674 4883 Christi
692 4794 1095 4883 Redemptoris
1111 4812 1233 4883 573.
1264 4794 1442 4880 Hujus
1490 4814 1752 4883 tempore

115 4864 474 4952 Langobardi
496 4875 753 4930 maxima
772 4894 837 4952 ex
858 4864 1020 4948 parte
1041 4879 1329 4935 idolorum
1346 4864 1637 4937 ‘cultoresf
1657 4864 1756 4937 Ec-

115 4937 347 5020 clesiam
375 4943 508 4997 dira
534 4937 933 5016 persecutione
951 4954 1247 5020 vexarunt,
1272 4953 1398 5007 loca
1417 4970 1577 5008 sacra
1593 4954 1754 5008 effos-

112 5008 870 5094 sissanctorurn'magtyrum
893 5022 1163 5094 sepulcris
1182 5008 1582 5094 profanarunt,
1613 5025 1751 5079 mdi-

112 5079 233 5160 ﬂcia
254 5084 312 5137 in
334 5086 630 5167 suburbiis
653 5079 859 5167 Romae
878 5079 1205 5167 dir-uerunt;
1247 5099 1509 5150 sanctum
1549 5079 1754 5153 Cerbo-

115 5168 266 5239 nium
279 5162 623 5239 episcopum
636 5176 765 5215 cum
778 5162 892 5216 suis
904 5164 1122 5239 clericis
1134 5165 1193 5219 in
1206 5167 1464 5239 exsilium
1478 5168 1755 5238 fugarunt

114 5228 405 5297 octoginta
418 5230 936 5307 rusticos,quorum
951 5236 1337 5307 quadraginta
1360 5228 1754 5293 immolatitias

112 5311 309 5389 carnes
340 5301 676 5389 comedere,
706 5301 808 5389 alii
839 5301 1012 5389 caput
1040 5301 1490 5389 caprieﬁadorare
1526 5327 1751 5365 recusa-

111 5364 584 5451 bant,_supp_licio
610 5364 815 5451 mortis
840 5364 1176 5451 affecerunt.
1211 5380 1324 5433 Hac
1353 5382 1753 5451 persecutione

112 5453 176 5491 ea
203 5444 495 5523 miracula
534 5445 903 5523 contigerunt
928 5465 1055 5523 qum
1104 5450 1162 5504 in
1194 5444 1371 5523 libris.
1390 5452 1755 5523 dialogorum

109 5517 492 5594 recensentur
504 5516 661 5594 apud
673 5516 1308 5594 e’umdem‘Crcgorium
1321 5522 1398 5594 de
1418 5516 1613 5578 sancto
1630 5526 1757 5580 Cer-

108 5578 603 5673 bonio‘episc‘opb‘,
630 5588 890 5673 Santulo,
917 5578 1163 5673 aliisqu
1182 5593 1554 5673 presbyteris.
1582 5578 1752 5673 Justi-

109 5660 930 5737 nusimperato‘ranastasium
943 5660 1387 5737 Antiochenam,
1405 5665 1477 5737 ob
1491 5666 1757 5737 quaedam

109 5728 354 5781 crimina
374 5728 461 5781 illi
480 5728 704 5807 objecta
720 5731 1065 5807 depositum,
1081 5728 1381 5807 relegavit.
1398 5728 1528 5801 Qua
1540 5754 1603 5791 re
1625 5753 1756 5791 cum

110 5800 586 5881 magnamapud
606 5800 814 5881 Deum"
834 5800 1118 5881 offensam
1153 5800 1362 5863 m'erito
1403 5800 1756 5877 incurrisset,

114 5870 311 5926 omnia
336 5870 422 5926 illi
457 5870 731 5945 deinceps
766 5874 826 5929 in
846 5875 1013 5947 pejus
1040 5894 1207 5933 ruere
1229 5884 1543 5951 cceperunt.
1573 5870 1759 5937 Persaé

446 5968 721 6038 PATBOL.
771 5973 1009 6041 LXXII.

1854 4614 2069 4669 magna
2109 4600 2300 4669 strage
2331 4593 2644 4669 exercitum
2680 4593 2801 4669 ejus
2832 4592 3282 4669 prostraverunt.
3316 4590 3496 4669 Cujus

1852 4663 2404 4724 rei'nuntium'dum
2438 4665 2512 4719 ad
2538 4663 2726 4736 ipsum
2755 4663 3166 4736 imperatorem
3203 4663 3495 4736 perlatum

1855 4744 2024 4808 esset,
2072 4742 2267 4794 mente
2310 4732 2670 4808 abalienatus
2718 4732 2855 4803 fuit;
2897 4732 3494 4808 dilucidisinterdum

1854 4804 2168 4865 intervallis
2191 4809 2264 4865 ad
2297 4808 2590 4863 modicum
2630 4807 2911 4862 duntaxat
2939 4804 3218 4877 temporis
3245 4807 3493 4877 spatium

1854 4882 2213 4959 resipiscens.
2256 4880 2341 4934 Ab
2369 4881 2484 4959 hoc
2525 4876 3008 4959 ‘maloncorporis
3075 4876 3365 4959 liberatus.
3409 4882 3496 4933 est

1856 4949 2089 5025 quando
2121 4952 2195 5007 ad
2223 4950 2654 5025 conciliandum
2678 4949 2787 5025 sibi
2812 4949 3070 5025 divinum
3102 4965 3319 5025 numen
3351 4952 3494 5025 tem-

1853 5020 2014 5096 plum
2035 5023 2305 5079 exstruxit
2328 5021 2961 5096 Deigenitrici‘Marimt
2984 5036 3110 5091 quae
3157 5020 3209 5096 ei
3262 5023 3491 5096 tantum

1855 5091 2172 5151 sanctitatis
2212 5091 2500 5166 praestitit,
2536 5096 2616 5166 _ut
2658 5093 2908 5149 dilucido
2947 5091 3248 5166 intervallo
3271 5092 3490 5166 potius,

1855 5167 2073 5222 cunctis
2101 5162 2256 5221 recte
2294 5162 2598 5236 dispositis,
2643 5168 2855 5219 statum
2895 5163 3223 5235 reipublicae
3264 5162 3325 5216 in
3365 5166 3489 5217 tuto

1855 5240 2182 5293 collocaret.
2216 5237 2323 5307 (Ea:
2346 5236 2570 5290 miscell.
2597 5236 2766 5307 Hist.)

1927 5312 1954 5351 ι)
1985 5309 2165 5363 Annis
2186 5302 2452 5379 quatuor,
2479 5323 2680 5379 mense
2700 5302 2816 5379 uno
2831 5308 2889 5360 et
2906 5303 3111 5379 viginti
3137 5305 3285 5379 octo_
3290 5302 3490 5379 diebus

1855 5382 2053 5436 sedem
2072 5372 2669 5451 pontificiam'tenuits
2691 5377 2845 5451 Obiit
2874 5372 3029 5451 enim
3057 5390 3211 5451 anno
3248 5372 3489 5428 Redem-

1856 5453 2037 5524 ptoris
2062 5444 2245 5506 nostri
2269 5455 2391 5517 577,
2419 5449 2605 5524 pridie
2623 5447 2915 5524 _Kale_nd_as
2940 5444 3200 5524 augusti.

1930 5537 1953 5565 ο
1984 5524 2107 5589 Quo
2137 5513 2396 5593 tempore
2423 5513 2793 5593 Langobardi
2834 5518 2893 5571 in
2944 5513 3163 5593 Italiam
3201 5513 3486 5593 venerint2

1857 5586 2030 5667 supra
2052 5594 2165 5667 dixi
2188 5586 2429 5667 ini-notis
2450 5591 2529 5667 ad
2552 5586 2741 5667 Vitam
2767 5586 3022 5667 Joannis.
3052 5586 3181 5640 Haec
3205 5586 3490 5667 Anastasii

1856 5656 2099 5722 fortasse
2131 5662 2660 5735 intelligendasunt
2677 5661 2747 5735 de
2769 5657 3109 5735 eorumdem
3134 5656 3490 5735 grassatione

1856 5738 1974 5805 illa,
2010 5753 2184 5809 quam
2215 5726 2444 5790 sanctus
2484 5731 2792 5809 Gregorius
2822 5730 2975 5785 inter
3016 5726 3191 5783 saevas
3224 5726 3487 5782 Ecclesiae

1858 5807 2301 5881 persecutiones
2316 5807 2641 5881 anum_erat.

1934 5880 2009 5951 (α)
2036 5879 2253 5933 Eadem
2276 5878 2452 5934 habet
2470 5874 2609 5931 Cod.
2642 5891 2750 5930 ms.
2783 5872 3062 5946 Hardysil.
3095 5874 3256 5930 una.

3098 5976 3175 6036 22
