4006 6238
550 335 645 397 671

1516 335 1768 393 SANCTA
1809 333 2250 397 RADEGUNDIS,
2294 329 2540 386 REGINA
2579 329 2906 386 FRANCLE.

3845 327 3949 380 672

549 465 608 503 se
623 448 682 504 in
710 445 1094 521 pavimentum
1123 446 1358 520 projecit
1377 453 1432 503 et
1451 448 1691 503 clamare
1716 446 1916 518 coepit:
1943 445 2180 500 Domina
2202 453 2261 527 Α
2280 445 2337 496 et
2363 457 2502 512 quas
2528 439 2823 512 paradisus
2851 437 3043 506 habet,
3077 435 3196 509 ipsa
3211 435 3406 493 devota
3433 438 3553 492 tam
3585 432 3950 490 muneribus

551 549 933 620 Radegundis,
965 550 1132 604 credo
1160 554 1215 603 te
1240 549 1447 603 virtute
1474 548 1571 603 Dei
1598 564 1718 603 esse
1745 549 1991 619 plenam,
2020 546 2180 616 cujus

549 642 902 698 voluntatem
943 643 1124 712 magis
1156 643 1330 698 fecisti
1368 659 1539 714 quam
1582 642 1918 697 hominum:
1952 641 2181 695 domina

551 736 716 805 bona,
730 737 935 808 pietate
947 737 1132 807 plena,
1148 737 1414 792 miserere
1434 737 1566 803 mei,
1581 737 1813 792 subveni
1834 735 2061 805 infelici,
2082 751 2182 789 ora

551 847 656 901 pro
674 847 764 884 me
785 835 849 886 ut
867 830 1007 884 mihi
1026 831 1297 885 reddatur
1321 831 1534 900 oculus,
1568 831 1702 903 quia
1728 847 1849 902 prae
1883 830 2040 901 gravi
2059 847 2183 885 cru-

552 923 698 977 ciatu
727 927 782 978 et
815 924 1005 979 dolore
1039 925 1318 996 afﬂigitur
1355 926 1548 980 anima
1580 941 1732 980 mea.
1777 927 1864 981 Sic
1907 926 2020 992 illa,
2051 942 2180 997 quae

551 1017 772 1070 dolores
797 1017 1055 1072 omnium
1083 1018 1143 1072 in
1164 1035 1223 1074 se
1248 1019 1364 1073 sola
1398 1019 1611 1091 [solam]
1644 1019 1928 1074 transtulit
1953 1020 2091 1075 dum
2122 1020 2181 1074 in

551 1126 785 1181 corpore
814 1111 940 1180 fuit,
969 1129 1150 1184 usque
1179 1114 1316 1169 dum
1342 1114 1421 1169 eis
1450 1114 1666 1169 mederi
1695 1114 1988 1185 potuisset,
2017 1113 2179 1168 beni-

553 1220 663 1276 gne
692 1206 976 1262 exaudivit
993 1207 1064 1262 ad
1095 1208 1505 1263 invocationem
1530 1209 1776 1264 nominis
1803 1207 1910 1263 sui.
1946 1209 2181 1263 Domino

551 1298 854 1354 miserante
875 1317 978 1372 per
997 1302 1044 1372 ej
1055 1318 1120 1356 us
1138 1302 1520 1358 interventum
1541 1303 1701 1358 dolor
1719 1302 1886 1374 fugit,
1911 1304 2061 1358 salus
2089 1305 2182 1358 ad-

550 1393 724 1463 venit,
755 1395 981 1449 oculum
1005 1411 1177 1467 quem
1195 1396 1316 1467 jam
1357 1412 1413 1451 se
1439 1396 1746 1468 perdidisse
1775 1397 2059 1468 credebat,
2089 1414 2180 1452 so-

551 1486 674 1541 lum
701 1488 952 1543 dolorem
979 1490 1246 1557 sentiens,
1274 1507 1476 1545 sanum
1506 1491 1708 1562 recipit
1736 1508 1749 1545 :
1782 1507 1911 1562 quae
1942 1495 2030 1546 tot
2058 1491 2180 1546 die-

552 1581 658 1635 bus
697 1598 802 1636 nec
836 1583 1025 1638 cibum
1060 1589 1395 1656 sumpserat,
1429 1601 1532 1639 nec
1562 1585 1755 1640 lumen
1797 1584 1909 1640 diei
1946 1585 2180 1653 viderat,

551 1675 789 1746 pedibus
817 1677 932 1730 suis
958 1679 1114 1732 nullo
1140 1682 1483 1734 sustentante
1514 1679 1811 1734 incolumis
1844 1680 1916 1733 ad
1948 1680 2180 1734 domum

554 1785 713 1824 suam
741 1787 962 1826 reversa
981 1776 1082 1840 est,
1112 1773 1349 1828 Domino
1374 1788 1554 1844 usque
1584 1773 1644 1827 in
1668 1777 2010 1845 praesentem
2031 1774 2183 1830 diem

556 1863 796 1933 gratiam
821 1882 1011 1937 agens.

627 1961 712 2012 t3.
740 1959 1049 2029 Adjiciatur
1074 1965 1129 2014 et
1153 1960 1307 2015 aliud
1341 1960 1412 2014 ad
1441 1960 1670 2014 laudem
1694 1962 1906 2018 Christi
1935 1963 2182 2017 miracu-

554 2051 674 2105 lum
723 2053 820 2122 qui
863 2070 993 2107 suos
1031 2055 1313 2126 trepidare
1352 2055 1476 2109 aliis
1521 2054 1670 2111 facit.
1711 2057 2028 2127 Vinoberga
2071 2074 2186 2112 una

556 2145 678 2215 ejus
714 2146 821 2201 fuit
855 2147 1090 2218 famula,
1127 2166 1256 2221 quae
1282 2167 1425 2206 ausu
1463 2152 1766 2206 temerario
1810 2151 1870 2206 in
1919 2152 2188 2207 cathedra

554 2238 733 2293 beata:
769 2242 986 2311 reginae
1027 2247 1154 2315 post
1188 2245 1309 2314 ejus
1337 2245 1644 2300 discessum
1676 2246 1870 2301 sedere
1907 2262 2184 2317 praesum-

554 2333 683 2403 psit.
712 2336 832 2398 Quo
858 2337 1022 2404 facto,
1047 2337 1262 2408 judicio
1303 2339 1400 2394 Dei
1437 2356 1705 2412 percussa
1736 2341 1815 2394 sic
1843 2339 2094 2408 arbebat,
2125 2344 2189 2394 ut

554 2427 811 2483 viderent
837 2420 1033 2486 omnes
1065 2432 1288 2486 fumum
1316 2433 1385 2487 de
1411 2449 1477 2487 ea
1501 2434 1758 2489 in'altum
1783 2434 2108 2505 procedere,
2133 2439 2190 2490 et

554 2521 650 2575 illa
692 2539 882 2577 coram
925 2525 1082 2578 omni
1117 2529 1325 2596 populo
1369 2528 1761 2598 proclamaret,
1812 2529 2086 2584 conﬁtens
2129 2545 2186 2584 se

555 2631 849 2684 peccasse;
879 2621 934 2671 et
960 2621 1261 2689 propterea
1301 2621 1544 2688 arderet,
1578 2621 1710 2692 quia
1746 2622 1806 2676 in
1845 2622 2024 2676 beata:
2056 2623 2187 2678 sede

555 2710 906 2765 consederat.
943 2711 1142 2766 Tribus
1172 2714 1372 2768 diebus
1408 2720 1464 2768 et
1491 2715 1674 2768 tribus
1702 2715 1959 2770 noctibus
1990 2715 2185 2770 incen-

554 2803 714 2857 dium
737 2821 900 2874 passa
929 2805 1236 2861 vociferans
1263 2808 1576 2863 clamabat:
1619 2809 1857 2863 Domina
1882 2809 2184 2879 Radegun-

555 2896 661 2965 dis,
709 2898 957 2968 peccavi,
1003 2900 1150 2954 male
1190 2902 1300 2971 egi,
1334 2902 1588 2973 indulge,
1622 2901 1896 2973 refrigera
1932 2904 2190 2958 membra

555 2991 697 3044 duro
723 2993 975 3047 cruciatu
1001 2998 1234 3062 exusta;
1269 2995 1649 3050 misericordia
1671 2997 1847 3067 larga,
1871 2998 2034 3052 bonis
2061 3013 2189 3068 ope-

554 3083 709 3139 ribus
731 3086 991 3156 gloriosa,
1015 3105 1142 3159 qua:
1161 3089 1424 3144 omnibus
1441 3089 1742 3158 misereris,
1765 3091 2033 3146 miserere
2054 3090 2186 3146 mei.

555 3181 616 3233 In
645 3184 802 3233 tanta
826 3197 993 3251 poena
1031 3181 1212 3251 ipsam
1243 3183 1429 3237 omnis
1466 3185 1713 3255 populus
1747 3185 1962 3251 videns,
1990 3202 2094 3256 pro
2125 3201 2189 3240 ea
2210 3201 2265 3276 C

554 3273 889 3342 precabatur
917 3279 1208 3345 tamquam
1235 3276 1280 3329 si
1316 3293 1566 3347 praesens
1593 3282 1754 3346 esset,
1787 3279 1980 3333 dicens
2005 3297 2018 3334 :
2049 3279 2190 3343 Quia

554 3365 881 3437 ubicunque
913 3383 983 3421 ex
1015 3368 1127 3422 ﬁde
1169 3369 1486 3438 invocatur,
1524 3372 1717 3426 adest:
1759 3372 1987 3427 domina
2015 3373 2185 3443 bona,

554 3476 720 3531 parce
747 3461 797 3514 ei
824 3477 896 3515 ne
916 3465 1074 3516 tanto
1095 3463 1343 3518 cruciatu
1375 3464 1572 3519 infelix
1601 3465 1841 3520 deﬁciat.
1868 3467 1955 3521 Sic
1979 3467 2186 3522 beatis-

557 3557 696 3611 sima
713 3558 782 3613 ad
798 3573 988 3629 preces
1004 3560 1260 3613 omnium
1273 3561 1523 3632 benigne
1540 3562 1800 3634 indulget
1817 3562 2186 3635 [indulgens],

553 3651 750 3721 ignem
766 3652 1077 3707 ferventem
1100 3655 1660 3728 compescuit,sospes
1679 3657 1747 3710 ad
1771 3657 2006 3711 domum
2028 3673 2188 3711 suam

554 3744 757 3798 rediit:
786 3751 842 3800 et
871 3746 948 3800 sic
977 3746 1138 3801 istius
1177 3764 1344 3819 poena
1371 3754 1574 3804 omnes"
1608 3750 1739 3805 fecit
1765 3754 1957 3804 cautos
1993 3767 2058 3805 ac
2087 3750 2186 3806 de-

552 3844 728 3894 votos.

628 3933 713 3987 14.
731 3933 956 3989 δυωᾶίιε
979 3936 1139 4006 [Sais,
1155 3937 1255 3991 lib.
1283 3955 1320 4007 ι,
1341 3953 1503 3992 num.
1526 3937 1607 4010 t5]
1639 3938 1699 3992 in
1719 3938 1849 3992 villa
1869 3939 2005 3993 dum
2023 3942 2186 4006 esset,

554 4028 754 4082 devoto
784 4045 848 4081 ac
882 4028 1033 4084 ﬁdeli
1068 4031 1259 4084 animo
1284 4049 1446 4086 mens
1479 4030 1705 4103 [mente]
1733 4033 1950 4087 intenta
1971 4032 2189 4088 Christo

553 4121 818 4191 reliquias
839 4126 1163 4178 sanctorum
1185 4125 1448 4178 omnium
1473 4125 1639 4195 plena
1662 4125 1955 4180 devotione
1976 4125 2191 4181 habere

554 4214 805 4285 cupiens,
859 4219 1117 4271 exoranti
1167 4218 1396 4271 advenit
1443 4217 1530 4270 vir
1573 4219 1910 4272 venerabilis
1957 4221 2190 4290 Magnus

553 4309 849 4380 presbyter
890 4327 1022 4365 cum
1065 4310 1317 4380 reliquiis
1346 4309 1544 4364 domni
1582 4311 1816 4365 Andreae
1861 4315 1917 4366 et
1943 4312 2190 4367 aliorum

554 4419 729 4474 quam
754 4405 1160 4475 plurimorum.
1184 4403 1399 4467 Quibus
1425 4419 1595 4473 super
1615 4404 1786 4458 altare
1813 4404 2030 4476 positis,
2057 4424 2190 4461 cum

551 4501 714 4552 nocte
743 4497 941 4552 devota
964 4495 1159 4566 vigilat
1184 4511 1353 4566 super
1371 4496 1698 4562 formulam,
1731 4502 1786 4552 et
1805 4514 1862 4553 se
1883 4499 1952 4554 ad
1975 4501 2187 4554 oratio-

2281 551 2454 608 quam
2479 535 2742 607 precibus
2761 533 2867 588 sibi
2887 531 3151 587 obtinuit.
3180 532 3322 586 Cum
3341 531 3551 603 quibus
3579 529 3953 586 incessabi1i~

2280 635 2368 686 ter
2383 629 2511 700 jugi
2539 629 2899 684 meditatione
2921 626 3168 699 psalmos
3195 631 3252 681 et
3269 627 3515 698 hymnos
3537 642 3596 682 se
3618 625 3949 682 decantare

2281 722 2559 778 credebat.

2356 821 2438 872 15.
2457 815 2718 871 Pervenit
2737 815 2963 870 tandem
2983 815 3053 869 ad
3065 814 3273 869 eam'de
3293 814 3505 869 domno
3525 815 3848 869 Mammete
3867 813 3948 885 (a)

2281 913 2551 982 martyre,
2590 909 2744 981 quod
2789 907 3191 980 Hierosolymis
3230 912 3419 963 sancta
3457 924 3558 962 sua
3597 907 3950 980 requiesce-

2281 1009 2409 1060 rent
2434 1003 2710 1058 membra.
2748 1003 2876 1056 Haec
2903 1001 3137 1057 audiens
3173 1001 3334 1056 avida
3362 1006 3418 1057 et
3443 1001 3734 1057 sitibunda
3767 1007 3950 1073 pota-

2279 1099 2376 1154 bat
2399 1099 2553 1153 velut
2574 1098 2823 1168 hydrops
2867 1096 2967 1167 qui
3010 1100 3290 1167 quantum
3317 1095 3532 1150 fontem
3559 1096 3768 1164 trahit,
3805 1099 3949 1150 tan-

2281 1196 2405 1247 tum
2442 1191 2561 1247 sitis
2593 1191 2784 1246 addita
2819 1189 3052 1257 crescit;
3085 1189 3190 1244 ista
3216 1190 3286 1245 de
3324 1205 3450 1245 rore
3491 1189 3592 1245 Dei
3629 1190 3767 1262 plus
3810 1207 3948 1244 ma-

2283 1286 2498 1340 defacta
2526 1285 2694 1340 calet.
2723 1283 3054 1339 Transmisit
3083 1283 3268 1338 virum
3294 1283 3676 1340 venerabilem
3705 1285 3950 1339 Reova-

2281 1380 2395 1434 lem
2417 1380 2811 1451 presbyterum
2830 1421 2843 1443 ,
2879 1378 2976 1450 qui
3007 1382 3141 1433 tunc
3177 1377 3462 1432 saecularis
3493 1382 3613 1432 erat
3653 1383 3712 1432 et
3738 1378 3953 1433 adhuc

2283 1477 2564 1544 superstes
2589 1476 2672 1528 est
2696 1487 2949 1543 corpore,
2987 1472 3057 1526 ad
3093 1471 3479 1542 patriarcham
3515 1471 3948 1544 Hierosolymi-

2283 1570 2481 1622 tanum
2510 1583 2742 1638 poscens
2769 1565 2837 1620 de
2858 1565 3008 1620 beati
3038 1565 3357 1620 Mammetis
3383 1565 3740 1637 pignoribus.
3771 1566 3945 1631 Quod

2283 1660 2369 1715 vir
2393 1660 2489 1715 Dei
2513 1660 2758 1732 benigne
2787 1659 3096 1730 suscipiens
3122 1659 3444 1730 rogationes
3460 1660 3674 1731 populo
3699 1660 3941 1727 indixit,

2285 1755 2630 1809 voluntatem
2652 1753 2750 1808 Dei
2764 1753 3057 1825 inquirens
3075 1769 3088 1806 :
3109 1753 3274 1807 tertia
3293 1752 3402 1819 die,
3429 1754 3605 1808 missa
3625 1754 3939 1820 celebrata,

2285 1848 2434 1904 beati
2453 1848 2714 1919 martyris
2734 1848 3055 1918 sepulcrum
3076 1863 3208 1901 cum
3228 1846 3387 1901 omni
3406 1848 3618 1918 populo
3634 1848 3797 1917 adiit,
3822 1849 3943 1902 alta

2285 1958 2438 2009 voce,
2482 1942 2652 2012 plena
2689 1941 2800 1996 ﬁde
2838 1940 3164 2011 hujusmodi
3206 1940 3390 1996 verbis
3432 1945 3787 2012 protestatur
3843 1941 3938 1995 di-

2286 2053 2454 2092 cens:
2481 2038 2684 2090 Precor
2711 2038 2786 2103 te,
2819 2034 3104 2089 confessor
3130 2037 3186 2089 et
3216 2038 3436 2104 martyr
3459 2034 3688 2101 Christi,
3722 2035 3767 2088 si
3798 2051 3943 2089 vera

2287 2134 2369 2184 est
2387 2129 2590 2183 ancilla
2608 2128 2703 2183 Dei
2723 2129 2883 2182 beata
2901 2128 3288 2198 Radegundis,
3311 2127 3631 2183 innotescat
3649 2129 3709 2182 in
3738 2129 3938 2200 genti-

2286 2222 2392 2277 bus
2421 2221 2672 2294 potentia
2697 2225 2794 2276 tua
2814 2263 2827 2287 ,
2861 2220 3125 2292 permitte
3151 2226 3214 2276 ut
3255 2221 3323 2276 de
3364 2220 3604 2292 pignore
3632 2226 3733 2276 tuo
3766 2239 3940 2276 mens

2288 2316 2466 2372 ﬁdelis
2495 2315 2729 2386 accipiat
2768 2315 2918 2386 quod
2957 2315 3153 2386 poscit.
3188 2313 3451 2370 Oratione
3475 2315 3758 2387 completa
3781 2359 3797 2386 ,
3831 2316 3939 2370 ubi

2289 2410 2472 2466 omnis
2495 2409 2741 2482 populus
2761 2425 2930 2463 amen
2949 2408 3260 2480 respondit,
3278 2409 3433 2464 venit
3451 2410 3520 2463 ad
3546 2415 3812 2464 sanctum
3838 2426 3933 2465 se-

2288 2504 2571 2576 pulcrum,
2601 2518 2936 2574 semperque
2965 2503 3144 2557 beatae
3173 2501 3342 2556 ﬁdem
3370 2502 3771 2573 pronuntians,
3803 2505 3936 2557 tan-

2291 2598 2457 2669 gebat
2483 2596 2828 2662 membrum,
2873 2596 3041 2667 quale
3081 2594 3436 2650 beatissimus
3479 2595 3552 2649 ad
3590 2595 3936 2666 petitionem

2289 2693 2513 2747 domnae
2553 2689 2914 2761 Radegundis
2951 2690 3085 2743 dare
3116 2688 3364 2759 juberet.
3406 2688 3611 2760 Tetigit
3649 2689 3710 2744 in
3753 2707 3937 2745 manu

2289 2786 2522 2840 dextera
2535 2784 2785 2855 singulos
2810 2783 3052 2854 digitos:
3081 2782 3180 2837 ubi
3201 2782 3274 2836 ad
3300 2782 3587 2838 minorem
3616 2783 3772 2838 venit
3793 2784 3938 2854 digi-

2288 2884 2432 2945 tum,
2465 2894 2524 2932 se
2549 2878 2705 2932 suavi
2731 2880 2884 2932 tactu
2921 2877 2989 2931 de
3017 2876 3249 2947 propria
3277 2893 3454 2930 manu
3478 2876 3630 2943 tulit,
3658 2881 3726 2932 ut
3754 2877 3939 2932 beata;

2290 2973 2506 3044 reginas
2527 2971 2803 3026 desiderio
2832 2970 3196 3036 satisfaceret,
3225 2973 3281 3024 et
3301 2970 3424 3040 ejus
3443 2970 3796 3025 voluntatem
3822 2971 3934 3025 im-

2289 3067 2672 3138 pleret.Quem
2687 3064 2929 3136 digitum
2941 3063 3026 3118 vir
3038 3063 3374 3135 apostolicus
3387 3079 3515 3118 cum
3531 3064 3706 3135 digno
3718 3064 3938 3120 honore

2289 3161 2466 3216 beata:
2481 3158 2814 3229 Radegundi
2831 3157 3036 3212 direxit
3053 3174 3066 3212 :
3084 3158 3153 3212 de
3170 3157 3550 3229 Hierosolyma
3568 3175 3746 3230 usque
3760 3160 3936 3213 Picta-

2289 3255 2372 3308 vis
2387 3254 2449 3309 in
2464 3254 2512 3325 ej
2521 3271 2585 3307 us
2601 3253 2814 3308 honore
2834 3267 3059 3322 semper
3072 3251 3194 3305 laus
3209 3252 3302 3306 Dei
3318 3252 3632 3322 personuit.
3656 3253 3803 3316 Quid
3821 3270 3932 3324 pu-

2289 3353 2372 3404 tas
2395 3365 2565 3419 quam
2592 3346 2816 3401 ardenti
2838 3345 3048 3412 animo,
3078 3361 3252 3416 quam
3281 3345 3435 3400 ﬁdeli
3458 3345 3760 3401 devotione
3784 3348 3927 3401 tanti

2289 3442 2545 3513 pignoris
2573 3440 2880 3512 praemium
2911 3444 3263 3510 exspectans,
3294 3456 3352 3493 se
3378 3439 3735 3494 abstinentiae
3765 3457 3926 3495 man-

2289 3535 2532 3607 cipavit?
2566 3537 2637 3590 At
2669 3534 2768 3588 ubi
2796 3549 2855 3588 se
2887 3533 3053 3588 beata
3089 3532 3288 3604 regina
3323 3533 3429 3587 hoc
3466 3549 3678 3588 munus
3708 3533 3926 3588 caeleste

2289 3629 2567 3700 accepisse
2592 3645 2724 3683 cum
2752 3625 2905 3681 omni
2926 3626 3214 3681 alacritate
3243 3626 3535 3698 gauderet,
3565 3631 3684 3681 tota
3707 3626 3924 3682 hebdo-

2291 3723 2456 3778 mada
2472 3739 2603 3777 cum
2625 3721 2787 3775 omni
2801 3720 3242 3791 congregatione
3261 3735 3321 3774 se
3341 3719 3400 3773 in
3416 3719 3776 3790 psallentium
3794 3721 3928 3792 vigi-

2289 3817 2378 3871 liis
2410 3821 2466 3872 et
2487 3815 2722 3887 jejuniis
2753 3813 2993 3885 aptavit,
3027 3813 3330 3868 Dominum
3361 3811 3707 3868 benedicens
3736 3829 3794 3868 se
3818 3814 3928 3868 tale

2290 3901 2501 3965 munus
2516 3909 2772 3980 accipere
2792 3907 3084 3962 meruisse.
3103 3907 3191 3962 Sic
3209 3907 3358 3961 Deus
3377 3905 3494 3961 suis
3512 3905 3772 3961 ﬁdelibus
3799 3924 3928 3978 qua:

2290 4005 2576 4075 postulant
2604 4019 2719 4058 non
2751 4002 3014 4072 abnegat.
3046 4001 3393 4072 Frequenter
3426 4004 3484 4055 et
3509 3999 3749 4055 dulciter
3767 4002 3923 4072 quasi

2291 4100 2351 4154 in
2388 4099 2593 4171 ﬁgura,
2639 4102 2706 4153 ut
2740 4113 2912 4152 nemo
2949 4095 3267 4166 intelligere
3304 4099 3509 4166 posset,
3548 4095 3795 4150 dicebat:
3825 4097 3922 4151 Cui

2290 4193 2614 4248 animarum
2641 4208 2776 4246 cura
2793 4194 2896 4260 est,
2911 4190 3134 4245 fortiter
3152 4189 3377 4244 laudem
3394 4189 3464 4244 ab
3485 4188 3813 4243 hominibus
3834 4189 3923 4243 de-

2291 4288 2386 4342 bet
2404 4287 2624 4342 timere.
2649 4285 2756 4341 Sed
2784 4283 3160 4339 nihilominus
3187 4287 3466 4354 quantum
3495 4282 3593 4337 illa
3619 4283 3725 4337 hoc
3754 4281 3920 4337 vitare

2291 4381 2528 4448 volebat,
2558 4384 2714 4434 tanto
2746 4377 2930 4449 magis
2958 4394 3022 4431 ac
3051 4376 3234 4448 magis
3264 4376 3540 4431 virtutum
3561 4375 3794 4447 largitor
3820 4375 3921 4429 sibi

2291 4475 2352 4529 in
2377 4473 2642 4529 omnibus
2669 4473 2900 4527 ﬁdelem
2926 4471 3210 4525 declarare
3241 4470 3536 4524 studebat:
3580 4470 3657 4524 ita
3699 4473 3759 4523 ut
3793 4470 3916 4523 ubi-

552 4607 686 4645 nem
713 4589 1038 4659 prosternit,
1069 4605 1276 4659 parvus
1302 4606 1472 4661 sopor
1497 4589 1546 4644 ei
1577 4592 1833 4660 accessit,
1865 4593 2110 4664 qualiter
2136 4595 2189 4650 ei
2208 4575 2266 4647 D
2289 4583 2513 4664 cunql‘e
2545 4567 2808 4622 inﬁrmus
2854 4582 2890 4664 a_
2928 4579 3267 4664 quacuan?
3304 4563 3566 4664 ficientus
3605 4562 3922 4618 mﬁrm’me

554 4682 830 4738 Dominus
860 4682 1170 4737 declararet
1196 4687 1388 4738 votum
1431 4700 1595 4740 suum
1639 4685 1936 4757 impletum
1957 4730 1970 4755 ,
1998 4687 2190 4742 dicens

551 4776 620 4830 ad
657 4790 819 4828 eam:
861 4775 1166 4847 Cognosce,
1207 4777 1517 4848 benedicta,
1557 4779 1688 4850 quia
1721 4796 1835 4834 non
1874 4781 1964 4835 hee
2003 4782 2188 4836 solum

550 4867 826 4938 reliquiae,
876 4886 1015 4941 quas
1060 4871 1352 4942 presbyter
1396 4873 1628 4943 Magnus
1674 4873 1882 4943 attulit,
1926 4874 2018 4930 hic
2057 4877 2190 4930 sunt

553 4965 794 5030 tantum,
827 4963 923 5018 sed
942 4969 1181 5035 quantas
1201 4965 1259 5021 in
1288 4967 1489 5022 Atheia
1523 4967 1746 5040 [Athiés]
1783 4968 1914 5022 villa
1943 4985 2184 5040 congre-

552 5056 718 5130 gasti,
748 5059 881 5111 tota:
906 5059 997 5114 hic
1031 5064 1436 5116 convenerunt.
1469 5060 1569 5117 Ubi
1603 5062 1792 5116 oculos
1830 5063 2071 5133 aperuit,
2101 5064 2184 5118 vi-

549 5152 630 5208 dit
655 5151 841 5207 virum
865 5153 1382 5224 splendidissimum
1409 5155 1506 5226 qui
1527 5155 1633 5210 hoc
1658 5156 1710 5211 ei
1730 5157 2108 5226 nuntiaverat,
2131 5161 2188 5212 et

549 5247 800 5321 gaudens
827 5248 1133 5303 Dominum
1157 5249 1466 5304 benedixit.
1490 5251 1794 5322 Postquam
1825 5251 1883 5304 in
1907 5255 2187 5306 monaste-

549 5344 698 5398 rium
740 5347 824 5397 est
864 5343 1141 5415 ingressa,
1186 5347 1460 5414 quantam
1496 5343 1919 5400 multitudinem
1960 5349 2183 5401 sancto-

551 5454 679 5491 rum
714 5437 1056 5491 ﬁdelissimis
1087 5437 1348 5508 precibus
1374 5438 1821 5508 congregaverit,
1850 5439 1956 5492 hoc
1985 5438 2188 5492 Oriens

549 5534 806 5595 testatur,
850 5531 1076 5602 Aquilo,
1121 5535 1340 5600 Auster,
1395 5532 1479 5584 vel
1537 5531 1808 5586 Occidens
1854 5533 2180 5602 proﬁtetur:

548 5623 684 5694 quia
710 5622 958 5694 undique
987 5624 1260 5695 pretiosas
1281 5641 1536 5696 gemmas
1567 5625 1821 5696 coeloque
1848 5625 2183 5693 reconditas,

621 5739 691 5805 (a)
732 5737 917 5792 Vitam
957 5740 1131 5794 sancti
1168 5741 1483 5806 Mamantis,
1538 5758 1638 5796 seu
1687 5741 1998 5794 Mammetis
2035 5757 2183 5795 mar-

549 5809 718 5883 tyris,
766 5809 864 5879 qui
908 5811 1058 5883 apud
1111 5811 1425 5883 Cesaraeam
1473 5811 1838 5883 Cappadociae
1891 5812 2092 5883 urbem
2134 5829 2188 5865 ιν

550 5878 730 5934 Nonas
767 5878 1041 5950 septemb.
1089 5897 1282 5951 passus
1323 5878 1569 5949 dicitur;
1591 5878 1775 5938 babes
1822 5881 1881 5936 in
1917 5881 2175 5938 biblioth.

2292 4679 2418 4718 eam
2448 4662 2779 4728 invocasset,
2814 4660 3055 4714 salutem
3087 4657 3417 4729 recipiebat.

2365 4760 2449 4812 t6.
2483 4757 2578 4810 Vir
2606 4755 2844 4823 illuster,
2875 4754 2984 4807 Leo
3014 4751 3266 4821 nomine,
3297 4751 3368 4805 ad
3401 4749 3705 4804 concilium
3731 4751 3922 4820 synodi

2289 4853 2546 4905 evocatus
2573 4866 2605 4904 a
2629 4849 2764 4903 viris
2797 4842 3119 4918 apostolicis
3154 4842 3386 4899 Leontio
3418 4841 3835 4914 [Burdegalensi]
3866 4847 3918 4896 et

2289 4943 2527 4998 Eusebio
2586 4939 2972 5013 [Sanctonensi]
3033 4937 3328 5009 episcopis,
3383 4937 3520 4990 dum
3565 4935 3674 4989 iter
3715 4941 3915 5006 ageret,

2288 5037 2437 5091 oculi
2461 5037 2583 5106 ejus
2605 5034 2761 5106 gravi
2779 5038 2910 5088 sunt
2927 5032 3168 5103 caligine
3190 5029 3437 5097 obducti,
3464 5027 3757 5099 sanguinis
3777 5028 3916 5083 nube

2287 5129 2556 5201 cooperti,
2588 5133 2649 5182 ut
2675 5144 2788 5182 non
2817 5127 2928 5181 nisi
2953 5143 2986 5179 a
3013 5125 3242 5180 famulis
3271 5126 3617 5177 sustentatus
3648 5127 3912 5192 pergeret,

2288 5225 2515 5296 penitus
2536 5239 2643 5278 nec
2664 5222 2810 5276 viam
2831 5221 3067 5275 videret.
3089 5219 3193 5283 Qui
3213 5219 3504 5289 ingressus
3522 5215 3913 5269 monasterium

2287 5319 2487 5386 beatas,
2511 5317 2613 5372 ubi
2641 5315 2784 5370 ﬁlias
2804 5331 2931 5369 suas
2958 5314 3009 5368 ei
3039 5313 3270 5368 devotus
3297 5309 3530 5366 tradidit
3548 5308 3783 5363 Domino
3807 5324 3914 5363 ser-

2287 5412 2518 5477 vituras,
2551 5408 2805 5466 introivit
2833 5408 2894 5462 in
2918 5405 3230 5461 oratorium
3251 5405 3476 5459 domate
3497 5402 3685 5458 Maria:
3712 5402 3912 5456 nomini

2288 5507 2606 5562 dedicatum
2640 5521 2653 5560 :
2689 5507 2815 5576 post
2841 5500 3155 5556 orationem
3183 5499 3372 5554 datam
3409 5496 3721 5568 prosternit
3743 5512 3797 5550 se
3821 5496 3917 5549 ﬁde

2285 5602 2490 5673 plenus
2515 5615 2685 5670 supra
2705 5601 2913 5651 sanctae
2941 5593 3211 5661 cilicium,
3234 5590 3472 5645 viriliter
3499 5605 3625 5644 eam
3649 5589 3912 5654 invocans,

2290 5718 2523 5795 Floriac.
2557 5737 2840 5792 Iohannes
2867 5752 2900 5788 a
2939 5735 3133 5799 Bosco,
3167 5730 3422 5799 ejusdem
3461 5727 3725 5799 martyris
3749 5732 3911 5782 trans-

2289 5811 2558 5866 lationem
2603 5807 2819 5862 brachii
2864 5804 3144 5876 Lingonas
3185 5800 3392 5876 factam
3437 5800 3628 5876 refert.
3685 5801 3742 5855 ln
3783 5800 3907 5854 Mar-

2292 5881 2572 5952 tyrologio
2599 5881 2763 5935 Rom.
2799 5893 2890 5933 xv:
2918 5871 3038 5933 Kal.
3067 5873 3358 5948 Septemb.
3391 5871 3613 5928 colitur.
