4006 6238
38 344 124 396 6'73

1293 339 1462 394 VITA.
1505 338 1704 394 LIBER
1741 337 2108 394 SECUNDUS.

3288 345 3388 398 674

31 463 77 508 et
96 452 281 507 tandiu
308 452 659 524 superjacuit
689 454 997 524 quousque
1037 454 1196 509 dolor
1234 455 1506 525 discessit,
1544 472 1635 509 ca-
1661 467 1720 539 Α
1738 460 1893 511 rator
1919 455 2218 526 legatorios
2241 472 2372 512 cum
2391 455 2696 527 evangeliis
2721 473 2860 512 auro
2881 462 2938 513 et
2968 457 3207 528 gemmis
3227 473 3388 513 orna-

27 548 122 618 ligo
154 546 343 617 fugata
373 549 484 614 est,
526 546 851 618 coagulatus
889 547 1119 618 sanguis
1163 565 1222 604 se
1264 549 1420 604 venis
1466 550 1640 605 mini-

31 644 304 700 strantibus
347 644 636 715 perduxit,
690 646 968 718 clarisque
1012 647 1190 702 oculis
1238 647 1334 719 qui
1383 648 1644 703 manibus

30 742 342 793 sustentatus
375 744 632 808 venerat,
673 755 842 793 sanus
892 740 1077 809 rediit,
1128 741 1197 796 de
1241 741 1420 796 cilicio
1465 742 1643 797 beatae

29 834 199 888 lumen
238 831 473 902 recepit,
518 833 680 887 latus
706 837 876 904 atque
916 834 1235 903 incolumis,
1268 835 1337 889 ad
1362 836 1643 905 synodum

30 927 113 981 ubi
153 932 426 996 cmperat,
470 927 799 995 ambulavit,
831 929 981 998 quod
1020 933 1146 999 post
1201 929 1324 999 ipso
1364 929 1643 985 referente

30 1021 261 1075 universa
289 1020 542 1089 synodus
574 1020 806 1089 audivit,
837 1037 900 1075 ac
949 1021 1079 1076 inde
1123 1022 1450 1100 regrediens
1480 1023 1643 1077 nobis

31 1116 128 1169 haec
151 1130 237 1167 ore
263 1114 501 1184 proprio
529 1114 811 1169 disseruit.
840 1117 964 1186 Ipsa
1001 1115 1054 1170 ei
1081 1116 1213 1170 fecit
1257 1116 1477 1170 devotio
1506 1117 1637 1170 fun-

31 1211 325 1264 damentum
363 1207 620 1264 basilicae
661 1208 887 1262 domnae
917 1209 1278 1280 Radegundis
1309 1215 1634 1280 percutere,

35 1303 110 1356 ubi
131 1307 180 1356 et
197 1307 427 1356 centum
444 1301 604 1356 dedit
623 1301 830 1356 solidos
851 1302 922 1356 ad
942 1303 1212 1357 fabricam
1232 1296 1414 1374 ips‘am
1436 1304 1642 1358 facien-

32 1397 155 1450 dam.
181 1395 380 1459 Quanti
409 1395 628 1448 inﬁrmi
648 1396 727 1450 ad
771 1396 892 1466 ejus
920 1396 1331 1451 invocationem
1359 1401 1493 1451 sunt
1519 1397 1641 1451 sani

31 1489 203 1544 redditi
234 1487 358 1559 quis
402 1504 741 1543 enumerare
780 1489 999 1544 valeat?
1038 1489 1172 1553 Quis
1214 1506 1340 1544 eam
1383 1507 1639 1561 unquam

30 1582 144 1636 vidit
166 1586 218 1636 et
238 1587 535 1636 terrenum
556 1583 850 1637 hominem
880 1599 1000 1638 esse
1026 1583 1265 1638 credidit
1279 1585 1306 1637 ?
1335 1585 1437 1638 Per
1464 1585 1642 1638 Deum

33 1681 133 1734 caeli
155 1679 488 1734 ﬁducialiter
513 1685 570 1735 et
595 1681 867 1735 veraciter
891 1681 1035 1748 dico,
1066 1682 1200 1753 quia
1229 1683 1308 1735 sic
1330 1698 1555 1753 semper
1582 1683 1640 1736 in

32 1771 173 1825 oculis
191 1771 447 1825 omnium
477 1771 879 1843 resplendebat
902 1789 1034 1826 cum
1065 1773 1254 1827 anima
1280 1774 1468 1827 vultus
1494 1773 1636 1843 ejus,

34 1869 82 1919 ut
104 1882 205 1919 non
229 1865 518 1920 immerito
545 1865 892 1921 extrinsecus
918 1871 1234 1938 appareret,
1266 1868 1417 1938 quod
1439 1867 1640 1922 intrin-
1660 1838 1715 1910 B

35 1975 163 2014 secus
206 1959 529 2029 gerebatur.

95 2058 163 2107 17.
201 2055 328 2108 Post
367 2057 744 2124 congregatas
770 2059 1094 2108 sanctorum
1117 2053 1402 2124 reliquias,
1441 2054 1486 2107 si
1516 2053 1638 2109 ﬁeri

35 2147 292 2218 potuisset,
333 2147 527 2218 ipsum
564 2147 866 2201 Dominum
903 2147 974 2202 de
1015 2148 1145 2202 sede
1182 2147 1490 2217 majestatis
1519 2164 1638 2201 sua:

37 2241 288 2294 visibiliter
301 2239 393 2293 hic
420 2239 680 2294 habitare
700 2239 1042 2311 expetiisset.
1061 2241 1127 2294 Et
1152 2256 1480 2311 quanquam
1505 2256 1638 2294 eum

36 2333 311 2387 carnalibus
334 2334 514 2388 oculis
542 2350 658 2388 non
688 2333 1026 2403 intueretur,
1063 2333 1326 2404 spiritalis
1364 2349 1526 2388 mens
1551 2333 1635 2387 in-

33 2433 157 2481 tenta
183 2427 384 2481 sedulis
409 2427 676 2498 precibus
702 2426 1212 2497 contemplabatur.
1241 2427 1346 2482 Sed
1380 2426 1514 2498 quia
1536 2428 1640 2481 Do-

39 2522 192 2574 minus
211 2537 322 2575 non
348 2520 595 2592 privabit
618 2520 783 2575 bonis
821 2537 914 2574 eos
942 2520 1042 2591 pui
1067 2520 1358 2574 ambulant
1387 2521 1444 2574 in
1469 2521 1637 2575 inno-

41 2615 207 2682 centia,
235 2619 289 2669 et
311 2615 411 2686 qui
439 2631 575 2668 eum
602 2631 672 2669 ex
700 2620 816 2669 toto
843 2614 1008 2668 corde
1037 2618 1093 2668 et
1117 2630 1188 2668 ex
1210 2618 1329 2669 tota
1365 2614 1560 2669 anima
1585 2618 1643 2669 et

40 2724 91 2761 ex
114 2713 226 2762 tota
260 2713 452 2764 mente
488 2708 776 2779 quaesierit
808 2709 973 2777 (Psal.
1027 2709 1272 2777 Lxxxm),
1319 2706 1464 2762 sicut
1517 2709 1640 2761 haec

37 2799 167 2854 beata
191 2802 337 2869 fecit,
367 2802 561 2856 divina
602 2801 904 2856 clementia
930 2818 988 2856 se
1022 2801 1330 2872 benignam
1360 2801 1636 2871 exhibuit,

39 2894 170 2965 eique
195 2897 252 2949 in
275 2912 445 2951 sensu
473 2896 685 2967 posuit,
713 2896 775 2948 in
799 2896 960 2966 cujus
989 2900 1215 2966 pectore
1237 2895 1327 2950 die
1354 2898 1640 2966 noctuque

40 2989 407 3060 requiescebat,
452 2994 518 3044 ut
558 2989 705 3044 sicut
748 2988 912 3043 beata
947 2989 1176 3059 Helena,
1223 2988 1502 3060 sapientia
1532 2988 1639 3042 im-

41 3079 163 3149 buta,
205 3083 406 3137 timore
435 3081 536 3137 Dei
575 3082 761 3152 plena,
800 3082 963 3136 bonis
1000 3082 1264 3152 operibus
1291 3080 1534 3151 gloriosa
1567 3079 1638 3135 1i-

44 3189 189 3244 gnum
212 3177 474 3246 salutare,
502 3176 601 3230 ubi
625 3176 875 3247 pretium
901 3175 1101 3230 mundi
1121 3192 1226 3246 pro
1253 3179 1446 3228 nostra
1463 3175 1642 3228 salute
1664 3207 1718 3280 Ο

43 3284 315 3339 appensum
354 3269 543 3324 fuerat
583 3275 646 3324 ut
678 3286 781 3323 nos
813 3270 882 3324 de
921 3272 1194 3340 potestate
1216 3267 1424 3322 diaboli
1453 3268 1641 3338 eripe-

43 3366 124 3430 ret,
160 3363 506 3435 perquisivit,
539 3364 618 3417 ita
659 3367 742 3430 ut,
787 3362 1036 3432 invento,
1081 3361 1354 3416 ambabus
1382 3361 1644 3416 manibus

43 3456 315 3524 plauderet,
349 3462 405 3513 et
433 3458 496 3512 in
526 3461 677 3512 terra
705 3473 858 3528 genu
875 3457 1021 3510 ﬂexo
1048 3457 1355 3510 Dominum
1388 3456 1646 3510 adoraret

45 3548 121 3603 ubi
155 3550 326 3621 ipsam
359 3551 419 3605 in
462 3555 693 3606 mortuo
732 3550 996 3605 suscitato
1032 3549 1376 3605 dominicam
1419 3565 1645 3604 crucem

43 3658 184 3712 supra
210 3645 448 3715 positam
469 3645 701 3716 agnovit
726 3644 918 3699 dicens
941 3663 954 3699 :
989 3647 1050 3700 In
1075 3647 1300 3699 veritate
1325 3649 1384 3699 tu
1409 3659 1462 3699 es
1499 3645 1649 3701 Chri-

42 3740 133 3790 stus
151 3739 306 3794 Filius
339 3742 453 3808 Dei,
497 3742 595 3809 qui
631 3742 688 3792 in
725 3740 864 3792 hunc
897 3738 1156 3792 mundum
1180 3740 1393 3800 venisti,
1428 3743 1648 3806 tuosque

44 3834 250 3899 captivos
269 3849 396 3902 quos
421 3835 620 3888 creasti
643 3835 876 3903 pretioso
893 3834 1154 3901 sanguine
1169 3832 1476 3897 redemisti;
1497 3830 1648 3902 quod

45 3923 152 3977 fecit
170 3925 259 3979 illa
284 3926 343 3980 in
369 3927 629 3982 orientali
648 3926 848 3997 patria,
878 3926 985 3980 hoc
1011 3925 1145 3980 fecit
1169 3925 1331 3981 beata
1352 3924 1649 3995 Radegun-

47 4015 114 4069 dis
135 4017 188 4072 in
213 4020 404 4076 Gallia.
976 4006 982 4013 ’

106 4115 177 4166 i8.
202 4114 268 4168 Et
287 4115 419 4186 quia
461 4115 582 4170 sine
608 4115 842 4169 consilio
869 4114 929 4169 in
958 4113 1172 4168 mundo
1202 4113 1341 4168 dum
1369 4112 1531 4182 vixit,
1561 4111 1646 4167 ni-

46 4201 112 4257 hil
140 4206 308 4263 facere
347 4209 546 4276 voluit,
600 4209 910 4264 transmisit
944 4209 1160 4264 litteras
1199 4208 1271 4261 ad
1321 4205 1647 4278 praecellen-

45 4298 292 4356 tissimum
311 4302 590 4358 domnum
619 4303 964 4374 Sigibertum
984 4318 1202 4374 regem,
1227 4300 1388 4372 cujus
1412 4300 1652 4372 imperio

45 4393 195 4460 patria
217 4396 319 4452 ista
343 4398 669 4470 regebatur,
694 4399 762 4452 ut
789 4397 840 4452 ei
864 4397 1221 4468 permitteret
1242 4411 1344 4467 pro
1364 4394 1540 4450 totius
1556 4411 1654 4465 pa-

46 4485 147 4541 triae
178 4490 349 4547 salute
383 4498 441 4547 et
482 4492 604 4563 ejus
642 4491 808 4564 regni
840 4491 1164 4559 stabilitate,
1207 4489 1434 4561 lignum
1474 4489 1655 4543 crucis

1742 550 1834 605 tis.

1816 647 1902 698 19.
1933 647 2002 697 At
2034 644 2131 698 ubi
2168 644 2412 716 lignum,
2450 645 2553 698 ubi
2595 647 2744 700 salus
2784 646 2985 700 mundi
3012 648 3378 717 pependerat,

1741 737 1979 791 Pictavis
2010 738 2081 809 (α)
2111 738 2395 793 civitatem
2423 755 2555 792 cum
2591 740 3030 810 congregatione
3061 747 3386 796 sanctorum

1742 831 1988 896 advenit,
2017 835 2074 885 et
2096 832 2346 902 pontifex
2367 832 2618 886 locicum
2641 833 2798 887 omni
2824 834 3033 904 populo
3062 835 3257 889 devote
3279 836 3386 889 hoc

1742 924 1911 978 vellet
1938 924 2231 995 excipere;
2265 925 2528 978 inimicus
2554 926 2790 980 humani
2813 927 3037 998 generis
3067 944 3169 998 per
3187 929 3387 983 satelli-

1741 1023 1825 1073 tes
1848 1035 1977 1071 suos
2006 1019 2144 1088 egit,
2187 1023 2252 1072 ut
2290 1019 2541 1088 pretium
2567 1020 2768 1074 mundi
2797 1020 3157 1090 repellerent,
3195 1038 3299 1076 nec
3327 1023 3386 1076 in

1743 1112 1963 1166 civitate
1993 1111 2242 1182 recipere
2279 1111 2506 1178 vellent,
2535 1113 2777 1183 qualiter
2805 1114 2967 1168 beata
3015 1115 3385 1185 Radegundis

1741 1205 2200 1260 tribulationibus
2230 1205 2566 1275 subjaceret,
2599 1206 2759 1260 aliud
2787 1223 2890 1277 pro
2917 1207 3028 1261 alio
3044 1214 3382 1275 asserentes,

1740 1299 1969 1353 Iudaico
2009 1298 2242 1366 ordine;
2291 1299 2446 1369 quod
2489 1305 2749 1353 nostrum
2788 1317 2904 1354 non
2965 1306 3047 1354 est
3087 1301 3380 1370 disserere,

1743 1396 1850 1466 ipsi
1887 1396 2132 1450 viderint
2165 1415 2178 1449 :
2222 1399 2478 1451 Dominus
2515 1400 2665 1451 novit
2707 1400 2804 1466 qui
2827 1404 2954 1452 sunt
2991 1398 3124 1466 ejus.
3159 1399 3265 1453 Sed
3292 1399 3385 1452 illa

1740 1489 1942 1560 spiritu
1957 1490 2421 1557 ferventc,animo
2436 1491 2758 1557 dimicante,
2776 1491 2984 1545 iterum
3008 1492 3080 1545 ad
3095 1492 3383 1562 benignis-

1741 1583 1950 1638 simum
1980 1601 2175 1655 regem
2203 1583 2421 1655 dirigit,
2452 1584 2584 1655 quia
2628 1584 2686 1638 in
2713 1585 2996 1639 civitatem
3026 1585 3267 1640 salutem
3293 1603 3380 1640 re~

1740 1677 1926 1749 cipere
1963 1678 2293 1732 noluerunt.
2338 1677 2570 1733 interim
2615 1694 2910 1749 quousque
2958 1678 3117 1732 missi
3175 1679 3261 1732 sui
3314 1679 3383 1732 de

1741 1771 1950 1825 domno
1986 1788 2120 1842 rege
2165 1775 2605 1840 reverterentur,
2647 1771 2703 1825 in
2744 1771 3022 1825 Turonico
3058 1788 3159 1826 suo
3185 1789 3380 1826 mona-

1739 1865 1908 1919 sterio
1935 1864 2186 1919 virorum
2216 1865 2368 1936 quod
2397 1865 2665 1934 condidit,
2697 1870 2757 1918 ut
2780 1865 2973 1936 jipsam
3003 1865 3243 1919 salvaret
3261 1907 3274 1934 ,
3305 1865 3383 1919 ibi

1738 1975 1870 2013 cum
1906 1959 2198 2030 psallentio
2229 1959 2581 2013 sacerdotum
2627 1974 2854 2012 crucem
2897 1959 3118 2012 Domini
3156 1960 3242 2013 vel
3286 1960 3378 2030 pi-

1739 2068 1918 2122 gnora
1943 2055 2270 2106 sanctorum
2299 2050 2736 2106 commendavit.
2766 2051 2886 2104 Non
2917 2051 3196 2106 minorem
3223 2053 3374 2120 inju-

1739 2146 1881 2199 riam
1913 2150 1998 2200 est
2021 2162 2180 2216 passa
2206 2150 2395 2199 sancta
2423 2161 2561 2198 crux
2603 2161 2706 2215 per
2731 2144 3000 2198 invidiam
3024 2187 3037 2212 ,
3066 2161 3241 2215 quam
3271 2145 3376 2199 Do-

1738 2239 1928 2292 minus
1955 2239 2054 2309 qui
2085 2255 2186 2309 per
2215 2254 2503 2293 cursorem
2543 2237 2678 2308 [Al.,
2707 2237 3110 2308 percussorem]
3156 2237 3380 2292 ﬁdelem

1737 2335 1968 2386 vocatus
1998 2337 2054 2387 et
2082 2335 2372 2386 revocatus
2400 2337 2530 2386 ante
2559 2331 2811 2402 presides
2837 2337 2892 2386 et
2905 2331 3122 2402 judices
3145 2347 3376 2386 omnem

1738 2426 2015 2481 malitiam
2070 2427 2353 2497 patienter
2418 2425 2703 2492 sustinuit,
2755 2429 2820 2479 ut
2872 2425 3024 2495 quod
3095 2431 3380 2479 creaverat

1738 2537 1857 2574 non
1881 2520 2111 2590 periret.
2140 2521 2200 2573 In
2227 2523 2439 2590 quanto
2466 2535 2524 2573 se
2545 2519 2797 2572 cruciatu
2813 2518 3018 2588 posuit,
3047 2517 3107 2571 in
3121 2519 3376 2588 jejuniis,

1740 2613 1800 2668 in
1827 2613 2052 2684 vigiliis,
2086 2613 2145 2667 in
2183 2613 2512 2684 profusione
2559 2613 2934 2683 lacrymarum
2977 2617 3093 2666 tota
3139 2627 3378 2683 congre-

1742 2708 1892 2778 gatio
1919 2723 2038 2775 sua,
2080 2707 2139 2760 in
2188 2706 2346 2760 luctu
2393 2712 2450 2761 et
2473 2707 2612 2762 fletu
2656 2705 2921 2760 omnibus
2954 2705 3151 2759 diebus
3201 2721 3377 2777 usque

1739 2818 1852 2872 quo
1877 2800 2123 2871 respexit
2151 2801 2422 2854 Dominus
2446 2800 2833 2854 humilitatem
2866 2799 3088 2853 ancillae
3119 2816 3254 2869 suae,
3279 2800 3379 2870 qui

1739 2895 1894 2950 dedit
1917 2895 1976 2948 in
2004 2893 2169 2947 corde
2200 2893 2350 2965 regis
2378 2898 2442 2947 ut
2477 2894 2686 2948 faceret
2707 2893 2992 2963 judicium
3022 2898 3079 2947 et
3096 2893 3379 2964 justitiam

1741 2987 1799 3042 in
1827 2988 2013 3043 medio
2040 2987 2281 3058 populi?
2301 2988 2442 3041 Nam
2460 2987 2692 3041 devotus
2713 3002 2811 3041 rex
2840 3003 2941 3057 per
2959 2986 3183 3040 ﬁdelem
3212 3003 3379 3040 suum

1739 3082 1925 3136 virum
1972 3081 2250 3135 illustrem
2297 3080 2581 3135 Iustinum
2640 3080 2904 3134 comitem
2953 3081 3262 3135 transmisit
3309 3079 3380 3134 ad

1741 3179 1933 3233 virum
1969 3179 2340 3249 apostolicum
2385 3179 2662 3233 domnum
2707 3179 3060 3233 Eufromium
3104 3181 3172 3251 (ὁ)
3202 3181 3381 3233 ΤιιΓο-

1743 3277 1882 3332 nicze
1909 3277 2147 3331 civitatis
2173 3277 2519 3348 episcopum,
2547 3281 2614 3332 ut
2641 3293 2773 3331 cum
2799 3278 3016 3332 honore
3056 3277 3229 3348 digno
3262 3277 3378 3348 glo-

1744 3371 1955 3425 riosam
2001 3387 2228 3425 crucem
2258 3369 2478 3424 Domini
2519 3371 2606 3424 vel
2650 3376 2977 3425 sanctorum
3018 3371 3287 3442 reliquias
3324 3370 3384 3425 in

1745 3464 2087 3519 monasterio
2123 3464 2346 3518 domnae
2379 3463 2740 3536 Radegundis
2766 3464 3196 3535 introponeret;
3231 3465 3384 3536 quod

1746 3563 1802 3613 et
1830 3559 2043 3613 factum
2081 3561 2185 3613 est.
2221 3558 2501 3612 Exultavit
2541 3557 2600 3610 in
2632 3558 2836 3627 gaudio
2882 3559 3044 3612 beata
3072 3574 3202 3612 cum
3230 3558 3386 3612 omni

1747 3653 1890 3707 cella
1918 3669 2036 3718 sua,
2070 3667 2242 3723 seque
2276 3652 2381 3706 hoc
2408 3652 2476 3706 de
2515 3651 2667 3706 caelis
2693 3652 2908 3706 donum
2957 3652 3172 3705 bonum
3199 3656 3256 3705 et
3280 3651 3381 3705 da-

1746 3751 1871 3802 tum
1906 3745 2221 3817 perfectum
2251 3762 2366 3800 suae
2391 3744 2836 3818 congregationi,
2859 3761 3032 3816 quam
3059 3745 3131 3798 ad
3164 3743 3383 3798 Domini

1748 3839 2044 3894 servitium
2070 3839 2456 3910 congregavit,
2499 3839 2774 3906 contulit,
2805 3839 2866 3892 in
2912 3837 3113 3908 spiritu
3141 3837 3387 3892 sentiens

1749 3934 1900 4006 quod
1951 3937 2078 4003 post
2125 3932 2246 4002 ejus
2300 3933 2605 3988 transitum
2656 3948 2860 4004 parum
2923 3931 3131 3987 habere
3180 3933 3385 4002 posset.

1748 4029 2102 4098 Quamquam
2130 4025 2225 4080 illa
2260 4043 2392 4082 cum
2419 4043 2552 4100 rege
2579 4026 2701 4082 coeli
2742 4025 3103 4096 gloriaretur,
3132 4025 3282 4080 unde
3307 4024 3386 4080 eis

1750 4119 2049 4176 subvenire
2078 4125 2268 4189 posset
2298 4137 2310 4174 :
2353 4121 2461 4176 hoc
2491 4122 2704 4176 donum
2730 4121 2950 4176 caeleste
2979 4119 3256 4191 provitrix
3294 4136 3390 4191 op-

1753 4215 1911 4284 tima,
1944 4215 2313 4288 gubernatrix
2343 4215 2491 4270 bona
2515 4255 2529 4281 ,
2558 4219 2625 4270 ut
2669 4231 2798 4271 oves
2827 4231 2945 4270 non
2983 4229 3391 4286 usquequaque

1752 4309 2118 4381 relinqueret,
2136 4309 2386 4381 pretium
2411 4309 2611 4364 mundi
2632 4310 2701 4364 de
2727 4308 2964 4381 pignore
2982 4300 3210 4376 Christi,
3233 4309 3386 4379 quod

1753 4400 1822 4454 de
1851 4399 2168 4471 longinqua
2192 4399 2425 4469 regione
2465 4399 2717 4469 expetiit,
2760 4399 2832 4453 ad
2875 4399 3151 4453 honorem
3196 4397 3307 4451 loci
3332 4403 3390 4452 et

1755 4493 2120 4548 salvationem
2162 4492 2358 4564 populi
2401 4508 2504 4547 suo
2539 4493 2600 4546 in
2648 4492 2987 4548 monasterio
3016 4490 3258 4560 dimisit;
3292 4491 3388 4545 ubi

48 4579 238 4637 Domini
272 4585 340 4639 ab
366 4585 711 4658 imperatore
743 4583 998 4657 [Justino]
1035 4588 1299 4656 expetere
1328 4600 1342 4638 :
1371 4583 1523 4655 quod
1554 4583 1648 4638 ille
1667 4581 1727 4654 D
1750 4583 1955 4637 virtute
2001 4582 2100 4637 Dei
2150 4583 2507 4651 cooperante,
2541 4581 2794 4652 potentia
2837 4582 2961 4636 caeli
3005 4581 3386 4650 ministrante,

48 4670 412 4748 benignissime
443 4681 514 4735 ad
537 4679 870 4751 petitionem
899 4683 1104 4734 sanctae
1122 4677 1336 4749 reginae
1355 4693 1649 4732 assensum

48 4773 278 4840 praebuit.
318 4779 416 4833 Illa
457 4777 754 4834 devotione
787 4779 976 4849 plena,
1019 4775 1298 4832 desiderio
1324 4791 1556 4830 accensa
1579 4774 1649 4829 ad

50 4867 413 4941 imperatorem
451 4893 568 4932 non
614 4891 856 4931 munera
896 4875 1110 4948 dirigit,
1154 4891 1284 4947 quae
1317 4889 1375 4928 se
1417 4877 1651 4945 prepter

53 4963 202 5022 Deum
223 4986 530 5043 pauperem
564 4971 723 5040 fecit;
765 4970 863 5025 sed
892 4969 1144 5025 oratione
1176 4969 1487 5038 obtinente,
1521 4983 1650 5022 cum

54 5061 289 5119 comitatu
329 5070 656 5122 sanctorum
698 5081 840 5137 quos
883 5063 1289 5120 incessabiliter
1334 5062 1648 5132 invocabat,

53 5153 222 5210 missos
254 5175 379 5214 suos
422 5160 646 5216 direxit.
694 5159 804 5216 Sed
841 5159 993 5230 quod
1036 5175 1135 5213 sua
1178 5163 1308 5212 vota
1346 5155 1653 5228 poscebant

55 5245 285 5322 obtinuit,
327 5259 392 5309 ut
420 5255 650 5310 beatum
684 5254 911 5326 lignum
946 5252 1127 5308 crucis
1169 5251 1396 5306 Domini
1436 5267 1574 5305 auro
1599 5253 1654 5304 et

56 5341 264 5402 gemmis
314 5349 594 5412 ornatum,
641 5349 698 5399 et
751 5343 958 5398 multas
1005 5347 1329 5398 sanctorum
1363 5340 1650 5412 reliquias,

53 5442 168 5496 quas
204 5433 391 5490 Oriens
431 5437 728 5505 retinebat,
771 5454 887 5492 uno
920 5437 1173 5491 residens
1209 5435 1330 5489 loco
1359 5451 1416 5488 se
1444 5434 1654 5488 habere

56 5520 260 5589 gloriata
287 5534 387 5586 est.
416 5533 498 5587 Ad
517 5531 850 5604 petitionem
892 5535 1098 5586 sanctis
1123 5528 1436 5586 transmisit
1471 5527 1653 5598 impen

116 5680 176 5764 ξιξ)
193 5684 482 5764 Gregorius
499 5689 860 5758 Turonensis,
878 5689 977 5764 lib.
1007 5691 1060 5758 9,
1083 5705 1131 5744 c.
1162 5688 1229 5743 40
1265 5687 1501 5764 :De_latis
1527 5685 1652 5764 reti--

55 5755 193 5871 giliis,
219 5755 414 5830 inquit,
434 5764 592 5833 petiit
617 5763 806 5832 regina
833 5755 1132 5831 episcopum
1145 5764 1206 5815 ut
1226 5775 1345 5813 eum
1360 5757 1553 5810 honore
1571 5755 1657 5808 de-

85 5828 146 5871 ιεο
161 5832 445 5871 arundinem
457 5849 556 5871 Incn
566 5834 666 5871 Ιιοπ
674 5835 746 5871 Ηη
762 5835 817 5871 in
838 5835 1218 5871 mmncfprium
1234 5830 1621 5871 mllnnawmtur
1640 5843 1655 5871 :

85 5828 146 5904 “9
161 5828 746 5904 giandquuepsallentio
762 5835 821 5886 in
838 5828 1220 5904 monasterium
1234 5830 1655 5904 collocarentur:

58 5895 135 5951 sed
165 5900 248 5956 ille
282 5895 568 5980 despiciens
601 5906 990 5977 suggestionem
1032 5903 1164 5975 ejus,
1202 5902 1430 5960 ascensis
1458 5898 1654 5970 equiti-

1749 4691 2032 4732 coecorum
2081 4673 2230 4729 oculi
2265 4675 2461 4728 lumen
2488 4673 2788 4745 recipiunt,
2815 4691 2981 4731 aures
3016 4675 3203 4732 surdae
3237 4680 3388 4747 pate‘

1748 4770 1914 4837 ﬁunt,
1943 4773 2237 4824 mutorum
2262 4767 2460 4838 lingua
2483 4767 2552 4822 ad
2575 4783 2745 4822 suum
2770 4770 2916 4824 redit
2936 4769 3215 4842 ofﬁcium;
3239 4771 3392 4826 clau-

1750 4864 1807 4920 di
1832 4863 2143 4934 ambulant,
2173 4863 2455 4918 daemones
2471 4861 2814 4932 eifugantur.
2831 4861 2976 4926 Quid
2993 4864 3160 4935 plura
3178 4865 3205 4919 ?
3231 4864 3388 4930 Quis:

1751 4959 1876 5031 quis
1902 4976 1936 5012 a
1960 4973 2316 5030 quacumque
2341 4954 2668 5011 infirmitate
2695 4955 2957 5010 detentus
2991 4973 3061 5012 ex
3087 4958 3198 5014 ﬁde
3223 4975 3389 5016 vene-

1751 5054 1845 5120 rit,
1891 5069 1994 5124 per
2043 5052 2308 5106 virtutem
2353 5053 2561 5105 sanctae
2606 5048 2786 5103 crucis
2830 5064 3000 5103 sanus
3041 5052 3207 5108 redit.
3255 5055 3390 5118 Quis

1752 5151 1923 5219 queat
1941 5146 2127 5201 dicere
2148 5148 2424 5217 quantum
2451 5149 2507 5198 et
2525 5143 2689 5215 quale
2711 5143 2924 5198 donum
2939 5144 3072 5199 huic
3103 5145 3232 5200 urbi
3261 5146 3388 5201 bea-

1752 5246 1810 5297 ta
1839 5239 2119 5296 contulit?
2149 5239 2304 5294 Unde
2333 5238 2588 5310 quisquis
2619 5254 2688 5292 ex
2713 5237 2822 5293 ﬁde
2847 5237 3000 5307 vivit,
3024 5238 3147 5310 ejus
3171 5239 3392 5294 nomini

1754 5334 2054 5391 benedicit.
2086 5331 2620 5388 Praecellentissimis
2646 5332 2800 5386 enim
2825 5331 3068 5387 dominis
3087 5332 3316 5405 regibus
3333 5337 3388 5386 et

1756 5429 2128 5486 serenissimae
2155 5427 2378 5482 domum
2418 5425 2804 5497 Brunighildae
2836 5426 3066 5498 reginas,
3095 5443 3236 5500 quos
3261 5440 3390 5480 caro

1757 5525 1954 5580 dilexit
1994 5522 2220 5590 affectu,
2267 5527 2322 5576 et
2358 5520 2720 5576 sacrosanctis
2759 5521 3004 5576 ecclesiis
3043 5523 3130 5577 vel
3169 5518 3389 5592 pontiﬁ‘

1760 5683 1855 5737 bus
1877 5681 2023 5736 villa
2049 5697 2103 5736 se
2127 5681 2372 5736 contulit.
2396 5681 2680 5735 Maroveus
2701 5683 2835 5751 tunc
2857 5677 3106 5751 Pic‘tavos
3131 5679 3386 5751 regebat.

1830 5755 1899 5823 (ὸ)
1945 5754 2197 5807 Mortuus
2239 5768 2389 5806 anno
2421 5753 2520 5805 573
2562 5749 2900 5823 Gregorium
2943 5747 3142 5808 habuit
3176 5747 3389 5805 succes-

1759 5840 1943 5880 sorem
1951 5865 1963 5880 ο
