4006 6238
573 348 677 401 675
1547 343 1800 397 SANCTA
1839 338 2308 408 RADEGUNDUS,
2350 340 2599 398 REGINA
2637 339 2965 397 FRANCLE.
3854 330 3959 386 676

571 454 731 509 cibus
767 469 966 509 earum
1004 468 1135 508 cum
1176 450 1577 507 contestatione
1617 450 1807 505 divina
1837 467 2006 506 suum
2052 467 2207 506 com—
2234 463 2293 537 Α
2312 451 2451 507 illud
2479 452 2746 522 signaret,
2778 451 2970 523 aliqua
3003 449 3074 504 de
3110 446 3397 503 sororibus
3434 447 3576 503 vidit
3610 462 3790 517 supra
3818 460 3956 499 mu-

572 548 865 611 mendavit
890 546 1324 601 monasterium.
1817 590 1846 614 ,
2310 561 2442 599 rum
2478 545 2653 600 millia
2694 544 2939 599 millium
2977 544 3304 598 daemonum
3341 542 3403 597 in
3432 542 3623 613 specie
3648 554 3961 611 caprarum

644 646 734 697 20.
768 643 897 697 Post
934 641 1039 695 hoc
1073 640 1287 694 donum
1321 637 1542 692 cceleste
1580 642 1876 711 acceptum
1903 637 2212 694 transmisit
2309 646 2490 695 astare
2531 656 2544 693 :
2589 639 2687 693 ubi
2735 643 2927 693 sancta
2981 637 3275 692 dexteram
3323 636 3551 691 beatam
3606 650 3744 690 cum
3793 632 3962 703 signo

573 735 737 791 beata
778 736 977 789 missos
1021 749 1171 798 suos,
1220 730 1608 803 supradictum
1634 733 2050 804 presbyterum,
2079 748 2211 786 cum
2311 733 2491 790 crucis
2518 733 2772 800 elevavit,
2806 731 2990 787 omnis
3021 731 3116 786 illa
3158 729 3464 786 multitudo
3494 729 3833 785 daemonum
3860 727 3958 780 fu-

575 830 720 899 aliis,
751 830 821 883 ad
851 829 1259 898 imperatorem
1285 842 1418 880 cum
1444 825 1689 897 simplici
1711 826 2048 882 vestimento
2079 843 2209 897 gra-
2314 833 2441 900 gata
2469 842 2751 897 nusquam
2774 825 3116 897 comparuit.

575 923 685 977 tias
699 938 883 992 agere.
913 922 972 974 In
993 919 1285 975 redeundo
1314 919 1483 990 coepit
1506 936 1667 974 mare
1694 920 1960 975 ﬂuctibus
1974 920 2087 992 agi,
2114 919 2213 975 ubi
2383 924 2472 977 23.
2494 919 2674 976 Simili
2700 919 2867 974 modo
2892 919 3030 974 dum
3055 922 3187 973 ante
3217 934 3381 972 suam
3402 916 3603 971 cellam
3622 920 3794 970 nocte
3814 917 3963 969 asta-

577 1020 709 1071 sunt
741 1016 919 1069 multa
961 1013 1210 1085 pericula
1236 1014 1404 1084 passi,
1437 1014 1713 1084 procellas
1742 1014 1953 1069 scilicet
1983 1018 2041 1070 et
2064 1019 2210 1069 tem-
2312 1021 2418 1084 ret,
2449 1029 2672 1085 semper
2698 1013 2864 1068 corde
2889 1017 2946 1067 et
2972 1013 3032 1066 in
3058 1028 3155 1066 ore
3182 1027 3413 1066 cursum
3439 1011 3769 1077 decantans,
3808 1008 3965 1062 intra

572 1113 836 1180 pestates,
866 1108 1033 1179 quale
1054 1124 1113 1162 se
1132 1123 1433 1179 nunquam
1459 1107 1664 1163 vidisse
1688 1108 2046 1178 fatebantur;
2079 1124 2216 1179 qua-
2313 1124 2516 1164 arcana
2542 1088 2728 1163 cordis
2756 1106 2845 1162 sui
2875 1111 3085 1161 secrete
3108 1105 3265 1177 jugis
3295 1105 3419 1159 laus
3459 1104 3553 1159 Dei
3582 1101 3961 1175 personabat,

575 1202 837 1273 draginta
884 1202 1084 1256 diebus
1121 1206 1178 1256 et
1214 1201 1591 1273 quadraginta
1630 1201 1887 1256 noctibus
1928 1201 1989 1256 in
2026 1201 2215 1256 medio
2313 1207 2587 1258 nocturna
2624 1201 2760 1271 avis,
2791 1216 2921 1272 quae
2963 1199 3290 1255 hominibus
3326 1203 3412 1253 est
3445 1198 3695 1269 ingrata,
3738 1195 3955 1251 vocife-

575 1296 721 1352 mari
750 1296 908 1350 navis
936 1312 1135 1350 eorum
1159 1294 1413 1366 periculo
1458 1295 1805 1367 subjacebat.
1844 1297 1968 1350 Jam
1997 1295 2066 1349 de
2100 1295 2217 1351 vita
2315 1314 2446 1352 rans
2488 1296 2545 1350 in
2581 1296 2769 1351 medio
2814 1293 3158 1349 monasterio
3199 1292 3257 1347 in
3285 1292 3486 1347 arbore
3526 1307 3587 1345 se
3625 1290 3963 1348 infestabat.

577 1391 936 1463 desperantes
980 1394 1225 1444 mortem
1268 1405 1387 1459 prae
1425 1389 1602 1443 oculis
1649 1389 1943 1459 habentes,
1974 1388 2124 1444 inter
2158 1405 2217 1443 se
2316 1390 2459 1445 Dicit
2480 1390 2551 1445 ad
2577 1406 2703 1445 eam
2730 1406 2846 1445 una
2888 1388 2957 1443 de
3007 1386 3358 1442 astantibus:
3404 1386 3640 1440 Domina
3675 1384 3867 1453 beata,
3923 1384 3966 1435 si

575 1501 773 1557 pacem
790 1484 1076 1549 facientes,
1098 1482 1233 1554 quia
1242 1482 1367 1552 jam
1388 1499 1485 1538 eos
1510 1499 1667 1538 mare
1693 1482 1994 1537 absorbere
2019 1482 2214 1554 cupie-
2309 1483 2498 1555 jubes,
2541 1484 2600 1538 in
2644 1482 2816 1538 verbo
2859 1486 2957 1536 tuo
2998 1480 3159 1551 ejicio
3199 1495 3383 1534 avem.
3429 1479 3566 1541 Quae
3611 1477 3751 1533 dicit
3776 1476 3830 1531 ei
3862 1493 3878 1529 :
3913 1476 3968 1530 Si

577 1579 693 1647 bat,
725 1595 783 1633 se
810 1577 1061 1633 videntes
1097 1577 1157 1631 in
1196 1580 1349 1631 tanto
1390 1577 1667 1648 periculo,
1713 1592 1875 1631 voces
1900 1576 1972 1631 ad
2015 1577 2218 1631 ccelum
2316 1582 2500 1646 nocet,
2529 1576 2587 1631 in
2611 1576 2841 1630 nomine
2870 1574 3098 1630 Domini
3124 1573 3284 1643 vade,
3312 1571 3691 1627 nihilominus
3726 1569 3967 1641 signum

578 1672 790 1727 dabant
813 1672 1120 1725 clamantes
1144 1688 1209 1724 ac
1235 1670 1485 1726 dicentes
1518 1687 1532 1724 :
1558 1670 1795 1724 Domina
1831 1669 2215 1742 Radegundis,
2318 1671 2497 1726 crucis
2520 1686 2691 1742 super
2719 1685 2848 1725 eam
2894 1668 3123 1723 faciens.
3163 1666 3486 1721 Ambulavit
3521 1665 3783 1736 dixitque
3824 1664 3917 1717 avi
3948 1680 3959 1716 :

581 1765 815 1820 subveni
860 1764 1032 1819 servis
1065 1765 1176 1819 tuis
1215 1781 1228 1818 :
1265 1765 1405 1819 dum
1434 1763 1538 1819 tibi
1574 1763 1889 1833 obedimus,
1938 1763 2220 1818 submersi
2322 1766 2383 1819 ln
2410 1764 2642 1819 nomine
2677 1762 2898 1823 Domini
2922 1761 3104 1817 nostri
3130 1762 3260 1816 Jesu
3304 1759 3512 1816 Christi
3533 1758 3701 1829 jubet
3727 1757 3963 1813 domina

579 1874 697 1913 non
721 1873 1061 1929 pereamus;
1092 1857 1270 1912 libera
1308 1874 1411 1911 nos
1449 1856 1518 1911 de
1561 1856 1759 1912 mortis
1795 1856 2047 1927 periculo
2089 1837 2297 1927 quiaB
2321 1857 2705 1930 Radegundis,
2749 1857 2798 1912 si
2844 1873 2960 1912 non
2991 1872 3063 1911 ex
3087 1854 3185 1910 Dei
3212 1857 3372 1926 parte
3409 1852 3632 1921 venisti,
3662 1856 3731 1906 ut
3757 1852 3828 1905 ab
3853 1851 3961 1904 hoc

575 1951 697 2023 jam
725 1967 880 2006 mare
916 1953 1182 2022 paratum
1212 1955 1296 2005 est
1320 1955 1385 2005 ut
1422 1966 1525 2005 nos
1553 1949 1705 2005 vivos
1733 1950 2049 2005 absorbeat.
2085 1950 2219 2005 Ubi-
2319 1952 2440 2007 loco
2465 1951 2733 2019 discedas,
2761 1954 2817 2005 et
2844 1950 3071 2021 penitus
3097 1948 3191 2002 hic
3218 1952 3445 2003 cantare
3473 1963 3588 2001 non
3615 1961 3957 2017 praesumas.

584 2060 808 2117 cunque
834 2044 1093 2099 invocata
1119 2043 1278 2099 fuisti
1308 2043 1540 2099 miserta
1566 2060 1648 2108 es,
1676 2061 1827 2099 nunc
1869 2045 2072 2116 adjuva
2096 2048 2222 2099 tuos
2320 2047 2613 2117 Tanquam
2645 2044 2693 2099 si
2741 2061 2812 2100 ex
2842 2060 2940 2098 ore
2971 2042 3072 2098 Dei
3097 2042 3379 2114 prolatum
3421 2040 3673 2096 audisset
3699 2039 3961 2106 verbum,

582 2150 655 2190 ne
676 2137 930 2206 pereant.
956 2134 1040 2189 Ad
1064 2134 1166 2188 has
1190 2150 1353 2189 voces
1380 2133 1442 2188 in
1467 2134 1654 2189 medio
1679 2134 1827 2188 mari
1860 2134 2088 2189 advenit
2123 2149 2219 2188 co-
2321 2138 2477 2195 dedit
2503 2138 2752 2193 volatum
2776 2140 2834 2192 et
2858 2153 3140 2208 nusquam
3166 2134 3501 2206 comparuit.
3530 2134 3725 2189 Merito
3753 2133 3808 2188 ei
3831 2149 3966 2186 aves

579 2228 947 2307 lumbahquae
974 2228 1279 2300 teﬁnavem
1307 2244 1506 2283 eorum
1523 2228 1878 2299 circumiens,
1901 2228 2079 2299 tertia
2103 2228 2222 2283 vice
2323 2236 2382 2287 et
2408 2232 2605 2288 bestiae
2631 2231 2924 2298 obediunt,
2952 2230 3085 2302 quia
3116 2230 3214 2285 illa
3237 2244 3536 2300 nunquam
3558 2227 3839 2300 praeteriit
3864 2227 3965 2280 Do-

582 2321 644 2376 in
672 2322 905 2377 nomine
935 2321 1218 2378 Trinitatis
1251 2338 1428 2394 quam
1454 2322 1620 2377 beata
1656 2338 1878 2394 semper
1918 2323 2086 2377 corde
2132 2322 2219 2377 di-
2322 2325 2460 2381 mini
2495 2325 2727 2381 obedire
2752 2326 3059 2397 praecepto.

480 2430 498 2436 ‘
583 2415 744 2484 lexit,
774 2432 907 2470 cum
931 2416 1160 2483 volaret,
1188 2432 1381 2471 servus
1404 2416 1585 2471 beatae
1611 2416 1825 2487 reginae
1856 2415 2087 2471 nomine
2124 2416 2220 2470 Ba-
2392 2420 2483 2476 24.
2513 2420 2581 2474 Et
2605 2418 2649 2473 si
2670 2435 2774 2490 pro
2800 2417 3130 2472 inﬁrmitate
3157 2416 3454 2488 aliquoties
3478 2414 3834 2487 requiescere
3866 2431 3959 2468 vo-

587 2509 793 2563 nisaios
827 2509 1080 2564 extendit
1121 2525 1377 2579 manum,
1418 2510 1488 2565 de
1535 2509 1712 2565 cauda
1764 2510 1886 2581 ejus
1932 2514 2045 2566 tres
2094 2510 2224 2565 tulit
2321 2513 2539 2583 luisset,
2562 2512 2765 2585 spiritu
2790 2511 3050 2583 vigilanti
3076 2510 3317 2579 dicebat,
3346 2515 3618 2581 tanquam
3643 2509 3964 2563 admonens

589 2618 823 2673 pennas,
851 2619 990 2673 quas
1018 2601 1162 2656 mari
1191 2603 1523 2674 intinguens
1549 2606 1944 2674 tempestatem
1964 2620 2221 2676 compes-
2323 2624 2450 2664 eam
2487 2623 2617 2679 quae
2642 2606 2928 2679 psalmum
2952 2604 3172 2660 dicebat
3199 2621 3212 2659 :
3247 2607 3386 2676 Age,
3408 2604 3517 2659 dic.
3547 2603 3700 2658 Nulli
3718 2602 3964 2658 dubium

587 2696 704 2751 cuit
732 2701 789 2752 et
815 2696 886 2751 ad
922 2695 1333 2751 invocationem
1380 2697 1628 2752 nominis
1652 2697 1834 2753 beaten
1860 2698 2224 2770 Radegundis
2324 2706 2408 2757 est
2425 2701 2580 2773 quod
2606 2700 2937 2773 spiritaliter
2961 2715 3095 2755 cum
3124 2698 3331 2754 sanctis
3366 2697 3662 2770 psallebat,
3682 2702 3783 2751 aut
3807 2701 3959 2750 certe

590 2790 854 2845 columba
876 2806 1005 2862 quae
1035 2791 1320 2862 apparuit,
1351 2791 1475 2862 ejus
1507 2791 1752 2846 famulos
1796 2791 1865 2846 de
1912 2792 2111 2847 mortis
2129 2793 2220 2863 ja-
2326 2812 2430 2852 nec
2453 2811 2620 2866 sopor
2644 2810 2771 2850 eam
2798 2792 3117 2866 superabat.
3146 2793 3300 2847 Mens
3324 2791 3543 2846 intenta
3566 2790 3641 2845 ad
3671 2789 3960 2845 Christum

589 2901 703 2940 nua
727 2885 857 2939 vitae
888 2884 1151 2952 reddidit,
1174 2888 1231 2938 et
1249 2884 1396 2940 facta
1423 2901 1484 2940 es
1526 2885 1907 2957 tranquillitas
1937 2902 2146 2957 magna
2164 2887 2226 2941 in
2324 2890 2653 2961 frequenter
2674 2888 2849 2944 etiam
2874 2888 2936 2943 in
2961 2902 3163 2959 sopore
3187 2886 3388 2958 posita,
3424 2885 3493 2940 de
3524 2885 3721 2940 futuro
3744 2882 3963 2954 judicio

588 2978 774 3034 medio
802 2978 969 3034 mari.
999 2978 1084 3033 Illi
1109 2994 1241 3033 vero
1267 2979 1375 3033 alta
1418 2995 1552 3034 voce
1587 2980 1892 3035 clamantes
1916 2980 2178 3036 dicebant
2204 2998 2219 3035 :
2326 2988 2382 3039 et
2407 2983 2476 3039 de
2512 2986 2725 3038 teterno
2751 2980 2992 3054 praemio
3015 2980 3351 3053 praedicans,
3381 2978 3778 3051 expergefacta
3799 2976 3966 3031 nobis

588 3073 894 3143 Advenisti,
927 3073 1076 3128 bona
1101 3072 1349 3141 domina,
1377 3073 1583 3144 pietate
1608 3074 1794 3145 plena,
1823 3079 1951 3130 tuos
1975 3074 2225 3145 captivos
2325 3077 2545 3133 dicebat
2562 3094 2575 3131 :
2591 3076 2866 3149 Colligite,
2886 3074 3135 3148 colligite
3155 3075 3407 3131 triticum
3429 3072 3805 3142 dominicum,
3828 3071 3970 3143 quia

590 3167 811 3240 eripere
839 3185 912 3223 ne
952 3168 1217 3223 ﬂuctibus
1256 3172 1676 3239 mergerentur.
1704 3168 1789 3222 Ad
1836 3168 1958 3239 ejus
1998 3167 2223 3223 invoca-
2244 3212 2300 3287 Ο
2324 3187 2453 3226 vere
2472 3171 2597 3226 dico
2626 3171 2778 3226 vobis
2796 3187 2912 3225 non
2944 3170 3045 3226 diu
3065 3169 3174 3225 erit
3196 3173 3262 3224 ut
3280 3167 3574 3241 colligatis.
3597 3167 3792 3223 Videte
3811 3166 3968 3238 quod

590 3260 801 3287 εζη--..Α
838 3278 947 3287 ...Α-
982 3266 1202 3287 ιΑ..ι..-ν.
1233 3262 1314 3287 -..ε
1370 3262 1464 3287 ..ΑᾹ
1499 3277 1691 3287 Ann-.1...
1720 3265 1852 3287 ιιι-..ιι
1871 3261 2086 3287 ιζιιλκηιε
2121 3279 2225 3287 -ιλια
2330 3265 2443 3287 .12--
2527 3264 2761 3287 --ηε-ει-
2828 3264 2950 3287 ---Ζ-
3030 3279 3159 3287 ’.Α-Α
3229 3261 3547 3287 ..η-..-ζᾸηα-...ιι
3615 3260 3748 3287 Ληιζη
3811 3260 3963 3287 ξεινιλ

588 3260 806 3317 tionem
838 3278 953 3317 non
982 3266 1208 3317 tantum
1232 3262 1340 3332 sui,
1369 3262 1471 3316 sed
1496 3277 1694 3316 omnes
1720 3265 1854 3317 sunt
1871 3261 2092 3317 liberati
2121 3279 2226 3334 per
2246 3260 2300 3287 υ
2324 3265 2467 3335 dico,
2522 3264 2765 3337 colligite
2823 3264 2957 3336 quia
3030 3279 3162 3319 vere
3224 3261 3550 3335 quaesitura
3613 3260 3750 3316 estis
3810 3260 3969 3314 istud

590 3355 1050 3427 virtutemipsius
1069 3356 1295 3411 domnae
1314 3355 1691 3426 Radegundis.
1714 3358 1864 3427 lpsas
1882 3357 2224 3428 pennashuc
2322 3364 2575 3431 tempus;
2623 3375 2775 3429 vere,
2824 3374 2953 3414 vere
3002 3356 3324 3430 quaesituras
3378 3356 3509 3411 estis
3546 3356 3682 3411 istos
3737 3354 3861 3409 dies
3916 3360 3968 3408 et

591 3449 917 3521 attulerant,
944 3454 1002 3504 et
1026 3440 1326 3504 fabricatas
1338 3448 1444 3520 ipsi
1474 3449 1576 3521 qui
1600 3449 1669 3505 de
1705 3455 1891 3506 morte
1916 3455 2049 3506 sunt
2082 3450 2223 3505 libe-
2324 3453 2487 3509 valde
2524 3453 2948 3509 desideraturae.
2981 3452 3143 3517 Quod
3192 3451 3298 3507 etsi
3328 3455 3465 3507 tunc
3500 3449 3731 3522 ignavia
3773 3452 3966 3503 nostra

592 3543 719 3612 rati,
762 3560 864 3614 per
903 3544 1023 3598 loca
1056 3548 1251 3598 sancta
1302 3542 1488 3597 devoti
1529 3543 1827 3599 dederunt.
1876 3544 2225 3616 Ubicumque
2323 3547 2432 3603 hoc
2464 3547 2653 3619 tepide
2681 3546 3007 3620 accipiebat,
3032 3546 3157 3617 jam
3182 3548 3373 3602 tamen
3396 3561 3551 3601 nunc
3580 3543 3801 3598 venisse
3832 3559 3965 3614 pro-

592 3635 848 3693 invocata
875 3637 1067 3707 fuerit,
1095 3636 1342 3706 benigne
1369 3636 1629 3707 exaudit;
1668 3637 1715 3691 si
1752 3636 2098 3706 febricitans,
2128 3643 2227 3694 aut
2323 3641 2527 3697 bemus
2562 3641 2717 3714 quod
2752 3640 2913 3697 dixit.
2958 3641 3100 3696 Illud
3143 3640 3542 3713 propheticum
3580 3639 3643 3694 in
3665 3639 3838 3694 nobis
3867 3637 3966 3691 im-

590 3730 880 3805 pustulam
904 3731 1140 3801 habens,
1169 3736 1269 3785 aut
1289 3747 1324 3785 a
1350 3747 1688 3802 quacunque
1712 3735 1904 3786 tentus
1921 3731 2223 3789 infirmita-
2325 3737 2543 3808 pletum
2568 3740 2654 3792 est
2685 3752 2699 3791 :
2743 3739 2962 3793 Mittam
2987 3736 3135 3792 vobis
3157 3737 3359 3804 famem
3382 3737 3443 3789 in
3468 3739 3618 3789 terra
3642 3733 3831 3805 (Amos
3859 3736 3963 3803 v1);

592 3830 667 3896 te,
690 3842 795 3898 pro
819 3825 1119 3896 interjecto
1141 3824 1571 3897 longinquitatis
1594 3829 1760 3881 terrae
1787 3825 1968 3897 spatio
1996 3826 2067 3880 ad
2102 3843 2227 3882 eam
2325 3829 2897 3902 famem,inquit,non
2908 3830 3070 3902 panis
3086 3835 3144 3886 et
3153 3846 3318 3902 aquae
3334 3829 3432 3884 sed
3443 3826 3716 3883 audiendi
3728 3827 3965 3883 verbum

589 3919 784 3975 venire
817 3936 934 3975 non
978 3919 1277 3991 potuisset,
1324 3919 1559 3974 candela
1595 3918 1656 3974 in
1705 3919 1827 3990 ejus
1869 3920 2105 3975 nomine
2132 3937 2224 3975 ac-
2327 3924 2445 3980 Dei.
2490 3924 2642 3979 Licet
2683 3924 3111 3995 prmdicaﬁones
3152 3940 3294 3996 quas
3334 3922 3579 3978 instituit
3612 3922 3963 3989 recitantur;

591 4029 757 4069 censa
780 4029 1009 4069 omnem
1033 4013 1251 4069 febrem
1270 4012 1510 4085 depulit.
2327 4022 2520 4073 tamen
2563 4018 2800 4073 cessavit
2854 4017 2950 4073 illa
2995 4017 3340 4073 incessabilis
3385 4032 3523 4086 vox,
3577 4015 3966 4071 desiderabilis

662 4109 724 4163 21
739 4147 753 4163 .
787 4107 1074 4171 Quantum
1103 4123 1263 4162 suam
1289 4106 1793 4178 congregationem
1819 4106 2079 4163 dilexerit
2102 4108 2230 4180 quis
2328 4111 2657 4179 admonitio,
2671 4111 2851 4167 dulcis
2870 4112 3121 4168 affectus.
3147 4112 3290 4166 Nam
3304 4110 3533 4183 qualem
3550 4110 3802 4178 vultum,
3824 4111 3963 4165 Deus

593 4204 753 4261 effari
779 4206 996 4261 valeat?
1023 4223 1128 4263 nec
1156 4206 1205 4261 si
1228 4210 1467 4262 centeno
1493 4206 1680 4261 sonitu
1704 4205 1920 4277 lingua:
1947 4206 2229 4278 plectrum
2327 4205 2633 4278 plasmator
2658 4205 2842 4261 bone!
2872 4207 3101 4279 qualem
3125 4206 3350 4277 faciem,
3392 4205 3619 4277 qualem
3658 4220 3958 4276 personam

592 4304 817 4357 moveat
848 4300 954 4356 hoc
995 4301 1222 4372 explere
1261 4300 1431 4356 valet.
1460 4299 1709 4355 Instituit
1743 4305 1826 4368 ut,
1868 4297 2005 4356 dum
2030 4300 2225 4357 reﬁce-
2328 4300 2551 4371 habuit,
2578 4301 2704 4372 quis
2746 4304 2930 4372 potest
2973 4317 3228 4373 unquam
3270 4300 3597 4371 exponam?
3623 4298 3743 4355 Sed
3766 4303 3828 4354 et
3866 4299 3959 4353 hoc

591 4399 737 4465 rent,
768 4410 994 4466 semper
1015 4393 1179 4450 lectio
1217 4395 1524 4466 legeretur,
1561 4397 1629 4450 ut
1670 4411 1784 4450 non
1816 4394 2001 4450 solum
2042 4396 2230 4452 fauces
2329 4394 2614 4451 reminisci
2637 4395 2979 4467 supplicium
3003 4399 3106 4451 est.
3138 4396 3247 4450 Nos
3285 4410 3417 4450 vero
3460 4393 3715 4449 humiles
3756 4394 3962 4449 deside-

591 4488 869 4561 accipiant
914 4488 1128 4560 cibum,
1162 4488 1260 4544 sed
1307 4493 1363 4543 et
1386 4504 1551 4544 aures
1580 4489 1817 4544 audiant
1844 4489 1942 4546 Dei
1968 4490 2227 4546 verbum.
2328 4505 2520 4544 ramus
2546 4488 2609 4544 in
2629 4505 2695 4544 ea
2720 4488 3052 4559 doctrinam,
3084 4488 3349 4559 formam,
3375 4488 3616 4555 vultum,
3637 4504 3960 4559 personam,

590 4583 873 4655 Quidquid
916 4587 1015 4638 aut
1049 4583 1173 4637 aliis
1206 4582 1479 4654 praecepit
1516 4587 1617 4639 aut
1665 4584 1789 4655 ipsa
1824 4583 1979 4652 fecit,
2034 4584 2304 4666 omniaD
2327 4582 2638 4652 scientiam,
2666 4582 2957 4655 pietatem,
2993 4582 3326 4653 bonitatem,
3357 4582 3719 4637 dulcedinem
3750 4599 3765 4637 :
3797 4598 3962 4654 quam

591 4682 825 4749 prOpter
850 4678 1028 4732 Deum
1056 4691 1282 4747 semper
1304 4677 1889 4751 implevit.Quidquid
1913 4682 2012 4734 aut
2030 4678 2225 4750 prohi-
2329 4677 2630 4749 specialem
2656 4694 2692 4731 a
2730 4677 2964 4732 Domino
2988 4676 3140 4733 inter
3179 4682 3412 4732 caateros
3447 4676 3714 4732 homines
3750 4677 3959 4732 habuit.

589 4771 716 4827 buit
738 4771 882 4841 ﬁeri,
907 4776 1007 4826 aut
1030 4771 1151 4842 ipsa
1178 4771 1375 4826 vitavit
1416 4772 1618 4843 facere,
1657 4773 1849 4828 omnia
1897 4773 1958 4827 in
1986 4773 2102 4828 zelo
2132 4773 2229 4827 Dei
2396 4774 2487 4827 25.
2514 4772 2695 4836 Quam
2720 4776 2913 4827 sancta
2938 4770 3048 4826 fuit
3070 4772 3189 4827 vita
3208 4771 3353 4843 ejus,
3371 4775 3491 4826 tam
3507 4786 3690 4842 purus
3707 4776 3769 4826 et
3791 4771 3960 4826 dulcis

591 4866 648 4917 et
673 4861 821 4916 nihil
851 4860 1151 4916 carnaliter
1175 4864 1276 4915 aut
1299 4861 1437 4934 egit,
1467 4865 1568 4916 aut
1596 4862 1805 4935 sapuit.
1838 4864 1904 4917 Et
1932 4862 2068 4933 quia
2085 4879 2230 4918 nun-
2326 4870 2601 4937 aspectus.
2632 4870 2777 4922 Ante
2805 4882 3021 4921 annum
3046 4865 3321 4921 transitus
3348 4864 3456 4936 sui,
3484 4864 3629 4920 vidit
3655 4865 3721 4921 in
3743 4866 3870 4921 visu
3894 4866 3960 4920 lo-

591 4971 765 5029 quam
788 4955 968 5011 otiosa
990 4955 1060 5010 ab
1087 4970 1259 5027 Opere
1298 4956 1400 5011 Dei
1431 4972 1551 5012 esse
1578 4955 1772 5024 voluit,
1801 4955 2094 5011 insistebat
2124 4956 2230 5011 uti-
2328 4976 2461 5015 cum
2485 4959 2591 5015 sibi
2617 4965 2900 5032 paratum,
2923 4960 3187 5032 venitque
3208 4960 3283 5015 ad
3298 4959 3669 5031 eamjuvenis
3690 4959 3958 5032 praedives

591 5067 703 5123 que
728 5048 986 5121 orationi,
1016 5049 1244 5106 lectioni
1269 5053 1327 5105 et
1360 5050 1747 5123 eleemosynis
1784 5066 1848 5105 ac
1884 5049 2231 5121 praedicatio-
2327 5053 2767 5126 pulcherrimus,
2815 5059 2872 5110 et
2905 5054 3067 5126 quasi
3105 5055 3424 5126 juvenilem
3464 5054 3686 5110 habens
3726 5060 3959 5121 atatem,

589 5145 756 5201 nibus
790 5144 1158 5217 incessanter,
1207 5144 1473 5201 omnibus
1516 5144 1739 5216 diebus,
1792 5148 1855 5200 ut
1890 5145 2044 5200 nulla
2083 5148 2230 5200 esset
2327 5148 2427 5221 qui
2455 5148 2614 5203 suavi
2637 5152 2791 5204 tactu
2816 5146 3141 5223 blandoque
3168 5149 3450 5222 colloquio
3474 5148 3619 5205 dum
3646 5166 3782 5205 cum
3811 5165 3877 5205 ea
3898 5150 3959 5203 lo-

587 5257 718 5314 quaa
738 5256 796 5296 se
823 5240 893 5296 de
920 5240 1241 5313 ignorantia
1264 5242 1580 5296 excusaret.
2327 5246 2617 5315 queretur,
2641 5242 2741 5297 illa
2767 5244 2837 5299 de
2857 5260 2916 5299 se
2932 5244 3137 5313 zelans,
3159 5243 3496 5299 blanditiam
3516 5245 3846 5316 respuebat.
3867 5243 3957 5307 Qui

660 5339 751 5392 22.
776 5336 1020 5391 Tantum
1047 5335 1292 5407 denique
1320 5334 1536 5390 donum
1563 5333 1623 5389 in
1648 5349 1708 5390 se
1738 5333 2018 5407 largiente
2035 5334 2227 5391 divina
2327 5336 2469 5393 dixit
2492 5337 2547 5393 ei
2571 5354 2583 5393 :
2606 5337 2754 5402 Quid
2773 5355 2866 5394 me
2892 5337 3169 5395 desiderio
3189 5353 3422 5394 accensa
3447 5353 3581 5393 cum
3605 5339 3782 5394 tantis
3800 5339 3957 5409 lacry-

589 5431 770 5503 gratia
795 5430 1017 5500 habuit,
1046 5434 1111 5486 ut
1139 5428 1473 5485 humilitatis
1518 5428 1858 5501 magistrum
1881 5430 1979 5503 qui
2007 5430 2077 5486 de
2101 5429 2228 5485 coeli
2326 5431 2435 5486 mis
2450 5448 2636 5504 rogas,
2661 5448 2895 5504 gemens
2914 5431 3178 5505 requiris,
3208 5431 3343 5487 quis
3364 5431 3629 5504 precibus
3640 5432 3853 5504 poscis,
3869 5448 3956 5504 pro

590 5525 726 5581 solio
749 5525 821 5580 ad
846 5529 1027 5581 terras
1056 5523 1345 5579 descendit
1370 5522 1667 5592 imitando,
1697 5524 2005 5579 Dominum
2022 5539 2219 5595 seque-
2324 5542 2417 5581 me
2443 5530 2600 5582 tanto
2624 5530 2680 5581 te
2708 5527 2960 5583 cruciatu
2984 5526 3189 5598 afﬂigis
3212 5525 3313 5599 qui
3338 5541 3564 5598 semper
3588 5525 3699 5581 tibi
3725 5526 3955 5582 adsisto?

589 5624 748 5673 retur
765 5619 826 5673 in
847 5618 1072 5690 spiritu,
1096 5634 1434 5690 quocunque
1450 5618 1576 5673 iret.
1598 5619 1903 5688 Postquam
1918 5633 2229 5689 congrega-
2324 5621 2425 5690 Tu,
2457 5637 2687 5693 gemma
2712 5621 2976 5694 pretiosa,
3007 5620 3228 5677 noveris
3252 5625 3309 5676 te
3339 5620 3400 5675 in
3427 5619 3753 5675 diademate
3776 5620 3952 5691 capitis

589 5710 668 5764 tio
694 5727 754 5765 se
780 5711 1119 5766 recondebat
1153 5712 1276 5783 jam
1310 5713 1379 5766 ad
1418 5711 1833 5783 pausationem,
1862 5711 1977 5781 illa,
2004 5716 2071 5766 ut
2092 5728 2223 5783 per-
2324 5715 2437 5769 mei
2464 5715 2714 5787 primam
2742 5732 2862 5771 esse
2890 5731 3197 5789 gemmam.
3228 5714 3375 5770 Nulli
3402 5713 3641 5769 dubium
3662 5715 3821 5787 quod
3850 5715 3949 5787 ipse

589 5806 822 5856 noctans
847 5802 908 5857 in
939 5803 1213 5873 oratione,
1234 5822 1335 5859 sua
1351 5808 1539 5859 sancta
1562 5803 1792 5858 dextera
1812 5805 2225 5861 monasterium
2324 5823 2450 5864 eam
2476 5809 2719 5866 visitavit
2744 5809 2838 5866 cui
2865 5827 2925 5866 se
2950 5814 3069 5867 tota
3093 5809 3387 5867 devotione
3420 5808 3657 5867 tradidit
3688 5810 3882 5867 vivens
3905 5808 3947 5861 in

592 5905 699 5964 per
723 5890 953 5964 signum
981 5896 1161 5952 crucis
1189 5896 1450 5954 salvabat.
1472 5896 1725 5963 Quadam
1751 5897 1869 5955 vice
1895 5898 2031 5954 dum
2061 5899 2225 5956 beata
2324 5918 2557 5977 corpore
2582 5909 2640 5961 et
2664 5905 2908 5977 gloriam
2933 5922 3042 5980 qua
3071 5903 3317 5963 fruitura
3335 5909 3456 5961 erat
3491 5904 3544 5961 ei
3565 5904 3841 5961 ostendit.
3866 5902 3948 5960 Sed
