4006 6238
129 328 225 384 677

1391 320 1565 379 VITA.
1606 321 1808 380 LIBER
1843 321 2205 379 SECUNDUS.

3388 326 3488 380 878

128 438 274 493 hunc
309 435 496 491 visum
527 433 796 490 secretius
826 449 957 489 cum
981 431 1398 488 contestatione
1432 433 1654 488 duabus
1675 449 1759 488 sa-
1780 446 1839 518 Α
1860 432 2071 487 Flenda
2093 448 2232 503 ergo
2260 431 2426 487 nobis
2451 429 2578 485 talis
2600 446 2716 486 non
2748 433 2851 499 est,
2877 430 2979 485 sed
2996 430 3316 486 tremenda.
3339 432 3495 485 Ami-

128 532 194 586 tis
204 529 471 585 ﬁdelibus
489 528 775 596 disseruit,
798 533 863 584 ut
875 546 934 583 se
947 527 1250 599 superstite
1270 527 1410 583 nulli
1428 532 1755 583 narrarent.

192 625 261 680 Et
284 623 422 696 quia
447 625 634 679 multa
659 626 793 678 sunt
809 622 998 678 adhuc
1019 622 1157 677 satis
1175 624 1234 677 et
1248 638 1464 693 magna
1484 638 1611 694 quas
1630 638 1759 693 pro-

128 718 250 786 pter
279 712 666 784 prolixitatem
696 712 1081 784 preeterimus,
1112 728 1184 767 ne
1218 711 1512 782 prolixitas
1560 714 1757 767 nostra

129 806 490 864 audientibus
520 807 711 879 potius
735 806 1035 861 fastidium
1048 809 1491 877 generet,quam
1506 805 1757 860 nitorem

130 902 406 957 sermonis
434 900 572 974 [Al.,
595 901 808 971 sermo]
832 900 1118 955 ostendat.
1134 901 1424 964 Quantum
1448 898 1518 953 de
1531 915 1755 969 amore,

128 996 196 1051 de
225 995 615 1063 nutrimentis,
649 996 720 1049 de
753 993 1052 1061 charitate,
1093 993 1165 1048 de
1204 992 1640 1064 praedicatione,
1684 993 1755 1046 de

130 1088 279 1145 omni
306 1088 552 1144 omnino
574 1094 773 1144 sancta
793 1087 918 1157 ejus
947 1086 1382 1142 conversatione
1431 1085 1755 1140 reminisci-

127 1200 268 1253 mur,
299 1183 631 1238 cruciamur
656 1186 712 1238 et
740 1182 1003 1237 dolentes
1023 1180 1202 1245 oculis
1222 1179 1487 1234 distensis
1512 1178 1755 1251 requiri-

129 1294 246 1332 mus
282 1280 515 1332 tantam
548 1276 846 1347 pietatem,
905 1274 1007 1329 sed
1060 1291 1166 1329 nec
1223 1272 1549 1329 invenimus
1601 1273 1757 1343 quod

128 1370 502 1443 perdidimus.
532 1369 574 1424 Ο
600 1373 719 1424 tam
744 1368 888 1423 dura
912 1367 1167 1423 conditio
1194 1383 1323 1439 quae
1355 1366 1521 1421 nobis
1562 1366 1753 1421 infeli-

127 1464 276 1518 cibus
303 1462 531 1518 evenitl
561 1480 594 1518 o
622 1462 855 1534 piisima
881 1462 1140 1529 domina,
1164 1462 1386 1516 utinam
1410 1460 1755 1515 obtinuisses

126 1575 246 1613 cum
271 1558 395 1613 caeli
420 1557 693 1625 Domino,
720 1559 782 1611 ut
808 1558 943 1611 ante
972 1558 1028 1611 te
1074 1572 1207 1611 oves
1254 1572 1398 1626 quas
1441 1570 1756 1625 congrega-

125 1668 280 1706 veras
331 1650 665 1706 direxisses!
720 1651 819 1718 Tu,
864 1652 1159 1721 pastorem
1212 1649 1431 1704 bonum
1485 1664 1753 1720 sequens,

127 1761 356 1816 gregem
388 1744 639 1800 Domino
667 1743 1021 1799 tradidisses.

1860 526 2035 581 simus
2067 525 2302 596 quidem
2332 525 2387 579 in
2411 525 2681 596 praesenti
2711 525 2919 580 saeculo
2951 524 3250 580 dominam
3278 528 3335 578 et
3364 540 3488 580 ma-

1857 623 2007 675 trem
2041 636 2055 675 :
2084 619 2185 674 sed
2211 619 2270 673 in
2291 635 2537 690 regnum
2565 618 2774 675 Christi
2812 618 3198 690 praemisimus
3234 620 3479 674 interce-

1859 713 2112 769 dentem.
2141 713 2490 768 Admirabile
2513 713 2749 785 quidem
2782 712 3059 784 gaudium
3078 713 3214 768 fecit
3233 712 3292 767 in
3315 714 3486 782 caelis,

1856 806 1913 861 in
1948 807 2115 861 terris
2145 823 2278 862 vero
2306 806 2734 862 intolerabilem
2760 807 2975 861 luctum
2999 807 3254 879 reliquit.

1931 905 2016 955 27.
2074 901 2318 966 Quando
2360 900 2484 971 ejus
2530 904 2727 955 sancta
2775 901 2970 955 anima
3016 901 3088 956 de
3137 902 3247 956 hoc
3283 902 3489 956 saeculo

1856 994 2127 1066 migravit
2156 994 2229 1048 ad
2273 994 2584 1061 Christum,
2619 1012 2734 1050 non
2780 998 2906 1049 erat
2942 994 3019 1048 ibi
3063 995 3320 1065 pontifex
3357 996 3486 1050 loci.

1855 1087 2179 1143 Ambulavit
2208 1087 2443 1142 nuntius
2471 1088 2547 1143 ad
2570 1088 2756 1143 virum
2794 1088 3170 1159 apostolicum
3210 1088 3489 1143 domnum

1857 1183 2198 1253 Gregorium
2222 1182 2517 1237 Turonica:
2551 1182 2791 1237 civitatis
2822 1182 3173 1253 episcopum,
3222 1185 3280 1236 et
3318 1183 3486 1236 adve~

1858 1277 1960 1331 nit.
2006 1277 2120 1332 Sed
2166 1279 2449 1348 quantum
2487 1292 2741 1347 praesens
2779 1275 2921 1330 vidit
2962 1276 3140 1330 oculis
3178 1281 3490 1347 antequam

1856 1386 1989 1425 eam
2016 1370 2303 1441 sepeliret,
2327 1370 2397 1425 de
2424 1370 2548 1439 ejus
2572 1369 2877 1424 virtutibus
2906 1369 2965 1423 in
2999 1369 3145 1424 libro
3184 1369 3487 1423 miraculo-

1854 1479 1985 1517 rum
2015 1463 2193 1533 (Greg.
2228 1466 2424 1518 Turon.
2448 1464 2515 1518 de
2545 1462 2629 1518 Gl.
2655 1464 2864 1531 Confes.
2915 1464 3056 1533 106),
3105 1479 3277 1532 quem
3335 1478 3490 1516 com-

1852 1556 2063 1628 posuit,
2115 1556 2373 1611 inseruit.
2418 1559 2560 1612 Cum
2608 1559 2803 1610 autem
2837 1555 2997 1609 venit
3037 1555 3111 1610 ad
3150 1557 3339 1610 locum
3391 1555 3487 1609 ubi

1854 1653 2116 1705 sanctum
2144 1666 2352 1721 corpus
2368 1650 2600 1721 jacebat
2628 1649 2805 1721 (quod
2834 1649 2954 1719 ipse
2972 1653 3171 1719 postea
3219 1665 3349 1702 cum
3399 1665 3487 1702 sa-

1857 1748 2152 1800 cramento
2186 1745 2514 1814 lacrymans
2553 1743 2801 1809 dicebat,
2846 1742 3002 1814 quod
3052 1742 3109 1796 in
3157 1742 3343 1813 specie
3382 1742 3489 1796 ho-

192 1842 276 1895 26.
305 1841 437 1894 Iam
469 1839 545 1893 ad
587 1838 901 1909 gloriosum
955 1836 1081 1907 ejus
1122 1817 1388 1891 venimus
1428 1835 1753 1904 transitum,
1777 1824 1834 1896 Β
1856 1838 2028 1893 minis
2050 1838 2376 1909 angelicum
2407 1839 2626 1893 vultum
2660 1836 2902 1907 viderat)
2947 1836 3122 1891 facies
3156 1835 3307 1889 illius
3339 1835 3495 1889 velut

125 1949 291 2005 quem
314 1933 439 1987 sine
453 1932 787 2004 profusione
810 1932 1198 2002 lacrymarum
1214 1930 1405 1985 dicere
1421 1947 1538 1985 non
1555 1946 1753 2001 possu-

125 2043 265 2081 mus.
289 2027 800 2098 Fluuntlacrymee,
826 2025 897 2080 de
916 2024 1046 2080 imis
1062 2024 1331 2079 medullis
1352 2023 1604 2095 gemitus
1620 2040 1754 2095 pro-

125 2125 416 2192 rumpunt,
436 2120 537 2175 sed
550 2120 612 2174 in
630 2120 787 2174 nullo
801 2118 1214 2175 consolationis
1225 2119 1416 2173 locum
1434 2116 1753 2185 inveniunt,

127 2214 255 2269 dum
275 2215 638 2286 plangimus;
660 2213 707 2267 si
720 2213 792 2268 de
817 2213 942 2284 ejus
960 2212 1118 2266 ﬁdeli
1141 2211 1449 2267 devotione
1466 2211 1661 2266 minus
1678 2211 1757 2266 di-

126 2308 322 2375 cimus,
349 2309 480 2379 plus
505 2323 829 2379 peccamus.
861 2307 1050 2378 Usque
1074 2306 1148 2361 ad
1173 2305 1330 2361 diem
1365 2304 1638 2361 transitus
1672 2306 1755 2359 sui

127 2418 441 2472 numquam
470 2400 682 2455 minuit
700 2416 930 2456 cursum
963 2400 1240 2471 implere;
1283 2402 1342 2454 et
1378 2399 1535 2470 quod
1564 2398 1754 2469 coepit,

127 2494 289 2549 corde
310 2493 586 2549 retinuit:
619 2494 756 2566 quia
779 2510 898 2548 non
920 2493 1017 2565 qui
1037 2493 1290 2565 cceperit,
1325 2492 1427 2547 sed
1442 2491 1539 2564 qui
1559 2507 1753 2563 perse-

127 2588 401 2644 veraverit
430 2605 609 2660 usque
634 2588 695 2642 in
724 2587 925 2656 finem,
955 2588 1076 2659 ipse
1104 2586 1291 2642 salvus
1321 2586 1448 2641 erit.
1486 2585 1591 2640 Ubi
1631 2584 1754 2656 jam

128 2681 197 2737 ad
214 2682 393 2738 finem
415 2683 546 2738 vitm
573 2681 732 2737 venit
750 2684 1013 2737 sanctum
1044 2681 1095 2752 ej
1105 2697 1168 2735 us
1188 2680 1608 2752 corpusculum,
1637 2680 1757 2733 lon-

1856 1949 1988 1987 rosa
2010 1935 2068 1987 et
2086 1930 2267 1985 lilium
2299 1930 2587 2001 fulgebat;
2614 1930 2694 1984 ita
2722 1930 3095 1984 tremefactus
3120 1932 3207 1984 est
3230 1946 3296 1983 ac
3334 1931 3493 1983 metu

1858 2042 2184 2093 concussus,
2226 2028 2508 2096 tanquam
2540 2024 2585 2078 si
2616 2026 2749 2078 ante
2782 2022 3151 2095 praesentiam
3178 2023 3362 2077 beatae
3392 2039 3488 2093 ge-

1858 2119 2079 2173 nitricis
2123 2118 2350 2173 Domini
2390 2118 2646 2172 adstaret
2692 2117 2931 2172 devotus
2978 2116 3064 2169 vir
3105 2118 3222 2171 Deo
3263 2117 3488 2187 plenus.

1857 2212 2274 2285 Expectabatur
2300 2211 2555 2283 pontifex
2581 2211 2693 2266 loci
2722 2214 2786 2265 ut
2811 2227 2939 2265 eam
2966 2226 3099 2264 cum
3123 2209 3299 2280 digno
3326 2226 3488 2280 sepe-

1857 2307 1987 2361 liret
2006 2307 2248 2361 honore.
2262 2307 2404 2361 Tota
2424 2304 2801 2376 congregatio
2815 2304 2964 2358 circa
2985 2303 3107 2374 ejus
3125 2305 3319 2358 torum
3335 2306 3491 2357 stans

1856 2400 2165 2471 psallebat;
2190 2399 2283 2453 ubi
2315 2398 2683 2471 psallentium
2711 2399 2797 2452 vel
2820 2399 3118 2469 paululum
3140 2395 3489 2468 quiescebat,

1858 2493 2235 2549 intolerabilis
2254 2494 2519 2565 planctus
2539 2492 2759 2547 aderat.
2782 2492 2993 2546 Triduo
3040 2493 3368 2562 expectatus
3408 2492 3493 2543 est

1856 2587 2136 2661 pontifex,
2164 2586 2303 2658 quia
2326 2587 2481 2641 vicos
2511 2585 2920 2652 circumiebat;
2950 2584 3050 2639 sed
3073 2584 3207 2656 quia
3244 2600 3361 2639 non
3403 2599 3493 2637 ve-

1860 2681 1961 2749 nit,
1993 2680 2351 2753 supradictus
2376 2680 2460 2735 vir
2479 2680 2826 2753 apostolicus
2851 2679 2923 2734 de
2946 2678 3182 2734 caritate
3204 2678 3340 2732 fisus
3358 2677 3492 2748 quia

126 2792 258 2846 gum
288 2777 528 2831 trahens
548 2774 893 2848 martyrium
923 2791 1028 2847 pro
1055 2791 1253 2830 amore
1272 2764 1563 2840 ‘Domini;
1601 2772 1758 2827 beati
1850 2776 2097 2846 perfecta
2121 2776 2322 2831 caritas
2345 2776 2499 2843 ferus
2538 2776 2712 2829 mittit
2745 2776 2989 2829 timorem
3027 2772 3077 2843 (Ι
3103 2775 3258 2828 Joan.
3299 2771 3395 2842 IV),
3433 2770 3491 2825 in

127 2869 332 2939 [forsan
354 2870 542 2925 beata:
563 2871 626 2926 id
652 2874 729 2926 est
747 2869 1041 2939 Moniales]
1065 2885 1270 2924 omnes
1290 2866 1629 2938 congregati
1645 2867 1757 2920 luc-

128 2965 283 3019 tuose
303 2964 458 3019 circa
477 2964 601 3035 ejus
620 2964 853 3019 thorum
872 2962 1080 3017 ﬂentes
1099 2965 1159 3017 et
1188 2962 1236 3033 ej
1246 2963 1489 3028 ulantes,
1520 2962 1756 3032 pectora

128 3057 278 3112 duris
306 3059 519 3129 pugnis
543 3061 603 3112 et
625 3057 911 3129 lapidibus
930 3057 1226 3123 ferientes,
1248 3072 1416 3111 voces
1451 3054 1524 3109 ad
1554 3055 1754 3109 caelum

128 3150 336 3208 dabant
352 3153 672 3207 clamantes
688 3167 753 3206 ac
774 3150 1032 3206 dicentes
1049 3167 1063 3205 :
1094 3148 1437 3217 Domine,ne
1454 3147 1755 3220 permittas

1858 2869 2096 2924 Basilica
2126 2872 2336 2924 sanctae
2363 2868 2551 2923 Mariae
2584 2866 2646 2939 (c)
2690 2867 2928 2922 nomine
2970 2865 3221 2933 condita,
3264 2864 3361 2919 ubi
3399 2882 3488 2920 sa-

1857 2980 1953 3018 cra
1970 2963 2260 3035 virginum
2286 2979 2528 3034 corpora
2550 2962 2619 3016 de
2642 2960 2993 3017 monasterio
3020 2976 3122 3014 suo
3140 2959 3486 3027 conduntur,

1858 3074 1987 3113 eam
2015 3074 2145 3113 cum
2167 3057 2343 3129 digno
2375 3056 2633 3127 sepelivit
2662 3056 2905 3111 honore.

1928 3155 2016 3206 28.
2052 3153 2201 3205 Dum
2234 3151 2338 3204 sub
2378 3166 2546 3205 muro
2576 3166 2705 3204 cum
2731 3147 3038 3221 psallentio
3070 3149 3333 3202 sanctum
3369 3146 3492 3217 ejus

133 3199 668 3208 ____---____--_
689 3199 752 3206 _-
779 3199 1062 3206 _------_-
1094 3199 1432 3217 _-___-,__-
1930 3199 2016 3206 η-.
2052 3199 2201 3205 -_-__
2234 3199 2333 3204 __
2378 3199 2540 3205 --ηπ
2581 3199 2705 3204 η-
2731 3199 3031 3221 τηηηη
3379 3199 3484 3217 ,πη

129 3262 227 3300 nos
245 3248 367 3301 tam
387 3262 562 3317 grave
578 3245 858 3301 damnum
870 3244 1229 3316 pati;lumen
1242 3245 1504 3298 nostrum
1524 3240 1751 3313 recipis,
1776 3199 1831 3274 Ο
1855 3261 2063 3317 corpus
2100 3247 2446 3317 portaretur,
2477 3243 2610 3315 quia
2639 3242 2966 3298 instituerat
2994 3244 3058 3296 ut
3100 3242 3257 3296 nulla
3299 3240 3493 3295 vivens

127 3355 227 3395 nos
256 3356 359 3395 cur
380 3340 444 3395 in
474 3338 729 3395 tenebris
750 3338 1032 3410 relinquis
1050 3337 1079 3392 ?
1103 3339 1174 3391 Et
1190 3337 1322 3409 quia
1346 3335 1445 3391 illa
1475 3334 1755 3410 quidquid

126 3432 487 3504 potissimum
506 3434 698 3489 facere
720 3432 918 3502 voluit,
942 3448 1173 3504 semper
1194 3430 1287 3486 die
1302 3429 1510 3486 natalis
1528 3427 1755 3485 Domini

128 3526 310 3582 facere
348 3527 546 3599 elegit,
578 3526 861 3599 gloriosus
898 3525 1174 3582 transitus
1212 3525 1335 3596 ejus
1370 3524 1448 3579 sic
1491 3521 1753 3595 contigit,

127 3620 265 3676 Nam
293 3624 502 3694 quarta
524 3621 671 3676 feria
690 3637 865 3676 mane
892 3620 1084 3692 primo
1102 3620 1230 3674 idus
1252 3620 1559 3691 Augustas,
1601 3615 1757 3689 quod

130 3713 259 3770 fecit
275 3715 433 3770 idem
445 3714 662 3770 mensis
674 3714 796 3769 dies
812 3702 911 3769 xm
925 3713 1022 3786 (α),
1041 3712 1216 3768 clausi
1228 3715 1360 3767 sunt
1373 3712 1495 3783 ejus
1521 3711 1671 3766 oculi
1684 3710 1753 3783 (b)

132 3811 186 3862 et
207 3809 495 3865 obscurati
516 3813 649 3863 sunt
669 3808 870 3863 nostri.
900 3809 995 3863 Va:
1023 3806 1188 3863 nobis
1218 3807 1354 3879 quia
1373 3804 1753 3878 peccavimus,

133 3902 403 3958 afﬂictum
427 3906 514 3957 est
534 3902 733 3958 dolore
760 3918 859 3957 cor
876 3904 1158 3970 nostrum,
1187 3900 1447 3956 ﬂevimus
1494 3902 1551 3954 et
1591 3899 1754 3970 plan-

130 3995 331 4066 gimus,
374 3996 530 4068 quod
560 3996 772 4051 diutius
802 4012 917 4050 una
944 4012 1049 4050 nos
1078 3998 1135 4049 te
1160 3995 1375 4050 habere
1399 4012 1517 4051 non
1540 3994 1753 4050 merui“-

130 4105 267 4146 mus.
285 4092 479 4164 Ipsum
506 4107 681 4146 mane
702 4090 801 4144 ubi
824 4089 990 4145 nobis
1013 4092 1239 4145 tantum
1254 4091 1473 4145 malum
1493 4089 1755 4161 contigit,

132 4183 224 4269 ubi
248 4202 364 4240 una
384 4201 509 4254 vox,
532 4202 679 4239 unus
690 4185 976 4256 planctus,
994 4200 1141 4239 unus
1154 4185 1374 4239 clamor
1394 4185 1754 4255 caalospene-
1786 4164 1796 4171 ”

130 4278 347 4347 trahat;
376 4278 646 4350 lapidarii
667 4276 764 4350 qui
785 4277 844 4332 in
867 4280 1069 4333 monte
1098 4278 1508 4350 operabantur,
1537 4277 1597 4331 in
1623 4294 1756 4333 aere

131 4374 436 4431 audierunt
464 4377 737 4447 angelum
762 4375 867 4430 Dei
895 4375 1264 4446 loquentem;
1308 4392 1456 4429 unus
1497 4374 1642 4429 dixit
1686 4373 1759 4428 ad

130 4467 292 4524 alios:
323 4469 463 4541 quid
488 4468 720 4524 facitis?
754 4468 1026 4524 dimittite
1058 4485 1188 4523 eam
1224 4469 1449 4537 adhuc;
1501 4467 1637 4541 quia
1670 4468 1760 4522 hee

1854 3340 2010 3395 foras
2048 3338 2383 3395 monasterii
2400 3338 2645 3410 januam
2676 3337 3054 3409 egrederetur
3078 3335 3177 3408 (ἀ),
3208 3337 3333 3390 tota
3354 3351 3490 3390 con-

1857 3432 2120 3505 gregatio
2151 3449 2323 3505 supra
2350 3448 2583 3487 murum
2617 3432 2963 3499 lamentans,
3015 3431 3096 3485 ita
3125 3432 3189 3484 ut
3232 3430 3492 3501 planctus

1857 3542 2057 3582 earum
2092 3528 2391 3598 superaret
2434 3525 2623 3597 ipsum
2675 3524 3066 3596 psallentium,
3127 3538 3232 3594 pro
3270 3523 3492 3594 psalmo

1857 3622 2162 3693 lacrymas,
2184 3636 2289 3691 pro
2315 3618 2537 3674 cantico
2559 3618 2867 3689 mugitum,
2892 3622 2951 3672 et
2970 3616 3254 3688 gemitum
3282 3632 3387 3687 pro
3410 3617 3492 3670 al-

1856 3713 2029 3769 leluia
2050 3714 2112 3786 (e)
2125 3712 2468 3767 reddebant.
2493 3712 2862 3783 Rogaverunt
2891 3711 3191 3765 desursum
3211 3712 3279 3763 ut
3297 3708 3496 3763 subtus

1859 3811 2077 3862 turrem
2100 3808 2507 3879 repausaretur
2526 3805 2808 3859 feretrum
2826 3804 2885 3859 in
2911 3820 3024 3875 quo
3036 3802 3207 3857 beata
3222 3801 3493 3873 portaba-

1858 3908 1969 3975 tur,
2007 3905 2257 3977 graviter
2301 3904 2651 3960 sustinentes
2702 3902 2826 3973 ejus
2875 3899 3214 3957 absentiam.
3272 3899 3386 3955 Sed
3435 3902 3498 3954 ut

1858 4016 2023 4056 suam
2054 4000 2286 4054 ﬁdelem
2316 3998 2593 4053 Dominus
2622 3997 2945 4052 declararet
2968 3996 3026 4050 in
3050 3994 3241 4051 medio
3275 3993 3493 4066 populi,

1858 4095 1940 4150 ibi
1959 4094 2099 4150 dum
2129 4096 2473 4165 pausaretur
2498 4093 2764 4148 sanctum
2795 4107 3021 4163 corpus,
3049 4105 3265 4144 caecum
3285 4087 3493 4143 illumi-

1860 4188 2039 4243 navit:
2059 4188 2159 4259 qui
2176 4187 2371 4243 multis
2395 4186 2562 4242 annis
2576 4187 2763 4242 lucem
2777 4185 2891 4240 diei
2913 4201 3031 4241 non
3044 4182 3287 4252 viderat,
3300 4183 3495 4237 lumen

1859 4282 2105 4354 recepit;
2136 4282 2233 4354 qui
2256 4281 2329 4336 ad
2351 4298 2556 4337 manus
2577 4283 2793 4336 tractus
2807 4280 3203 4350 venerat,post
3222 4279 3500 4332 feretrum

1861 4378 2017 4431 nullo
2054 4379 2409 4432 sustentante
2459 4375 2678 4444 videns,
2720 4378 3002 4446 tanquam
3050 4372 3093 4427 si
3141 4373 3361 4427 nullum
3405 4371 3501 4426 ha-

1859 4470 2075 4527 buisset
2100 4471 2360 4526 laborem
2388 4471 2706 4537 oculorum,
2749 4468 2824 4523 ad
2871 4470 3133 4523 sanctum
3174 4467 3499 4537 sepulcrum

132 4578 291 4618 voces
325 4563 403 4618 ad
445 4563 674 4619 Domini
712 4566 1102 4635 pervenerunt
1154 4579 1339 4617 aures.
1385 4561 1613 4634 Angeli,
1668 4561 1765 4633 qui
1784 4575 1843 4648 D
1868 4565 2027 4633 abiit,
2057 4568 2115 4619 et
2141 4581 2319 4635 usque
2344 4563 2521 4617 hodie
2546 4564 2698 4618 clare
2725 4561 2900 4616 videt.

134 4673 258 4713 eam
286 4657 573 4727 ferebant,
596 4658 1012 4729 respondentes
1040 4656 1306 4711 dixerunt
1335 4673 1349 4711 :
1384 4658 1511 4711 Jam
1546 4658 1763 4712 factum

135 4754 232 4805 est.
264 4752 411 4816 Quid
431 4751 751 4807 faciemus?
774 4751 934 4805 Illam
953 4750 1171 4822 recepit
1192 4749 1511 4822 paradisus,
1534 4750 1630 4805 ubi
1645 4751 1764 4821 glo-

135 4843 310 4899 riatur
334 4862 467 4901 cum
494 4846 759 4901 Domino.
788 4844 1087 4902 Credimus
1130 4844 1285 4917 quod
1315 4860 1421 4900 nos
1446 4860 1563 4899 non
1590 4844 1662 4899 de
1700 4862 1760 4901 se

136 4943 380 5010 separat,
410 4956 537 5013 quae
558 4957 617 4995 se
649 4939 702 4995 ei
729 4940 957 5011 placere
990 4939 1171 4995 voluit
1203 4954 1334 4993 cum
1383 4955 1498 5010 quo
1532 4943 1757 5011 regnat.

203 5100 277 5173 (α)
306 5101 523 5166 Quarta
560 5100 707 5156 feria
731 5101 1019 5157 Christum
1050 5101 1363 5156 Dominum
1395 5104 1597 5157 natum
1636 5119 1759 5157 esse

137 5172 421 5245 Cedrenus
439 5177 498 5227 et
514 5172 789 5245 Maximus
816 5173 1126 5229 Monachus
1151 5189 1315 5245 aaque
1343 5172 1757 5245 existimarunt,

138 5246 197 5295 ut
214 5243 469 5316 Scaliger
494 5244 594 5316 lib.
617 5260 674 5299 v1
704 5243 777 5298 de
818 5245 1111 5300 emendat.
1151 5243 1330 5315 temp.
1365 5244 1461 5298 ubi
1499 5244 1568 5299 de
1606 5261 1760 5300 anno

140 5315 339 5370 natalis
359 5315 608 5384 Domini,
633 5316 972 5371 observavit.

206 5386 291 5459 (b)
317 5387 622 5459 Gregorius
643 5387 990 5459 Turonensis
1015 5386 1112 5459 lib.
1140 5404 1195 5444 1x
1220 5390 1355 5459 c.72,
1387 5387 1608 5459 obitum
1636 5404 1763 5442 san-

138 5457 237 5529 ctae
265 5457 634 5529 Radegundis
654 5457 839 5528 illigat
864 5475 1018 5514 anno
1048 5458 1394 5515 duodecimo
1424 5458 1581 5529 regis
1607 5459 1759 5515 Chil-

141 5526 374 5601 deberti,
405 5526 502 5601 qui
535 5526 851 5601 respondet
884 5547 1038 5586 anno
1080 5529 1287 5586 Christi
1328 5546 1380 5585 ι).
1412 5526 1616 5597 Lxxvn,
1647 5547 1760 5601 quo

140 5597 697 5656 dominica—littera];
723 5602 1007 5657 currebat.

209 5670 285 5743 (c)
304 5673 365 5726 In
403 5672 564 5728 illam
603 5672 902 5729 basilicam
937 5672 1115 5729 modo
1154 5677 1364 5729 sancta:
1389 5671 1763 5742 Radegundis

140 5742 355 5815 nomini
384 5742 637 5815 dicatam
666 5743 975 5815 collegium
1005 5744 1415 5801 canonicorum
1445 5745 1716 5815 successit
1745 5761 1759 5800 :

145 5813 253 5870 alia
270 5830 402 5889 vero
425 5814 594 5889 titulo
626 5813 840 5889 sanctae
871 5816 1055 5889 crucis
1081 5815 1357 5888 insignita
1402 5813 1694 5889 hodieque
1730 5832 1765 5870 a

147 5885 672 5946 sanctimonialibus
704 5886 1088 5945 Benedictinis
1109 5885 1439 5963 occupatur.

1934 4661 2021 4713 29.
2051 4658 2131 4711 Ne
2170 4655 2647 4728 praetermittatur
2691 4657 2748 4709 et
2793 4653 2948 4709 aliud
2998 4652 3361 4709 miraculum.
3396 4653 3500 4709 Ubi

1863 4768 1990 4807 eam
2030 4749 2289 4821 sepelivit
2317 4748 2679 4820 supradictus
2721 4748 3041 4820 episcopus,
3076 4747 3501 4819 coopertorium

1864 4863 1980 4901 non
2007 4843 2217 4917 posuit,
2247 4845 2561 4913 antequam
2581 4841 2842 4913 pontifex
2870 4841 2979 4897 loci
3014 4838 3254 4897 veniret.
3282 4841 3496 4897 Liberae

1866 4957 1991 5012 qum
2017 4940 2148 4994 ante
2178 4953 2307 4992 eam
2333 4951 2532 4991 cereos
2560 4938 2957 5007 portaverunt,
2985 4939 3123 4992 totae
3148 4935 3208 4991 in
3240 4952 3381 5010 gyro
3411 4952 3498 4990 se-

1936 5100 2017 5178 (d)
2040 5101 2255 5178 Nempe
2272 5098 2434 5170 juxta
2449 5096 2725 5178 regulam
2754 5112 2927 5167 quam
2968 5099 3196 5178 sanctus
3227 5092 3503 5178 Camer-ius

1861 5166 2208 5229 monialibus
2236 5166 2602 5244 praescripsit:
2629 5166 2785 5244 Nam
2809 5166 3296 5244 recapitulationis
3327 5167 3498 5244 Artic.

1862 5262 1881 5299 1
1924 5244 2121 5299 statuit
2157 5248 2220 5298 ut
2235 5237 2393 5298 inulta
2418 5237 2486 5296 ea}
2515 5239 2663 5295 vobis
2691 5255 2856 5311 usque
2882 5237 2960 5294 ad
2981 5244 3203 5295 mortem
3241 5253 3397 5311 suam
3438 5237 3504 5293 de

1860 5317 2186 5371 monasterio
2212 5314 2414 5385 egredi,
2444 5312 2529 5366 vel
2552 5312 2618 5367 de
2644 5309 2782 5383 ipsd
2801 5311 3023 5385 basilica
3048 5312 3107 5364 in
3145 5326 3253 5381 qua
3270 5309 3500 5385 januam

1862 5387 2093 5452 habetis,
2123 5383 2628 5457 autfpermittatur,
2659 5388 2756 5438 aut
2790 5398 2891 5454 per
2925 5383 3157 5452 seipsam
3203 5383 3502 5452 prasth

1862 5474 2009 5513 exire
2016 5499 2028 5513 .

1937 5528 2001 5601 (e)
2028 5529 2184 5583 Hanc
2210 5526 2424 5601 laetitiae
2453 5542 2654 5601 vocem
2674 5524 2912 5601 alleluia
2925 5522 3062 5577 olim
3102 5523 3163 5601 in
3205 5517 3503 5601 Exsequiis

1863 5590 2202 5671 usurpatam
2216 5599 2340 5669 jam
2363 5598 2662 5654 annotavit
2684 5594 2984 5671 Menardus
3000 5598 3198 5671 noster
3213 5590 3509 5671 Ainlibr‘um

1865 5660 2356 5727 sacramentorum
2375 5687 2388 5725 :
2406 5686 2589 5741 quam,
2605 5683 2799 5741 vocem
2814 5665 3098 5741 praecipue
3120 5665 3179 5741 in
3205 5660 3509 5741 funeribus

1864 5742 2227 5869 Eaceﬁdptum
2252 5732 2444 5800 Graci‘
2458 5740 2666 5813 saepius
2682 5732 3073 5813 ingeminant,
3096 5739 3160 5794 ut
3185 5732 3411 5792 constat
3436 5745 3511 5787 ex

1914 5830 1985 5869 ue
2030 5828 2063 5869 o
2089 5829 2241 5869 omo.

1914 5828 2241 5885 ιιοιιοιοειο.
