4006 6238
457 257 559 309 679
1428 250 1682 305 SANCTA
1720 248 2184 315 RADEGUNDUS,
2226 249 2473 304 REGINA
2513 246 2842 303 FRANCIAE.
3735 248 3857 299 680

455 360 635 433 pulcri
657 360 980 427 adstabant;
1005 376 1364 432 unaquaeque
1388 358 1447 413 in
1469 375 1570 413 suo
1590 375 1757 413 cereo
1790 375 1954 412 suum
1980 375 2080 413 no-
2106 358 2246 444 Ain
2285 358 2441 412 beati
2482 357 2763 413 Antistitis
2799 355 3037 410 Basilica
3063 355 3463 426 vigilaverunt,
3502 357 3629 409 tota
3668 357 3856 408 nocte

456 472 595 513 men
624 455 799 511 dabat
818 456 1254 526 scriptum,tot£e
1272 452 1371 507 uni
1393 469 1460 506 ex
1480 452 1711 507 famulis
1727 452 2085 523 cereosipsos
2187 451 2566 522 energumeni
2597 453 3017 516 clamaverunt;
3049 449 3200 503 inter
3226 467 3369 521 quos
3395 448 3674 504 mulieres
3697 448 3860 502 duas

452 550 616 622 juxta
637 549 1061 604 ordinationem
1093 547 1416 601 tradebant.
1451 546 1537 601 Fit
1563 546 1856 601 contentio
1894 547 1952 600 in
1992 564 2089 617 po-
2188 545 2440 617 graviter
2476 545 2787 600 infestabat
2816 544 3101 611 inimicus,
3132 544 3415 616 praecipue
3452 561 3572 598 una
3607 546 3853 597 tantum

458 645 596 716 pulo
622 644 750 712 ;alii
779 643 1049 697 dicebant
1070 657 1266 695 cereos
1284 640 1437 711 ipsos
1459 640 1516 694 in
1550 641 1673 711 ejus
1703 643 1963 695 sanctum
1998 657 2086 694 se-
2188 639 2747 707 bacchabatur,utin
2766 639 2889 709 ejus
2905 638 3566 693 fremitutotatremeret
3581 636 3855 691 basilica.

459 738 721 811 pulcrum
739 736 889 791 mitti
905 736 1114 790 debere
1140 776 1154 803 ,
1184 733 1279 788 alii
1302 734 1587 802 dicebant,
1617 751 1754 789 non.
1778 734 2090 790 Dumistud
2189 735 2501 805 Postquam
2516 733 2651 787 inde
2670 732 2755 786 vir
2774 732 3116 787 venerabilis
3126 732 3482 803 Arnegisilus
3497 731 3684 786 abbas
3698 729 3863 784 basi-

461 836 751 903 ageretur,
804 830 873 883 de
899 828 1064 900 pueri
1088 828 1323 882 brachio
1353 829 1452 899 qui
1478 832 1629 884 totos
1654 830 1911 884 tenebat.
1945 846 2092 882 unus
2192 828 2315 882 lica:
2331 828 2515 881 beatze
2534 827 2750 897 reginae
2762 843 2893 880 cum
2910 826 3025 879 suis
3039 826 3330 881 Monachis
3348 825 3538 893 exivit,
3572 825 3649 879 ad
3677 840 3859 877 suam

463 924 673 979 exilivit
700 924 757 977 in
803 923 982 975 altum
1019 938 1191 992 super
1232 939 1467 977 omnem
1501 924 1798 994 populum,
1844 927 1900 977 et
1933 940 1992 976 se
2034 922 2092 975 in
2194 922 2409 977 vadens
2452 920 2745 976 basilicam
2776 937 3003 975 cursum
3042 920 3306 991 implere,
3348 936 3526 991 quam
3564 919 3669 973 illa
3713 918 3864 972 satis

464 1021 660 1073 sancto
684 1016 944 1086 sepulcro
973 1015 1047 1069 ad
1072 1015 1446 1086 pedesbeatae
1463 1018 1673 1087 posuit,
1689 1020 1747 1070 et
1767 1016 1922 1088 quod
1935 1015 2096 1069 hzesi-
2197 1017 2492 1085 dilexerat,
2530 1016 2682 1087 ipsas
2702 1018 2832 1085 post
2859 1031 2918 1068 se
2944 1015 3217 1068 mulieres
3245 1014 3557 1068 audierunt
3586 1014 3861 1067 claman-

464 1112 712 1176 tabatur,
754 1108 1080 1163 declaravit.
1120 1110 1512 1180 Respicientcs
1554 1110 1627 1164 ad
1668 1126 1903 1176 nomen,
1937 1109 2097 1180 cujus
2198 1114 2303 1179 tes,
2354 1110 2571 1164 Venite.
2629 1110 2767 1173 Quae
2819 1110 3091 1179 ingressa:
3133 1107 3426 1162 basilicam
3459 1106 3869 1162 vociferantes

466 1220 609 1272 esse,
633 1219 852 1271 cereus,
874 1202 1175 1256 inventum
1198 1207 1284 1257 est
1302 1203 1485 1257 Calvae
1503 1220 1739 1257 nomen.
1764 1205 1880 1257 Hoc
1894 1203 2098 1257 videns
2200 1204 2475 1259 domnam
2501 1202 2919 1272 Radegundem
2952 1206 3015 1255 ut
3038 1201 3120 1255 eis
3140 1207 3401 1272 parceret
3420 1199 3864 1271 supplicabant.

2200 1299 2325 1352 Una
2345 1314 2411 1351 ex
2441 1297 2569 1363 illis,
2598 1312 2727 1367 quae
2756 1295 2983 1365 gravius
3011 1295 3409 1360 tribulabatur,
3436 1296 3565 1365 jam
3587 1297 3679 1346 ter
3720 1292 3863 1362 qui-

2203 1408 2309 1445 nos
2332 1391 2553 1445 habens
2579 1406 2765 1444 annos
2795 1405 2863 1442 ex
2886 1405 3000 1460 quo
3029 1405 3158 1443 eam
3186 1388 3415 1459 spiritus
3447 1402 3703 1457 nequam
3749 1384 3863 1437 ﬂa-

2204 1484 2475 1555 gellabat,
2500 1501 2631 1538 cum
2658 1482 2948 1537 matutina
2975 1481 3290 1548 dicebatur,
3321 1481 3560 1536 saeviens
3580 1478 3865 1533 inimicus

471 1578 811 1634 diemoniaci
849 1577 1096 1645 liberati,
1137 1577 1336 1649 quanti
1374 1577 1768 1633 febricitantes
1806 1580 1939 1631 sunt
1972 1577 2102 1630 red-
2204 1595 2302 1632 vas
2332 1578 2487 1649 quod
2509 1578 2815 1643 invaserat,
2838 1575 3091 1645 reliquit.
3111 1576 3210 1629 Illa
3239 1574 3352 1629 alia
3370 1575 3444 1629 ad
3464 1574 3699 1628 tertiam
3717 1576 3864 1626 ante

472 1672 576 1728 diti
601 1672 852 1740 sanitati,
881 1672 1007 1742 quis
1036 1687 1381 1725 enumerare
1411 1671 1642 1725 valeat?
2208 1671 2419 1727 ostium
2440 1670 2615 1741 ipsius
2639 1670 2885 1724 basilicae
2902 1672 2988 1722 est
3011 1669 3272 1736 liberata,
3305 1672 3362 1722 et
3391 1668 3544 1721 ultra
3564 1665 3862 1738 nequissi-

544 1770 631 1821 30.
661 1769 735 1821 De
762 1765 1094 1836 Burgundia
1128 1781 1259 1819 cum
1276 1764 1397 1819 viro
1424 1764 1736 1835 apostolico
1759 1765 2005 1819 Leifasto
2031 1763 2107 1835 (α)
2128 1744 2185 1815 Β
2208 1782 2336 1820 mus
2359 1764 2537 1819 hostis
2559 1763 2642 1818 eis
2674 1780 2882 1818 nocere
2919 1780 3035 1817 non
3060 1762 3252 1817 valuit.
3277 1762 3463 1825 Quam
3490 1762 3655 1831 larga
3685 1763 3777 1813 est
3806 1760 3865 1812 et

474 1861 742 1933 episcopo
764 1858 1002 1913 veniens
1024 1859 1147 1929 ejus
1168 1859 1318 1912 abba
1331 1857 1566 1912 nomine
1587 1858 1768 1926 Abbo,
1798 1858 1935 1913 dum
1964 1860 2112 1912 esset
2212 1858 2368 1913 dives
2394 1856 2788 1912 misericordia
2814 1857 2914 1911 Dei
2936 1872 3064 1927 quae
3094 1873 3225 1910 suos
3259 1855 3443 1909 vereri
3464 1854 3626 1922 facit,
3648 1857 3706 1907 et
3732 1854 3865 1907 loca

467 1298 766 1370 episcopus
792 1298 879 1350 vel
909 1296 1097 1350 omnis
1117 1298 1381 1368 populus,
1429 1297 1784 1351 admirantes
1830 1297 2097 1351 virtutem

464 1392 651 1447 beatae
681 1390 1072 1461 Radegundis,
1112 1390 1357 1445 Domino
1391 1391 1830 1445 benedixerunt.
1860 1392 2099 1455 Quantae

468 1490 598 1559 post
617 1485 740 1555 ejus
770 1484 1075 1539 transitum
1104 1484 1182 1538 ibi
1219 1486 1350 1538 sunt
1390 1484 1557 1538 facta:
1600 1484 1855 1551 virtutes,
1902 1483 2103 1554 quanti

474 1954 713 2010 Pictavis
729 1954 787 2008 in
806 1952 1054 2021 civitate,
1074 1950 1514 2010 dentisincurrit
1544 1951 1797 2006 validum
1829 1952 2108 2007 dolorem.

478 2050 577 2104 Die
599 2050 889 2119 noctuque
911 2063 1023 2111 una
1042 2062 1167 2114 vox,
1192 2062 1339 2099 unus
1360 2046 1526 2100 dolor
1544 2045 1735 2100 inerat
1754 2046 1828 2113 ei,
1861 2049 2113 2100 mortem

477 2142 708 2198 evenire
736 2140 842 2195 sibi
868 2142 1074 2212 optans
1108 2143 1173 2194 ut
1192 2142 1353 2194 tanto
1376 2142 1600 2194 careret
1631 2139 1851 2194 dolore.
1882 2139 1989 2204 Qui
2032 2138 2115 2193 in-

478 2237 732 2308 spirante
759 2235 866 2289 sibi
897 2234 1091 2289 divina
1115 2233 1513 2289 misericordia
1533 2234 1758 2305 rogavit
1786 2250 1843 2287 se
1873 2233 2003 2287 duci
2044 2232 2117 2287 ad

474 2333 687 2386 sanctae
712 2329 1008 2384 basilicam
1035 2344 1049 2383 :
1087 2327 1187 2381 ubi
1215 2327 1527 2397 ingressus,
1565 2344 1695 2381 cum
1726 2327 1839 2381 fide
1881 2343 1940 2380 se
1984 2329 2117 2381 ante

479 2426 743 2480 sanctum
768 2422 1091 2493 sepulcrum
1117 2424 1284 2475 terrae
1304 2421 1566 2491 projecit,
1588 2422 1837 2475 mortem
1854 2437 1972 2491 prae
1993 2436 2121 2475 ocu-

479 2518 549 2573 lis
598 2516 838 2581 habens,
888 2516 1101 2585 pallam
1155 2515 1515 2586 corporalem
1565 2514 1813 2585 desuper
1859 2516 2121 2568 sanctum

482 2610 772 2665 tumulum
799 2606 1091 2662 mordicus
1118 2606 1521 2678 apprehendit.
1546 2606 1655 2671 Qui
1675 2610 1895 2678 septem
1923 2606 2123 2660 diebus

487 2720 593 2759 nec
617 2703 808 2758 cibum
833 2703 1172 2772 sumpserat,
1206 2718 1311 2755 nec
1336 2717 1538 2756 somno
1573 2701 1730 2755 refici
1773 2703 2020 2771 poterat,
2064 2699 2125 2753 in

487 2799 596 2853 hoc
623 2813 816 2852 morsu
842 2812 1015 2866 sopor
1042 2795 1310 2862 accessit;
1352 2795 1518 2849 dolor
1549 2793 1827 2861 discessit,
1855 2811 2028 2848 sanus
2055 2793 2127 2846 ad

488 2891 802 2963 hospitium
842 2888 1032 2943 rediit.
1077 2888 1243 2952 Quod
1281 2891 1411 2959 post
1453 2888 1577 2959 ipso
1611 2888 1900 2942 referente
1937 2888 2128 2958 plures

488 2985 901 3057 cognoverunt,
943 2982 1041 3035 ubi
1066 2998 1126 3036 se
1152 2981 1442 3036 fatebatur
1469 2981 1540 3035 de
1578 2981 1782 3036 mortis
1814 2981 1995 3052 janua
2028 2996 2131 3051 per

488 3080 761 3134 virtutem
785 3077 1014 3131 domnae
1030 3075 1400 3146 Radegundis
1424 3092 1545 3129 esse
1566 3078 1915 3130 revocatum.

564 3176 651 3229 31.
679 3174 750 3227 Et
769 3172 905 3243 quia
928 3187 1056 3225 mos
1077 3173 1163 3223 est
1178 3169 1236 3223 in
1259 3167 1565 3223 festivitate
1585 3170 1741 3224 beati
1770 3169 1966 3224 Hilarii
2004 3168 2134 3222 reli-

495 3267 622 3340 quis
636 3264 991 3323 Monasteriis
1010 3263 1375 3318 circumcirca
1405 3262 1698 3334 proximis,
1722 3280 1849 3334 quae
1876 3266 2011 3317 sunt
2032 3262 2129 3330 ibi,

2212 1951 2455 2023 requirit
2473 1952 2592 2021 ipse
2632 1950 2907 2004 virtutum
2951 1948 3189 2019 largitor
3228 1966 3294 2003 ac
3333 1949 3720 2019 dispensator,
3763 1945 3865 1999 ubi

2212 2064 2319 2119 per
2338 2062 2469 2100 suos
2498 2045 2695 2099 fideles
2726 2060 2890 2098 suam
2917 2043 3171 2098 ostendit
3204 2042 3548 2114 potentiam.
3593 2041 3678 2096 Ad
3712 2040 3870 2093 basi—

2214 2140 2385 2195 licam
2406 2138 2589 2193 sancti
2616 2138 2721 2192 viri
2745 2140 2877 2192 sunt
2907 2136 3005 2191 alii
3031 2136 3278 2203 liberati,
3306 2136 3402 2190 alii
3433 2152 3570 2189 vero
3608 2134 3865 2188 basiliczr

2219 2234 2450 2289 domnae
2488 2231 2859 2303 Radegundis
2884 2233 3020 2285 sunt
3036 2230 3278 2285 directi:
3320 2232 3383 2282 ut
3419 2229 3568 2283 sicut
3610 2228 3871 2299 aequales

2221 2328 2407 2399 gratia
2432 2329 2615 2393 erant,
2647 2326 2725 2380 ita
2746 2325 2983 2397 aequalis
3003 2329 3061 2379 et
3088 2324 3265 2378 virtus
3296 2322 3714 2377 ostenderetur.

2293 2425 2379 2477 32.
2404 2420 2539 2485 Quis
2568 2420 2719 2474 male
2746 2414 2986 2487 habens,
3018 2418 3278 2489 quamvis
3300 2416 3414 2471 vita
3439 2416 3801 2488 desperatus,
3820 2414 3873 2467 si

2220 2517 2435 2589 pallam
2462 2514 2846 2568 subteriorem
2871 2516 3063 2568 custos
3079 2511 3340 2583 ejusdem
3360 2510 3506 2566 sacri
3525 2508 3773 2581 sepulcri
3788 2508 3873 2561 in-

2224 2608 2462 2663 tinxitin
2481 2608 2656 2663 calice
2671 2624 2858 2679 aquaa,
2873 2611 2931 2662 et
2951 2606 3111 2661 dedit
3130 2606 3183 2660 ei
3203 2604 3551 2660 febricitanti
3572 2604 3869 2675 poculum,

2227 2720 2342 2757 non
2381 2701 2575 2757 statim
2608 2683 2852 2755 ut'bibit
2894 2704 3026 2755 ante
3074 2702 3339 2754 sanctum
3383 2700 3505 2769 ejus
3539 2698 3869 2769 sepulcrum

2220 2798 2421 2868 jacens
2453 2812 2624 2867 sopor
2654 2794 2911 2863 accessit,
2936 2794 3173 2849 morbus
3197 2792 3473 2848 recessit?
3501 2791 3724 2848 Christo
3752 2792 3870 2843 lar-

2229 2890 2421 2961 giente
2444 2889 2710 2944 omnibus
2730 2888 2932 2943 diebus
2956 2889 3014 2943 in
3032 2888 3269 2943 nomine
3292 2886 3469 2957 ipsius
3484 2885 3757 2941 DominiJ
3765 2899 3869 2937 esu

2230 2983 2435 3039 Christi
2470 2982 2546 3036 ibi
2574 2984 2772 3038 multae
2790 2982 3026 3038 virtutes
3066 2984 3233 3051 fiunt,
3286 2982 3439 3036 unde
3471 2979 3723 3034 recessit.
3758 2978 3876 3031 Nos

2232 3093 2462 3148 quoque
2492 3076 2665 3131 etiam
2704 3077 2860 3132 fideli
2902 3076 3206 3132 devotione
3246 3079 3304 3130 et
3338 3074 3640 3130 sedulitate
3679 3071 3880 3127 debita

2232 3187 2577 3225 veneramur
2602 3170 2662 3224 in
2692 3171 2877 3239 terris,
2904 3170 3064 3241 cujus
3085 3170 3283 3225 anima
3316 3168 3681 3235 confidimus,
3727 3180 3880 3237 gau-

2234 3265 2438 3319 demus
2468 3268 2525 3319 et
2554 3265 2870 3336 gloriamur
2895 3265 3051 3336 quod
3075 3265 3419 3336 praefulgeat
3439 3263 3503 3317 in
3534 3261 3705 3328 cazlis,
3745 3260 3878 3331 ipso

495 3377 679 3432 usque
695 3360 755 3414 in
776 3358 1029 3414 mediam
1042 3360 1273 3412 noctem
1291 3356 1513 3427 vigilias
1529 3357 1927 3424 celebrare;de
1939 3356 2134 3411 media
2233 3362 2545 3431 praestante
2583 3359 2678 3430 qui
2706 3376 2838 3413 cum
2862 3361 3027 3414 Patre
3054 3362 3112 3413 et
3140 3359 3355 3431 Spiritu
3402 3360 3600 3412 sancto
3647 3353 3781 3408 vivit
3814 3356 3881 3406 et

496 3459 667 3509 nocte
684 3452 1077 3524 unusquisque
1097 3451 1270 3506 abbas
1283 3467 1413 3505 cum
1427 3450 1544 3505 suis
1564 3449 1835 3505 fratribus
1867 3450 1941 3505 ad
1968 3467 2135 3505 suum
2234 3455 2444 3525 regnat
2466 3453 2527 3507 in
2554 3454 2763 3508 smcula
2784 3454 3140 3509 saeculorum.
3164 3456 3369 3509 Amen.

496 3548 804 3603 revertitur
819 3545 1232 3602 manasterium
1257 3561 1483 3600 cursum
1504 3544 1813 3600 celebrare.
1849 3543 2135 3608 Quamdiu

559 3718 647 3847 λα)
694 3717 995 3798 [ιεὶΐαεῒιιε.
1018 3733 1122 3798 εει).
1154 3716 1412 3798 Lefastus
1466 3713 1790 3796 episcopus“
1813 3713 2133 3795 Eduensis,
2237 3732 2395 3771 num.
2423 3721 2473 3770 7.
2504 3717 2930 3772 Sammarthani
2959 3717 3289 3790 Auspicium
3316 3717 3470 3771 inter
3504 3715 3795 3788 Siagrium
3823 3723 3887 3771 et

501 3790 557 3846 d’
610 3795 766 3847 utan.
788 3792 918 3847 post
941 3789 1248 3847 Slagnum.
1280 3805 1377 3847 qui
1402 3804 1557 3841 anno
1578 3804 1644 3841 oc
1678 3787 1839 3847 obnt,
1873 3789 1935 3839 ut
1965 3790 2139 3840 sentit
2236 3787 2529 3842 Lefastum
2562 3789 2780 3843 locant:
2806 3789 2907 3843 sed
2934 3789 3091 3847 prior
3107 3789 3394 3843 sententia
3415 3788 3488 3842 ob
3511 3787 3883 3842 Baudonivite

610 3786 766 3860 utan,
788 3792 918 3915 post
941 3787 1248 3871 Siagrium,
1280 3787 1377 3859 qui
1402 3786 1557 3841 anno
1578 3804 1644 3841 oc
1662 3786 1839 3854 lobiit,
1873 3789 1935 3839 ut
1965 3786 2139 3840 sentit
2236 3787 2529 3842 Lefastum
2562 3789 2780 3843 locant:
2806 3789 2907 3843 sed
2934 3786 3094 3860 prior
3107 3789 3394 3843 sententia
3415 3788 3488 3842 ob
3511 3786 3883 3842 Baudonivie

610 3862 736 3915 olus
809 3877 839 3915 e
883 3862 1084 3915 Comte
1137 3876 1197 3912 1n
1244 3859 1451 3913 Annal.
1496 3859 1695 3913 Franc.
1754 3858 1829 3912 ad
1878 3874 1973 3913 an.
2011 3860 2135 3915 600.
2238 3861 2466 3913 mtatem
2502 3860 2878 3915 praeferenda.

501 3858 759 3917 Carolus
788 3858 839 3915 Ie
883 3860 1084 3917 Cointe
1137 3859 1197 3912 in
1244 3858 1451 3913 Annal.
1496 3859 1695 3913 Franc.
1754 3858 1829 3912 ad
1878 3874 1973 3913 an.
2011 3860 2135 3923 600,
2238 3861 2466 3913 mtatem
2496 3860 2878 3931 praeferenda.

1059 4238 1504 4314 SANCT/E
1556 4236 2272 4334 RADEGUNDIS,
2322 4239 2756 4314 REGIN/E
2806 4241 3330 4316 FRANCUE.

1598 4412 2807 4579 TESTAMENTUM,

880 4754 1887 4911 EPISTULA“
1986 4636 2260 4933 Ain;
2387 4761 3487 4914 EPISCOPOS.

582 5130 736 5186 Hanc
760 5128 923 5186 initio
954 5130 1228 5186 institutae
1260 5127 1721 5200 congregationis
1750 5145 1866 5185 suae
1896 5147 2000 5204 pro
2030 5132 2151 5205 ejus
2177 5132 2355 5190 tutela
2384 5138 2438 5191 et
2464 5133 2761 5190 stabilitate
2788 5133 3027 5207 scripsit,
3055 5134 3404 5208 concilioque
3424 5135 3747 5193 Turonensi
3766 5155 3883 5194 con-

510 5220 852 5278 tinuandam
880 5221 1082 5277 absens
1110 5219 1333 5275 obtulit.

509 5379 608 5450 Et,“
633 5379 758 5433 Non
782 5376 949 5432 video
963 5376 1120 5448 quod
1137 5379 1366 5501 tempus
1379 5374 1511 5431 huic
1531 5376 1787 5458 epistolae
1806 5378 1995 5450 aptius
2018 5398 2153 5437 con-

515 5453 702 5501 gruat.
734 5464 911 5501 quam
953 5447 1157 5501 concili
1190 5464 1228 5501 ιι
1304 5463 1623 5501 uronensxs.
1656 5450 1798 5501 Cum
1829 5451 1983 5501 enim
2028 5453 2153 5501 scri-

513 5449 702 5521 gruat,
734 5464 911 5521 quam
953 5449 1157 5521 concili
1190 5449 1623 5521 n_"_l‘uronensis.
1656 5450 1798 5504 Cum
1829 5449 1983 5505 enim
2028 5453 2159 5507 scri-

510 5519 611 5591 pta
660 5519 732 5591 sit
777 5519 849 5573 ad
887 5519 1186 5591 episcopos
1220 5519 1347 5573 illos
1378 5519 1534 5591 ipsos
1574 5521 1751 5591 (quod
1813 5538 1881 5575 ex
1926 5522 2157 5578 illorum

509 5590 789 5661 rescripto
822 5590 1000 5661 patet)
1046 5590 1146 5661 qui
1188 5590 1428 5661 concilio
1466 5590 1783 5645 TurOnensi
1830 5592 2157 5660 adfuerunt,

511 5660 820 5716 verisimile
848 5664 935 5713 est
952 5660 1081 5715 tum
1109 5661 1183 5715 ad
1205 5677 1302 5715 eos
1343 5660 1599 5728 missam,
1640 5678 1769 5717 cum
1812 5680 1928 5717 una
1971 5670 2162 5720 essent

512 5729 576 5783 in
608 5746 677 5784 eo
700 5728 946 5804 concilio
965 5731 1322 5801 congregati.
1354 5730 1462 5795 Qui
1477 5731 1709 5804 hancin
1727 5733 1990 5804 longiora
2013 5739 2162 5792 tem-

518 5814 662 5867 pora
685 5798 977 5867 differunt,
997 5804 1055 5854 et
1071 5798 1211 5870 post
1231 5817 1413 5855 annos
1444 5800 1644 5873 viginti
1669 5798 1858 5872 paulo'
1872 5809 2005 5860 ante
2039 5807 2160 5862 obi-

2258 5386 2380 5436 tum
2391 5399 2423 5469 ξι
2437 5385 2634 5469 sancta
2645 5382 2998 5469 Radegunde
3011 5384 3887 5469 scriptamvoluntprazterquam

2261 5453 2471 5530 quod-a
2493 5454 2769 5530 Gregorio
2787 5453 3107 5530 Turonensi
3123 5453 3482 5530 refelluntur,
3494 5453 3607 5530 qui
3624 5453 3788 5530 initio
3803 5459 3884 5512 in-

2261 5526 2469 5580 stitutae
2497 5525 2570 5598 ab
2607 5541 2676 5580 ea
2696 5525 3181 5598 congregationis
3208 5527 3438 5598 editam
3476 5525 3667 5596 docet,
3694 5529 3787 5584 lib.
3818 5545 3887 5593 II,

2261 5613 2387 5678 cap.
2411 5599 2498 5664 39,
2522 5596 2637 5682 hoc
2656 5596 2970 5682 etiam‘non
2989 5597 3474 5680 animadvertunt,
3501 5600 3887 5682 Euphronium

2263 5668 2594 5749 episcopum
2620 5668 2706 5740 (ut
2731 5668 2802 5722 de
2838 5669 3060 5724 caeteris
3082 5668 3179 5752 qui
3210 5686 3334 5750 .una
3378 5668 3723 5739 rescribunt,
3762 5672 3888 5727 nihil

2264 5738 2470 5820 dicam)
2498 5756 2568 5820 ea
2612 5743 2876 5820 tempore
2908 5757 3026 5820 non
3060 5744 3335 5820 attigisse,
3379 5744 3619 5814 totoque
3658 5744 3889 5820 amplius

2266 5808 2548 5865 decennio
2578 5808 2785 5866 sancta:
2816 5808 3193 5883 Radegundis
3215 5811 3433 5869 obitum
3453 5808 3822 5885 praevertisse.
