4006 6238
153 313 237 366 681

1617 300 1901 358 ΝΟἸἹΤΙΑ.

3395 311 3497 363 682

214 412 456 471 Dominis
482 414 712 479 sanctis,
735 416 792 467 et
815 412 1129 484 apostolica
1160 411 1295 466 sede
1328 410 1685 482 dignissimis
1702 410 1761 464 in
1782 422 1842 495 Α
1862 425 2059 481 pronae
2081 410 2292 464 mentis
2306 408 2493 466 studio
2514 409 2777 482 cogitans
2802 411 2978 466 etiam
3006 411 3076 466 de
3098 412 3342 468 aliarum
3363 431 3496 485 pro-

152 510 355 568 Christo
399 507 674 580 patribus,
732 507 1000 562 omnibus
1054 505 1335 578 episcopis
1392 504 1762 576 Radegundis

150 598 432 673 peccatrix.

212 697 481 763 Congruae
510 690 850 762 provisionis
872 694 1005 745 tunc
1024 689 1368 744 roboraliter
1388 687 1463 742 ad
1490 687 1760 742 eﬂ‘ectum

151 786 315 844 tendit
334 784 647 851 exordium,
665 801 797 839 cum
814 784 1183 855 generalibus
1195 782 1473 854 patribus,
1500 780 1767 848 medicis;

150 900 207 937 ac
242 879 577 953 pastoribus,
619 878 780 934 ovilis
821 878 929 933 sibi
971 876 1262 932 commissi
1302 893 1473 931 causa
1529 874 1762 929 auribus

151 975 392 1039 traditur,
415 988 733 1043 eorumque
756 972 1014 1027 sensibus
1043 970 1759 1040 commendatur,quorum

148 1066 487 1141 participatio
519 1067 591 1121 de
612 1067 893 1121 charitate
916 1065 1243 1132 consilium,
1265 1064 1335 1118 de
1354 1066 1638 1135 potestate
1652 1062 1762 1116 suf-

148 1161 475 1233 fragium,de
497 1160 757 1216 oratione
778 1160 1107 1214 ministrare
1126 1157 1759 1231 poteritinterventum.

146 1258 205 1311 Et
227 1254 495 1327 quoniam
523 1254 661 1310 olim
687 1253 886 1308 vinclis
927 1252 1219 1307 laicalibus
1263 1252 1544 1318 absoluta,
1570 1250 1763 1306 divina

146 1349 461 1421 providente
479 1347 866 1419 etinspirante
884 1346 1216 1415 clementia,
1232 1346 1306 1401 ad
1328 1345 1621 1417 religionis
1634 1362 1764 1401 nor—

147 1460 286 1499 mam
300 1443 415 1497 visa
438 1459 569 1497 sum
596 1442 916 1498 voluntarie
946 1441 1089 1496 duce
1116 1441 1340 1497 Christo
1362 1441 1667 1507 translata;
1696 1456 1762 1494 ac

205 1589 228 1618 ⁸
251 1590 420 1646 Soror
446 1587 632 1643 sancti
652 1586 916 1643 Caesarii:
952 1588 1051 1641 aut
1079 1588 1232 1640 certe
1248 1584 1448 1655 junior
1473 1584 1674 1652 altera,
1718 1584 1762 1638 si

141 1665 273 1732 degit
290 1663 466 1732 legas.
483 1662 615 1715 Duae
634 1658 917 1732 siquidem
939 1656 1468 1732 ejusdem‘nominis
1481 1659 1539 1709 et
1558 1672 1761 1710 mune-

144 1727 220 1787 ris.
242 1727 498 1788 Caesarie:
540 1727 791 1785 fuerunt.
825 1731 949 1784 Una
977 1727 1157 1783 sancti
1185 1727 1412 1782 Ceesarii
1457 1742 1760 1796 germana,

141 1821 300 1886 quam
330 1802 609 1886 Caesarius
628 1803 809 1882 frater
830 1800 1063 1886 condito
1081 1817 1113 1854 a
1135 1816 1193 1853 se
1215 1798 1569 1886 monasterio
1593 1798 1764 1878 abba-

140 1869 319 1930 tissam
342 1873 621 1946 praefecit,
655 1872 822 1943 eique
854 1872 1138 1946 regulam,
1174 1870 1278 1924 sub
1320 1886 1433 1940 qua
1478 1885 1611 1946 cuni
1648 1869 1764 1922 suis

139 1940 361 2014 viveret,
399 1944 667 2000 instituit.
698 1940 988 1999 Posterior
1028 1943 1229 2009 altera,
1269 1957 1397 2012 quae
1436 1940 1637 2012 priori,
1677 1957 1764 1993 su-

1862 503 2130 571 fectibus,
2167 507 2228 557 ut
2260 508 2558 559 annuente
2583 504 2823 560 domino
2848 522 2980 560 mea
2998 505 3285 562 desideria
3310 508 3498 564 efﬁce-

1861 601 2063 651 rentur
2085 598 2323 669 reliquis
2336 599 2658 669 profutura,
2680 599 3015 655 instituente
3038 603 3211 671 atque
3232 617 3499 657 remune-

1860 694 2025 745 rante
2051 692 2580 762 praecellentissimo
2607 693 2825 749 domno
2847 710 2985 765 rege
3006 695 3275 763 Clotario,
3299 712 3498 751 mona-

1862 784 2099 839 sterium
2120 786 2441 855 puellarum
2457 787 2685 842 Pictava
2704 788 2844 841 urbe
2867 788 3155 856 constitui,
3178 789 3501 845 conditum-

1862 894 1995 950 que,
2027 881 2307 949 quantum
2327 880 2884 936 mihimuniﬁcentia
2914 882 3126 953 regalis
3154 886 3240 937 est
3263 883 3493 955 largita,

1860 973 2014 1028 facta
2038 972 2352 1027 donatione
2385 973 2597 1028 dotavi.
2638 976 2874 1047 Insuper
2913 976 3349 1047 congregationi
3394 992 3497 1048 per

1862 1082 1959 1120 me
1996 1065 2218 1122 Christo
2258 1071 2565 1138 praestante
2604 1070 2857 1124 collectae
2897 1070 3156 1140 regulam
3179 1113 3193 1137 ,
3236 1070 3339 1125 sub
3384 1087 3498 1142 qua

1863 1162 2059 1215 sancta
2088 1160 2333 1216 Caesarie
2359 1159 2615 1231 deguit",
2639 1166 2747 1217 etc.

1932 1255 2162 1324 Reliqua
2207 1255 2407 1309 videsis
2462 1259 2587 1309 tom.
2632 1257 2869 1325 praeccd.
2913 1259 3014 1312 col.
3069 1260 3193 1321 5'22,
3242 1258 3336 1312 ubi
3388 1257 3498 1313 haec

1863 1349 2091 1418 epistola
2119 1364 2153 1403 α
2178 1348 2431 1417 Gregorio
2464 1351 2765 1404 Turonensi
2788 1353 3046 1418 refertur.

1864 1584 2098 1657 perstite
2125 1584 2312 1639 adhuc
2338 1584 2583 1641 Caesarie
2612 1585 2917 1657 defunctae,
2946 1586 3003 1639 in
3034 1585 3335 1641 abbatissa:
3370 1604 3495 1643 mu-

1866 1672 2003 1710 nere
2030 1656 2318 1724 successit,
2346 1660 2407 1711 ut
2427 1659 2626 1711 auctor
2646 1659 2731 1710 est
2750 1656 3066 1727 Cyprianus
3087 1657 3145 1710 in
3172 1658 3296 1713 Vita
3317 1660 3499 1714 sancti

1865 1727 2115 1800 Caesarii,
2142 1728 2595 1800 quamCzesariae
2616 1727 2784 1798 hujus
2811 1731 3018 1798 rogatu
3045 1730 3386 1800 composuit.
3414 1731 3498 1784 Ab

1866 1798 1971 1853 hac
2002 1798 2208 1871 eadem
2224 1798 2595 1869 Radegundis
2621 1800 2882 1871 regulam
2894 1799 3144 1867 Caesarii,
3174 1798 3348 1871 quam
3372 1818 3495 1856 mo-

1866 1870 2113 1925 nasterio
2145 1886 2247 1925 suo
2272 1871 2546 1937 traderet,
2576 1870 2807 1942 expetit.
2833 1871 2953 1926 Jac.
2986 1872 3141 1927 Sum.

607 2254 1585 2384 DECRETUM
1722 2246 3036 2412 EPISCOPORUM,

728 2480 894 2535 QUOD
939 2480 1245 2527 SUSCEPTA
1288 2478 1505 2524 REATE
1544 2477 1753 2523 RADEG‘

1862 2477 1935 2522 »18
1979 2478 2282 2523 EPISTOLA
2326 2477 2888 2524 CONSCRIPSERUNT.

198 2621 453 2676 Domina;
486 2621 855 2691 beatissimae,
875 2625 934 2677 et
980 2622 1039 2677 in
1088 2620 1310 2677 Christo
1350 2619 1601 2676 ecclesiae
1630 2618 1760 2675 filiae
1780 2633 1837 2705 B
1860 2636 2074 2675 mensae
2095 2618 2406 2675 divinitatis
2436 2619 2734 2691 provisura
2756 2618 3036 2687 remedia,
3060 2622 3168 2674 etc.

136 2714 496 2786 Radegundi,
535 2716 927 2787 Euphronius,
979 2718 1373 2783 Praetextatus,
1415 2716 1759 2781 Germanus,

134 2809 730 2878 Felix,Domitiannus,
754 2809 1033 2866 Victorius
1054 2810 1465 2878 etDomnolus,
1489 2806 1759 2880 episcopi.

195 2901 445 2958 Sollicita
461 2904 836 2975 suntjugiter
862 2904 1012 2959 circa
1053 2920 1236 2974 genus
1276 2904 1603 2960 humanum
1648 2904 1759 2958 im-

1932 2716 2162 2785 Reh‘qua
2189 2715 2388 2770 videsis
2418 2716 2576 2783 Greg.
2607 2704 2807 2770 Turon.
2856 2714 2950 2769 lib.
2988 2730 3061 2777 1x,
3107 2730 3227 2785 cap.
3269 2716 3359 2784 39,
3390 2715 3490 2769 col.

1865 2812 1965 2863 516
1986 2813 2112 2864 tom.
2135 2809 2373 2879 praced.

1282 3232 1449 3278 ANNO
1496 3232 1711 3277 DOMINI
1760 3229 2327 3277 DLXXIlI-DLXXVII.

524 3377 2022 3583 BENEDICTUS
2176 3376 2811 3576 PAPA
2969 3378 3115 3579 Ι.

824 3840 1288 3930 NOTITIA
1375 3843 1519 3930 EX
1607 3843 1946 3930 LIBRO
2037 3816 2789 3929 PONTIFICALI.

190 4116 567 4215 iienedictus'I
591 4122 828 4177 natione
846 4123 1141 4179 Romanus
1153 4141 1221 4180 ex
1245 4128 1408 4197 patre
1432 4125 1746 4195 Bonifacio,
1769 4138 1824 4215 ρ
1852 4122 2079 4197 eodem]
2118 4126 2377 4195 tempore
2420 4137 2565 4194 gens
2590 4119 3140 4193 Langobardorumc
3176 4118 3383 4174 invasit
3406 4122 3489 4175 to-

122 4210 261 4266 sedit
288 4230 477 4269 annos
504 4214 532 4255 ι)
558 4218 805 4287 quatuor
826 4216 922 4289 (a),
951 4234 1213 4273 mensem
1256 4236 1457 4288 unum,
1501 4219 1623 4274 dies
1664 4219 1743 4273 vi-

120 4302 254 4373 ginti
286 4311 416 4362 octo
450 4308 601 4379 [Cod.
633 4312 782 4374 Luc.,
826 4311 1080 4385 novem].
1114 4312 1384 4383 Ejusdem
1417 4311 1566 4386 [Cod.
1597 4316 1745 4376 Luc.,

1847 4220 1969 4274 tam
1982 4217 2225 4288 Italiam,
2246 4216 2528 4289 simulque
2551 4219 2610 4272 et
2628 4218 2812 4272 fames
2832 4213 3031 4281 nimia,
3055 4216 3117 4268 ut
3141 4213 3317 4268 etiam
3338 4215 3486 4269 mul-

1847 4312 2033 4368 titudo
2054 4316 2373 4369 castrorum
2398 4328 2456 4368 se
2483 4311 2737 4368 traderet
2756 4307 3169 4383 Langobardis,
3190 4311 3253 4363 ut
3266 4312 3485 4380 tempe-

1408 4470 1605 4526 NOT/E
1643 4469 1955 4525 SEVERINI
1998 4470 2178 4527 BINII.

176 4580 200 4610 ⁸
224 4578 366 4632 Cum
388 4578 653 4636 Romana
684 4581 849 4638 sedes
880 4583 952 4639 ob
984 4587 1262 4640 tumultus
1282 4586 1514 4643 bellicos
1547 4604 1739 4644 vacas-

114 4646 193 4731 set
228 4664 460 4731 menses
493 4651 691 4706 decem
729 4659 787 4731 et
826 4658 943 4731 tres
972 4656 1113 4726 dies,
1161 4657 1519 4731 Benedictus,
1568 4676 1743 4731 quem

113 4716 283 4800 {artaci
310 4721 599 4800 Bonosum
613 4725 936 4800 nominant,
952 4716 1177 4800 creatus
1190 4716 1547 4800 estpontife'x
1562 4716 1654 4785 die
1678 4735 1742 4785 16

111 4785 251 4874 μεὶὶ,
278 4785 1085 4874 anno‘ChristiRedemptoris
1102 4804 1224 4874 573.
1255 4785 1432 4871 Hujus
1479 4806 1743 4874 tempore

111 4856 468 4944 Langobardi
488 4866 742 4921 maxima
761 4885 827 4944 ex
846 4856 1010 4940 parte
1032 4870 1320 4926 idolorum
1337 4856 1619 4928 cultores:
1648 4856 1747 4928 Ec-

110 4930 344 5011 clesiam
371 4934 499 4989 dira
525 4930 923 5007 persecutione
940 4946 1238 5011 vexarunt,
1262 4944 1389 4998 loca
1408 4961 1569 4999 sacra
1583 4944 1745 5000 effos-

108 5008 527 5089 sissanctoruni
539 5013 861 5089 martyrum
883 5014 1153 5089 sepulcris
1174 5008 1573 5086 profanarunt,
1604 5016 1742 5070 aedi-

108 5070 229 5151 licia
250 5075 308 5129 in
330 5076 621 5156 suburbiis
642 5070 848 5156 Roma
868 5070 1195 5153 diruerunt:
1237 5090 1499 5141 sanctum
1540 5070 1745 5142 Cerbo-

112 5159 263 5231 illum
276 5154 614 5231 episcopum
627 5168 755 5206 cum
768 5154 881 5208 suis
894 5156 1112 5231 clericis
1126 5156 1181 5210 in
1197 5158 1455 5231 exsilium
1470 5160 1747 5230 fugarunt

111 5218 401 5287 octoginta
414 5218 926 5298 rusticos,quorum
942 5227 1327 5298 quadraginta
1352 5218 1745 5284 immolatitias

110 5301 306 5372 carnes
338 5292 667 5372 comedere,
696 5292 798 5372 alii
830 5292 1003 5372 caput
1031 5292 1217 5369 capra:
1233 5300 1481 5372 adorare
1517 5317 1742 5355 recusa-

108 5355 278 5441 bant,
293 5363 575 5442 supplicio
602 5355 805 5442 mortis
830 5355 1166 5442 affecerunt.
1203 5371 1315 5424 Hac
1345 5372 1744 5442 persecutione

109 5444 176 5482 ea
202 5435 486 5513 miracula
525 5437 893 5513 contigerunt
918 5457 1046 5513 quae
1095 5441 1153 5494 in
1185 5435 1362 5513 libris-
1381 5443 1747 5513 dialogorum

108 5507 483 5585 recensentur
495 5508 651 5585 apud
664 5507 1390 5585 e’umdemiCregoriumde
1409 5507 1605 5568 sancto
1622 5516 1749 5585 Cer-

108 5568 595 5663 bonioepisclop‘o‘,
621 5579 880 5663 Santulo,
908 5568 1154 5663 aliisque
1172 5584 1546 5663 presbyteris.
1573 5568 1744 5663 Justi-

108 5651 1378 5728 nusimperato_rnnastasiumAntiochenum,
1396 5656 1469 5728 ob
1482 5656 1749 5726 quaedam

110 5718 352 5771 crimina
372 5718 453 5771 illi
471 5720 694 5797 objecta
711 5722 1057 5797 depositum,
1072 5718 1373 5797 relegavit.
1389 5718 1519 5791 Qua
1533 5744 1595 5782 re
1617 5743 1749 5781 cum

110 5791 576 5874 l‘ltfigpapilnapud
596 5791 806 5874 Deuni—
825 5791 1109 5874 oﬂ‘ensam
1145 5791 1353 5853 merito
1395 5799 1747 5874 incurrisset,

116 5860 310 5915 omnia
334 5860 419 5916 illi
451 5860 722 5936 deinceps
757 5865 818 5919 in
838 5866 1005 5937 pejus
1032 5884 1199 5923 ruere
1220 5872 1536 5941 coeperunt.
1566 5860 1751 5925 Persae

438 5960 713 6029 PATROL.
763 5963 1002 6030 LXXII.

1845 4604 2059 4660 magna
2099 4591 2290 4660 strage
2320 4584 2635 4660 exercitum
2670 4584 2792 4660 ejus
2822 4583 3272 4660 prostraverunt.
3304 4580 3486 4660 Cujus

1843 4652 2394 4714 reivnuntium'dum
2428 4655 2502 4709 ad
2528 4652 2716 4725 ipsum
2746 4652 3156 4725 imperatorem
3194 4652 3485 4725 perlatum

1845 4733 2014 4797 esset,
2062 4732 2257 4783 mente
2300 4723 2660 4797 abalienatus
2708 4723 2844 4792 fuit,
2888 4723 3484 4797 dilucidisinterdum

1844 4794 2158 4856 intervallis
2182 4799 2255 4853 ad
2287 4796 2579 4851 modicum
2620 4795 2900 4850 duntaxat
2929 4794 3207 4866 temporis
3234 4795 3482 4866 spatium

1844 4872 2203 4947 resipiscens.
2246 4868 2331 4923 Ab
2359 4868 2474 4947 hoc
2515 4865 2998 4947 maloncorporis
3065 4865 3354 4947 liberatus
3398 4871 3485 4922 est

1846 4937 2079 5015 quando
2112 4942 2185 4996 ad
2213 4937 2643 5015 conciliandum
2668 4937 2776 5015 sibi
2802 4937 3059 5015 divinum
3092 4954 3309 5015 numen
3341 4942 3483 4992 tem-

1844 5008 2295 5087 plumexstruxit
2318 5008 3099 5087 Dcigenitrici‘ltlariaahquae
3252 5013 3480 5087 tantum

1846 5077 2163 5161 sanctitatis
2198 5077 2491 5161 praestitit,
2504 5083 2605 5161 "ut
2647 5079 2897 5161 dilucido
2937 5077 3237 5161 intervallo
3259 5081 3479 5161 potius,

1846 5158 2063 5213 cunctis
2092 5149 2246 5211 recte
2284 5151 2588 5224 dispositis,
2632 5154 2845 5224 statum
2884 5149 3212 5220 reipublicae
3254 5149 3315 5203 in
3356 5153 3479 5204 tuto

1847 5230 2172 5284 collocaret.
2206 5226 2313 5297 (Ea:
2336 5223 2560 5279 miscell.
2587 5223 2756 5294 Hist.)

1919 5302 1946 5341 δ
1976 5299 2156 5353 Annis
2177 5290 2442 5368 quatuor,
2468 5312 2670 5368 mense
2688 5290 2805 5368 uno
2821 5295 2879 5347 et
2897 5290 3100 5368 viginti
3126 5290 3481 5368 octo_diebus

1847 5372 2045 5425 sedem
2064 5360 2661 5441 pontiﬁcum-tenuit;
2681 5365 2836 5441 Qbiit
2864 5360 3019 5441 enim
3048 5379 3201 5441 anno
3239 5360 3481 5417 Redem-

1847 5442 2029 5514 ptoris
2053 5434 2236 5496 nostri
2260 5444 2383 5507 577,
2409 5438 2595 5514 pridie
2614 5436 2906 5514 _Kale_nd_as
2932 5434 3191 5514 augusti.

1922 5526 1944 5553 ο
1976 5515 2099 5579 Quo
2128 5502 2387 5583 tempore
2412 5502 2784 5583 Langobardi
2826 5507 2885 5560 in
2934 5502 3154 5583 Italiam
3191 5502 3479 5583 venerint,z

1849 5573 2022 5657 supra
2044 5584 2155 5657 dixi
2180 5573 2420 5657 ininotis
2441 5581 2519 5657 ad
2540 5573 2732 5657 Vitam
2758 5577 3013 5657 Joannis.
3043 5577 3173 5631 Haec
3196 5573 3484 5657 Anastasii

1849 5648 2091 5711 fortasse
2122 5651 2500 5724 intelligenda
2517 5655 2651 5706 sunt
2668 5652 2737 5724 de
2761 5648 3099 5724 eorumdem
3125 5648 3484 5724 grassatione

1849 5727 1967 5794 illa,
2002 5743 2178 5797 quam
2208 5716 2437 5779 sanctus
2476 5723 2784 5795 Gregorius
2814 5722 2966 5777 inter
3007 5716 3183 5774 saevas
3216 5716 3484 5772 Ecclesiae

1850 5797 2289 5869 persecutiones
2308 5798 2633 5869 enumerat.

1927 5869 2002 5939 (a)
2028 5868 2246 5922 Eadem
2268 5867 2444 5923 habet
2462 5865 2601 5921 Cod.
2634 5881 2741 5919 ms.
2774 5862 3052 5935 Hardysil.
3085 5865 3250 5922 Iane.

3090 5968 3168 6027 22
