4006 6238
467 336 567 389 683

807 330 1161 386 BENEDICTI
1196 329 1387 385 PAPxE
1433 329 1456 383 l
1494 327 1585 384 AD
1622 326 2073 383 GRANDENSEM
2111 323 2592 381 PATRIARCHAM
2629 324 2968 382 EPISTOLIE
3007 324 3483 383 FRAGMENTUM.

3743 325 3835 379 684-

468 458 598 496 rare
628 441 824 512 posset
850 438 1106 512 inopiam
1148 437 1337 493 famis.
1368 436 1534 501 Quod
1570 437 1703 491 dum
1743 435 2105 507 cognovisset
2126 448 2183 520 Α
2204 435 2436 490 basilica
2462 435 2615 489 beati
2645 436 2795 490 Petri
2814 434 3056 507 apostoli
3075 434 3405 503 secretario,
3420 432 3608 507 pridie
3630 432 3833 488 Kalen-

467 535 721 591 Justinus
744 534 891 606 [ϐοά.
910 530 1444 603 Luc.,Justinianus]
1464 529 1751 601 piissimus
1764 530 2100 601 imperator,

471 631 609 702 quia
622 630 805 684 Roma
819 628 1247 699 periclitaretur
1257 626 1413 681 fame
1431 624 1851 679 etmortalitate
1874 623 1957 696 [In
1973 623 2101 680 Cod.

468 726 599 779 Luc.
641 725 789 779 deest
832 726 890 776 et
939 719 1335 792 mortalitate],
1380 717 1538 773 misit
1574 718 1632 772 in
1672 720 2001 790 Egyptum,
2051 719 2109 771 et

476 817 739 873 oneravit
764 832 939 870 naves
972 815 1285 881 frumento,
1320 815 1379 867 et
1403 812 1721 868 transmisit
1752 813 2020 867 Romam.
2040 812 2109 865 Et

472 912 550 967 sic
579 912 848 965 misertus
878 914 963 963 est
989 910 1138 962 Deus
1160 906 1354 962 Italiae.
1388 909 1452 961 In
1483 906 1604 961 istis
1624 906 1918 961 laboribus
1945 909 2002 960 et
2029 905 2111 959 af-

470 1003 816 1060 ﬂictionibus
847 1002 1066 1074 positus
1103 1000 1252 1074 [ϐοά.
1275 1003 1431 1066 Luc.,
1460 1000 1549 1055 his
1577 1000 1795 1073 diebus]
1829 998 2112 1054 sanctissi-

472 1115 601 1153 mus
620 1097 960 1152 Benedictus
971 1112 1122 1169 papa
1138 1098 1401 1151 mortuus
1420 1099 1525 1151 est.
1546 1094 1656 1160 Qui
1674 1095 1929 1166 sepultus
1945 1096 2032 1148 est
2049 1092 2111 1148 in

2205 529 2307 584 das
2328 529 2569 601 Augusti
2599 530 2685 600 [In
2714 530 2840 588 Cod.
2873 533 3003 586 Luc.
3027 531 3175 586 deest
3193 530 3380 602 pridie
3407 528 3703 585 Kalendas
3730 532 3838 583 Au-

2204 623 2397 697 gusti].
2433 624 2530 677 Hic
2560 623 2696 678 fecit
2738 625 3169 681 ordinationem
3210 641 3389 679 unam
3435 641 3541 696 per
3577 640 3838 678 mensem

2204 717 2592 785 decembrem,
2626 717 2989 790 presbyteros
3016 718 3369 791 quindecim,
3403 718 3686 773 diaconos
3709 720 3837 784 tres,

2206 811 2504 882 episcopos
2530 828 2633 883 per
2678 812 2904 869 diversa
2940 814 3067 869 loca
3106 829 3350 868 numero
3387 812 3595 883 viginti
3642 828 3841 866 unum.

2204 907 2275 960 Et
2312 906 2553 960 cessavit
2600 890 2963 978 episcopatus
3019 924 3251 962 menses
3293 910 3431 974 tres,
3481 906 3605 961 dies
3646 906 3846 961 decem

2214 998 2362 1070 [Cod.
2391 1001 2520 1056 Luc.
2543 1000 2703 1056 addit
2729 1000 2832 1055 sub
2859 1000 2952 1056 die
2982 1004 3050 1057 30
3077 1000 3293 1056 mensis
3311 1000 3488 1074 Julii].

467 1258 3839 1293 Μ

1616 1414 1926 1485 JOANNI
1972 1412 2367 1484 DOMINICI
2410 1413 2706 1483 MANSI.

788 1576 901 1650 IN
967 1573 1708 1651 FRAGMENTUM
1774 1573 2333 1650 EPISTOLfE
2404 1573 2970 1649 BENEDICTI
3036 1571 3555 1650 CENSURA.

542 1860 946 1926 Longiusculum
970 1858 1316 1926 fragmentum
1353 1859 1585 1925 epistolis
1610 1859 1880 1911 Benedicti
1907 1875 2055 1924 papas
2088 1874 2153 1912 ex
2179 1861 2406 1912 Gratiani
2428 1861 2579 1927 palea
2624 1860 2690 1912 ad
2730 1875 2848 1912 can.
2884 1864 2964 1923 18,
3000 1875 3051 1911 c.
3084 1860 3167 1922 27,
3211 1873 3264 1923 q.
3298 1862 3349 1921 Ξ,
3394 1858 3481 1908 hic
3526 1857 3750 1908 exhibeo
3786 1857 3854 1907 ab

480 1944 721 1994 omnibus
747 1942 957 2007 quidem
993 1956 1091 1991 ceu
1114 1942 1473 2006 apocryphum
1500 1942 1775 2007 rejectum,
1802 1941 1894 1992 sed
1920 1941 2101 1992 dubito
2137 1957 2202 1993 an
2229 1943 2434 1993 merito.
2461 1944 2765 2007 Quanquam
2791 1942 2931 1993 enim
2966 1941 3275 2007 suspicionis
3300 1954 3407 1990 suae
3429 1939 3607 1990 titulus
3633 1938 3764 2004 ipse,
3800 1943 3862 1990 ut

479 2024 533 2075 in
559 2024 720 2074 Editis
743 2023 950 2087 legitur,
986 2023 1177 2073 mereri
1201 2027 1391 2087 potest,
1417 2024 1721 2088 ambiguum
1749 2027 1827 2074 est
1848 2026 2024 2074 tamen
2046 2038 2173 2074 num
2196 2025 2432 2075 sincerus
2454 2024 2683 2075 Gratiani
2714 2024 2892 2074 Codex
2937 2024 3176 2074 eumdem
3211 2022 3452 2086 praeferat
3484 2020 3572 2085 qui
3603 2020 3659 2069 in
3698 2020 3861 2070 Editis

480 2109 712 2169 apparet.
740 2104 1016 2153 Gratianus
1042 2103 1181 2154 enim
1210 2104 1379 2154 editus
1406 2104 1678 2169 epistolam
1703 2105 1838 2155 hanc
1865 2106 2023 2155 latam
2046 2105 2257 2169 praefert
2283 2106 2601 2156 Patriarchw
2627 2105 2897 2167 Gradensi,
2922 2105 3009 2168 qui
3043 2118 3166 2154 sane
3200 2102 3498 2167 patriarcha
3528 2101 3789 2150 Benedicti
3836 2101 3858 2148 Ι

477 2187 625 2234 astate
655 2183 822 2234 audiri
845 2183 1078 2234 nondum
1104 2189 1349 2248 cmperat.
1380 2186 1575 2235 Verum
1601 2184 1656 2235 in
1689 2200 1809 2236 meo
1837 2185 2037 2236 decreti
2078 2185 2290 2248 Codice,
2325 2187 2466 2249 quod
2503 2188 2695 2237 saeculo
2739 2186 2853 2250 ipso
2896 2185 3142 2245 Gratiani,
3189 2185 3270 2234 vel
3316 2183 3464 2233 initio
3506 2182 3862 2241 succedentis,

480 2265 732 2328 scriptum
747 2278 856 2315 non
881 2264 1023 2314 inani
1056 2266 1360 2329 conjectura
1391 2267 1651 2331 suspicor,
1677 2266 1749 2317 ita
1771 2268 1890 2331 lego
1917 2283 1931 2316 :
1964 2267 2264 2317 Benedictus
2293 2282 2468 2317 servus
2488 2282 2749 2318 servorum
2777 2269 2873 2317 Dei
2894 2268 2962 2317 N.
2987 2267 3225 2315 salutem.
3256 2266 3315 2314 In
3339 2263 3574 2327 margine
3595 2276 3724 2311 vero
3739 2262 3865 2322 alia,

483 2349 540 2396 ut
563 2345 823 2408 suspicor,
849 2346 940 2395 sed
964 2359 1111 2409 seque
1133 2346 1344 2410 antiqua
1373 2362 1532 2398 manu
1557 2347 1789 2397 additum
1811 2353 1891 2398 est
1918 2363 1931 2398 :
1960 2348 2248 2398 Graduensi
2281 2349 2615 2413 patriarcha,
2644 2353 2693 2398 et
2722 2350 2991 2398 Domim‘co
3024 2349 3137 2412 ejus
3176 2346 3522 2409 suffraganeo.
3556 2342 3731 2393 Lectio
3766 2342 3865 2391 ista

484 2425 811 2489 praecipuum
837 2430 1200 2489 argumentum
1225 2427 1472 2478 adversus
1512 2428 1864 2478 sinceritatem
1906 2429 2060 2493 hujus
2096 2429 2326 2493 epistolae
2364 2433 2595 2479 enervat.
2641 2430 2835 2479 Verum
2874 2429 3044 2478 adhuc
3084 2430 3385 2492 perseverat
3419 2424 3664 2487 suspicio,
3708 2424 3761 2472 in
3796 2436 3865 2471 eo

484 2506 625 2570 quod
649 2505 958 2555 Benedictus
980 2521 1184 2555 servum
1210 2521 1473 2557 servorum
1504 2509 1596 2557 Dei
1621 2522 1732 2558 sese
1760 2509 2005 2573 appellat,
2030 2523 2185 2573 quem
2211 2524 2334 2560 sane
2362 2510 2566 2560 titulum
2596 2510 2816 2573 coepisse
2850 2509 3010 2570 aiunt,
3036 2523 3066 2559 a
3102 2510 3281 2558 sancto
3318 2505 3589 2570 Gregorio.
3636 2505 3700 2553 At
3741 2517 3869 2552 cum

483 2586 627 2636 testis
652 2586 763 2650 ejus
784 2586 1116 2636 institutionis
1138 2602 1169 2637 a
1190 2593 1382 2647 ‘sancto
1414 2590 1666 2652 Gregorio
1693 2594 1878 2654 ereptas
1904 2591 2131 2640 Joannes
2173 2591 2424 2641 diaconus
2461 2591 2701 2641 efferatur
2743 2590 2970 2654 scriptor
3000 2590 3163 2639 multo
3204 2587 3468 2638 recentior
3508 2589 3658 2636 astate
3697 2583 3872 2633 sancti

484 2666 739 2730 Gregorii,
764 2667 920 2716 unica
944 2667 1054 2731 ejus
1079 2669 1357 2719 auctoritas
1379 2669 1508 2719 tanti
1539 2671 1843 2721 aestimanda
1869 2684 1976 2720 non
2014 2675 2110 2735 est,
2149 2675 2205 2722 ut
2244 2672 2473 2722 validum
2516 2686 2581 2722 ex
2621 2686 2684 2721 ea
2728 2675 3091 2735 argumentum
3139 2673 3322 2720 contra
3362 2667 3503 2717 illam
3554 2665 3872 2715 deducatur.

478 2749 747 2811 Utcunque
792 2760 877 2797 res
911 2748 1098 2798 habeat
1133 2762 1271 2810 sese,
1306 2764 1427 2800 cum
1461 2764 1527 2800 ex
1568 2752 1812 2801 Gratiano
1866 2751 2082 2801 minime
2119 2757 2326 2803 constet
2362 2753 2570 2803 cuinam
2612 2752 2894 2802 Benedicto
2944 2750 3221 2802 tribuenda
3262 2748 3482 2814 epistola
3521 2747 3606 2804 sit.
3655 2746 3874 2796 alterius

483 2828 699 2878 fortasse
725 2828 993 2879 Benedicti
1020 2829 1274 2895 scriptum
1299 2834 1409 2881 erat
1436 2831 1718 2883 sincerum.
1749 2832 2018 2883 Variantes
2042 2846 2159 2898 quas
2182 2834 2237 2884 in
2260 2835 2452 2886 ansulis
2475 2834 2752 2899 adscriptas
2778 2837 2917 2896 sunt,
2950 2832 3198 2883 Romanis
3237 2830 3437 2881 decreti
3477 2827 3875 2879 correctoribus

487 2909 764 2961 debentur.

676 3477 1141 3561 FRAGMEN
1151 3480 1359 3563 TUM
1433 3484 1930 3567 EPISTOL/E
2005 3488 2136 3569 AD
2208 3485 2867 3569 GRANDENSEM
2940 3476 3707 3565 PATRIARCHAM.

1188 3791 1435 3850 PALEA.
2147 3809 2205 3882 B
2228 3797 2391 3851 umori
2416 3810 2547 3858 suae,
2574 3798 2625 3849 et
2653 3797 2815 3849 erunt
2834 3790 2943 3847 duo
2967 3790 3028 3844 in
3047 3802 3210 3843 came
3236 3801 3348 3841 una
3374 3782 3528 3882 (Gen.
3549 3780 3633 3852 ιι).
3653 3778 3884 3843 Quibus

564 3878 904 3947 Benedictus
930 3881 1137 3937 Servus
1169 3900 1461 3942 servorum
1486 3884 1633 3942 Dei'l
1674 3886 1994 3943 Grandensi
2024 3904 2125 3960 pa-

486 3973 757 4033 triarchas
773 3975 1041 4043 salutem,
1075 3979 1185 4032 etc.

564 4068 675 4120 Lex
705 4067 909 4122 divina:
934 4069 1361 4126 constitutionis
1379 4072 1760 4142 apostolicam
1788 4074 2129 4129 cathedram

499 4159 636 4233 [Al.,
656 4159 873 4234 sedem]
899 4162 1071 4217 totius
1090 4164 1282 4235 posuit
1303 4165 1457 4219 orbis
1478 4169 1761 4221 terrarum
1788 4168 2129 4239 magistram

500 4252 648 4327 [Cod.
675 4256 827 4318 Luc.,
851 4256 1305 4330 magistratum],
1340 4262 1403 4312 ut
1431 4259 1712 4331 quidquid
1738 4261 1946 4333 ubique
1974 4264 2129 4318 loco-

492 4364 623 4403 rum
647 4348 963 4418 dubitatur,
985 4350 1056 4403 ab
1075 4367 1143 4404 ea
1160 4351 1308 4406 ratio
1331 4352 1593 4422 ejusdem
1608 4355 1954 4425 requiratur.
1976 4357 2127 4412 Aﬂ‘a-

494 4446 585 4497 tus
617 4446 705 4497 est
736 4446 931 4497 autem
976 4460 1081 4497 nos
1124 4444 1240 4498 suis
1287 4444 1492 4499 litteris
1542 4447 1803 4518 ejusdem
1842 4451 2132 4506 cathedra:

495 4553 797 4604 sessorem,
826 4553 892 4590 ac
920 4541 1325 4606 percunctatus
1352 4542 1437 4592 est
1465 4540 1698 4610 quidam
1731 4546 1949 4598 vestras
1996 4544 2130 4617 [Al.,

496 4630 596 4703 vir]
630 4631 869 4685 nomine
893 4633 1165 4699 Joannes,
1194 4647 1299 4701 pro
1328 4633 1615 4689 connubio
1640 4636 1773 4691 ﬁliae
1801 4655 1915 4693 suae
1943 4655 2135 4710 super-

496 4724 670 4778 stitis:
699 4725 860 4795 cujus
872 4740 1037 4779 soror
1056 4724 1331 4780 defuncta
1352 4725 1580 4782 cuidam
1602 4728 1822 4800 juveni,
1838 4732 2131 4803 Stephano

497 4817 758 4887 nomine,
778 4817 1131 4889 simplicibus
1151 4819 1338 4874 verbis
1353 4820 1544 4876 fuerat
1563 4822 1929 4895 desponsata,
1961 4829 2019 4880 et
2038 4843 2135 4881 an-

496 4915 735 4983 tequam
782 4912 855 4965 ad
900 4911 1128 4983 nuptias
1170 4914 1519 4984 perveniret,
1561 4922 1750 4973 morte
1794 4924 2129 4990 praeventa:

497 5010 692 5060 utrum
705 5004 919 5060 scilicet
930 5022 1063 5060 cum
1077 5007 1285 5063 eodem
1293 5008 1505 5079 juvene
1519 5012 1698 5082 possit
1712 5013 2134 5069 matrimonum

498 5100 777 5156 celebrari
810 5101 1130 5172 superstitis
1159 5102 1310 5171 ﬁlim,
1340 5120 1447 5158 nec
1478 5122 1571 5160 ne.
1599 5107 1861 5178 Namque
1892 5111 2134 5163 testatus

2228 3888 2415 3944 verbis
2445 3886 2696 3942 innotuit
2724 3902 2842 3941 non
2868 3884 3036 3939 aliter
3053 3882 3244 3937 virum
3273 3882 3332 3934 et
3362 3876 3676 3933 mulierem
3707 3887 3882 3944 posse

2228 3984 2355 4038 ﬁeri
2368 3999 2544 4037 unam
2558 3978 2931 4049 carnem,nisi
2949 3976 3165 4032 carnali
3176 3974 3382 4045 copula
3396 3971 3504 4026 sibi
3520 3968 3881 4024 cohazreant.

2231 4077 2338 4142 Qui
2351 4093 2490 4148 ergo
2506 4090 2877 4147 nequaquam
2891 4072 3095 4127 mistus
3116 4073 3202 4124 est
3214 4072 3503 4123 extraneas
3529 4060 3763 4118 mulieri
3781 4060 3885 4114 fa:-

2231 4171 2369 4225 dere
2401 4170 2662 4242 nuptiali,
2696 4185 2809 4240 quo
2836 4170 3001 4239 pacto
3027 4181 3132 4237 per
3152 4162 3310 4217 nuda
3340 4156 3669 4232 sponsionis
3700 4153 3884 4208 verba

2231 4269 2471 4337 possunt
2501 4280 2616 4318 una
2641 4279 2772 4318 caro
2794 4260 2941 4329 fieri,
2984 4259 3313 4314 nullatenus
3345 4254 3606 4309 valemus
3641 4245 3879 4304 intueri.

2231 4358 2637 4431 Propinquitas
2663 4357 2819 4411 enim
2843 4353 3140 4426 sanguinis
3160 4350 3347 4406 verbis
3368 4346 3594 4409 dicitur,
3614 4359 3737 4398 non
3751 4357 3881 4396 ver-

2230 4453 2319 4508 bis
2344 4453 2607 4521 efficitur,
2632 4451 2734 4505 sed
2759 4449 2907 4523 [Cod.
2943 4452 3096 4511 Luc.,
3120 4462 3237 4500 non
3258 4441 3448 4498 verbis
3464 4438 3739 4499 efﬁcitur,
3756 4432 3878 4504 sed]

2232 4563 2422 4619 neque
2441 4546 2696 4600 osculum
2708 4544 2860 4616 parit
2870 4532 3546 4615 propinquitatem,quod
3574 4526 3878 4604 [Αλυεῐαίᾶ]

2234 4642 2452 4695 nullam
2465 4640 2603 4694 facit
2619 4637 2917 4710 sanguinis
2933 4624 3726 4692 commixtionem.Quoniam
3742 4636 3885 4676 vero

2233 4735 2312 4789 ita
2338 4751 2571 4806 prorsus
2596 4750 2721 4788 sese
2743 4732 2921 4787 habet
2944 4746 3037 4784 res
3058 4726 3296 4784 Joannis
3320 4722 3503 4790 istius,
3536 4723 3603 4775 ut
3620 4714 3762 4773 velit
3791 4731 3887 4769 se-

2233 4828 2485 4883 cundam
2520 4827 2700 4881 filiam
2723 4825 2831 4880 illis
2879 4823 3093 4895 nuptiis
3142 4820 3437 4892 copulare,
3485 4813 3575 4869 cui
3617 4811 3885 4885 primam

2226 4923 2353 4994 jam
2380 4922 2711 4977 decreverat
2735 4920 3107 4991 desponsare,
3140 4929 3383 4969 censura
3412 4906 3718 4982 apostolici
3757 4920 3888 4958 ma-

2234 5016 2506 5088 gistratus
2533 5014 2881 5070 mandamus
2891 5013 3000 5067 hoc
3021 5011 3237 5081 absque
3269 5006 3439 5062 ullius
3460 5001 3726 5059 criminis
3748 4997 3888 5053 vitio

2234 5127 2401 5183 posse
2421 5110 2566 5177 ﬁeri,
2589 5109 2635 5163 si
2656 5108 2951 5178 utriusque
2972 5104 3152 5178 partis
3171 5100 3386 5157 sederit
3409 5095 3720 5154 voluntati.
3737 5094 3886 5148 Nam

497 5195 1061 5269 bujusreirationem
1082 5196 1237 5268 apud
1252 5198 1563 5253 voshaberi
1585 5200 2134 5272 ambiguam.Quam
2155 5189 2210 5264 C
2237 5221 2338 5259 cur
2382 5203 2777 5275 prohibeatur,
2806 5200 2961 5273 quod
2988 5195 3419 5272 prohibendum
3442 5192 3586 5264 (AL,
3616 5185 3884 5262 prohibi-

498 5294 615 5347 Deo
645 5291 889 5346 docente
910 5290 1210 5345 reddimus
1237 5290 1325 5346 his
1356 5292 1542 5348 verbis
1567 5295 1965 5353 certissimam.
1993 5300 2131 5354 Pro-

497 5388 777 5459 toplastus
802 5385 917 5455 ille,
949 5385 1112 5440 radix
1148 5388 1206 5440 et
1234 5386 1397 5458 origo
1426 5393 1621 5444 nostro
1653 5388 1801 5461 [Cod.
1843 5393 1998 5460 Luc.,
2027 5409 2131 5447 no-

498 5481 634 5551 stra]
666 5480 986 5535 detractam
1007 5479 1116 5534 sibi
1134 5483 1355 5536 costam
1380 5480 1438 5535 in
1455 5484 1764 5538 mulierem
1785 5484 1986 5540 videns
2022 5486 2136 5542 for-

498 5578 739 5643 matam,
754 5575 1093 5645 prophetico
1108 5574 1310 5645 spiritu
1328 5575 1479 5630 inter
1490 5577 1601 5632 alia
1618 5578 1859 5649 protulit
1878 5596 1890 5634 :
1906 5581 2133 5650 Propter

498 5669 593 5724 hoc
630 5670 900 5755 relinquet
930 5669 1083 5723 homo
1109 5674 1328 5739 patrem
1362 5674 1413 5725 et
1456 5676 1704 5741 matrem,
1740 5676 1793 5727 et
1838 5674 2137 5731 adhaerebit

572 5813 705 5887 {De
720 5811 832 5887 hoc
862 5811 1032 5887 titulo
1058 5816 1117 5865 ut
1148 5816 1234 5887 est
1256 5814 1315 5868 in
1343 5814 1550 5887 Codice
1578 5816 1839 5887 Lucensi,
1872 5821 2133 5887 superius

504 5878 641 5949 dixi.
672 5881 844 5933 Deest
858 5895 994 5934 vero
1018 5882 1079 5935 in
1110 5884 1318 5939 eodem
1341 5884 1548 5940 Codice
1590 5905 1695 5943 vox
1725 5878 1906 5959 pulsa.
1938 5878 2129 5949 MANSI.

2234 5298 2381 5369 tum]
2398 5314 2697 5369 nunquam
2712 5301 2911 5351 sancta
2931 5294 3223 5364 Scriptura
3240 5289 3497 5344 declarat
3515 5285 3542 5340 ‘2
3557 5283 3678 5341 Sed
3688 5295 3887 5352 neque

2233 5392 2547 5448 mundanae
2591 5394 2769 5463 leges,
2800 5386 3235 5451 connumeratis
3276 5380 3541 5456 personis
3569 5393 3704 5450 quas
3730 5377 3890 5430 inter

2234 5504 2293 5545 se
2321 5488 2550 5560 nuptias
2580 5487 2740 5542 nonb
2771 5484 3141 5553 contrahunt,
3175 5480 3245 5535 de
3272 5472 3609 5548 hujusmodi
3659 5465 3885 5541 aliquid

2234 5583 2452 5639 dicunt.
2481 5584 2561 5637 Ne
2603 5598 2744 5653 ergo
2788 5578 3090 5651 abnegetis
3131 5575 3289 5649 quod
3330 5567 3677 5643 negandum
3727 5562 3887 5619 nulla

2232 5678 2459 5734 ratione
2487 5677 2704 5733 docetis
2736 5674 2873 5749 [Αι.,
2902 5670 3285 5743 monstratis].

2305 5824 2333 5865 δ
2361 5825 2423 5877 In
2454 5823 2595 5879 Cod.
2623 5824 2756 5877 Luc.
2791 5821 2953 5876 deest
2975 5835 3108 5884 non,
3138 5819 3198 5872 et
3235 5812 3513 5893 sequitur,
3550 5802 3889 5864 contrahunt

2234 5895 2301 5949 de
2330 5911 2389 5949 re
2414 5895 2747 5962 hujusmodi.
2774 5894 2941 5947 Idem.
