4006 6238
997 475 1992 597 BENEDIGTI
2090 479 2617 606 PAPE
2723 481 2792 599 ι

425 681 1309 825 EPISTULAa
1403 686 1640 823 AD
1736 686 2283 826 DAVID
2380 686 3383 833 EPISCOPUM.

774 1005 1014 1071 Probat
1043 1025 1128 1072 ex
1170 1007 1372 1071 sacris
1400 1007 1657 1084 litteris,
1693 1026 2031 1073 summam
2060 1008 2447 1075 Trinitatem
2483 1011 2809 1076 unitatem
2846 1030 3012 1077 esse.

275 1137 769 1193 Reverendissimo
794 1139 955 1195 fratri
983 1141 1244 1213 episcopo
1271 1140 1444 1196 David
1468 1184 1482 1212 ,
1513 1142 1846 1199 Benedictus
1868 1156 1928 1229 Α
1947 1148 2084 1199 Deus
2112 1145 2305 1208 Israel,
2338 1148 2437 1215 qui
2457 1146 2605 1201 sedes
2646 1161 2806 1217 super
2848 1148 3122 1202 cherubim
3162 1147 3291 1217 (Isa.
3331 1148 3578 1219 xxxvn)?

210 1231 450 1287 salutem
479 1232 538 1287 in
565 1233 822 1288 Domino.

278 1326 645 1397 Respondere
689 1326 890 1382 litteris
936 1326 1133 1381 vestris
1155 1327 1381 1399 plenius
1426 1329 1704 1400 cogitavi;
1750 1330 1846 1385 sed

209 1435 336 1474 cum
367 1419 477 1474 hoc
501 1420 831 1488 meditarer,
855 1424 1045 1476 tantus
1063 1438 1155 1477 me
1170 1422 1331 1477 dolor
1346 1423 1551 1495 tetigit,
1582 1428 1644 1479 ut
1666 1424 1849 1497 magis

210 1513 341 1569 ﬂere
368 1523 551 1586 quam‘
590 1514 805 1586 aliquid
845 1514 1056 1585 dicere,
1103 1515 1413 1571 delectatus
1453 1518 1580 1573 sim.
1628 1517 1734 1572 Sed
1777 1535 1848 1573 ne

208 1607 462 1662 funditus
485 1612 822 1677 remaneret,
846 1625 1028 1679 pauca
1045 1608 1204 1663 vobis
1222 1610 1529 1666 rescribere
1544 1611 1756 1679 curavi,
1777 1612 1848 1667 ad

209 1701 426 1773 potiora
454 1717 552 1755 vos
588 1705 845 1772 tempora
887 1718 1139 1773 congrue
1166 1702 1427 1758 invitans.
1470 1704 1630 1769 Quod
1653 1710 1847 1760 autem

208 1794 411 1850 litterae
457 1799 574 1849 tua}
620 1799 789 1850 testes
822 1801 973 1867 sunt,
1006 1797 1283 1867 quosdam
1309 1798 1458 1851 intra
1498 1798 1847 1870 provinciam

209 1888 475 1943 Baeticam
502 1905 644 1958 esse,
669 1889 767 1960 qui
785 1889 1060 1961 dicerent,
1080 1891 1374 1945 neminem
1400 1892 1671 1947 veraciter
1685 1910 1847 1964 posse

208 1983 468 2055 probare,
497 1982 832 2037 Trinitatem
872 1983 1149 2038 unitatem
1188 1984 1332 2053 fieri,
1362 2001 1495 2039 cum
1520 2002 1706 2056 neque
1735 1989 1848 2041 tres

208 2094 409 2147 unum,
431 2093 621 2149 neque
645 2088 830 2131 unum
854 2076 911 2131 in
939 2078 1120 2132 tribus
1147 2082 1333 2149 posset
1358 2095 1704 2151 quemquam
1722 2097 1849 2151 pro-

206 2170 328 2242 prie
352 2171 670 2243 approbare
716 2187 729 2225 :
777 2187 916 2241 quas
962 2171 1032 2225 ob
1080 2188 1294 2242 causas,
1341 2171 1698 2229 dilectissime
1744 2173 1844 2246 ﬁli,

208 2266 462 2319 consulta
510 2264 614 2319 tibi
660 2265 981 2335 apostolicae
1014 2265 1160 2320 sedis
1188 2265 1446 2320 misimus
1473 2308 1487 2336 ,
1519 2271 1585 2321 ut
1622 2272 1721 2322 aut
1759 2267 1848 2321 his

209 2374 300 2413 eos
319 2359 389 2413 ad
422 2362 637 2413 rectam
674 2358 846 2413 fidem
874 2359 1121 2413 converti
1155 2359 1343 2431 facias,
1389 2363 1490 2414 aut
1516 2360 1586 2414 ab
1615 2361 1850 2416 ecclesia

208 2457 511 2523 antequam
541 2452 712 2523 pestis
740 2453 860 2507 haec
891 2452 1058 2508 latius
1084 2453 1427 2525 divulgetur,
1468 2454 1724 2525 repellas.
1753 2454 1849 2509 His

210 2546 421 2617 (frater)
452 2546 873 2618 Scripturarum
900 2547 1238 2602 testimoniis
1273 2549 1530 2619 (Ithacius
1567 2548 1697 2604 adv.
1735 2552 1846 2605 Va-
1867 2528 1926 2601 Β

208 2641 502 2710 rimadum,
532 2658 583 2695 c.
616 2642 664 2712 l)
709 2641 989 2695 unitatem
1020 2641 1303 2696 Trinitatis
1346 2659 1608 2713 agnosce,
1654 2645 1710 2697 et
1749 2643 1849 2697 de-

209 2734 326 2789 sine
376 2734 718 2788 Arianorum
769 2734 1103 2805 pravitatem
1159 2735 1358 2807 sequi,
1416 2740 1476 2790 ut
1527 2736 1596 2790 ab
1652 2736 1851 2791 eadem

208 2828 383 2899 possis
436 2834 800 2901 peccatorum
851 2828 1271 2899 indulgentiam
1319 2829 1656 2901 promereri,
1711 2830 1852 2884 Isaia

209 2923 487 2994 propheta
512 2923 731 2977 dicente
761 2939 774 2976 :
824 2924 962 2979 Vide
1001 2925 1287 2978 Dominum
1329 2924 1555 2978 sabaoth
1583 2924 1850 2979 sedentem

209 3031 368 3086 super
387 3019 643 3072 thronum
669 3017 953 3080 excelsum,
973 3022 1023 3071 et
1040 3019 1313 3087 seraphim
1338 3018 1557 3072 stabant
1579 3020 1636 3071 in
1652 3020 1848 3072 circui-

211 3115 269 3164 tu
295 3111 411 3181 ejus
438 3130 456 3165 :
485 3127 579 3166 sea:
603 3112 706 3165 alw
733 3114 850 3174 uni,
891 3115 941 3165 et
972 3126 1066 3166 sem
1092 3112 1197 3165 alae
1224 3112 1406 3166 alteri.
1439 3112 1659 3166 Duabus
1701 3112 1846 3166 vela-

214 3204 339 3258 bant
362 3206 561 3272 faciem
586 3205 717 3274 ejus,
746 3205 958 3259 duabus
978 3210 1159 3259 autem
1182 3206 1435 3261 uelabant
1454 3206 1618 3277 pedes
1648 3205 1779 3275 ejus,
1802 3209 1852 3260 et

210 3298 417 3354 duabus
443 3299 721 3355 rotabant.
752 3302 822 3355 Et
846 3300 1158 3354 clamabant
1192 3301 1267 3354 ad
1293 3301 1635 3363 alterutrum,
1666 3301 1849 3355 dicen-

211 3396 284 3447 tes
311 3412 328 3447 :
354 3395 611 3457 Sanctus,
636 3398 876 3457 sanctus,
897 3399 1153 3460 sanctus,-
1186 3397 1440 3450 Dominus
1465 3398 1604 3450 Deus
1625 3395 1851 3449 sabaoth

211 3487 335 3556 (Isa.
380 3489 480 3559 vi).
515 3487 576 3543 Si
604 3487 844 3542 Trinitas
870 3504 986 3542 non
1015 3490 1118 3558 est,
1151 3504 1326 3560 quare
1369 3487 1556 3556 tertio,
1597 3492 1846 3559 sanctus,

210 3579 510 3636 dixerunt?
539 3583 606 3636 Et
630 3581 675 3636 si
703 3581 891 3636 unitas
916 3598 1034 3636 non
1053 3586 1156 3649 est,
1189 3597 1361 3653 quare
1390 3582 1493 3637 sub
1519 3582 1668 3637 trina
1692 3598 1851 3653 repe-

208 3675 400 3732 titione
426 3692 613 3730 unum
628 3676 807 3731 Deum
829 3692 893 3730 ac
908 3675 1214 3730 Dominum
1241 3676 1625 3732 intimarunt?
1652 3676 1709 3732 Si
1735 3676 1851 3731 Tri-

213 3769 353 3824 nitas
380 3786 501 3824 non
530 3773 633 3840 est,
674 3786 776 3823 cur
800 3770 861 3823 in
894 3770 1172 3825 Geneseos
1198 3770 1405 3825 dicitur
1443 3787 1456 3825 :
1512 3773 1663 3826 Discit
1687 3774 1846 3833 Deus,

211 3864 335 3930 fecit
361 3868 522 3927 Deus,
544 3867 593 3918 et
614 3863 885 3918 benedixit
902 3867 1040 3919 Deus
1068 3864 1275 3934 (Genes.
1305 3865 1381 3936 1)?
1405 3864 1461 3919 Si
1496 3880 1628 3919 vero
1660 3862 1847 3918 unitas
1868 3901 1923 3977 Ο

211 3973 322 4012 non
352 3960 459 4026 est,
488 3973 662 4029 quare
692 3956 858 4012 tertio
888 3957 1050 4027 dixit,
1082 3959 1247 4028 Deus,
1271 3961 1328 4013 et
1352 3975 1467 4012 non
1492 3958 1624 4013 deos
1651 3957 1844 4028 plura-

211 4049 337 4105 liter
360 4051 816 4106 commendavit?
846 4052 913 4106 Et
949 4051 996 4105 si
1029 4051 1269 4106 Trinitas
1296 4068 1411 4106 non
1440 4056 1541 4122 est,
1582 4068 1759 4124 quare
1788 4051 1847 4105 in

214 4145 396 4200 Exodo
423 4146 644 4200 dictum
684 4150 767 4201 est
791 4145 1001 4201 tertio:
1052 4149 1288 4209 Domine,
1336 4147 1569 4210 domine,
1613 4147 1842 4208 domine,

212 4241 496 4295 miserator
521 4244 571 4294 et
598 4240 897 4295 misericors
941 4240 1136 4310 (Exod.
1167 4240 1382 4311 xxx1v)?
1426 4240 1483 4294 Si
1511 4239 1699 4294 unitas
1726 4256 1845 4294 non

214 4337 312 4401 est,
338 4349 518 4405 quare
545 4333 682 4388 dum
710 4332 877 4388 tertio
908 4333 1135 4401 diceret,
1161 4334 1421 4404 Domine,
1447 4338 1639 4405 postea
1664 4333 1841 4387 mise-

214 4434 366 4487 rator
389 4432 757 4503 singulariter
775 4431 938 4502 dixit,
961 4435 1019 4487 et
1041 4449 1157 4487 non
1176 4432 1553 4500 miseratores,
1571 4437 1637 4487 ut
1652 4432 1843 4504 plures

214 4526 550 4596 ostenderet,
580 4525 904 4581 intimavit?
929 4526 984 4581 Si
999 4525 1240 4581 Trinitas
1266 4543 1384 4583 non
1410 4531 1513 4593 est,
1548 4542 1651 4580 cur
1677 4525 1849 4580 Abra-

214 4618 345 4675 ham
368 4620 440 4675 ad
468 4618 653 4675 ilicem
680 4620 925 4675 Mambre
946 4620 1167 4690 sedens,
1189 4620 1481 4692 tribusque
1524 4636 1844 4689 occurrens,

213 4715 313 4768 uni
340 4716 572 4778 domine,
603 4714 744 4768 dixit
779 4716 980 4785 (Genes.
1011 4714 1198 4785 xvm);
1239 4721 1295 4769 et
1327 4732 1443 4769 non
1484 4712 1567 4785 (ut
1610 4713 1845 4784 viderat)

214 4812 389 4867 tribus
410 4813 762 4868 salutationis
782 4813 1117 4885 obsequium
1136 4813 1422 4869 reddidit?
1447 4813 1502 4868 Si
1521 4813 1708 4867 unitas
1730 4828 1847 4866 non

216 4904 314 4969 est,
359 4919 534 4975 quare
583 4920 715 4959 cum
764 4905 899 4959 Mos.
924 4904 1116 4974 (Exod.
1150 4904 1250 4976 Ill),
1284 4908 1421 4959 Deus
1457 4904 1757 4965 Abraham,
1796 4905 1847 4956 et

215 4997 346 5052 Deus
380 4999 558 5063 Isaac,
591 5004 641 5053 et
684 5002 819 5054 Deus
861 4999 1046 5062 Jacob,
1088 4997 1255 5054 tertio
1292 4998 1521 5065 diceret,
1565 4996 1846 5051 unitatem

216 5092 530 5163 ostendens,
561 5095 673 5148 Hoc
696 5094 833 5147 mihi
860 5108 1054 5148 nomen
1079 5097 1175 5156 est,
1217 5092 1388 5162 dixit;
1441 5096 1498 5146 et
1535 5107 1674 5159 non,
1719 5090 1846 5143 Haec

217 5191 344 5240 sunt
366 5191 560 5242 nostra
587 5186 840 5257 nomina,
864 5186 1218 5258 designavit?
1245 5185 1302 5241 Si
1329 5185 1571 5240 Trinitas
1596 5200 1711 5239 non
1740 5186 1843 5253 est,

217 5295 384 5351 quare
411 5281 581 5335 David
611 5280 777 5336 tertio
802 5280 944 5336 dixit
988 5298 1001 5335 :
1041 5281 1328 5337 Benedicat
1360 5295 1456 5335 nos
1501 5282 1659 5343 Deus,
1710 5282 1848 5334 Deus

216 5378 407 5441 noster,
438 5375 715 5430 benedicat
754 5390 849 5429 nos
890 5378 1028 5430 Deus
1072 5375 1291 5445 (Psalm.
1340 5374 1525 5445 xcvr)?
1562 5373 1618 5428 Si
1658 5370 1848 5427 unitas

217 5482 329 5521 non
353 5473 454 5538 est,
497 5486 673 5541 quare
709 5485 865 5538 cum,
902 5472 1042 5525 Deus
1092 5469 1259 5524 tertio
1287 5468 1655 5536 nominasset,
1690 5467 1845 5521 bene-

217 5559 378 5627 dicat,
408 5568 466 5618 et
490 5579 628 5633 non,
660 5562 1016 5634 benedicant,
1046 5562 1306 5635 adjunxit
1327 5564 1355 5618 ?
1383 5562 1439 5618 Si
1466 5559 1707 5617 Trinitas
1733 5575 1848 5613 non

219 5660 319 5729 est,
358 5673 458 5714 cur
482 5658 650 5754 Isaias
693 5658 881 5713 denuo
927 5658 1116 5714 dixit:
1157 5660 1378 5714 Domine
1422 5660 1560 5712 Deus
1601 5654 1847 5719 sabaoth,

1948 1237 2002 1293 Si
2030 1238 2216 1292 unitas
2242 1254 2359 1293 non
2383 1241 2485 1308 est,
2512 1254 2687 1310 quare
2716 1257 2731 1293 :
2759 1242 2857 1309 qui
2877 1242 3045 1304 sedes,
3066 1240 3228 1308 dixit,
3251 1245 3309 1296 et
3331 1258 3447 1296 non
3477 1242 3578 1313 qui

1948 1331 2171 1399 sedetis,
2186 1336 2243 1385 et
2255 1331 2513 1403 adjunxit
2535 1330 2744 1404 [Labb.,
2765 1332 3060 1406 abstruxit]
3076 1335 3105 1388 ?
3131 1334 3187 1389 Si
3204 1334 3443 1390 Trinitas
3462 1351 3579 1391 non

1948 1430 2050 1495 est,
2082 1441 2255 1497 quare
2284 1424 2344 1481 in
2369 1427 2697 1498 Regnorum
2740 1426 2885 1481 libro
2931 1426 3154 1496 dicitur,
3201 1431 3420 1483 Domine
3444 1431 3583 1485 Deus

1948 1521 2295 1589 omnipotens,
2336 1523 2474 1574 Deus
2510 1522 2700 1584 Israel,
2735 1535 2996 1575 sermones
3038 1523 3120 1575 tui
3152 1522 3335 1591 ﬁdeles
3359 1526 3487 1577 sunt
3511 1524 3587 1593 (Π

1947 1615 2076 1680 Reg.
2108 1628 2205 1680 vn,
2236 1614 2321 1667 ΙΗ
2352 1616 2482 1682 Reg.
2511 1614 2667 1685 vm)?
2692 1613 2747 1668 Si
2771 1613 2956 1667 unitas
2988 1629 3103 1667 non
3130 1619 3232 1683 est,
3271 1630 3446 1685 quare
3473 1618 3578 1680 tui,

1948 1704 2173 1776 dicitur,
2204 1711 2261 1761 et
2286 1723 2425 1773 non,
2454 1707 2644 1774 vestri,
2680 1706 2868 1777 potius
2894 1706 3227 1761 intimetur?
3253 1707 3309 1762 Si
3337 1708 3580 1764 Trinitas

1946 1815 2063 1853 non
2088 1804 2188 1868 est,
2220 1816 2323 1854 cur
2350 1800 2409 1853 in
2452 1800 2672 1871 psalmo
2702 1816 2833 1855 Lvm
2870 1802 3168 1855 cantatur:
3202 1803 3420 1857 Domine
3444 1806 3583 1860 Deus

1946 1897 2231 1956 virtutum,
2280 1896 2418 1948 Deus
2454 1894 2641 1956 Israel,
2682 1894 2899 1948 intende
2940 1894 3016 1948 ad
3055 1895 3364 1950 visitandas
3406 1911 3584 1952 omnes

1948 1989 2169 2057 gentes?
2209 1986 2265 2042 Si
2312 1987 2497 2041 unitas
2526 2003 2641 2041 non
2684 1993 2788 2057 est,
2829 2003 3004 2058 quare
3047 1989 3264 2043 intende
3289 1989 3497 2059 posuit,
3526 1994 3583 2044 et

1947 2097 2083 2150 non,
2112 2080 2406 2150 intendite,
2435 2085 2499 2135 ut
2535 2080 2870 2151 praedicatus
2898 2084 3002 2149 est,
3026 2080 3307 2135 intimavit
3325 2082 3353 2136 ?
3378 2082 3433 2137 Si
3459 2083 3578 2137 Tri-

1947 2175 2092 2229 nitas
2116 2190 2231 2228 non
2256 2178 2359 2241 est,
2387 2191 2561 2245 quare
2587 2174 2647 2228 in
2667 2173 3000 2245 Apocalypsi
3024 2173 3191 2228 tertio
3214 2174 3358 2229 dixit
3394 2192 3408 2229 :
3437 2178 3581 2233 Sana

1947 2274 2081 2333 ctus,
2093 2272 2328 2331 sanctus,
2342 2272 2580 2331 sanctus,
2597 2271 2847 2323 Dominus
2866 2272 3002 2323 Deus
3014 2269 3361 2339 omnipotens,
3377 2272 3474 2339 qui
3484 2276 3582 2335 est,

1948 2367 1999 2417 et
2011 2364 2107 2431 qui
2118 2366 2235 2416 erat
2252 2360 2437 2431 (Apoc.
2468 2361 2579 2432 1v)?
2609 2361 2663 2416 Si
2682 2360 2870 2415 unitas
2884 2376 2999 2414 non
3020 2364 3124 2428 est,
3138 2376 3312 2432 quare
3328 2378 3463 2432 non,
3483 2363 3584 2434 qui

1948 2460 2100 2523 sunt,
2128 2453 2440 2526 pluraliter,
2472 2454 2590 2521 sed,
2607 2457 2704 2524 qui
2716 2459 2854 2517 erat,
2883 2453 3239 2524 designavit?
3262 2453 3319 2509 Si
3339 2455 3581 2511 Trinitas

1949 2565 2068 2604 non
2098 2553 2198 2617 est,
2230 2564 2407 2619 quare
2432 2548 2493 2602 in
2527 2547 2963 2603 Deuteronomio
2993 2548 3207 2602 dictum
3236 2551 3322 2603 est
3349 2565 3363 2603 :
3398 2552 3583 2605 Domi-

1947 2658 2048 2698 nus
2071 2646 2211 2698 Deus
2240 2647 2394 2705 tuus,
2437 2645 2574 2697 Deus
2612 2644 2912 2698 misericors
2957 2647 3054 2705 est,
3107 2646 3160 2696 et
3192 2642 3379 2697 audiet
3409 2659 3587 2700 vocem

1950 2742 2101 2792 tuam
2131 2736 2365 2806 (Deuter.
2396 2736 2508 2807 1v)?
2534 2736 2589 2791 Si
2616 2736 2801 2791 unitas
2821 2752 2940 2790 non
2964 2739 3066 2805 est,
3089 2752 3265 2807 quare
3284 2738 3472 2793 audiet
3488 2755 3585 2809 po-

1949 2830 2081 2897 suit,
2116 2833 2172 2884 et
2205 2846 2320 2883 non
2358 2830 2609 2900 audient,
2640 2828 2959 2885 intimavit?
2985 2829 3040 2885 Si
3065 2829 3307 2884 Trinitas
3334 2847 3450 2886 non
3478 2837 3584 2897 est,

1950 2940 2125 2996 quare
2147 2924 2208 2977 in
2233 2924 2362 2978 Jesu
2388 2924 2534 2979 Nave
2559 2924 2764 2978 dicitur
2788 2923 2933 2977 libro
2957 2939 2970 2978 :
3008 2926 3266 2980 Dominus
3288 2928 3428 2981 Deus
3455 2926 3582 2982 deo-

1948 3034 2070 3073 rum
2096 3022 2177 3073 est
2198 3017 2370 3089 (Iosue
2396 3035 2470 3087 11;
2499 3022 2654 3073 Deut.
2684 3019 2782 3099 x)?
2815 3017 2873 3073 Si
2910 3017 3098 3071 unitas
3126 3034 3243 3073 non
3277 3023 3378 3086 est,
3408 3036 3583 3091 quare

1949 3117 2045 3175 est,
2077 3112 2240 3179 dixit,
2270 3117 2325 3167 et
2361 3130 2498 3181 non,
2544 3118 2697 3180 sunt,
2726 3129 2883 3167 more
2913 3111 3215 3166 locutionis
3240 3112 3501 3169 induxit?
3530 3115 3587 3171 Si

1948 3206 2191 3262 Trinitas
2226 3224 2343 3262 non
2383 3212 2485 3277 est,
2525 3223 2701 3278 quare
2722 3207 2869 3260 Elias
2897 3207 3109 3260 orando
3131 3206 3232 3277 (ΠΙ
3249 3211 3379 3278 Reg.
3406 3209 3582 3280 xvm),

1949 3304 2190 3366 Domine,
2218 3284 2449 3365 domine,
2486 3302 2696 3357 domine
2730 3305 2867 3357 Deus
2891 3301 3080 3365 Israel,
3116 3302 3328 3357 ostende
3370 3304 3501 3372 quia
3527 3308 3588 3358 tu

1950 3411 2001 3451 es
2030 3400 2167 3451 Deus
2194 3411 2364 3459 meus,
2397 3395 2582 3451 dixit?
2609 3395 2668 3450 Si
2694 3395 2884 3450 unitas
2907 3411 3024 3449 non
3049 3400 3153 3463 est,
3182 3412 3376 3468 quare,
3406 3401 3583 3453 osten-

1949 3491 2034 3553 de,
2063 3494 2121 3544 et
2157 3506 2277 3544 non
2314 3489 2610 3558 ostendite,
2657 3470 2886 3560 posuit?
2928 3489 2982 3545 Si
3028 3490 3268 3545 Trinitas
3311 3506 3427 3545 non
3476 3494 3584 3560 est,

1949 3600 2051 3638 cur
2078 3583 2459 3638 Mardochaaus
2490 3582 2700 3638 orando
2731 3583 2956 3652 (Esther.
2985 3588 3122 3654 xm),
3152 3586 3391 3647 Domine,
3409 3584 3583 3639 domi-

1947 3694 2012 3732 ne
2032 3682 2168 3733 Deus
2186 3680 2535 3748 omnipotens,
2557 3679 2739 3732 omnia
2757 3679 2816 3731 in
2828 3681 3093 3747 potestate
3121 3682 3215 3732 tua
3237 3681 3385 3741 sunt,
3408 3677 3586 3732 dixit?

1948 3771 2003 3827 Si
2031 3771 2220 3826 unitas
2242 3788 2360 3826 non
2402 3776 2506 3840 est,
2555 3786 2731 3842 quare
2769 3772 2829 3823 in
2872 3774 2966 3825 tua
3014 3770 3222 3840 posuit,
3266 3775 3323 3825 et
3363 3787 3481 3825 non
3520 3770 3585 3825 in

1948 3867 2150 3933 vestra,
2206 3864 2488 3936 signavit?
2541 3864 2600 3919 Si
2649 3863 2890 3918 Trinitas
2932 3880 3049 3918 non
3100 3868 3204 3933 est,
3258 3880 3360 3918 cur
3408 3864 3583 3920 etiam

1946 3959 2142 4014 Iudith
2169 3960 2383 4014 orando
2412 3958 2557 4014 dixit
2586 3974 2599 4013 :
2629 3960 2845 4014 Domine
2868 3961 3006 4013 Deus
3030 3960 3267 4013 omnium
3291 3960 3581 4022 virtutum,

1946 4056 2144 4124 respice
2183 4056 2242 4108 in
2280 4056 2576 4109 orationem
2624 4068 2799 4108 meam
2859 4053 3083 4123 (Iudith.
3133 4052 3245 4123 1x)?
3288 4052 3345 4107 Si
3395 4053 3585 4107 unitas

1946 4164 2063 4203 non
2091 4152 2194 4215 est,
2243 4164 2439 4220 quare,
2490 4150 2710 4219 respice,
2756 4147 2964 4218 posuit,
3012 4150 3070 4201 et
3114 4163 3250 4216 non,
3298 4145 3580 4218 respicite,

1946 4242 2297 4313 designavit?
2336 4242 2393 4297 Si
2430 4240 2669 4295 Trinitas
2710 4258 2825 4296 non
2869 4245 2973 4310 est,
3026 4256 3201 4312 quare
3238 4240 3300 4295 in
3342 4240 3585 4296 Ieremia

1946 4336 2171 4406 dicitur,
2198 4338 2455 4392 Dominus
2492 4340 2629 4392 Deus
2664 4340 2837 4392 vester
2872 4339 3008 4392 Deus
3050 4351 3220 4389 veram
3247 4338 3325 4389 est
3369 4334 3578 4404 (Jerem.

1946 4432 2037 4503 x)?
2064 4431 2119 4486 Si
2147 4430 2336 4501 unitas
2362 4447 2478 4485 non
2504 4435 2607 4499 est,
2637 4447 2831 4501 quare,
2854 4446 3023 4485 veram
3045 4433 3142 4492 est,
3174 4427 3338 4495 dixit,
3365 4433 3422 4483 et
3442 4444 3578 4497 non,

1946 4541 2191 4595 veraces,
2215 4526 2401 4597 potius
2426 4523 2750 4579 intimavit?
2779 4523 2835 4578 Si
2865 4522 3106 4577 Trinitas
3132 4536 3249 4575 non
3273 4524 3376 4590 est,
3405 4536 3583 4592 quare

1947 4619 2007 4674 in
2031 4618 2364 4690 Apocalypsi
2389 4617 2663 4689 scriptum
2688 4619 2775 4671 est
2805 4633 2818 4670 :
2856 4618 3115 4671 Dominus
3152 4617 3291 4670 Deus
3333 4618 3386 4668 et
3411 4617 3579 4685 spiri-

1948 4720 2033 4769 tus
2053 4713 2446 4783 prophetarum
2468 4712 2619 4765 misit
2641 4709 2893 4779 angelum
2909 4724 3083 4775 suum,
3117 4708 3390 4763 ostendere
3413 4710 3581 4764 servis

1943 4810 2058 4863 suis
2092 4821 2211 4876 quae
2230 4809 2435 4875 oportet
2456 4806 2578 4873 ﬁeri
2593 4806 2694 4858 cito
2723 4802 2909 4873 (Apoc.
2938 4802 3017 4874 1)?
3037 4801 3093 4858 Si
3120 4801 3305 4857 unitas
3328 4818 3447 4858 non
3475 4807 3577 4873 est,

1946 4916 2121 4974 quare
2150 4916 2280 4954 cum
2308 4900 2533 4952 Patrem
2559 4901 2615 4951 et
2639 4895 2841 4950 Filium
2862 4900 2919 4951 et
2943 4895 3216 4968 Spiritum
3236 4896 3578 4965 nominasse,

1945 4997 2094 5052 misit
2120 4995 2395 5055 Dominus,
2428 4989 2588 5061 dixit,
2617 4994 2674 5045 et
2695 5006 2831 5059 non,
2861 4989 3159 5059 miserunt,
3177 4990 3281 5044 sub
3302 4992 3583 5062 praetextu

1944 5089 2121 5145 trium
2131 5102 2500 5159 personarum
2513 5089 2568 5139 et
2580 5083 2883 5139 nominum
2892 5082 3210 5138 introduxit
3220 5084 3247 5138 ?
3268 5083 3323 5138 Si
3338 5083 3582 5138 Trinitas

1946 5199 2061 5237 non
2088 5187 2190 5252 est,
2223 5196 2399 5252 quare
2440 5179 2501 5232 in
2544 5175 2978 5233 Deuteronomio
3020 5174 3228 5230 dicitur
3268 5193 3282 5229 :
3327 5179 3583 5231 Dominus

1946 5281 2085 5333 Deus
2112 5279 2285 5331 vester
2309 5276 2394 5329 hic
2418 5277 2514 5336 est,
2542 5276 2677 5327 Deus
2707 5270 2881 5341 (Deut.
2908 5269 3003 5340 x)?
3037 5268 3094 5323 Si
3118 5266 3306 5322 unitas
3330 5284 3449 5322 non
3475 5272 3581 5338 est,

1947 5386 2142 5443 quare,
2170 5372 2270 5426 Hic
2295 5372 2390 5438 est,
2421 5366 2582 5435 dixit,
2609 5371 2822 5432 etnon,
2846 5363 2907 5418 hi
2929 5365 3080 5429 sunt,
3102 5359 3311 5431 plurali
3335 5376 3580 5417 numero

1948 5463 2295 5537 designavit?
2321 5462 2379 5518 Si
2407 5460 2648 5517 Trinitas
2686 5474 2805 5514 non
2833 5460 2936 5527 est,
2967 5469 3143 5527 quare
3172 5453 3234 5507 in
3264 5454 3466 5509 eodem
3490 5454 3580 5511 di-

1948 5558 2094 5614 citur
2120 5557 2263 5613 libro
2296 5573 2311 5612 :
2342 5558 2596 5614 Domi-nus
2621 5557 2759 5610 Deus
2790 5555 2911 5607 tuus
2933 5592 2950 5614 ,
2982 5553 3118 5605 Deus
3145 5562 3376 5616 magnus
3402 5552 3455 5603 et
3478 5563 3585 5620 po-

1950 5657 2061 5710 tens
2087 5657 2164 5709 est
2192 5650 2374 5726 (Ibid.)
2386 5651 2414 5707 ?
2430 5650 2491 5707 Si
2513 5648 2699 5706 unitas
2713 5662 2829 5702 non
2849 5648 2951 5714 est,
2970 5656 3166 5714 quare,
3177 5655 3409 5710 magnus
3419 5645 3472 5697 et
3481 5656 3585 5714 po.

293 5808 318 5840 ⁸
343 5811 497 5869 Falsa
523 5817 580 5869 et
602 5811 998 5869 commentitia
1023 5812 1095 5867 ab
1118 5813 1322 5870 eodem
1347 5814 1653 5871 Mercatore
1681 5811 1931 5884 farrago.
1953 5811 2120 5867 [Λευ.
