4006 6238
563 329 665 381 675
1536 324 1788 377 SANCTA
1828 319 2296 387 RADEGUNDUS,
2341 321 2586 377 REGINA
2627 319 2954 376 FRANCIE.
3854 309 3967 362 67f)

561 436 720 490 cibus
757 450 954 489 earum
993 450 1123 488 cum
1165 431 1566 486 contestatione
1607 432 1795 486 divina
1827 447 1994 485 suum
2041 447 2195 484 com-
2223 431 2440 516 Aillud
2468 433 2736 502 signaret,
2769 430 2958 501 aliqua
2993 428 3062 482 de
3099 425 3385 481 sororibus
3423 426 3564 480 vidit
3598 439 3781 495 supra
3815 436 3961 475 mu-

562 529 853 591 mendavit
880 527 1314 582 monasterium.
1807 571 1834 593 ,
2299 541 2429 579 rum
2468 525 2641 579 millia
2685 523 2927 578 millium
2967 522 3291 576 daemonum
3331 521 3391 574 in
3421 519 3610 590 specie
3638 530 3968 588 caprarum

635 627 724 677 20.
757 624 885 676 Post
923 623 1026 675 hoc
1063 621 1277 674 donum
1312 618 1530 673 cceleste
1570 621 1865 690 acceptum
1893 617 2200 673 transmisit
2298 625 2479 673 astare
2520 636 2532 672 :
2578 618 2674 672 ubi
2725 622 2915 672 sancta
2971 617 3262 670 dexteram
3312 615 3540 669 beatam
3595 628 3733 667 cum
3787 610 3969 679 signo

563 717 726 772 beata
768 716 966 769 missos
1011 730 1160 779 suos,
1209 711 1596 782 supradictum
1625 713 2039 784 presbyterum,
2069 729 2199 766 cum
2301 713 2479 768 crucis
2508 712 2760 778 elevavit,
2796 710 2978 766 omnis
3011 711 3104 764 illa
3146 708 3453 764 multitudo
3484 709 3828 764 daemonum
3864 704 3965 757 fu-

565 811 709 879 aliis,
742 810 811 862 ad
843 810 1248 878 imperatorem
1276 822 1407 859 cum
1435 805 1678 876 simplici
1701 807 2036 861 vestimento
2069 823 2197 877 gra-
2303 812 2430 879 gata
2458 821 2740 876 nusquam
2764 804 3104 876 comparuit.

566 904 674 957 tias
689 919 872 973 agere.
903 903 961 954 ln
983 900 1275 954 redeundo
1304 899 1473 970 ccepit
1496 916 1655 954 mare
1683 901 1948 954 ﬂuctibus
1963 900 2076 971 agi,
2104 899 2201 954 ubi
2373 904 2460 956 23.
2485 898 2663 956 Simili
2689 899 2856 953 modo
2882 899 3020 952 dum
3045 902 3176 952 ante
3207 913 3368 951 suam
3391 895 3590 950 cellam
3613 899 3782 949 nocte
3805 895 3972 946 asta-

567 1001 699 1051 sunt
731 996 908 1048 multa
950 994 1200 1065 pericula
1226 994 1394 1064 passi,
1427 995 1702 1064 procellas
1732 994 1942 1048 scilicet
1972 999 2030 1048 et
2055 999 2199 1048 tem-
2303 1001 2408 1064 ret,
2438 1009 2661 1064 semper
2687 993 2853 1046 corde
2879 997 2935 1046 et
2962 993 3020 1046 in
3049 1008 3145 1045 ore
3172 1007 3401 1045 cursum
3428 989 3757 1056 decantans,
3797 986 3971 1040 intra

563 1094 825 1161 pestates,
856 1089 1022 1160 quale
1045 1105 1104 1142 se
1122 1104 1422 1158 nunquam
1449 1088 1654 1143 vidisse
1678 1088 2035 1156 fatebantur;
2069 1104 2204 1158 qua-

566 1184 827 1254 draginta
874 1183 1074 1237 diebus
1112 1187 1168 1236 et
1205 1182 1580 1252 quadraginta
1620 1181 1876 1235 noctibus
1918 1181 1979 1236 in
2017 1181 2204 1236 medio

567 1278 710 1332 mari
741 1277 898 1331 navis
927 1293 1125 1330 eorum
1151 1275 1402 1346 periculo
1448 1276 1794 1346 subjacebat.
1834 1277 1956 1329 Jam
1987 1275 2056 1328 de
2091 1275 2207 1330 vita

568 1373 926 1443 desperantes
971 1376 1214 1424 mortem
1257 1387 1377 1440 prae
1415 1370 1591 1423 oculis
1639 1369 1932 1438 habentes,
1964 1368 2113 1422 inter
2148 1385 2206 1422 se

567 1483 764 1538 pacem
783 1466 1066 1530 facientes,
1090 1464 1222 1535 quia
1233 1463 1356 1532 jam
1378 1479 1474 1518 eos
1500 1479 1656 1517 mare
1683 1463 1984 1516 absorbere
2009 1462 2204 1533 cupie-

2303 1105 2505 1143 arcana
2533 1089 2717 1142 cordis
2747 1086 2834 1140 sui
2864 1091 3074 1140 secrete
3099 1085 3255 1156 jugis
3285 1085 3408 1138 laus
3449 1083 3542 1137 Dei
3571 1079 3968 1153 personabat,

2303 1186 2576 1237 nocturna
2614 1181 2748 1249 avis,
2781 1196 2910 1251 quas
2953 1179 3280 1233 hominibus
3316 1183 3402 1232 est
3435 1177 3682 1248 ingrata,
3727 1173 3959 1228 vocife-

2307 1293 2436 1331 rans
2476 1277 2534 1330 in
2571 1275 2758 1330 medio
2804 1273 3147 1328 monasterio
3191 1272 3246 1325 in
3275 1272 3476 1325 arbore
3517 1287 3575 1324 se
3615 1268 3968 1325 infestabat.

2308 1370 2449 1425 Dicit
2470 1371 2540 1424 ad
2567 1386 2692 1424 eam
2721 1386 2836 1424 una
2878 1368 2946 1422 de
2997 1365 3347 1420 astantibus:
3395 1364 3628 1418 Domina
3663 1363 3864 1430 beata,
3925 1360 3972 1412 si

2300 1463 2488 1534 jubes,
2533 1463 2591 1516 in
2636 1462 2806 1517 verbo
2849 1466 2946 1515 tuo
2988 1459 3148 1530 ejicio
3190 1475 3373 1512 avem.
3421 1458 3555 1519 Qua
3601 1455 3740 1511 dicit
3765 1455 3822 1510 ei
3859 1470 3875 1506 :
3913 1453 3973 1507 Si

569 1560 683 1628 bat,
716 1576 773 1614 se
801 1558 1052 1613 videntes
1087 1557 1147 1610 in
1185 1561 1339 1610 tanto
1381 1557 1656 1627 periculo,
1703 1573 1864 1611 voces
1891 1557 1961 1610 ad
2004 1557 2208 1610 coalum
2307 1561 2490 1626 nocet,
2519 1556 2576 1610 in
2602 1556 2831 1610 nomine
2860 1553 3087 1608 Domini
3114 1552 3273 1621 vade,
3303 1550 3678 1605 nihilominus
3715 1549 3970 1619 signum

570 1653 780 1707 dabant
805 1653 1110 1706 clamantes
1135 1668 1199 1704 ac
1225 1650 1475 1706 dicentes
1508 1668 1521 1704 :
1549 1651 1784 1704 Domina
1822 1650 2204 1721 Radegundis,
2308 1651 2487 1706 crucis
2511 1666 2680 1721 super
2709 1664 2838 1704 eam
2885 1647 3112 1702 faciens.
3154 1645 3477 1700 Ambulavit
3513 1645 3770 1714 dixitque
3815 1642 3916 1694 avi
3952 1658 3964 1693 :

572 1747 805 1800 subveni
850 1745 1023 1799 servis
1056 1746 1166 1799 tuis
1205 1762 1217 1798 :
1255 1746 1392 1799 dum
1425 1745 1526 1799 tibi
1565 1744 1880 1812 obedimus,
1929 1744 2210 1798 submersi
2314 1747 2372 1798 ln
2401 1745 2632 1799 nomine
2668 1743 2888 1802 Domini
2913 1740 3094 1796 nostri
3121 1741 3249 1794 Jesu
3295 1738 3504 1793 Christi
3525 1737 3688 1808 jubet
3715 1735 3968 1791 domina

571 1856 687 1893 non
712 1855 1052 1910 pereamus;
1083 1839 1260 1892 libera
1298 1855 1401 1891 nos
1439 1837 1508 1891 de
1553 1837 1749 1892 mortis
1787 1837 2037 1907 periculo
2081 1818 2287 1907 quiaB
2313 1837 2694 1909 Radegundis,
2740 1837 2787 1891 si
2835 1853 2950 1891 non
2983 1851 3052 1890 ex
3078 1833 3174 1888 Dei
3204 1837 3362 1905 parte
3400 1831 3620 1901 venisti,
3649 1835 3717 1884 ut
3745 1830 3819 1884 ab
3848 1829 3967 1883 hoc

567 1933 688 2004 jam
717 1949 870 1986 mare
908 1934 1172 2002 paratum
1203 1935 1286 1986 est
1311 1936 1374 1986 ut
1413 1948 1514 1984 nos
1543 1930 1696 1984 vivos
1723 1930 2040 1984 absorbeat.
2077 1931 2209 1984 Ubi-

575 2042 798 2098 cunque
827 2025 1083 2079 invocata
1109 2024 1268 2079 fuisti
1299 2024 1530 2079 miserta
1557 2041 1638 2088 es,
1667 2041 1818 2079 nunc
1860 2026 2063 2096 adjuva
2086 2029 2212 2079 tuos

574 2132 646 2170 ne
668 2119 921 2186 pereant.
948 2115 1031 2168 Ad
1056 2115 1157 2168 has
1182 2131 1344 2169 voces
1372 2114 1432 2168 in
1458 2114 1644 2169 medio
1670 2115 1817 2168 mari
1852 2115 2078 2169 advenit
2115 2130 2208 2168 co-

571 2209 938 2286 lumba,.quae
967 2209 1270 2280 ter:navem
1298 2225 1496 2263 eorum
1514 2208 1869 2278 circumiens,
1893 2209 2070 2279 tertia
2095 2209 2212 2263 vice

574 2303 634 2357 in
664 2303 896 2357 nomine
927 2303 1209 2357 Trinitatis
1243 2319 1418 2374 quam
1446 2303 1610 2357 beata
1647 2318 1868 2374 semper
1910 2303 2076 2356 corde
2123 2303 2208 2356 di-

475 2411 486 2417 ‘
576 2397 735 2464 lexit,
766 2413 898 2451 cum
923 2397 1151 2462 volaret,
1181 2412 1372 2450 servus
1396 2396 1576 2450 beatae
1603 2397 1816 2467 reginae
1848 2396 2078 2450 nomine
2115 2397 2211 2450 Ba-

580 2490 784 2544 nisaios
819 2490 1071 2544 extendit
1113 2506 1368 2558 manum,
1409 2490 1478 2544 de
1525 2489 1702 2544 cauda
1756 2491 1877 2561 ejus
1923 2495 2036 2544 tres
2085 2490 2215 2544 tulit

581 2600 812 2654 pennas,
843 2600 980 2654 quas
1009 2583 1153 2637 mari
1183 2583 1514 2654 intinguens
1541 2586 1935 2654 tempestatem
1956 2601 2211 2655 compes-

579 2678 694 2731 cuit
724 2683 780 2733 et
806 2678 877 2732 ad
913 2677 1324 2732 invocationem
1372 2678 1618 2732 nominis
1645 2677 1825 2733 beatae
1852 2678 2215 2750 Radegundis

582 2771 844 2826 columba
868 2788 996 2842 quae
1027 2772 1312 2843 apparuit,
1343 2772 1466 2842 ejus
1499 2772 1743 2826 famulos
1788 2771 1856 2826 de
1904 2772 2102 2826 mortis
2121 2773 2210 2842 ja-

581 2883 694 2922 nua
719 2866 849 2920 vitae
880 2866 1142 2932 reddidit,
1166 2869 1221 2919 et
1241 2866 1387 2920 facta
1415 2882 1475 2920 es
1519 2866 1898 2936 tranquillitas
1929 2883 2137 2937 magna
2157 2867 2216 2920 in

580 2960 766 3015 medio
793 2959 960 3014 mari.
991 2959 1075 3013 llli
1103 2975 1233 3013 vero
1258 2960 1366 3013 alta
1410 2975 1543 3014 voce
1579 2960 1882 3014 clamantes
1908 2959 2168 3015 dicebant
2197 2978 2210 3015 :

580 3054 886 3124 Advenisti,
918 3055 1068 3108 bona
1093 3054 1340 3120 domina,
1369 3054 1575 3124 pietate
1602 3054 1786 3124 plena,
1814 3059 1942 3109 tuos
1967 3054 2216 3124 captivos

583 3149 802 3220 eripere
831 3165 903 3204 ne
945 3149 1208 3203 ﬂuctibus
1249 3152 1667 3218 mergerentur.
1696 3148 1781 3202 Ad
1828 3148 1950 3218 ejus
1991 3148 2214 3202 invoca-

582 3243 798 3298 tionem
829 3259 945 3298 non
975 3247 1199 3298 tantum
1223 3242 1331 3312 sui,
1361 3242 1461 3296 sed
1488 3258 1685 3296 omnes
1712 3242 2083 3296 suntliberati
2113 3259 2218 3313 per

583 3337 852 3392 virtutem
865 3337 1041 3408 ipsius
1062 3337 1285 3391 domnae
1305 3335 1682 3406 Hadegundis.
1707 3338 1855 3406 lpsas
1874 3353 2093 3407 pennas
2106 3337 2216 3391 huc

583 3431 908 3500 attulerant,
937 3435 993 3485 et
1019 3429 1316 3485 fabricatas
1329 3429 1435 3500 ipsi
1465 3430 1567 3501 qui
1592 3430 1660 3484 de
1698 3435 1883 3484 morte
1909 3435 2041 3484 sunt
2075 3430 2214 3485 libe-

584 3525 709 3592 rati,
754 3541 856 3595 per
895 3526 1014 3579 loca
1048 3529 1241 3578 sancta
1293 3524 1479 3578 devoti
1521 3524 1819 3578 dederunt.
1868 3524 2217 3596 Ubicumque

584 3617 840 3673 invocata
867 3618 1058 3688 fuerit,
1088 3618 1334 3688 benigne
1360 3618 1621 3686 exaudit;
1661 3617 1708 3671 si
1745 3616 2090 3684 febricitans,
2120 3623 2220 3674 aut

581 3712 872 3785 pustulam
897 3713 1132 3782 habens,
1162 3717 1260 3766 aut
1282 3728 1315 3765 a
1342 3727 1679 3782 quacunque
1706 3716 1896 3765 tentus
1915 3711 2214 3768 inﬁrmita-

584 3811 660 3876 te,
682 3823 786 3878 pro
811 3806 1110 3877 interjecto
1135 3805 1562 3877 longinquitatis
1586 3811 1752 3861 terrae
1779 3805 1959 3876 spatio
1989 3806 2056 3860 ad
2095 3823 2219 3861 eam

583 3901 775 3956 venire
810 3917 926 3955 non
972 3900 1268 3971 potuisset,
1317 3900 1550 3954 candela
1588 3899 1648 3954 in
1698 3899 1819 3970 ejus
1863 3900 2095 3954 nomine
2124 3917 2216 3955 ac-

583 4010 748 4049 censa
772 4011 1001 4049 omnem
1027 3994 1243 4049 febrem
1263 3992 1501 4065 depulit.

655 4092 744 4144 2i.
779 4091 1067 4152 Quantum
1097 4104 1255 4141 suam
1282 4087 1784 4158 congregationem
1811 4087 2071 4143 dilexerit
2095 4087 2220 4160 quis

585 4187 743 4243 eﬂ'ari
773 4186 989 4241 valeat?
1018 4203 1121 4242 nec
1151 4186 1198 4240 si
1221 4191 1458 4242 centeno
1485 4187 1673 4242 sonitu
1697 4187 1911 4258 linguas
1940 4187 2220 4259 plectrum

585 4285 809 4336 moveat
841 4281 947 4335 hoc
989 4281 1214 4351 explere
1254 4281 1423 4337 valet.
1453 4281 1701 4336 Instituit
1736 4286 1818 4348 ut,
1859 4282 1997 4336 dum
2022 4281 2217 4337 reﬁce-

585 4380 730 4444 rent,
761 4390 986 4446 semper
1009 4374 1172 4430 lectio
1211 4376 1516 4446 legeretur,
1553 4379 1620 4430 ut
1662 4392 1776 4431 non
1809 4375 1993 4430 solum
2035 4375 2221 4431 fauces

584 4468 861 4540 accipiant
907 4469 1120 4540 cibum,
1155 4470 1252 4525 sed
1300 4475 1356 4524 et
1379 4485 1542 4524 aures
1573 4471 1809 4525 audiant
1836 4470 1934 4525 Dei
1962 4470 2218 4525 verbum.

2237 3193 2292 3266 C

2310 1932 2431 1986 loco
2457 1931 2723 1997 discedas,
2751 1935 2806 1984 et
2835 1929 3061 2000 penitus
3089 1928 3181 1981 hic
3209 1931 3436 1982 cantare
3464 1942 3578 1979 non
3604 1939 3961 1995 praesumas.

2311 2027 2603 2096 Tanquam
2636 2024 2682 2078 si
2732 2041 2802 2080 ex
2833 2040 2929 2077 ore
2961 2022 3062 2077 Dei
3089 2023 3371 2092 prolatum
3413 2020 3661 2074 audisset
3688 2018 3964 2084 verbum,

2312 2119 2467 2174 dedit
2495 2119 2742 2172 volatum
2767 2121 2824 2172 et
2849 2133 3130 2187 nusquam
3157 2114 3492 2185 comparuit.
3521 2113 3712 2166 Merito
3741 2111 3796 2166 ei
3823 2126 3969 2164 aves

2314 2217 2372 2267 et
2401 2213 2595 2267 bestia:
2622 2211 2913 2276 obediunt,
2943 2210 3076 2282 quia
3106 2209 3203 2263 illa
3228 2223 3526 2279 nunquam
3550 2205 3831 2278 praeteriit
3857 2206 3968 2258 Do-

2313 2305 2450 2360 mini
2486 2304 2717 2361 obedire
2744 2306 3049 2375 praecepto.

2384 2399 2474 2455 24.
2504 2401 2572 2453 Et
2597 2399 2641 2452 si
2662 2415 2764 2470 pro
2791 2397 3120 2452 inﬁrmitate
3149 2394 3444 2467 aliquoties
3471 2393 3826 2465 requiescere
3859 2409 3959 2445 vo-

2313 2493 2529 2562 luisset,
2554 2492 2755 2564 spiritu
2781 2491 3040 2562 vigilanti
3067 2490 3307 2558 dicebat,
3337 2494 3607 2560 tanquam
3634 2487 3965 2541 admonens

2315 2604 2442 2642 eam
2479 2603 2608 2658 quae
2633 2586 2918 2658 psalmum
2944 2584 3162 2639 dicebat
3191 2601 3204 2638 :
3238 2586 3376 2654 Age,
3400 2583 3508 2638 dic.
3538 2582 3688 2636 Nulli
3708 2580 3964 2635 dubium

2315 2686 2399 2736 est
2418 2681 2570 2752 quod
2598 2679 2928 2752 spiritaliter
2953 2695 3084 2734 cum
3115 2677 3323 2732 sanctis
3358 2676 3651 2748 psallebat,
3673 2681 3772 2729 aut
3798 2679 3960 2728 certe

2318 2791 2420 2830 nec
2445 2791 2611 2845 sopor
2635 2789 2761 2828 eam
2789 2772 3108 2844 superabat.
3138 2773 3290 2826 Meus
3315 2771 3533 2824 intenta
3557 2769 3630 2823 ad
3661 2768 3963 2824 Christum

2316 2870 2644 2940 frequenter
2666 2868 2839 2923 etiam
2865 2867 2928 2921 in
2953 2882 3154 2938 sopore
3179 2866 3378 2937 posita,
3416 2865 3484 2918 de
3515 2864 3710 2918 futuro
3735 2861 3964 2933 judicio

2317 2967 2374 3018 et
2399 2964 2467 3017 de
2505 2966 2716 3017 aeterno
2744 2961 2982 3033 praemio
3007 2959 3342 3031 praedicans,
3372 2957 3769 3029 expergefacta
3790 2955 3966 3009 nobis

2317 3057 2536 3112 dicebat
2555 3073 2566 3110 :
2583 3056 2857 3128 Colligite,
2878 3054 3126 3126 colligite
3146 3054 3398 3108 triticum
3421 3051 3794 3120 dominicum,
3821 3050 3968 3122 quia

2315 3168 2445 3206 vere
2465 3151 2588 3206 dico
2617 3151 2769 3204 vobis
2788 3166 2904 3204 non
2937 3149 3036 3204 diu
3057 3148 3165 3202 erit
3188 3152 3254 3202 ut
3272 3147 3565 3219 colligatis.
3587 3145 3782 3201 Videte
3802 3145 3965 3215 quod

2316 3245 2458 3313 dico,
2515 3243 2756 3315 colligite
2815 3243 2947 3314 quia
3023 3257 3153 3296 vere
3217 3240 3541 3313 quaesiturae
3605 3238 3740 3294 estis
3802 3238 3968 3292 istud

2315 3343 2567 3410 tempus;
2615 3355 2766 3407 vere,
2815 3354 2944 3392 vere
2994 3335 3316 3408 quaesitura;
3370 3335 3500 3390 estis
3539 3334 3674 3388 istos
3727 3332 3851 3388 dies
3911 3337 3967 3386 et

2317 3433 2478 3487 valde
2517 3433 2939 3488 desideraturae.
2974 3431 3134 3496 Quod
3185 3431 3289 3485 etsi
3320 3435 3457 3484 tunc
3494 3427 3721 3500 ignavia
3763 3431 3966 3481 nostra

2316 3527 2423 3581 hoc
2457 3526 2644 3598 tepide
2673 3525 2998 3598 accipiebat,
3024 3525 3148 3595 jam
3173 3527 3364 3580 tamen
3389 3539 3543 3578 nunc
3573 3521 3787 3577 venisse
3821 3538 3962 3591 pro-

2317 3621 2518 3675 bemus
2555 3620 2708 3692 quod
2744 3619 2904 3675 dixit.
2950 3620 3092 3674 lllud
3135 3618 3534 3691 propheticum
3573 3617 3634 3671 in
3658 3617 3825 3671 nobis
3859 3615 3966 3669 im-

2317 3716 2535 3786 pletum
2561 3719 2646 3770 est
2677 3731 2690 3770 :
2736 3717 2954 3770 Mittam
2980 3715 3126 3770 vobis
3150 3716 3352 3782 famem
3376 3716 3435 3766 in
3461 3717 3608 3767 terra
3633 3712 3818 3781 (Amos
3851 3715 3961 3780 vi);

2317 3809 2548 3879 famem,
2562 3808 2889 3880 inquit,non
2901 3809 3061 3880 panis
3079 3814 3136 3864 et
3147 3824 3310 3880 aqua:
3328 3807 3425 3862 sed
3437 3805 3702 3861 audiendi
3717 3806 3964 3860 verbum

2320 3903 2436 3958 Dei.
2481 3903 2634 3958 Licet
2675 3903 3103 3974 praedicationes
3146 3918 3286 3974 quas
3328 3900 3570 3956 instituit
3601 3900 3961 3968 recitentur;

2319 4002 2511 4052 tamen
2556 3997 2792 4052 cessavit
2848 3997 2942 4051 illa
2988 3995 3332 4051 incessabilis
3378 4012 3515 4063 vox,
3569 3993 3963 4048 desiderabilis

2319 4091 2649 4158 admonitio,
2664 4091 2842 4146 dulcis
2863 4091 3113 4146 affectus.
3142 4090 3282 4144 Nam
3297 4089 3525 4161 qualem
3543 4088 3785 4154 vultum,
3808 4089 3960 4142 Deus

2319 4185 2625 4257 plasmator
2650 4185 2833 4240 bone!
2865 4185 3094 4257 qualem
3119 4184 3342 4254 faciem,
3385 4184 3611 4254 qualem
3650 4198 3956 4254 personam

2321 4281 2542 4350 habuit,
2570 4280 2696 4351 quis
2739 4282 2922 4350 potest
2966 4296 3221 4352 unquam
3263 4279 3589 4350 exponere?
3616 4276 3728 4332 Sed
3751 4281 3810 4331 et
3852 4276 3956 4330 hoc

2323 4374 2605 4429 reminisci
2630 4375 2972 4445 supplicium
2995 4379 3098 4429 est.
3132 4375 3239 4428 Nos
3278 4389 3409 4427 vero
3454 4371 3702 4426 humiles
3743 4371 3959 4426 deside.

2322 4484 2513 4523 ramus
2539 4468 2601 4523 in
2622 4485 2687 4522 ea
2713 4467 3046 4537 doctrinam,
3078 4469 3341 4537 formam,
3368 4466 3607 4532 vultum,
3630 4481 3956 4536 personam,

583 4564 865 4636 Quidquid
909 4568 1008 4619 aut
1043 4565 1165 4619 aliis
1199 4564 1472 4635 praecepit
1509 4569 1608 4619 aut
1657 4565 1781 4635 ipsa
1817 4564 1971 4631 fecit,
2028 4564 2296 4644 omniaD
2319 4561 2630 4630 scientiam,
2659 4562 2950 4634 pietatem,
2986 4561 3318 4629 bonitatem,
3349 4560 3707 4615 dulcedinem
3737 4576 3749 4613 :
3781 4575 3957 4630 quam

584 4665 817 4731 propter
843 4660 1020 4714 Deum
1049 4674 1274 4729 semper
1298 4659 1578 4729 implevit.
1594 4658 1881 4730 Quidquid
1906 4662 2005 4713 aut
2024 4659 2217 4730 prohi-

582 4753 708 4808 buit
731 4754 874 4824 ﬁeri,
900 4759 999 4808 aut
1023 4754 1144 4824 ipsa
1171 4753 1367 4808 vitavit
1409 4753 1611 4824 facere,
1650 4753 1840 4808 omnia
1890 4753 1950 4807 in
1979 4753 2094 4808 zelo
2124 4752 2220 4808 Dei

584 4849 640 4898 et
667 4843 813 4897 nihil
843 4843 1142 4898 carnaliter
1169 4847 1268 4898 aut
1293 4843 1430 4915 egit,
1461 4847 1560 4896 aut
1589 4843 1797 4915 sapuit.
1831 4844 1897 4897 Et
1926 4842 2060 4913 quia
2079 4858 2222 4897 nun-

583 4954 757 5011 quam
783 4938 960 4992 otiosa
983 4938 1052 4992 ab
1079 4953 1252 5009 opere
1292 4937 1392 4992 Dei
1425 4953 1544 4992 esse
1572 4936 1764 5005 voluit,
1795 4935 2086 4991 insistebat
2117 4937 2222 4991 uti-

584 5049 696 5105 que
721 5031 979 5103 orationi,
1010 5032 1237 5088 lectioni
1263 5035 1320 5086 et
1354 5031 1740 5103 Veleemosynis
1778 5047 1841 5086 ac
1879 5030 2222 5102 pradicatio—

583 5128 750 5184 nibus
784 5128 1151 5196 incessanter,
1202 5125 1465 5180 omnibus
1509 5125 1732 5196 diebus,
1786 5129 1848 5180 ut
1884 5125 2036 5180 nulla
2077 5128 2223 5180 esset

581 5239 710 5295 quae
732 5238 790 5277 se
817 5222 886 5276 de
914 5221 1234 5292 ignorantia
1259 5223 1573 5276 excusaret.

655 5319 744 5372 22.
771 5317 1013 5371 Tantum
1041 5316 1286 5387 denique
1314 5315 1528 5370 donum
1557 5315 1616 5368 in
1643 5329 1700 5369 se
1732 5313 2012 5386 largiente
2030 5313 2220 5369 divina

584 5411 764 5484 gratia
792 5411 1010 5479 habuit,
1041 5415 1104 5466 ut
1133 5409 1466 5465 humilitatis
1512 5408 1850 5480 magistrum
1875 5409 1974 5480 qui
2001 5409 2071 5465 de
2095 5408 2221 5463 coeli

585 5506 720 5561 solio
745 5505 815 5560 ad
840 5510 1019 5561 terras
1050 5504 1338 5559 descendit
1365 5503 1660 5571 imitando,
1691 5503 1998 5558 Dominum
2017 5519 2213 5574 seque-

583 5605 743 5654 retur
761 5599 822 5653 in
843 5599 1064 5670 spiritu,
1089 5615 1427 5670 quocunque
1446 5599 1569 5653 iret.
1592 5599 1896 5668 Postquam
1913 5614 2222 5669 congrega-

582 5693 662 5746 tio
689 5709 748 5746 se
775 5693 1112 5747 recondebat
1147 5694 1270 5764 jam
1304 5693 1372 5746 ad
1413 5693 1826 5763 pausationem,
1857 5692 1971 5761 illa,
1999 5696 2064 5746 ut
2087 5708 2217 5763 per-

582 5788 816 5840 noctans
842 5785 903 5839 in
933 5785 1206 5854 oratione,
1229 5803 1328 5840 sua
1345 5791 1533 5840 sancta
1556 5786 1786 5841 dextera
1807 5785 2218 5841 monasterium

585 5892 690 5949 per
717 5875 946 5947 signum
975 5879 1154 5933 crucis
1182 5878 1443 5935 salvabat.
1466 5879 1718 5944 Quadam
1745 5879 1862 5935 vice
1890 5879 2024 5935 dum
2057 5879 2219 5936 beata

2322 4657 2622 4728 specialem
2649 4674 2683 4710 a
2722 4657 2956 4711 Domino
2982 4655 3133 4711 inter
3173 4661 3404 4710 casteros
3440 4654 3700 4708 homines
3736 4653 3955 4708 habuit.

2390 4754 2480 4805 25.
2508 4752 2686 4815 Quam
2713 4756 2906 4805 sancta
2932 4750 3040 4805 fuit
3064 4751 3181 4806 vita
3202 4751 3344 4821 ejus,
3365 4754 3483 4805 tam
3501 4765 3679 4820 purus
3695 4752 3752 4802 et
3776 4747 3955 4802 dulcis

2319 4850 2594 4916 aspectus.
2626 4849 2770 4900 Ante
2798 4861 3014 4900 annum
3040 4845 3312 4900 transitus
3340 4843 3448 4914 sui,
3478 4843 3618 4898 vidit
3646 4843 3706 4897 in
3729 4842 3857 4897 visu
3884 4842 3955 4896 lo-

2322 4956 2453 4994 cum
2479 4939 2584 4994 sibi
2611 4943 2893 5010 paratum,
2916 4940 3180 5011 venitque
3202 4939 3275 4994 ad
3291 4955 3418 4994 eam
3432 4938 3658 5009 juvenis
3679 4936 3953 5009 praedives

2321 5033 2760 5105 pulcherrimus,
2808 5039 2864 5088 et
2899 5033 3061 5105 quasi
3099 5033 3416 5105 juvenilem
3458 5033 3674 5088 habens
3712 5036 3955 5096 aetatem,

2321 5128 2419 5199 qui
2449 5128 2606 5182 suavi
2631 5131 2783 5182 tactu
2810 5125 3134 5201 blandoque
3162 5127 3442 5200 colloquio
3469 5127 3608 5183 dum
3635 5143 3768 5182 cum
3796 5143 3864 5182 ea
3887 5127 3955 5181 lo-

2321 5226 2610 5294 queretur,
2635 5222 2733 5276 illa
2761 5224 2830 5278 de
2851 5239 2909 5278 se
2926 5223 3131 5292 zelans,
3154 5222 3488 5278 blanditiam
3510 5222 3830 5293 respuebat.
3854 5219 3953 5285 Qui

2321 5316 2462 5372 dixit
2487 5317 2540 5372 ei
2564 5333 2577 5372 :
2600 5317 2746 5382 Quid
2767 5334 2859 5373 me
2886 5318 3162 5374 desiderio
3183 5333 3414 5372 accensa
3441 5332 3573 5371 cum
3598 5316 3768 5371 tantis
3788 5316 3952 5386 lacry-

2320 5410 2428 5465 mis
2445 5427 2630 5483 rogas,
2656 5428 2889 5483 gemens
2909 5412 3172 5484 requiris,
3202 5411 3336 5466 fusis
3357 5410 3620 5482 precibus
3633 5411 3837 5482 poscis,
3856 5425 3949 5481 pro

2319 5521 2412 5560 me
2438 5509 2593 5560 tanto
2619 5510 2673 5561 te
2703 5507 2954 5562 cruciatu
2977 5506 3183 5577 afﬂigis
3206 5505 3305 5577 qui
3332 5521 3558 5577 semper
3584 5504 3688 5560 tibi
3715 5503 3949 5560 adsisto?

2319 5600 2420 5669 Tu,
2452 5617 2682 5671 gemma
2707 5601 2969 5672 pretiosa,
3002 5599 3222 5654 noveris
3246 5605 3303 5654 te
3333 5599 3394 5653 in
3420 5600 3740 5654 diademate
3767 5597 3947 5669 capitis

2319 5693 2432 5748 mei
2459 5695 2707 5765 primam
2737 5712 2856 5750 esse
2885 5711 3190 5767 gemmam.
3222 5693 3369 5748 Nulli
3397 5693 3634 5748 dubium
3656 5692 3807 5765 quod
3835 5692 3945 5764 ipse

2320 5803 2445 5843 eam
2471 5789 2713 5845 visitavit
2739 5789 2832 5845 cui
2861 5806 2919 5845 se
2945 5793 3062 5844 tota
3087 5787 3380 5844 devotione
3415 5787 3650 5845 tradidit
3679 5787 3870 5843 vivens
3895 5785 3944 5839 in

2319 5898 2551 5955 corpore
2578 5889 2634 5940 et
2660 5884 2902 5955 gloriam
2928 5901 3036 5957 qua
3066 5881 3311 5939 fruitura
3330 5888 3451 5940 erat
3488 5883 3539 5938 ei
3562 5882 3828 5939 ostendit.
3856 5879 3944 5936 Sed
