4006 6238
110 320 207 375 677

1399 316 1571 375 VITA.
1612 317 1813 376 LIBER
1848 316 2211 375 SECUNDUS.

3394 324 3494 377 678

109 431 255 484 hunc
294 426 495 484 visum
530 428 802 485 secretius
832 444 961 484 cum
986 427 1404 484 contestatione
1438 429 1660 484 duabus
1680 445 1764 484 sa-
1785 441 1844 515 Α
1864 429 2077 483 Flenda
2099 444 2238 500 ergo
2266 428 2432 483 nobis
2457 427 2584 482 talis
2605 442 2722 482 non
2754 430 2858 493 est,
2884 427 2985 481 sed
3002 427 3323 483 tremenda.
3346 429 3501 483 Ami-

109 523 174 577 tis
184 522 466 578 fidelibus
486 522 780 591 disseruit,
804 527 868 579 ut
881 540 939 578 se
953 522 1255 594 superstite
1276 522 1415 579 nulli
1434 528 1760 579 narrarent.

172 618 243 671 Et
267 616 411 689 quia
440 620 639 673 multa
664 622 798 672 sunt
815 618 1003 673 adhuc
1023 618 1162 672 satis
1181 621 1239 672 et
1253 633 1469 688 magna
1490 634 1617 689 quae
1636 635 1764 689 pro-

109 709 232 778 pter
263 706 672 776 prolixitatem
700 707 1086 779 praeterimus,
1115 723 1189 762 ne
1224 706 1517 778 prolixitas
1565 710 1763 763 nostra

111 799 488 856 audientibus
524 801 716 873 potius
740 801 1027 856 fastidium
1054 804 1497 872 generet,quam
1512 801 1761 856 nitorem

111 895 396 949 sermonis
426 893 578 967 [Αι.,
600 896 813 966 sermo]
838 896 1123 950 ostendat.
1138 896 1429 959 Quantum
1453 894 1523 949 de
1536 911 1759 965 amore,

110 988 176 1043 de
206 988 620 1057 nutrimentis,
654 990 725 1044 de
757 988 1057 1056 charitate,
1098 988 1169 1043 de
1208 988 1645 1059 praedicatione,
1688 989 1760 1042 de

111 1081 262 1137 omni
291 1082 557 1138 omnino
579 1088 777 1138 sancta
799 1082 923 1152 ejus
952 1082 1386 1137 conversatione
1436 1081 1760 1136 reminisci-

109 1192 252 1247 mur,
284 1177 636 1232 cruciamur
660 1181 718 1232 et
745 1176 1008 1231 dolentes
1028 1175 1206 1230 oculis
1226 1175 1492 1230 distensis
1516 1174 1760 1246 requiri-

110 1286 230 1324 mus
266 1273 518 1325 tantam
552 1270 850 1341 pietatem,
910 1270 1011 1324 sed
1065 1286 1170 1324 nec
1227 1268 1553 1324 invenimus
1605 1269 1761 1339 quod

110 1362 503 1436 perdidimus.
536 1364 579 1419 Ο
606 1368 725 1418 tam
748 1364 893 1418 dura
917 1362 1172 1418 conditio
1199 1379 1327 1434 qua:
1358 1362 1526 1417 nobis
1568 1362 1758 1416 infeli-

109 1457 261 1511 cibus
289 1457 534 1511 evenitl
564 1474 599 1512 o
628 1457 859 1529 piisima
886 1456 1144 1523 domina,
1168 1457 1389 1511 utinam
1414 1455 1759 1510 obtinuisses

108 1567 231 1606 cum
256 1551 387 1605 caeli
416 1551 697 1619 Domino,
724 1554 786 1605 ut
812 1553 947 1606 ante
974 1553 1032 1605 te
1078 1567 1211 1605 oves
1258 1567 1402 1621 quas
1446 1565 1760 1621 congrega-

108 1661 266 1698 veras
320 1644 669 1700 direxisses!
725 1646 823 1712 Tu,
870 1647 1163 1715 pastorem
1216 1644 1433 1699 bonum
1489 1660 1757 1715 sequens,

111 1753 347 1809 gregem
382 1739 643 1794 Domino
672 1738 1024 1793 tradidisses.

1864 523 2040 577 simus
2073 522 2308 593 quidem
2337 522 2393 576 in
2417 521 2687 593 praesenti
2717 521 2926 575 saaculo
2958 520 3256 577 dominam
3284 525 3342 576 et
3371 538 3494 577 ma-

1864 619 2011 670 trem
2046 632 2059 671 :
2090 616 2191 670 sed
2217 616 2276 669 in
2298 631 2543 686 regnum
2571 614 2779 670 Christi
2819 614 3205 687 praemisimus
3240 616 3486 671 interce-

1863 709 2116 765 dentem.
2147 709 2495 764 Admirabile
2520 709 2755 780 quidem
2788 709 3065 781 gaudium
3086 709 3221 764 fecit
3240 709 3299 764 in
3321 711 3493 778 castis,

1861 802 1919 857 in
1952 803 2120 858 terris
2150 820 2284 858 vero
2312 802 2737 858 intolerabilem
2766 804 2979 858 luctum
3007 803 3260 876 reliquit.

1936 902 2020 951 27.
2079 898 2323 962 Quando
2366 897 2490 968 ejus
2535 900 2731 952 sancta
2780 897 2976 952 anima
3021 898 3093 952 de
3144 898 3253 953 hoc
3290 900 3496 953 sazculo

1862 990 2132 1061 migravit
2161 991 2233 1045 ad
2278 991 2589 1058 Christum,
2623 1008 2738 1046 non
2785 994 2911 1045 erat
2948 991 3025 1045 ibi
3070 992 3325 1061 pontifex
3363 993 3492 1047 loci.

1860 1084 2185 1139 Ambulavit
2213 1084 2447 1139 nuntius
2476 1084 2552 1139 ad
2575 1085 2761 1139 virum
2799 1084 3175 1155 apostolicum
3215 1085 3495 1140 domnum

1862 1180 2202 1250 Gregorium
2227 1179 2522 1233 Turonica:
2555 1178 2796 1233 civitatis
2826 1178 3178 1249 episcopum,
3227 1182 3284 1233 et
3322 1180 3491 1234 adve-

1862 1273 1965 1326 nit.
2011 1274 2125 1328 Sed
2171 1276 2453 1344 quantum
2491 1289 2746 1343 praesens
2784 1273 2926 1327 vidit
2967 1273 3145 1328 oculis
3182 1278 3494 1344 antequam

1861 1382 1993 1420 eam
2021 1366 2307 1437 sepeliret,
2332 1367 2401 1421 de
2429 1366 2553 1436 ejus
2578 1366 2882 1420 virtutibus
2911 1366 2971 1420 in
3004 1366 3150 1421 libro
3190 1367 3491 1421 miraculo-

1858 1475 1989 1514 rum
2020 1460 2198 1529 (Greg.
2233 1463 2429 1515 Turon.
2453 1460 2519 1514 de
2549 1459 2634 1514 Gl.
2660 1462 2869 1527 Confes.
2921 1462 3061 1531 106),
3110 1476 3282 1530 quem
3339 1475 3495 1514 com-

1858 1553 2068 1625 posuit,
2120 1553 2378 1607 inseruit.
2422 1555 2564 1609 Cum
2612 1557 2808 1607 autem
2842 1553 3001 1606 venit
3042 1552 3113 1607 ad
3155 1554 3343 1608 locum
3396 1552 3491 1607 ubi

1858 1649 2121 1702 sanctum
2148 1663 2356 1718 corpus
2372 1647 2605 1717 jacebat
2633 1646 2809 1718 (quod
2838 1647 2958 1717 ipse
2976 1650 3175 1718 postea
3224 1663 3353 1700 cum
3403 1663 3491 1701 sa-

1860 1744 2156 1796 cramento
2192 1743 2519 1812 lacrymans
2558 1740 2806 1807 dicebat,
2851 1740 3006 1812 quod
3056 1740 3112 1794 in
3160 1740 3346 1811 specie
3388 1740 3493 1794 ho-

176 1835 263 1887 26.
293 1834 433 1887 Jam
468 1833 547 1888 ad
590 1832 905 1904 gloriosum
958 1832 1085 1901 ejus
1127 1832 1391 1886 venimus
1431 1831 1756 1899 transitum,
1781 1819 1837 1892 Β
1862 1835 2032 1889 minis
2053 1835 2380 1905 angelicum
2411 1836 2629 1889 vultum
2665 1834 2906 1903 viderat)
2950 1834 3125 1888 facies
3161 1834 3310 1887 illius
3344 1834 3498 1888 velut

108 1942 279 1997 quem
304 1926 436 1981 sine
451 1927 790 1998 profusione
814 1927 1202 1997 lacrymarum
1217 1925 1407 1981 dicere
1425 1943 1542 1981 non
1559 1942 1757 1997 possu-

110 2036 253 2074 mus.
278 2020 804 2092 Fluuntlacrymie,
830 2020 900 2075 de
920 2020 1050 2075 imis
1066 2019 1334 2075 medullis
1356 2019 1608 2090 gemitus
1624 2036 1758 2090 pro-

108 2118 412 2185 rumpunt,
433 2114 540 2170 sed
554 2115 614 2169 in
633 2115 791 2169 nullo
805 2114 1419 2170 consolationislocum
1439 2112 1757 2181 inveniunt,

113 2207 245 2263 dum
264 2209 642 2280 plangimus;
663 2208 711 2263 si
724 2209 795 2263 de
821 2208 946 2279 ejus
964 2208 1121 2262 fideli
1145 2207 1452 2263 devotione
1469 2207 1664 2262 minus
1681 2207 1761 2261 di-

111 2301 313 2369 cimus,
342 2303 482 2373 plus
509 2318 833 2373 peccamus.
865 2302 1054 2373 Usque
1078 2302 1151 2356 ad
1176 2301 1333 2356 diem
1368 2300 1641 2356 transitus
1674 2301 1759 2355 sui

115 2411 440 2466 numquam
472 2395 685 2450 minuit
704 2412 933 2451 cursum
966 2395 1243 2466 implere;
1286 2398 1345 2449 et
1381 2395 1537 2466 quod
1566 2394 1756 2465 coepit,

113 2488 280 2542 corde
301 2488 589 2544 retinuit:
622 2488 759 2560 quia
783 2505 900 2544 non
923 2488 1019 2560 qui
1041 2488 1293 2560 coeperit,
1328 2488 1429 2543 sed
1445 2487 1542 2559 qui
1564 2503 1756 2559 perse-

116 2582 397 2637 veraverit
428 2599 612 2654 usque
637 2582 697 2637 in
726 2582 928 2651 ﬁnem,
960 2582 1079 2653 ipse
1107 2582 1294 2637 salvus
1323 2581 1450 2636 erit.
1489 2580 1594 2636 Ubi
1634 2581 1757 2652 jam

116 2673 185 2729 ad
204 2675 389 2731 finem
413 2676 549 2732 vitae
578 2675 735 2732 venit
753 2679 1016 2731 sanctum
1047 2675 1171 2746 ejus
1190 2676 1611 2747 corpusculum,
1640 2676 1760 2729 lon-

116 2784 251 2839 gum
282 2770 531 2825 trahens
551 2770 895 2842 martyrium
928 2786 1031 2842 pro
1057 2786 1256 2825 amore
1274 2758 1526 2825 'Domini
1550 2786 1565 2836 ;
1604 2768 1761 2822 beati

117 2861 327 2931 [forsan
351 2864 545 2920 beatae
567 2865 628 2920 id
655 2870 733 2920 est
750 2863 1044 2934 Moniales]
1068 2880 1273 2919 omnes
1292 2862 1630 2934 congregati
1648 2863 1760 2916 lue

119 2957 277 3012 tuose
299 2958 459 3013 circa
479 2958 604 3029 ejus
623 2959 856 3013 thorum
875 2957 1083 3012 flentes
1102 2960 1161 3012 et
1190 2957 1238 3028 ej
1248 2958 1491 3023 ulantes,
1523 2959 1759 3027 pectora

119 3048 273 3105 duris
301 3052 522 3123 pugnis
546 3056 606 3107 et
628 3051 914 3123 lapidibus
934 3052 1228 3119 ferientes,
1250 3067 1418 3106 voces
1452 3049 1526 3105 ad
1555 3050 1757 3105 cazlum

121 3143 332 3200 dabant
349 3146 674 3202 clamantes
690 3161 756 3201 ac
777 3144 1065 3201 dicentes:
1096 3144 1440 3213 Domine,ne
1458 3143 1758 3215 permittas

1860 1945 1992 1983 rosa
2014 1932 2072 1983 et
2090 1927 2271 1982 lilium
2304 1928 2592 1999 fulgebat;
2619 1927 2699 1981 ita
2726 1928 3099 1981 tremefactus
3124 1930 3209 1981 est
3233 1944 3299 1982 ac
3338 1929 3495 1981 metu

1861 2039 2188 2088 concussus,
2231 2025 2511 2092 tanquam
2545 2021 2589 2074 si
2620 2023 2753 2075 ante
2786 2020 3154 2091 praesentiam
3181 2020 3366 2074 beata).
3395 2037 3492 2091 ge-

1862 2115 2082 2170 nitricis
2126 2114 2354 2170 Domini
2394 2114 2651 2168 adstaret
2696 2114 2934 2168 devotus
2982 2112 3067 2166 vir
3108 2114 3225 2168 Deo
3268 2115 3492 2184 plenus.

1860 2208 2278 2280 Expectabatur
2303 2207 2559 2280 pontifex
2586 2208 2695 2263 loci
2727 2210 2790 2261 ut
2814 2223 2943 2261 eam
2970 2223 3101 2261 cum
3126 2206 3303 2277 digno
3330 2223 3492 2278 sepe-

1860 2302 1990 2357 liret
2010 2304 2251 2357 honore.
2266 2303 2407 2357 Tota
2427 2300 2805 2372 congregatio
2818 2300 2967 2356 circa
2988 2300 3110 2371 ejus
3128 2302 3321 2355 torum
3338 2303 3495 2355 stans

1860 2396 2168 2467 psallebat;
2194 2395 2288 2450 ubi
2319 2395 2685 2467 psallentium
2716 2396 2799 2449 vel
2824 2395 3121 2466 paululum
3144 2393 3491 2465 quiescebat,

1861 2490 2237 2545 intolerabilis
2258 2490 2522 2562 planctus
2542 2490 2763 2544 aderat.
2786 2488 2996 2543 Triduo
3043 2491 3372 2559 expectatus
3411 2490 3496 2541 est

1858 2584 2139 2657 pontifex,
2168 2583 2305 2655 quia
2330 2583 2484 2638 vicos
2515 2582 2922 2649 circumiebat;
2952 2582 3054 2636 sed
3076 2582 3210 2653 quia
3247 2598 3363 2636 non
3407 2597 3497 2635 ve-

1862 2677 1964 2745 nit,
1996 2676 2354 2749 supradictus
2378 2677 2463 2732 vir
2482 2677 2829 2749 apostolicus
2854 2676 2926 2731 de
2949 2676 3185 2732 caritate
3208 2676 3343 2729 fisus
3360 2675 3495 2747 quia

1852 2773 2099 2843 perfecta
2123 2774 2325 2827 caritas
2348 2774 2501 2839 farus
2542 2774 2714 2826 mittit
2749 2773 2991 2826 timorem
3030 2770 3079 2841 (Ι
3106 2773 3261 2825 Joan.
3303 2770 3398 2840 IV),
3436 2769 3494 2823 in

1862 2865 2099 2920 Basilica
2129 2868 2339 2920 sancta:
2366 2865 2553 2920 Marim
2587 2864 2649 2936 (ε)
2693 2864 2931 2919 nomine
2972 2863 3224 2930 condita,
3266 2862 3363 2916 ubi
3401 2880 3490 2918 sa-

1859 2976 1956 3014 cra
1972 2959 2263 3031 virginum
2289 2975 2531 3030 corpora
2552 2958 2622 3013 de
2645 2957 2995 3014 monasterio
3023 2974 3124 3012 suo
3143 2957 3488 3023 conduntur,

1861 3070 1989 3109 eam
2017 3070 2145 3109 cum
2169 3053 2345 3125 digno
2377 3052 2636 3124 sepelivit
2664 3052 2907 3108 honore.

1930 3152 2019 3202 28.
2055 3149 2204 3201 Dum
2236 3147 2340 3201 sub
2380 3163 2548 3201 muro
2578 3163 2706 3201 cum
2734 3144 3040 3218 psallentio
3072 3147 3333 3199 sanctum
3370 3144 3495 3215 ejus

130 3195 332 3200 νὴ---
354 3195 671 3202 -_____-__
693 3195 753 3201 π
784 3195 1030 3201 __---__--
1052 3195 1065 3200 -
1096 3195 1434 3213 _-___--,_-
1459 3195 1486 3215 τ
1932 3195 2019 3202 η,
2056 3195 2204 3201 __-__
2236 3195 2335 3201 η,
2381 3195 2544 3201 __-..-
2582 3195 2706 3201 -___
2734 3195 3035 3218 r__-_-__-_-
3073 3195 3333 3199 ηψπ--
3379 3195 3490 3215 ,Γῆ

122 3253 221 3293 nos
241 3240 363 3294 tam
385 3256 564 3312 grave
580 3239 861 3295 damnum
874 3239 1016 3311 pati;
1034 3240 1232 3294 lumen
1244 3240 1507 3293 nostrum
1525 3236 1754 3308 recipis,
1779 3195 1833 3270 Ο
1858 3256 2065 3313 corpus
2102 3243 2448 3313 portaretur,
2479 3240 2612 3312 quia
2640 3240 2968 3295 instituerat
2996 3241 3060 3294 ut
3102 3239 3259 3293 nulla
3300 3238 3495 3293 vivens

121 3347 222 3387 nos
253 3349 356 3388 cur
378 3334 445 3389 in
476 3332 731 3389 tenebris
754 3332 1033 3405 relinquis
1052 3332 1081 3387 ‘I
1107 3334 1177 3386 Et
1192 3332 1325 3404 quia
1348 3331 1447 3387 illa
1476 3330 1756 3405 quidquid

121 3425 488 3495 potissimum
510 3428 700 3483 facere
722 3426 920 3495 voluit,
944 3442 1175 3499 semper
1195 3425 1289 3481 die
1304 3425 1511 3481 natalis
1530 3423 1756 3481 Domini

123 3517 308 3575 facere
345 3521 548 3594 elegit,
580 3521 863 3593 gloriosus
900 3520 1176 3577 transitus
1214 3520 1336 3591 ejus
1371 3520 1449 3575 sic
1493 3517 1754 3591 contigit,

124 3611 262 3668 Nam
290 3620 503 3687 quarta
526 3616 672 3671 feria
693 3632 867 3671 mane
894 3614 1085 3687 primo
1103 3615 1232 3669 idus
1255 3615 1560 3687 Augustas,
1603 3612 1758 3685 quod

126 3705 256 3761 fecit
274 3708 435 3764 idem
447 3710 663 3765 mensis
675 3709 797 3763 dies
812 3725 911 3764 xm
926 3709 1023 3780 (a),
1042 3707 1217 3763 clausi
1230 3711 1361 3763 sunt
1374 3708 1424 3778 ej
1434 3724 1495 3762 us
1522 3706 1672 3762 oculi
1686 3706 1755 3779 (b)

130 3802 184 3853 et
205 3801 496 3859 obscurati
518 3807 651 3858 sunt
670 3803 871 3858 nostri.
903 3804 996 3857 Vae
1025 3802 1189 3857 nobis
1220 3802 1356 3874 quia
1374 3801 1754 3873 peccavimus,

132 3892 401 3952 afﬂictum
427 3900 516 3952 est
536 3897 733 3952 dolore
761 3913 860 3952 cor
878 3899 1159 3965 nostrum,
1188 3895 1447 3950 ﬂevimus
1494 3898 1552 3949 et
1590 3895 1756 3966 plan-

130 3986 331 4058 gimus,
373 3990 531 4063 quod
562 3990 773 4046 diutius
803 4006 917 4045 una
945 4007 1050 4045 nos
1078 3993 1136 4043 te
1162 3990 1375 4045 habere
1400 4007 1517 4045 non
1542 3990 1754 4046 merui-

132 4096 267 4138 mus.
285 4086 481 4157 lpsum
508 4102 682 4140 mane
705 4084 802 4139 ubi
825 4084 991 4140 nobis
1014 4086 1240 4139 tantum
1256 4085 1475 4139 malum
1494 4085 1756 4156 contigit,

133 4174 224 4259 ubi
249 4195 363 4234 una
382 4196 511 4248 vox,
534 4196 680 4234 unus
692 4180 977 4250 planctus,
996 4195 1142 4233 unus
1155 4179 1375 4233 clamor
1396 4180 1563 4233 caelos
1574 4195 1754 4250 pene-
1787 4159 1796 4167 ’

131 4270 347 4340 trabat;
376 4273 646 4346 lapidarii
668 4272 765 4344 qui
786 4272 845 4327 in
868 4274 1069 4327 monte
1098 4272 1508 4344 operabantur,
1538 4272 1598 4326 in
1624 4289 1757 4327 aere

133 4367 436 4425 audierunt
465 4371 738 4442 angelum
764 4369 868 4424 Dei
896 4370 1265 4441 loquentem;
1309 4385 1456 4423 unus
1497 4368 1643 4423 dixit
1686 4368 1759 4423 ad

133 4458 293 4517 alios:
324 4464 465 4536 quid
490 4463 721 4519 facitis?
754 4463 1027 4519 dimittite
1058 4480 1190 4518 eam
1225 4463 1450 4532 adhuc;
1502 4462 1638 4535 quia
1671 4462 1759 4517 ha:

1857 3336 2012 3390 foras
2050 3335 2385 3391 monasterii
2402 3335 2647 3406 januam
2678 3334 3056 3407 egrederetur
3080 3333 3179 3405 (d),
3210 3336 3334 3388 tota
3356 3349 3491 3389 con-

1859 3428 2122 3501 gregatio
2153 3446 2325 3501 supra
2353 3445 2585 3484 murum
2618 3429 2964 3497 lamentans,
3016 3429 3098 3483 ita
3126 3430 3191 3482 ut
3234 3428 3493 3500 planctus

1859 3538 2059 3578 earum
2094 3524 2393 3595 superaret
2436 3522 2625 3594 ipsum
2678 3522 3067 3593 psallentium,
3130 3537 3235 3592 pro
3271 3521 3493 3592 psalmo

1858 3618 2164 3689 lacrymas,
2186 3633 2291 3688 pro
2318 3615 2539 3671 cantico
2561 3615 2868 3686 mugitum,
2893 3619 2952 3670 et
2972 3614 3255 3685 gemitum
3283 3631 3387 3686 pro
3411 3615 3492 3669 al-

1858 3710 2031 3765 leluia
2052 3710 2114 3782 (ε)
2128 3709 2469 3765 reddebant.
2495 3710 2864 3779 Rogaverunt
2892 3708 3193 3763 desursum
3212 3710 3279 3761 ut
3298 3707 3496 3761 subtus

1860 3807 2078 3859 turrem
2104 3806 2509 3877 repausaretur
2528 3802 2809 3857 feretrum
2828 3801 2887 3855 in
2912 3817 3024 3872 quo
3037 3800 3207 3855 beata
3222 3799 3493 3871 portaba-

1860 3904 1970 3973 tur,
2009 3903 2259 3974 graviter
2303 3902 2652 3958 sustinentes
2703 3899 2827 3971 ejus
2877 3898 3214 3954 absentiam.
3272 3897 3386 3953 Sed
3435 3901 3498 3953 ut

1860 4014 2025 4053 suam
2056 3997 2288 4051 fidelem
2317 3996 2594 4051 Dominus
2624 3994 2946 4049 declararet
2968 3994 3026 4048 in
3050 3992 3241 4048 medio
3275 3991 3493 4065 populi,

1859 4092 1941 4146 ibi
1960 4091 2101 4146 dum
2131 4095 2473 4163 pausaretur
2499 4091 2764 4145 sanctum
2795 4105 3021 4161 corpus,
3049 4103 3265 4143 caecum
3285 4086 3493 4141 illumi-

1860 4184 2040 4239 navit:
2060 4185 2159 4256 qui
2177 4185 2372 4240 multis
2395 4185 2563 4240 annis
2577 4186 2764 4239 lucem
2777 4182 2891 4238 diei
2913 4199 3031 4238 non
3044 4181 3286 4249 viderat,
3300 4182 3495 4236 lumen

1860 4278 2106 4350 recepit;
2136 4279 2234 4350 qui
2256 4278 2329 4333 ad
2351 4296 2557 4334 manus
2578 4280 2792 4334 tractus
2807 4278 3202 4348 venerat,post
3222 4277 3499 4330 feretrum

1861 4373 2016 4427 nullo
2054 4375 2409 4427 sustentante
2459 4373 2678 4442 videns,
2721 4377 3002 4445 tanquam
3049 4370 3093 4425 si
3139 4370 3360 4424 nullum
3404 4369 3501 4424 ha-

1860 4465 2075 4521 buisset
2100 4466 2361 4521 laborem
2387 4468 2706 4535 oculorum,
2750 4466 2822 4522 ad
2871 4468 3133 4523 sanctum
3173 4464 3498 4536 sepulcrum

136 4568 293 4610 voces
327 4558 401 4613 ad
446 4558 675 4614 Domini
713 4560 1102 4629 pervenerunt
1155 4573 1340 4612 aures.
1387 4556 1613 4629 Angeli,
1668 4556 1844 4643 quiD
1868 4559 2027 4627 abiit,
2058 4562 2116 4613 et
2142 4576 2320 4629 usque
2344 4559 2521 4614 hodie
2546 4562 2698 4615 clare
2725 4560 2899 4616 videt.

138 4662 260 4704 eam
288 4652 574 4721 ferebant,
596 4652 1013 4724 respondentes
1040 4650 1307 4705 dixerunt
1336 4667 1349 4705 :
1385 4652 1512 4705 Jam
1547 4652 1763 4705 factum

139 4745 236 4797 est.
267 4744 411 4810 Quid
434 4746 751 4802 faciemus?
774 4747 934 4801 Illam
954 4745 1172 4817 recepit
1192 4744 1511 4816 paradisus,
1534 4744 1630 4799 ubi
1645 4746 1763 4815 glo-

138 4834 312 4892 riatur
337 4856 468 4895 cum
494 4840 759 4896 Domino.
788 4839 1087 4898 Credimus
1130 4838 1285 4911 quod
1316 4854 1421 4895 nos
1446 4855 1564 4893 non
1591 4838 1662 4893 de
1701 4857 1760 4895 se

141 4937 379 5003 Separat,
411 4951 538 5006 qua:
560 4951 618 4989 se
650 4933 703 4990 ei
730 4935 956 5006 placere
990 4934 1170 4991 voluit
1203 4949 1334 4988 cum
1383 4949 1498 5005 quo
1534 4937 1757 5004 regnat.

208 5091 280 5165 (ᾳ)
310 5095 524 5160 Quarta
562 5095 708 5150 feria
732 5095 1019 5152 Christum
1051 5097 1363 5152 Dominum
1395 5098 1598 5151 natum
1636 5113 1759 5151 esse

142 5162 422 5240 Gedrenus
440 5171 498 5222 et
516 5167 789 5240 Maximus
818 5168 1126 5223 Monachus
1152 5185 1315 5240 aeque
1343 5168 1757 5237 existimarunt,

142 5236 200 5285 ut
218 5234 470 5310 Scaliger
497 5239 595 5294 lib.
618 5255 675 5294 vi
706 5238 777 5293 de
820 5240 1110 5294 emendat.
1150 5234 1330 5310 tefnp.
1364 5240 1461 5294 ubi
1498 5240 1568 5294 de
1605 5234 1759 5295 anno

146 5255 200 5285 ιιι
218 5255 362 5292 acau
408 5256 470 5293 er
497 5255 595 5294 un.
618 5255 675 5294 vi
706 5255 777 5293 ue
820 5255 973 5294 emet

146 5308 341 5379 natalis
362 5255 609 5379 gemini,
634 5310 973 5366 observavit.

211 5378 295 5453 (b)_
319 5381 623 5453 Gregorius
644 5381 991 5436 Turonensis
1014 5380 1113 5453 lib.
1142 5398 1194 5453 ix
1221 5385 1355 5453 c.72,
1387 5382 1609 5438 obitum
1636 5401 1762 5439 san-

146 5449 242 5525 σξὶεβ
269 5449 636 5525 Radegundis
654 5453 839 5523 illigat
865 5470 1018 5508 anno
1048 5452 1394 5525 duodecimo
1426 5454 1580 5525 regis
1606 5456 1759 5511 Chil-

148 5515 376 5598 deberti,
408 5515 503 5598 qui
537 5515 851 5596 respondet
884 5540 1038 5598 anno
1080 5523 1288 5580 Christi
1330 5540 1380 5578 ο.
1412 5515 1615 5594 fovn,
1646 5543 1760 5598 quo

147 5585 697 5652 dominicadittera‘E
723 5596 1007 5651 currebat.

215 5661 291 5737 (ς)Δ
308 5667 368 5720 In
405 5667 566 5721 illam
604 5667 900 5723 basilicam
938 5666 1115 5722 modo
1154 5669 1365 5737 sancte
1390 5666 1762 5737 Radegundis

148 5734 357 5814 nomini
386 5737 639 5814 dicatam
667 5738 975 5814 collegium
1004 5736 1418 5814 canonicorum
1445 5734 1714 5814 successit
1744 5757 1758 5795 :

152 5802 258 5861 alia
273 5822 405 5884 vero
429 5808 597 5884 titulo
627 5802 847 5884 sancta:
871 5810 1054 5884 crucis
1080 5808 1357 5881 insignita
1404 5807 1693 5884 hodieque
1730 5827 1764 5866 a

156 5879 673 5940 sanctimonialibus
704 5880 1087 5940 Benedictinis
1108 5879 1439 5955 occupatur.

1933 4656 2020 4707 29.
2053 4653 2131 4706 Ne
2171 4652 2647 4723 praetermittatur
2692 4657 2749 4707 et
2794 4653 2949 4710 aliud
2999 4653 3361 4711 miraculum.
3396 4652 3500 4709 Ubi

1863 4763 1990 4802 eam
2030 4745 2290 4817 sepelivit
2317 4746 2679 4816 supradictus
2722 4748 3041 4821 episcopus,
3077 4748 3500 4820 coopertorium

1863 4858 1980 4896 non
2007 4838 2218 4912 posuit,
2247 4841 2561 4910 antequam
2582 4839 2841 4911 pontifex
2871 4841 2979 4895 loci
3012 4841 3253 4897 veniret.
3281 4842 3495 4897 Liberae

1865 4952 1990 5007 quas
2016 4936 2149 4990 ante
2179 4949 2307 4988 eam
2334 4948 2532 4987 cereos
2561 4935 2957 5004 portaverunt,
2986 4938 3122 4990 tota:
3149 4935 3208 4990 in
3240 4953 3381 5009 gyro
3411 4953 3497 4991 se-

1935 5096 2017 5175 (d)_
2039 5097 2255 5175 Nempe
2272 5094 2435 5166 juxta
2449 5092 2725 5175 regulam
2754 5108 2927 5163 quam
2967 5096 3195 5175 sanctus
3226 5094 3502 5175 Caesarius

1859 5163 2207 5225 monialibus
2236 5163 2602 5239 praescripsit.
2629 5165 2772 5219 Nam
2808 5163 3295 5239 recapitulationis
3327 5168 3497 5239 Artic.

1863 5257 1879 5295 1
1923 5239 2121 5295 statuit
2157 5243 2219 5294 ut
2235 5236 2393 5293 nulla
2418 5253 2486 5292 ea:
2515 5236 2663 5292 vobis
2691 5251 2855 5308 usque
2881 5236 2957 5290 ad
2981 5240 3202 5292 mortem
3240 5252 3396 5308 suam
3437 5237 3503 5292 de

1860 5313 2185 5367 monasterio
2212 5308 2529 5383 egredi,rvel
2552 5308 2618 5363 de
2644 5309 2767 5379 ipsa
2800 5308 3023 5383 basilica
3049 5309 3107 5361 in
3144 5323 3253 5378 qua
3269 5307 3499 5383 januam

1862 5383 2093 5448 habetis,
2123 5386 2235 5451 aut,
2248 5380 2627 5453 permittatur,
2658 5384 2756 5435 aut
2790 5395 2892 5450 per
2925 5380 3157 5449 seipsam
3202 5380 3499 5450 praesumat

1862 5470 2009 5510 mre
2015 5496 2027 5509 .

1936 5524 2001 5598 (e)
2028 5526 2185 5579 Hanc
2211 5523 2423 5598 laetitiae
2453 5539 2653 5598 vocem
2673 5520 3063 5598 alleluiaplim
3104 5520 3162 5598 in
3205 5515 3499 5598 Exsequiis

1862 5587 2201 5669 usurpatam
2215 5595 2339 5667 jam
2364 5595 2662 5651 annotavit
2685 5593 2986 5669 Menardus
3001 5595 3198 5669 noster
3212 5587 3503 5669 inlibrum

1864 5658 2357 5749 sacramentorum
2375 5683 2388 5721 :
2406 5683 2591 5749 quam.
2605 5681 2800 5748 vocem
2814 5664 3099 5749 praacipue
3120 5663 3179 5749 in
3206 5658 3503 5749 funeribus

1863 5739 2225 5867 Eaceﬁdptum
2251 5731 2444 5797 Graeci
2458 5738 2666 5811 saepius
2684 5731 3073 5811 ingeminant,
3097 5737 3161 5792 ut
3186 5731 3411 5789 constat
3435 5743 3503 5783 ex

1913 5827 1983 5867 uc
2028 5826 2062 5867 o
2088 5827 2239 5867 omo.

1913 5826 2239 5883 ucnomgio.
