4006 6238
459 273 560 325 679
1429 266 1682 322 SANCTA
1722 266 2184 333 RADEGUNDUS,
2226 266 2473 321 REGINA
2514 264 2842 321 FRANCIIE.
3732 266 3842 317 680

456 376 638 449 pulcri
658 376 981 443 adstabant;
1004 393 1365 448 unaquaeque
1389 375 1447 429 in
1470 392 1571 430 suo
1591 392 1757 430 cereo
1790 392 1955 429 suum
1980 392 2080 430 no-
2106 376 2245 462 Ain
2285 376 2440 430 beati
2482 375 2763 431 Antistitis
2800 373 3037 429 Basilica
3063 374 3461 445 vigilaverunt,
3498 377 3627 429 tota
3666 376 3839 426 nocte

458 488 597 529 men
626 471 800 527 dabat
820 472 1255 543 scriptum,tota:
1272 469 1371 524 uni
1394 486 1461 523 ex
1481 469 1711 523 famulis
1728 470 2086 541 cereosipsos
2187 470 2566 541 energumeni
2596 470 3017 534 clamaverunt;
3050 468 3200 522 inter
3225 485 3368 539 quos
3396 468 3673 523 mulieres
3696 466 3843 521 duas

453 566 619 637 juxta
638 566 1063 621 ordinationem
1092 564 1416 619 tradebant.
1452 563 1538 617 Fit
1564 563 1857 618 contentio
1895 564 1953 617 in
1994 582 2089 634 po-
2188 562 2440 635 graviter
2476 563 2786 618 infestabat
2814 562 3100 629 inimicus,
3132 563 3415 634 praecipue
3450 580 3570 617 una
3604 565 3837 615 tantum

459 661 597 732 pulo
623 660 751 727 ;alii
781 660 1050 714 dicebant
1072 674 1267 712 cereos
1286 657 1437 728 ipsos
1459 657 1517 711 in
1550 657 1674 728 ejus
1703 661 1964 712 sanctum
1999 674 2086 711 se-
2188 657 2596 725 bacchabatur,
2611 657 2745 711 utin
2766 657 2889 727 ejus
2904 656 3565 711 fremitutotatremeret
3579 655 3837 709 basilica.

460 755 721 827 pulcrum
742 753 891 807 mitti
906 753 1115 806 debere
1141 793 1155 818 ,
1185 751 1280 805 alii
1302 751 1587 819 dicebant,
1618 768 1754 805 non.
1778 752 2088 806 Dumistud
2188 753 2499 822 Postquam
2514 751 2650 805 inde
2670 750 2755 803 vir
2772 750 3481 820 venerabilisArnegisilus
3496 750 3682 804 abbas
3697 748 3844 802 basi-

462 851 753 919 ageretur,
805 847 874 899 de
901 844 1065 916 pueri
1090 845 1323 899 brachio
1353 846 1452 916 qui
1478 847 1629 900 totos
1654 846 1912 901 tenebat.
1945 862 2092 899 unus
2192 845 2314 899 licae
2330 846 2513 899 beata:
2531 845 2749 915 regina:
2762 860 2893 898 cum
2910 844 3025 898 suis
3038 844 3329 899 Monachis
3347 843 3535 910 exivit,
3570 844 3648 896 ad
3674 858 3841 896 suam

464 940 673 995 exilivit
699 940 758 993 in
804 940 983 993 altum
1020 955 1192 1009 super
1233 955 1467 994 omnem
1501 940 1799 1011 populum,
1844 944 1901 994 et
1934 957 1993 993 se
2032 939 2092 992 in
2193 940 2408 994 vadens
2450 939 2746 994 basilicam
2775 955 3002 993 cursum
3042 938 3304 1010 implere,
3348 954 3525 1008 quam
3562 937 3664 991 illa
3710 936 3845 991 satis

465 1038 661 1089 sancto
685 1033 945 1103 sepulcro
974 1032 1047 1085 ad
1072 1031 1251 1103 pedes
1262 1033 1447 1087 beata:
1462 1034 1674 1104 posuit,
1690 1037 1747 1087 et
1768 1033 1922 1104 quod
1935 1031 2097 1087 haesi-

464 1128 713 1194 tabatur,
754 1124 1080 1180 declaravit.
1120 1126 1511 1196 Respicientcs
1554 1127 1627 1181 ad
1668 1143 1902 1193 nomen,
1937 1126 2097 1196 cujus

466 1237 610 1287 esse,
633 1236 852 1286 cereus,
875 1219 1177 1272 inventum
1198 1223 1285 1273 est
1302 1219 1485 1274 Calvae
1504 1237 1739 1275 nomen.
1764 1222 1880 1275 Hoc
1894 1219 2097 1274 videns

467 1314 766 1386 episcopus
793 1314 879 1366 vel
909 1313 1097 1367 omnis
1117 1313 1380 1384 populus,
1428 1314 1784 1368 admirantes
1829 1314 2097 1367 virtutem

464 1408 651 1462 beatae
682 1406 1071 1476 Radegundis,
1111 1406 1356 1461 Domino
1390 1407 1829 1461 benedixerunt.
1859 1408 2099 1471 Quantae

466 1506 598 1574 post
617 1502 740 1572 ejus
770 1501 1075 1555 transitum
1103 1500 1181 1554 ibi
1218 1502 1350 1553 sunt
1389 1500 1557 1554 factae
1599 1500 1855 1567 virtutes,
1901 1499 2102 1571 quanti

471 1594 811 1650 damoniaci
849 1593 1095 1661 liberati,
1135 1593 1335 1665 quanti
1374 1593 1768 1649 febricitantes
1805 1598 1936 1648 sunt
1970 1593 2101 1647 red-

471 1689 575 1744 diti
600 1688 851 1755 sanitati,
880 1687 1006 1759 quis
1035 1703 1379 1742 enumerare
1410 1688 1641 1741 valeat?

2197 1034 2491 1103 dilexerat,
2530 1033 2681 1104 ipsas
2702 1037 2831 1103 post
2858 1049 2918 1087 se
2944 1032 3216 1087 mulieres
3243 1031 3553 1085 audierunt
3583 1032 3841 1085 claman-

2198 1131 2303 1196 tes,
2352 1127 2570 1182 Venite.
2628 1127 2766 1191 Quae
2816 1128 3089 1197 ingressae
3132 1125 3424 1180 basilicam
3458 1125 3848 1180 vociferantes

2200 1222 2475 1275 domnam
2500 1220 2919 1290 Radegundem
2951 1223 3014 1273 ut
3038 1220 3118 1273 eis
3138 1225 3400 1291 parceret
3419 1218 3843 1290 supplicabant.

2201 1316 2325 1369 Una
2345 1331 2411 1367 ex
2438 1314 2568 1381 illis,
2597 1330 2727 1384 qua:
2755 1313 2982 1384 gravius
3010 1314 3407 1378 tribulabatur,
3434 1313 3562 1384 jam
3584 1316 3677 1364 ter
3718 1311 3842 1381 qui-

2203 1425 2308 1463 nos
2332 1408 2552 1462 habens
2579 1424 2764 1461 annos
2793 1424 2858 1460 ex
2884 1424 2998 1477 quo
3027 1423 3156 1461 eam
3184 1406 3413 1477 spiritus
3445 1421 3700 1476 nequam
3743 1402 3843 1456 ï¬‚a-

2203 1501 2475 1571 gellabat,
2499 1518 2631 1555 cum
2658 1500 2946 1554 matutina
2973 1499 3289 1566 dicebatur,
3319 1499 3556 1553 saeviens
3576 1496 3847 1551 inimicus

2204 1612 2302 1648 vas
2332 1595 2486 1665 quod
2507 1594 2812 1661 invaserat,
2836 1593 3089 1663 reliquit.
3109 1594 3209 1647 Illa
3237 1592 3351 1647 alia
3367 1593 3441 1647 ad
3462 1592 3697 1646 tertiam
3714 1594 3845 1644 ante

2208 1687 2418 1742 ostium
2440 1687 2615 1757 ipsius
2638 1686 2883 1741 basilicae
2900 1690 2985 1740 est
3008 1686 3269 1754 liberata,
3304 1690 3361 1740 et
3390 1686 3540 1739 ultra
3562 1683 3844 1755 nequissi-

544 1786 631 1838 30.
660 1784 735 1837 De
762 1781 1093 1853 Burgundia
1126 1798 1257 1835 cum
1275 1781 1396 1836 viro
1423 1780 1735 1852 apostolico
1757 1781 2003 1835 Leifasto
2030 1780 2105 1851 (a)
2125 1760 2184 1832 B
2207 1799 2335 1836 mus
2358 1780 2538 1835 hostis
2559 1780 2642 1834 eis
2672 1797 2879 1835 nocere
2918 1798 3033 1835 non
3057 1781 3250 1835 valuit.
3274 1780 3460 1843 Quam
3488 1781 3652 1850 larga
3683 1781 3767 1831 est
3794 1779 3848 1832 et

473 1876 741 1949 episcopo
765 1875 1000 1930 veniens
1022 1876 1145 1946 ejus
1167 1875 1316 1929 abba
1330 1874 1565 1929 nomine
1586 1874 1766 1943 Abbo,
1796 1874 1934 1929 dum
1962 1877 2109 1928 esset

472 1969 787 2027 Pictavisiii
806 1969 1052 2037 civitate,
1073 1967 1512 2026 dentisincurrit
1542 1968 1796 2023 validum
1827 1968 2106 2023 dolorem.

477 2064 575 2120 Die
597 2067 887 2134 noctuque
909 2079 1021 2129 una
1040 2079 1166 2130 vox,
1190 2078 1338 2116 unus
1359 2062 1524 2116 dolor
1542 2061 1733 2116 inerat
1753 2062 1826 2130 ei,
1859 2065 2112 2116 mortem

476 2158 707 2214 evenire
735 2156 839 2210 sibi
867 2158 1073 2227 optans
1106 2159 1171 2210 ut
1192 2158 1351 2210 tanto
1374 2158 1598 2210 careret
1629 2155 1848 2210 dolore.
1879 2155 1989 2220 Qui
2030 2154 2113 2208 in-

477 2252 729 2324 spirante
758 2250 865 2305 sibi
896 2250 1089 2304 divina
1113 2249 1511 2305 misericordia
1531 2250 1755 2320 rogavit
1784 2267 1841 2304 se
1870 2249 2001 2303 duci
2042 2248 2115 2303 ad

470 2349 685 2402 sanctae
710 2344 1006 2399 basilicam
1033 2359 1046 2398 :
1087 2342 1185 2397 ubi
1213 2336 1525 2413 ingressus,
1563 2360 1693 2397 cum
1725 2342 1837 2397 fide
1878 2359 1938 2397 se
1982 2346 2115 2397 ante

478 2441 742 2495 sanctum
766 2437 1089 2508 sepulcrum
1114 2440 1282 2492 terrae
1302 2438 1563 2508 projecit,
1585 2439 1836 2491 mortem
1852 2453 1970 2508 prae
1991 2452 2119 2491 ocu-

477 2532 548 2589 lis
596 2531 836 2598 habens,
885 2531 1099 2601 pallam
1153 2532 1513 2602 corporalem
1562 2531 1810 2602 desuper
1856 2534 2119 2585 sanctum

482 2625 770 2679 tumulum
797 2622 1089 2678 mordicus
1117 2623 1519 2694 apprehendit.
1543 2623 1652 2687 Qui
1672 2626 1892 2695 septem
1920 2623 2121 2677 diebus

484 2735 591 2774 nec
614 2718 806 2773 cibum
831 2720 1170 2788 sumpserat,
1202 2734 1309 2771 nec
1334 2733 1536 2772 somno
1570 2718 1727 2771 reï¬ci
1771 2720 2018 2788 poterat,
2062 2716 2121 2770 in

485 2814 595 2869 hoc
620 2828 814 2867 morsu
839 2828 1013 2882 sopor
1040 2811 1307 2879 accessit;
1350 2811 1516 2866 dolor
1546 2810 1824 2878 discessit,
1852 2828 2025 2865 sanus
2052 2810 2123 2864 ad

486 2906 800 2979 hospitium
840 2904 1030 2959 rediit.
1075 2904 1241 2969 Quod
1279 2907 1408 2975 post
1452 2904 1575 2975 ipso
1608 2905 1897 2959 referente
1935 2906 2125 2975 plures

485 3002 898 3072 cognoverunt,
941 2998 1037 3052 ubi
1064 3014 1124 3052 se
1149 2997 1537 3055 fatebaturde
1577 2998 1779 3053 mortis
1811 2999 1993 3068 janua
2025 3014 2128 3068 per

486 3095 759 3149 virtutem
783 3093 1011 3148 domnae
1027 3091 1397 3162 Radegundis
1422 3107 1543 3146 esse
1564 3094 1912 3146 revocatum.

562 3192 649 3244 3t.
677 3189 747 3242 Et
766 3187 902 3259 quia
926 3203 1053 3241 mos
1074 3185 1234 3239 estin
1256 3183 1562 3239 festivitate
1583 3185 1738 3239 beati
1768 3185 1964 3240 Hilarii
2002 3185 2131 3239 reli-

493 3282 620 3354 quis
633 3280 988 3337 Monasteriis
1007 3278 1373 3334 circumcirca
1403 3278 1695 3350 proximis,
1719 3295 1846 3349 quae
1873 3282 2007 3333 sunt
2027 3278 2125 3345 ibi,

494 3392 676 3447 usque
693 3375 753 3429 in
773 3373 1027 3429 mediam
1040 3375 1269 3427 noctem
1288 3372 1510 3443 vigilias
1526 3372 1839 3440 celebrare;
1854 3373 1924 3427 de
1936 3372 2129 3427 media

495 3474 664 3524 nocte
681 3467 1075 3540 unusquisque
1093 3466 1267 3521 abbas
1281 3482 1410 3521 cum
1424 3466 1540 3521 suis
1560 3465 1832 3521 fratribus
1864 3466 1937 3521 ad
1964 3483 2131 3521 suum

493 3563 801 3618 revertitur
816 3560 1230 3617 manasterium
1254 3576 1480 3615 cursum
1500 3560 1810 3615 celebrare.
1846 3559 2131 3625 Quamdiu

569 3733 667 3813 (_a)_
691 3732 969 3813 Leifastus
982 3802 992 3813 .
1015 3748 1119 3813 seu_
1150 3730 1409 3813 Lefastus
1463 3728 2128 3813 episcopushEduensi-s,

497 3803 763 3885 quam,
786 3808 917 3885 post
938 3803 1373 3885 Siagriumhqui
1400 3819 1554 3885 ann?
1575 3819 1640 3857 nc
1675 3803 1835 3885 obiit,
1869 3804 1932 3855 ut
1961 3803 2135 3885 sentit

498 3873 756 3933 Carolus
785 3873 837 3929 le
880 3874 1081 3932 Cointe
1134 3874 1194 3928 in
1241 3873 1448 3929 Annal.
1493 3875 1692 3929 Franc.
1751 3873 1824 3928 ad
1874 3890 1969 3928 an.
2007 3876 2131 3940 600,

2211 1875 2367 1930 dives
2393 1874 2787 1929 misericordia
2812 1874 2912 1928 Dei
2934 1890 3061 1945 quae
3092 1891 3223 1927 suos
3257 1873 3441 1927 vereri
3462 1872 3622 1939 facit,
3645 1874 3704 1926 et
3730 1872 3849 1925 loca

2210 1968 2454 2040 requirit
2472 1968 2593 2039 ipse
2631 1967 2905 2021 virtutum
2949 1967 3187 2037 largitor
3225 1984 3291 2020 ac
3330 1967 3717 2037 dispensator,
3755 1964 3849 2018 ubi

2211 2080 2317 2136 per
2336 2080 2469 2117 suos
2498 2062 2695 2116 ï¬deles
2726 2078 2889 2116 suam
2915 2061 3168 2115 ostendit
3202 2060 3545 2131 potentiam.
3591 2060 3676 2114 Ad
3708 2058 3854 2112 basi-

2212 2157 2384 2212 licam
2405 2156 2589 2210 sancti
2616 2155 2720 2208 viri
2745 2157 2875 2209 sunt
2905 2154 3000 2208 alii
3028 2154 3276 2221 liberati,
3304 2154 3400 2208 alii
3432 2171 3567 2207 vero
3604 2152 3851 2207 basilica:

2218 2251 2449 2306 domnae
2487 2249 2857 2320 Radegundis
2882 2251 3017 2301 sunt
3033 2247 3276 2302 directi:
3319 2251 3381 2300 ut
3418 2247 3565 2301 sicut
3607 2246 3855 2317 aequales

2219 2345 2405 2417 gratia
2431 2347 2614 2411 erant,
2646 2343 2725 2397 ita
2745 2342 2980 2413 aequalis
3001 2347 3059 2397 et
3085 2341 3263 2395 virtus
3293 2340 3718 2395 ostenderetur.

2292 2442 2377 2493 32.
2402 2437 2538 2502 Quis
2567 2437 2718 2491 male
2744 2432 2983 2503 habens,
3014 2435 3276 2507 quamvis
3297 2434 3411 2489 vita
3436 2434 3793 2506 desperatus,
3811 2433 3859 2485 si

2218 2533 2433 2605 pallam
2461 2530 2843 2585 subteriorem
2868 2534 3060 2584 custos
3076 2529 3339 2601 ejusdem
3357 2528 3503 2584 sacri
3522 2526 3769 2598 sepulcri
3780 2526 3861 2579 in-

2222 2625 2461 2680 tinxitin
2479 2624 2655 2679 calice
2669 2641 2855 2695 aqum,
2871 2628 2929 2679 et
2948 2624 3109 2678 dedit
3128 2624 3181 2677 ei
3199 2622 3550 2679 febricitanti
3570 2621 3858 2694 poculum,

2224 2737 2339 2775 non
2378 2719 2573 2774 statim
2606 2699 2850 2772 ut'bibit
2891 2721 3025 2773 ante
3072 2721 3334 2772 sanctum
3378 2718 3501 2787 ejus
3536 2716 3863 2787 sepulcrum

2217 2815 2419 2886 jacens
2450 2830 2622 2884 sopor
2652 2812 2909 2880 accessit,
2934 2812 3170 2867 morbus
3193 2811 3470 2866 recessit?
3498 2810 3719 2867 Christo
3747 2810 3861 2862 lar-

2225 2907 2419 2978 giente
2442 2906 2707 2961 omnibus
2728 2906 2931 2960 diebus
2954 2906 3012 2960 in
3031 2906 3267 2961 nomine
3290 2904 3465 2976 ipsius
3481 2904 3753 2959 DominiJ
3760 2917 3863 2957 esu

2227 3000 2434 3057 Christi
2466 3000 2545 3053 ibi
2572 3002 2769 3056 multa:
2787 3001 3023 3055 virtutes
3063 3002 3229 3068 ï¬unt,
3282 3000 3436 3054 unde
3468 2997 3718 3053 recessit.
3752 2997 3871 3051 Nos

2228 3110 2460 3166 quoque
2489 3094 2662 3148 etiam
2702 3094 2858 3149 ï¬deli
2900 3093 3203 3149 devotione
3243 3098 3300 3149 et
3334 3093 3636 3149 sedulitate
3675 3090 3874 3146 debita

2227 3204 2574 3242 veneramur
2600 3187 2659 3241 in
2689 3188 2874 3256 terris,
2901 3188 3061 3259 cujus
3082 3188 3280 3243 anima
3314 3187 3677 3253 confidimus,
3724 3200 3875 3255 gau-

2230 3281 2434 3336 demus
2464 3285 2522 3335 et
2550 3282 2867 3353 gloriamur
2893 3283 3049 3354 quod
3073 3284 3415 3354 praefulgeat
3436 3282 3499 3335 in
3532 3279 3702 3346 cailis,
3742 3278 3876 3350 ipso

2228 3378 2542 3447 praestante
2580 3376 2676 3447 qui
2703 3393 2832 3431 cum
2858 3378 3025 3431 Patre
3052 3380 3110 3431 et
3137 3376 3351 3448 Spiritu
3399 3377 3597 3431 sancto
3643 3372 3778 3427 vivit
3812 3376 3877 3425 et

2230 3473 2441 3541 regnat
2462 3470 2523 3524 in
2551 3471 2761 3525 saecula
2780 3471 3137 3526 saeculorum.
3160 3473 3366 3526 Amen.

2233 3749 2390 3808 num.
2419 3738 2470 3788 â€˜7.
2501 3734 2927 3808 sammarthani
2956 3735 3284 3808 Auspicium
3314 3736 3467 3808 inter
3501 3734 3794 3808 Siagrium
3814 3741 3885 3808 et

2231 3804 2525 3860 Lefastum
2559 3807 2777 3861 locant:
2802 3806 2902 3879 sed
2930 3804 3091 3879 prior
3103 3807 3391 3862 sententia
3412 3806 3485 3861 ob
3507 3804 3883 3861 Baiidonivim

2234 3879 2461 3931 atatem
2493 3878 2875 3948 praeferenda.

1055 4253 1499 4329 SANCT/E
1552 4252 2268 4351 BADEGUNDIS,
2319 4257 2751 4332 REGINZE
2801 4259 3326 4334 FRANCIZE.

1594 4430 1786 4555 TE
1800 4430 2418 4558 STAMEN
2424 4434 2745 4562 TUM
2774 4538 2802 4588 ,

875 4770 1881 4926 EPISTOLAa
1982 4653 2255 4947 Î‘á¼˜
2382 4779 3483 4933 EPISCOPOS.

578 5147 731 5202 Hanc
755 5145 918 5201 initio
948 5144 1223 5200 institutae
1255 5145 1717 5217 congregationis
1746 5163 1861 5203 suae
1891 5165 1996 5221 pro
2025 5150 2147 5222 ejus
2172 5150 2348 5207 tutela
2378 5156 2432 5209 et
2458 5149 2754 5207 stabilitate
2782 5150 3022 5226 scripsit,
3050 5152 3399 5226 concilioque
3419 5153 3745 5213 Turonensi
3765 5174 3890 5212 con-

504 5236 847 5293 ï¬rmandam
874 5236 1077 5291 absens
1105 5235 1328 5291 obtulit.

504 5394 602 5464 Et}
628 5393 753 5448 Non
777 5392 944 5449 video
958 5391 1115 5464 quod
1131 5395 1362 5518 tempus
1374 5391 1509 5448 huic
1527 5394 1781 5475 epistolas
1801 5395 1990 5468 aptius
2014 5415 2148 5453 con-

509 5468 697 5518 gruat.
729 5480 905 5518 quam
948 5464 1152 5518 concili
1184 5481 1222 5518 ii
1299 5480 1619 5518 uronensis.
1650 5468 1793 5518 Cum
1824 5469 1978 5518 enim
2024 5469 2148 5518 scri-

507 5468 697 5535 gruat,
729 5480 905 5535 quam
948 5464 1152 5519 concili
1184 5481 1222 5519 ii
1254 5464 1619 5520 Turonensis.
1650 5468 1794 5521 Cum
1824 5464 1979 5523 enim
2024 5469 2153 5523 scri-

504 5538 606 5607 pta
654 5535 727 5608 sit
771 5535 845 5589 ad
882 5536 1180 5608 episcopos
1216 5536 1342 5590 illos
1374 5536 1531 5608 ipsos
1571 5537 1747 5608 (quod
1809 5555 1877 5592 ex
1922 5539 2151 5595 illorum

504 5605 783 5679 rescripto
816 5605 995 5679 patet)
1041 5605 1424 5679 quiiconcilio
1462 5605 1777 5662 Turonensi
1824 5609 2152 5676 adfuerunt,

505 5677 814 5731 verisimile
843 5681 929 5731 est
947 5677 1076 5733 tum
1103 5678 1177 5732 ad
1199 5695 1298 5732 eos
1338 5677 1594 5744 missam,
1635 5695 1765 5733 cum
1808 5696 1923 5734 una
1966 5686 2157 5737 essent

507 5746 571 5801 in
601 5763 671 5801 eo
694 5747 939 5821 cqncilio
960 5748 1317 5819 congregati.
1349 5747 1458 5812 Qui
1473 5748 1705 5821 hancin
1722 5751 1985 5821 longiora
2008 5756 2155 5809 tem-

512 5832 655 5887 pora
679 5816 971 5885 differunt,
992 5821 1050 5871 et
1066 5816 1203 5887 post
1226 5834 1409 5872 annos
1441 5816 1640 5889 viginti
1665 5816 1852 5890 paulo'
1866 5827 1999 5877 ante
2034 5824 2155 5878 obi-

2252 5403 2374 5454 tum
2385 5417 2418 5488 a
2431 5403 2628 5488 sancta
2639 5400 2993 5488 Radegunde
3006 5403 3894 5488 scriptamvoluntmraeterquam

2256 5471 2465 5549 quod-a
2487 5472 2762 5549 Gregorio
2782 5471 3102 5549 Turonensi
3118 5471 3601 5549 refellunturiqui
3620 5471 3793 5549 initio
3809 5477 3892 5531 in-

2256 5542 2463 5617 stitutae
2492 5543 2564 5617 ab
2601 5542 2670 5598 ea
2690 5542 3176 5617 congregationis
3202 5546 3432 5617 editam
3464 5542 3663 5614 docet,
3690 5548 3792 5602 lib.
3828 5563 3894 5611 ix,

2256 5629 2381 5695 cap.
2405 5616 2493 5682 39,
2516 5615 2631 5700 hoc
2650 5615 2965 5700 etiam'non
2983 5616 3467 5698 animadvertunt,
3494 5618 3896 5700 Euphronium

2258 5686 2589 5765 episcopum
2615 5686 2700 5757 (ut
2725 5686 2796 5740 de
2832 5688 3054 5742 caeteris
3075 5687 3173 5770 qui
3205 5704 3329 5768 .una
3373 5686 3718 5757 rescribunt,
3762 5688 3897 5744 nihil

2259 5754 2465 5826 dicam)
2493 5773 2562 5810 ea
2606 5760 2871 5826 tempora
2902 5775 3019 5813 non
3054 5762 3330 5826 attigisse,
3373 5763 3612 5826 totoque
3653 5761 3896 5826 amplius

2261 5774 2465 5826 dicam)
2493 5774 2562 5810 ea
2606 5774 2871 5828 tempora
2902 5775 3019 5813 non
3054 5774 3330 5830 attigisse,
3373 5774 3612 5832 tctoque
3653 5774 3834 5832 ampli

2261 5825 2543 5882 decennio
2572 5832 2779 5884 sanctae
2810 5829 3179 5901 Radegundis
3208 5829 3428 5887 obitum
3445 5831 3834 5903 prmvertisse.
