4006 6238
154 330 236 382 681

1617 318 1902 376 ΝΟἸἸΤΙΑ.

3395 327 3497 379 682

213 429 456 488 Dominis
482 430 711 498 sanctis,
735 433 793 484 et
815 429 1129 501 apostolica
1160 428 1294 483 sede
1328 426 1685 500 dignissimis
1701 428 1761 481 in
1782 440 1842 513 Α
1862 443 2059 498 pronae
2082 427 2293 481 mentis
2306 426 2493 482 studio
2516 426 2777 499 cogitans
2802 427 2979 481 etiam
3006 427 3076 481 de
3098 428 3341 485 aliarum
3362 447 3496 502 pro-

152 528 355 586 Chrislo
398 525 674 597 patribus,
732 524 999 579 omnibus
1054 522 1335 595 episcopis
1392 522 1762 594 Radegundis

150 616 433 691 peccatrix.

212 714 479 780 Congrum
510 707 850 779 provisionis
870 711 1003 762 tunc
1024 706 1367 761 roboraliter
1387 705 1462 760 ad
1490 704 1759 759 effectum

152 804 315 860 tendit
334 802 647 869 exordium,
665 818 798 856 cum
814 800 1182 873 generalibus
1194 799 1472 871 patribus,
1499 797 1767 865 medicis;

150 917 206 954 ac
243 897 577 970 pastoribus,
620 895 780 950 ovilis
821 896 928 950 sibi
971 894 1261 949 commissi
1302 909 1472 948 causa
1528 892 1762 946 auribus

151 992 391 1057 traditur,
415 1006 734 1061 eorumque
756 989 1014 1043 sensibus
1044 988 1759 1058 commendatur,quorum

151 1084 486 1157 participatio
518 1084 590 1138 de
613 1084 892 1138 charitate
915 1082 1243 1149 consilium,
1265 1082 1335 1136 de
1352 1083 1638 1153 potestate
1652 1079 1762 1133 suf-

150 1179 474 1250 fragium,de
497 1178 756 1233 oratione
780 1178 1108 1232 ministrare
1126 1175 1759 1248 poteritinterventum.

147 1276 204 1328 Et
226 1272 495 1344 quoniam
523 1271 660 1327 olim
686 1271 884 1326 vinclis
927 1270 1219 1325 laicalibus
1263 1270 1544 1337 absoluta,
1569 1268 1763 1324 divina

146 1366 461 1439 providente
478 1369 536 1420 et
548 1365 865 1437 inspirante
884 1364 1215 1433 clementia,
1231 1363 1306 1419 ad
1326 1363 1621 1435 religionis
1634 1379 1764 1418 nor-

148 1477 286 1515 mam
300 1460 416 1515 visa
439 1476 568 1515 sum
596 1458 916 1515 voluntarie
945 1459 1088 1514 duce
1116 1458 1339 1514 Christo
1363 1458 1666 1525 translata;
1696 1473 1762 1512 ac

206 1606 228 1634 ⁸
251 1608 421 1663 Soror
446 1605 632 1660 sancti
652 1603 916 1660 Cassarii:
953 1606 1052 1658 aut
1079 1605 1232 1657 certe
1247 1602 1448 1673 junior
1473 1602 1674 1667 altera,
1718 1601 1761 1655 si

142 1681 273 1749 degit
289 1680 465 1748 legas.
484 1680 615 1732 Dure
634 1675 917 1747 siquidem
939 1673 1467 1749 ejusdemgnominis
1481 1676 1539 1726 et
1558 1689 1761 1727 mune-

144 1744 220 1804 ris.
243 1744 498 1805 Caesarie:
538 1744 791 1802 fuerunt.
827 1749 949 1801 Una
976 1744 1157 1800 Sancti
1185 1744 1412 1799 Caesarii
1457 1760 1759 1813 germana,

143 1838 302 1902 quam
331 1820 609 1902 Caesarius
630 1820 810 1899 frater
830 1818 1063 1902 condito
1081 1834 1113 1871 a
1134 1833 1193 1869 se
1215 1816 1569 1902 monasterio
1592 1815 1763 1895 abba—

142 1886 321 1947 tissam
342 1891 621 1963 praefecit,
656 1890 822 1961 eique
855 1890 1137 1963 regulam,
1174 1887 1278 1941 sub
1320 1903 1433 1957 qua
1478 1902 1609 1963 cum
1647 1886 1763 1940 suis

140 1957 360 2029 viveret,
400 1961 667 2017 instituit.
697 1957 988 2016 Posterior
1027 1960 1228 2026 altera,
1268 1974 1397 2029 quae
1436 1957 1636 2029 priori,
1676 1974 1763 2011 su-

1862 521 2131 588 fectibus,
2166 524 2229 574 ut
2261 524 2559 575 annuente
2583 520 2824 576 domino
2848 537 2980 576 mea
2999 521 3285 578 desideria
3310 524 3498 579 efﬁce-

1861 617 2063 669 rentur
2087 614 2323 685 reliquis
2338 615 2658 685 profutura,
2681 614 3015 671 instituente
3039 618 3211 687 atque
3232 634 3499 673 remune-

1860 711 2025 763 rante
2051 708 2581 779 praecellentissimo
2608 709 2826 764 domno
2848 726 2985 781 rege
3006 710 3276 779 Clotario,
3299 727 3499 767 mona-

1862 802 2100 855 sterium
2120 802 2441 872 puellarum
2458 803 2685 857 Pictava
2705 803 2845 857 urbe
2867 803 3155 873 constitui,
3178 805 3500 860 conditum-

1862 912 1994 967 que,
2027 898 2306 967 quantum
2328 896 2884 951 mihimuniﬁcentia
2913 898 3127 968 regalis
3154 901 3240 953 est
3264 898 3494 970 largita,

1861 990 2014 1045 facta
2038 989 2353 1044 donatione
2385 990 2597 1045 dotavi.
2638 992 2874 1062 Insuper
2912 992 3351 1063 congregationi
3394 1008 3498 1064 per

1863 1100 1958 1138 me
1996 1082 2218 1139 Christo
2260 1087 2565 1155 praestante
2604 1086 2856 1140 collectae
2897 1086 3193 1155 regulam,
3237 1086 3339 1141 sub
3384 1102 3498 1157 qua

1863 1180 2060 1232 sancta
2088 1177 2332 1233 Caesarie
2359 1177 2614 1248 deguit‘,
2639 1182 2747 1234 etc.

1932 1273 2162 1341 Reliqua
2206 1272 2407 1326 videsis
2462 1276 2586 1327 tom.
2633 1273 2869 1341 praeced.
2913 1275 3014 1328 col.
3069 1276 3192 1337 522,
3242 1274 3337 1328 ubi
3389 1274 3498 1329 haec

1863 1367 2091 1435 epistola
2118 1382 2153 1419 α
2178 1365 2431 1433 Gregorio
2464 1368 2764 1421 Turonensi
2788 1370 3046 1435 refertur.

1864 1601 2098 1673 perstite
2125 1601 2313 1656 adhuc
2338 1601 2583 1658 Cmsario
2611 1602 2916 1669 defunctas,
2946 1602 3003 1655 in
3034 1602 3334 1657 abbatissae
3370 1620 3496 1659 mu-

1864 1690 2002 1727 nere
2030 1674 2318 1741 successit,
2345 1678 2407 1728 ut
2427 1676 2626 1729 auctor
2645 1677 2731 1726 est
2750 1673 3065 1744 Cyprianus
3086 1674 3145 1727 in
3172 1674 3297 1729 Vita
3317 1676 3499 1730 sancti

1865 1745 2114 1817 Caesarii,
2142 1761 2312 1814 quam
2324 1745 2594 1817 iCaasarier
2616 1745 2784 1815 hujus
2810 1748 3017 1815 rogatu
3046 1747 3385 1817 composuit.
3414 1748 3498 1800 Ab

1867 1816 1970 1870 hac
2002 1815 2207 1888 eadem
2224 1815 2595 1887 Radegundis
2621 1817 2882 1888 regulam
2894 1816 3144 1884 Casarii,
3174 1815 3346 1888 quam
3373 1834 3495 1872 mo-

1865 1887 2113 1941 nasterio
2145 1903 2247 1941 suo
2270 1888 2546 1955 traderet,
2576 1887 2807 1958 expetit.
2834 1889 2952 1943 JAC.
2986 1888 3141 1943 Sum.

606 2184 1584 2401 DECRETUM
1721 2263 3036 2428 EPISCOPORUM,

727 2497 893 2552 QUOD
939 2497 1245 2543 SUSCEPTA
1288 2495 1505 2540 ΒΕΑΤΔΞ
1544 2493 1935 2540 RADEGUNDIS
1979 2494 2282 2541 EPISTOLA
2327 2494 2888 2541 CONSCRIPSERUNT.

201 2638 453 2693 Dominae
486 2638 855 2709 beatissimae,
875 2643 933 2694 et
979 2639 1039 2693 in
1088 2637 1309 2694 Christo
1350 2636 1601 2693 ecclesiae
1632 2635 1761 2692 ﬁlim
1780 2650 1837 2723 B
1860 2653 2074 2692 mensa:
2095 2635 2406 2692 divinitatis
2438 2635 2734 2708 provisura
2756 2635 3037 2703 remedia,
3060 2638 3169 2691 etc.

139 2731 495 2802 Radegundi,
535 2733 926 2804 Euphronius,
979 2735 1373 2801 Praetextatus,
1415 2732 1758 2798 Germanus,

137 2825 291 2893 Felix,
306 2826 730 2895 Domitiannus,
754 2826 1033 2882 Victorius
1054 2831 1112 2881 et
1126 2828 1465 2894 Domnolus,
1489 2823 1759 2896 episcopi.

197 2918 443 2975 Sollicita
460 2925 594 2976 sunt
613 2920 835 2992 jugiter
861 2921 1011 2976 circa
1053 2938 1235 2991 genus
1274 2921 1603 2976 humanum
1648 2921 1759 2975 im-

1932 2733 2163 2802 Reliqua
2188 2732 2389 2787 videsz's
2419 2732 2576 2799 Greg.
2607 2722 2807 2787 Turon.
2857 2731 2951 2785 lib.
2988 2747 3061 2794 1x,
3107 2746 3228 2801 cap.
3269 2733 3359 2800 39,
3391 2731 3491 2785 col.

1865 2828 1965 2880 516
1986 2830 2112 2882 tom.
2135 2825 2372 2896 praeced.

1280 3248 1447 3295 ANNO
1495 3248 1710 3294 DOMINI
1759 3246 2327 3294 DLXXIII-DLXXVII.

420 3394 2022 3659 BENEDICTUS
2175 3392 2812 3593 PAPA
2970 3394 3117 3596 Ι.

738 3859 745 3861 ‘
823 3858 1286 3947 NOTITIA
1374 3858 1519 3945 EX
1606 3859 1945 3946 LIBRO
2036 3834 2791 3945 PONTIFICALI.

189 4133 567 4230 benedictus'
590 4139 827 4195 natione
846 4140 1140 4196 Romanus
1153 4157 1220 4197 ex
1244 4144 1408 4213 patre
1431 4140 1746 4211 Bonifacio,
1769 4154 1824 4230 ρ
1852 4138 2078 4213 eodem]
2118 4142 2378 4210 tempore
2421 4154 2565 4210 gens
2592 4136 3141 4210 Langobardorumc
3176 4135 3383 4192 invasit
3407 4140 3489 4192 to-

125 4226 261 4282 sedit
288 4247 476 4287 annos
504 4232 531 4273 ι)
557 4236 805 4304 quatuor
825 4233 922 4307 (α),
950 4251 1213 4289 mensem
1256 4252 1457 4304 unum,
1501 4235 1623 4290 dies
1664 4235 1744 4289 vi-

123 4319 255 4389 ginti
288 4327 416 4380 octo
449 4325 601 4396 [Cod.
633 4330 782 4392 Luc.,
824 4328 1079 4402 novem].
1114 4329 1384 4400 Ejusdem
1417 4328 1566 4402 [Cod.
1597 4332 1745 4392 Luc.,

1847 4236 1968 4289 tam
1982 4233 2225 4302 Italiam,
2246 4231 2529 4305 simulque
2551 4235 2610 4289 et
2629 4234 2812 4288 fames
2833 4231 3031 4299 nimia,
3055 4233 3118 4285 ut
3141 4231 3316 4286 etiam
3338 4232 3484 4287 mul-

1847 4328 2032 4383 titudo
2054 4331 2373 4384 castrorum
2398 4344 2456 4383 se
2482 4327 2737 4384 traderet
2756 4324 3169 4399 Langobardis,
3189 4328 3252 4380 ut
3265 4329 3484 4398 tempe-

1408 4486 1606 4542 ΝΟΤᾸΞ
1643 4485 1955 4541 SEVERINI
1997 4485 2178 4541 BINII.

178 4595 203 4626 ⁸
227 4594 366 4649 Cum
388 4594 653 4653 Romana
683 4598 850 4655 sedes
879 4600 953 4655 ob
985 4604 1263 4657 tumultus
1282 4602 1515 4660 bellicos
1546 4620 1739 4659 vacas-

117 4663 196 4746 set
229 4680 459 4746 menses
493 4668 691 4723 decem
729 4675 787 4746 et
826 4676 943 4726 tres
972 4672 1114 4743 dies,
1162 4675 1520 4744 Benedictus,
1569 4692 1742 4746 quem

116 4732 283 4817 graeci
310 4737 600 4817 Bonosum
614 4742 937 4817 nominant,
953 4732 1177 4817 creatus
1191 4750 1277 4800 est
1290 4732 1545 4817 pontifex
1563 4732 1655 4801 die
1678 4750 1741 4800 16

113 4801 252 4893 ξᾶξιίί,
279 4811 664 4893 annovChristi
682 4801 1087 4893 Redemptoris
1102 4820 1224 4893 573.
1257 4801 1433 4893 Ilujus
1480 4822 1743 4893 tempgm

114 4872 469 4960 hangobardi
486 4883 743 4938 maxima
762 4902 827 4960 ex
850 4872 1010 4956 parte
1032 4887 1321 4943 idolorum
1337 4872 1620 4944 "cultores:
1648 4872 1747 4943 Ec-

114 4945 345 5029 clesiam
371 4951 500 5005 dira
525 4945 924 5024 persecutione
942 4963 1239 5029 vexarunt,
1263 4961 1389 5014 loca
1408 4977 1568 5015 sacra
1583 4961 1745 5015 etfos-

112 5025 528 5105 sjssapaorum‘
540 5031 862 5105 martyrum
884 5031 1155 5105 sepulcris
1174 5025 1573 5103 profanarunt,
1603 5032 1741 5105 ardi-

112 5086 231 5168 Iicia
251 5091 310 5145 in
332 5094 621 5173 suburbiis
642 5086 849 5173 R‘omze
869 5086 1197 5173 diruerunt:
1238 5106 1500 5157 sanctum
1541 5086 1745 5158 Cerbo—

114 5175 265 5247 mum
278 5170 614 5247 episcopum
626 5185 757 5223 cum
769 5170 883 5224 suis
895 5172 1113 5247 clericis
1124 5173 1182 5227 in
1198 5174 1456 5247 exsilium
1471 5175 1747 5247 fugarunt

114 5234 401 5304 octoginta
414 5234 927 5314 ru‘sticos,qu_orum
942 5244 1327 5314 quadraginta
1353 5234 1745 5300 immolatitias

113 5317 307 5389 carnes
338 5309 668 5389 comedere,
697 5309 799 5389 alii
831 5309 1003 5389 caput
1032 5309 1481 5389 capraeadorare
1517 5334 1742 5371 recusa-

112 5371 279 5457 bant,
293 5379 575 5459 supplicio
602 5371 806 5459 mortis
831 5371 1167 5459 affecerunt.
1202 5388 1315 5459 Hac
1345 5388 1744 5459 persecutione

113 5460 177 5498 ea
204 5452 488 5530 miracula
526 5454 894 5530 con_tigeru_nt
919 5474 1047 5530 qua}
1096 5457 1153 5511 in
1185 5452 1362 5530 libris-
1382 5459 1745 5530 dialogorum

111 5524 484 5601 recensentur
495 5540 526 5576 a
530 5525 653 5601 pud
665 5524 1300 5601 e’umdemfGregorium
1320 5529 1390 5584 de
1409 5524 1604 5585 sancto
1621 5533 1748 5586 Cer-

111 5584 596 5680 boniqepiscopo,
623 5595 881 5680 Santulo,
909 5584 1154 5680 aliisde
1174 5601 1545 5680 presbyteris.
1573 5584 1743 5680 Justi-

111 5672 213 5738 nus
224 5666 921 5743 imperatqrAnastasium
934 5666 1378 5741 Antioch-enuni,
1397 5673 1469 5728 ob
1482 5673 1749 5743 quaedam

113 5733 350 5787 crimina
368 5733 453 5787 illi
471 5737 697 5814 objecta
713 5738 1058 5814 depositum,
1072 5733 1375 5814 relegavit.
1388 5733 1519 5807 Qua
1530 5761 1594 5798 re
1616 5760 1748 5798 cum

112 5808 578 5889 magnamapud
598 5808 806 5889 Deumw
826 5808 1109 5889 offensam
1145 5808 1352 5870 merito
1394 5816 1747 5889 incurrisset,

118 5876 309 5931 omnia
332 5876 417 5932 illi
450 5876 724 5950 deinceps
758 5882 818 5937 in
838 5883 1005 5955 pejus
1033 5900 1199 5939 ruere
1220 5889 1535 5957 coeperunt.
1565 5876 1750 5942 Persae

440 5975 714 6043 PATROL.
764 5981 1002 6047 LXXII.

1844 4620 2058 4675 magna
2099 4606 2290 4675 strage
2321 4600 2635 4675 exercitum
2670 4601 2792 4675 ejus
2824 4600 3273 4675 prostraverunt.
3306 4597 3487 4675 Cujus

1842 4675 1929 4730 rei
1949 4669 2395 4729 'nuntium'dum
2430 4673 2503 4727 ad
2530 4669 2717 4743 ipsum
2745 4669 3156 4743 imperatorem
3194 4669 3485 4743 perlatum

1845 4749 2013 4814 esset,
2062 4749 2258 4801 mente
2300 4740 2661 4799 abalienatus
2710 4740 2845 4811 fuit,
2888 4740 3484 4814 dilucidisginterdum

1844 4812 2159 4872 intervallis
2182 4817 2256 4871 ad
2287 4816 2582 4870 modicum
2621 4815 2901 4869 duntaxat
2930 4812 3209 4883 temporis
3235 4813 3482 4884 spatium

1844 4889 2203 4967 resipiscens.
2246 4887 2332 4940 Ab
2360 4887 2475 4967 hoc
2516 4884 2999 4967 ‘maloucorporis
3065 4884 3355 4967 liberatus.
3398 4888 3486 4938 est

1846 4956 2080 5031 quando
2112 4960 2186 5014 ad
2213 4956 2643 5031 conciliandum
2669 4956 2777 5031 sibi
2803 4956 3061 5031 divinum
3091 4973 3309 5031 numen
3341 4960 3483 5010 tem-

1843 5027 2296 5103 plumexstruxit
2318 5028 3100 5103 Deiggenitrici‘Mariaetqum
3147 5027 3197 5103 ei
3251 5031 3480 5103 tantum

1846 5097 2163 5158 sanctitatis
2204 5097 2490 5172 praestitit,
2526 5103 2605 5172 _ut
2648 5099 2897 5153 dilucido
2938 5097 3479 5172 intervallopotius,

1845 5174 2063 5229 cunctis
2091 5167 2246 5228 recte
2284 5168 2588 5242 dispositis,
2632 5174 2844 5225 statum
2884 5167 3212 5239 reipublicae
3254 5167 3315 5222 in
3355 5171 3479 5223 tuto

1846 5246 2173 5300 collocaret.
2207 5246 2314 5315 (Ea:
2336 5241 2559 5297 miscell.
2586 5241 2755 5311 Hist.)

1918 5318 1945 5358 ι)
1977 5316 2157 5369 Annis
2177 5308 2443 5385 quatuor,
2470 5329 2669 5385 mense
2688 5308 2804 5385 uno
2819 5313 2878 5365 et
2894 5308 3100 5385 viginti
3126 5308 3481 5385 octo_diebus

1846 5388 2046 5442 sedem
2064 5380 2659 5459 pontiﬁciamtenuitL
2681 5382 2834 5459 Qbiit
2863 5380 3018 5459 enim
3047 5396 3201 5459 anno
3239 5380 3481 5435 Redem-

1846 5460 2029 5531 ptoris
2054 5452 2236 5514 nostri
2261 5462 2382 5524 577,
2412 5455 2595 5531 pridie
2614 5454 2905 5531 Kalendas
2931 5452 3191 5531 augusti.

1922 5544 1944 5572 ο
1976 5531 2099 5596 Quo
2128 5521 2387 5602 tempore
2412 5521 2782 5602 Langobardi
2824 5526 2884 5580 in
2934 5521 3153 5602 Italiam
3192 5521 3477 5602 venerint,

1849 5593 2022 5673 supra
2044 5602 2156 5657 dixi
2180 5602 2241 5655 in
2252 5593 2421 5673 ’notis
2441 5599 2521 5673 ad
2543 5593 2732 5673 Vitam
2758 5595 3012 5673 Joannis.
3042 5596 3173 5650 Haec
3196 5593 3481 5673 Anastasii

1847 5664 2092 5729 fortasse
2122 5670 2501 5742 intelligenda
2518 5673 2651 5724 sunt
2668 5670 2739 5742 de
2761 5667 3098 5742 earumdem
3124 5664 3481 5742 grassatione

1848 5745 1967 5813 illa,
2003 5761 2177 5816 quam
2207 5733 2437 5797 sanctus
2477 5741 2785 5814 Gregorius
2816 5740 2966 5794 inter
3007 5733 3182 5792 saevas
3215 5733 3480 5791 Ecclesiae

1850 5816 2291 5887 persecutiones
2309 5816 2633 5887 anumerat.

1926 5887 2002 5959 (a)
2028 5887 2246 5941 Eadem
2269 5885 2445 5941 habet
2462 5884 2601 5939 Cod.
2635 5900 2742 5938 ms.
2776 5881 3052 5955 Hardysil.
3084 5882 3247 5938 LABB.

3089 5984 3167 6045 22
