4006 6238
458 338 559 390 683

798 331 1152 388 BENEDICTI
1187 330 1379 387 ΡΑΡίΕ
1424 330 1447 384 l
1484 329 1577 385 AD
1613 327 2063 384 GRANDENSEM
2102 325 2583 383 PATRIARCHAM
2621 326 2960 383 EPISTOLAE
2998 324 3474 384 FRAGMENTUM.

3738 326 3842 381 684

460 458 589 497 rare
620 442 816 514 posset
842 439 1098 513 in0piam
1139 439 1328 495 famis.
1360 437 1526 503 Quod
1563 438 1694 492 dum
1734 437 2097 508 cognovisset
2116 450 2175 522 Α
2195 436 2428 492 basilica
2454 436 2606 490 beati
2637 436 2787 492 Petri
2806 435 3047 507 apostoli
3066 435 3397 504 secretario,
3412 433 3599 508 pridie
3621 434 3838 489 Kalen-

458 537 713 593 Justinus
735 535 883 608 [Cod.
902 531 1435 605 Lue.,Justinianus]
1455 530 2091 603 piissimusimperator,

463 632 600 703 quia
614 632 796 685 Roma
812 630 1239 701 periclitaretur
1250 628 1405 682 fame
1423 625 1843 681 etmortalitate
1866 624 1949 697 [In
1964 625 2092 681 Cod.

460 728 591 781 Luc.
633 726 780 780 deest
823 727 881 778 et
930 721 1326 793 mortalitate],
1372 719 1529 775 misit
1566 720 1623 773 in
1664 721 1992 791 Egyptum,
2042 721 2100 773 et

468 818 730 874 oneravit
756 833 931 872 naves
963 816 1277 883 frumento,
1312 818 1370 869 et
1394 814 1711 869 transmisit
1742 814 2012 868 Romam.
2032 813 2100 866 Et

464 913 542 968 sic
570 913 839 967 misertus
869 915 954 965 est
980 911 1129 964 Deus
1152 909 1345 963 Italiae.
1380 911 1443 963 In
1474 908 1595 963 istis
1616 908 1909 962 laboribus
1936 911 1994 961 et
2021 906 2103 961 af-

462 1005 808 1061 ﬂictionibus
839 1004 1058 1075 positus
1094 1002 1244 1076 [Οοά.
1267 1005 1423 1067 Luc.,
1452 1002 1541 1056 his
1568 1001 1787 1074 diebus]
1821 999 2103 1056 sanctissi-

463 1116 592 1154 mus
612 1098 951 1153 Benedictus
963 1114 1114 1171 papa
1130 1100 1392 1153 mortuus
1412 1100 1517 1153 est.
1538 1095 1647 1161 Qui
1665 1096 1919 1167 sepultus
1936 1097 2023 1150 est
2040 1094 2103 1149 in

2195 531 2298 586 das
2319 530 2559 602 Augusti
2590 532 2676 601 [In
2706 531 2831 589 Cod.
2864 534 2995 587 Luc.
3018 532 3167 587 deest
3184 531 3372 603 pridie
3400 529 3695 586 Kalendas
3724 533 3844 584 Au-

2195 624 2389 698 gusti].
2424 625 2522 679 Hic
2553 624 2687 679 fecit
2730 626 3161 682 ordinationem
3201 642 3382 680 unam
3428 642 3532 697 per
3569 641 3843 679 mensem

2195 718 2583 786 decembrem,
2617 718 2980 792 presbyteros
3007 719 3361 792 quindecim,
3395 719 3678 774 diaconos
3701 722 3841 785 tres,

2197 813 2496 884 episcopos
2520 829 2625 885 per
2670 813 2894 873 diversa
2933 815 3059 870 loca
3096 830 3342 869 numero
3380 814 3588 884 viginti
3633 829 3844 867 unum.

2196 909 2266 962 Et
2303 907 2544 961 cessavit
2591 892 2953 979 episcopatus
3010 925 3242 964 menses
3285 911 3422 976 tres,
3473 908 3597 962 dies
3637 907 3849 962 decem

2204 998 2353 1072 [Cod.
2382 1002 2511 1058 Luc.
2534 1001 2695 1058 addit
2720 1002 2824 1057 sub
2851 1002 2943 1057 die
2973 1005 3041 1058 3O
3069 1001 3285 1058 mensis
3303 1001 3480 1075 Julii].

459 1259 3841 1295 β

1608 1415 1917 1486 JOANNI
1963 1414 2358 1486 DOMINICI
2402 1414 2697 1484 MANSI.

780 1578 892 1652 IN
958 1574 1699 1652 FRAGMENTUM
1766 1574 2325 1651 EPISTOLIE
2394 1574 2961 1650 BENEDICTI
3027 1573 3545 1651 CENSURA.

535 1862 937 1928 Longiusculum
960 1861 1307 1927 fragmentum
1344 1861 1577 1927 epistolas
1601 1861 1871 1913 Benedicti
1898 1876 2047 1926 papas
2080 1876 2145 1913 ex
2170 1863 2396 1913 Gratiani
2419 1862 2570 1928 palea
2615 1862 2682 1913 ad
2722 1877 2840 1914 can.
2875 1866 2955 1924 18,
2992 1876 3042 1912 c.
3076 1861 3158 1924 27,
3203 1874 3256 1924 q.
3290 1864 3341 1923 2,
3386 1859 3472 1910 hic
3516 1859 3744 1909 exhibeo
3781 1858 3855 1908 ab

472 1946 713 1995 omnibus
739 1944 949 2009 quidem
984 1958 1081 1994 ceu
1105 1944 1465 2008 apocryphum
1492 1944 1766 2009 rejectum,
1793 1943 1885 1993 sed
1911 1943 2093 1993 dubito
2128 1959 2195 1995 an
2219 1945 2425 1995 merito.
2452 1945 2757 2008 Quanquam
2782 1943 2922 1994 enim
2957 1942 3268 2008 suspicionis
3292 1955 3398 1992 sua:
3420 1940 3598 1991 titulus
3624 1940 3757 2005 ipse,
3796 1944 3863 1991 ut

471 2026 525 2077 in
550 2026 712 2076 Editis
734 2025 941 2089 legitur,
976 2024 1167 2075 mereri
1193 2028 1382 2089 potest,
1408 2025 1713 2089 ambiguum
1740 2028 1819 2075 est
1839 2028 2016 2076 tamen
2038 2039 2163 2075 num
2188 2027 2424 2076 sincerus
2445 2026 2675 2076 Gratiani
2705 2025 2883 2075 Codex
2927 2025 3168 2075 eumdem
3203 2023 3443 2088 praeferat
3475 2022 3564 2086 qui
3595 2021 3650 2071 in
3690 2022 3863 2071 Editis

471 2110 703 2171 apparet.
732 2105 1007 2155 Gratianus
1033 2105 1172 2155 enim
1201 2106 1370 2156 editus
1397 2106 1668 2171 epistolam
1694 2107 1829 2157 hanc
1856 2107 2015 2157 latam
2037 2106 2248 2170 praefert
2273 2108 2592 2158 Patrz'archw
2618 2107 2888 2168 Gradensi,
2913 2106 3001 2170 qui
3034 2120 3158 2156 sane
3192 2103 3488 2169 patriarcha
3519 2102 3785 2152 Benedicti
3831 2102 3858 2151 I

469 2190 617 2236 astate
646 2185 813 2236 audiri
836 2185 1070 2236 nondum
1095 2191 1341 2251 coeperat.
1372 2188 1566 2237 Verum
1591 2187 1647 2237 in
1680 2201 1800 2237 meo
1829 2186 2027 2238 decreti
2070 2186 2281 2249 Codice,
2317 2188 2458 2251 quod
2494 2189 2686 2238 saeculo
2730 2188 2844 2251 ipso
2887 2187 3134 2246 Gratiani,
3181 2187 3262 2235 vel
3308 2185 3454 2234 initio
3497 2183 3863 2245 succedentis,

472 2266 724 2330 scriptum
739 2280 847 2316 non
872 2266 1014 2316 inani
1047 2268 1351 2331 conjectura
1383 2268 1643 2332 suspicor,
1669 2268 1740 2319 ita
1761 2270 1882 2333 lego
1908 2284 1921 2318 :
1953 2268 2255 2319 Benedictus
2284 2284 2459 2319 servus
2479 2284 2739 2319 servorum
2768 2270 2864 2318 Dei
2885 2269 2953 2318 N.
2979 2270 3217 2317 salutem.
3248 2268 3307 2316 In
3330 2264 3567 2329 margine
3588 2277 3714 2314 vero
3731 2265 3867 2325 alia,

475 2350 532 2397 ut
554 2346 814 2410 suspicor,
840 2347 931 2396 sed
955 2360 1103 2410 asque
1124 2349 1335 2412 antiqua
1364 2363 1523 2399 manu
1548 2348 1781 2399 additum
1803 2354 1882 2399 est
1909 2365 1923 2399 :
1951 2349 2240 2400 Graduensi
2271 2350 2606 2415 patriarchae,
2634 2354 2685 2399 et
2714 2351 2982 2400 Domim'co
3015 2350 3129 2414 ejus
3168 2347 3512 2411 suﬁraganeo.
3549 2345 3724 2395 Lectio
3759 2345 3867 2393 ista

475 2426 802 2491 praecipuum
828 2432 1190 2491 argumentum
1215 2429 1463 2480 adversus
1503 2429 1855 2479 sinceritatem
1897 2430 2051 2494 hujus
2087 2430 2318 2495 epistolae
2355 2435 2587 2481 enervat.
2632 2431 2826 2480 Verum
2865 2431 3035 2480 adhuc
3075 2431 3375 2493 perseverat
3410 2425 3658 2489 suspicio,
3700 2425 3755 2474 in
3790 2438 3864 2473 eo

475 2508 616 2571 quod
640 2507 950 2557 Benedictus
971 2521 1175 2557 servum
1202 2523 1464 2558 servorum
1495 2511 1588 2559 Dei
1612 2523 1723 2559 sese
1751 2511 1995 2574 appellat,
2021 2525 2177 2574 quem
2202 2525 2325 2561 sane
2352 2511 2557 2561 titulum
2587 2511 2807 2574 coepisse
2841 2510 3002 2571 aiunt,
3028 2525 3058 2560 a
3094 2513 3273 2560 sancto
3310 2507 3582 2572 Gregorio.
3627 2508 3692 2555 At
3734 2519 3867 2554 cum

474 2588 619 2637 testis
643 2588 754 2651 ejus
776 2587 1107 2638 institutionis
1130 2603 1161 2637 a
1182 2594 1373 2645 sancto
1404 2591 1657 2655 Gregorio
1684 2594 1870 2655 erepta:
1895 2592 2122 2641 Joannes
2164 2593 2415 2643 diaconus
2451 2593 2691 2643 atteratur
2734 2592 2961 2656 scriptor
2992 2591 3154 2641 multo
3197 2589 3459 2640 recentior
3499 2590 3650 2637 aelate
3688 2584 3871 2635 sancti

475 2668 730 2731 Gregorii,
755 2668 910 2717 unica
936 2668 1045 2733 ejus
1070 2670 1348 2720 auctoritas
1370 2671 1499 2721 tanti
1530 2672 1834 2723 aestimanda
1860 2686 1968 2722 non
2004 2676 2101 2737 est,
2140 2676 2196 2724 ut
2235 2674 2463 2724 validum
2507 2688 2571 2723 ex
2612 2688 2675 2723 ea
2719 2676 3082 2736 argumentum
3131 2675 3313 2721 contra
3353 2669 3494 2719 illam
3546 2667 3872 2717 deducatur.

470 2750 738 2813 Utcunque
783 2761 868 2798 res
903 2749 1089 2799 habeat
1125 2764 1263 2811 sese,
1297 2765 1418 2801 cum
1451 2766 1519 2802 ex
1559 2753 1803 2803 Gratiano
1857 2752 2073 2803 minime
2109 2758 2316 2805 constet
2353 2755 2562 2805 cuinam
2602 2754 2885 2804 Benedicto
2935 2752 3213 2803 tribuenda
3254 2750 3473 2815 epistola
3513 2749 3597 2806 sit.
3646 2747 3874 2798 alterius

474 2829 690 2961 fprﬁasse
716 2829 985 2880 Benedicti
1011 2830 1265 2896 scriptum
1290 2835 1400 2883 erat
1427 2833 1709 2886 sincerum.
1738 2834 2009 2885 Variantes
2033 2848 2150 2899 qum
2174 2836 2228 2886 in
2251 2837 2443 2888 ansulis
2466 2836 2743 2901 adscriptas
2768 2838 2909 2898 sunt,
2942 2833 3190 2885 Romanis
3229 2831 3430 2883 decreti
3468 2829 3875 2881 correctoribus

516 2924 543 2961 e
586 2916 755 2961 entur.

516 2916 755 2962 ebentur.

668 3479 1133 3562 FRAGMEN
1143 3481 1351 3565 TUM
1425 3484 1922 3568 EPISTOLE
1996 3490 2128 3571 AD
2200 3487 2859 3571 GRANDENSEM
2931 3477 3695 3567 PATRIARCHAM.

1179 3792 1427 3851 PALEA.

554 3880 896 3937 Benedictus
921 3882 1129 3939 Servus
1160 3902 1452 3943 servorum
1477 3885 1624 3943 Dei‘
1665 3888 1986 3945 Grandensi
2015 3905 2116 3961 pa-

480 3974 748 4033 triarchas
765 3976 1032 4045 salutem,
1067 3980 1176 4033 etc.

556 4069 667 4121 Lex
696 4068 901 4122 divina:
926 4070 1353 4127 constitutionis
1371 4074 1751 4144 apostolicam
1779 4076 2121 4131 cathedram

2138 3810 2196 3884 Β
2218 3799 2382 3853 umori
2408 3812 2539 3861 suae,
2565 3800 2617 3851 et
2645 3798 2806 3851 erunt
2825 3792 2934 3848 duo
2959 3792 3019 3846 in
3038 3804 3201 3845 carne
3226 3802 3339 3843 una
3366 3784 3519 3858 (Gen.
3539 3780 3621 3853 ιι).
3642 3778 3882 3844 Quibus

2219 3890 2407 3946 verbis
2436 3888 2688 3944 innotuit
2715 3904 2834 3943 non
2859 3886 3026 3941 aliter
3044 3884 3234 3938 virum
3265 3884 3323 3936 et
3354 3878 3663 3934 mulierem
3693 3888 3882 3945 posse

2219 3985 2346 4040 ﬁeri
2360 4000 2537 4039 unam
2550 3980 2921 4049 carnem,nisi
2940 3977 3155 4034 carnali
3166 3975 3373 4047 copula
3387 3972 3493 4027 sibi
3510 3969 3879 4025 cohaereant.

2222 4079 2329 4144 Qui
2343 4095 2482 4150 ergo
2497 4092 2868 4149 nequaquam
2882 4074 3086 4128 mistus
3107 4074 3493 4125 estextraneaa
3519 4061 3746 4119 mulieri
3767 4060 3884 4114 fce-

489 4160 627 4234 [Al.,
648 4160 865 4234 sedem]
891 4162 1063 4216 totius
1083 4165 1274 4235 posuit
1294 4167 1449 4221 orbis
1470 4171 1753 4223 terrarum
1778 4170 2121 4241 magistram

490 4253 640 4327 [Cod.
667 4256 819 4319 Lua,
845 4256 1297 4332 magistratum],
1333 4264 1394 4314 ut
1422 4261 1704 4332 quidquid
1728 4262 1937 4334 ubique
1964 4265 2120 4320 loco-

482 4365 615 4403 rum
640 4347 955 4418 dubitatur,
977 4350 1047 4404 ab
1067 4368 1135 4405 ea
1151 4352 1299 4407 ratio
1322 4354 1583 4423 ejusdem
1600 4356 1946 4426 requiratur.
1968 4359 2119 4414 Affa-

485 4448 576 4498 tus
609 4447 697 4498 est
728 4447 922 4498 autem
967 4461 1072 4498 nos
1115 4446 1232 4499 suis
1281 4446 1483 4501 litteris
1533 4449 1793 4519 ejusdem
1833 4452 2123 4507 cathedra:

485 4554 789 4605 sessorem,
818 4553 884 4591 ac
910 4542 1316 4608 percunctatus
1343 4544 1429 4594 est
1456 4542 1688 4613 quidam
1723 4547 1940 4600 vestras
1987 4546 2122 4619 [Al.,

484 4630 587 4704 vir]
620 4631 860 4686 nomine
884 4634 1155 4701 Joannes,
1184 4648 1291 4704 pro
1318 4635 1605 4691 connubio
1631 4638 1764 4692 ﬁliae
1792 4656 1907 4694 suae
1934 4656 2127 4711 super-

486 4726 661 4780 stitis:
690 4726 850 4796 cujus
862 4743 1027 4782 soror
1046 4726 1322 4782 defuncta
1344 4728 1573 4784 cuidam
1594 4730 1813 4801 juveni,
1829 4733 2123 4805 Stephano

488 4819 749 4890 nomine,
769 4819 1122 4892 simplicibus
1142 4821 1330 4876 verbis
1345 4822 1536 4878 fuerat
1555 4824 1921 4897 desponsata,
1952 4830 2009 4881 et
2029 4845 2127 4883 an-

487 4918 725 4986 tequam
772 4914 846 4969 ad
891 4914 1119 4986 nuptias
1162 4916 1510 4987 perveniret,
1553 4924 1741 4974 morte
1786 4925 2121 4992 prmventa:

489 5012 681 5063 utrum
695 5008 910 5063 scilicet
921 5026 1053 5063 cum
1068 5010 1277 5064 eodem
1284 5010 1497 5082 juvene
1510 5014 1690 5084 possit
1704 5015 2126 5071 matrimonum

488 5103 769 5158 celebrari
802 5102 1121 5173 superstitis
1151 5104 1301 5172 ﬁlias,
1332 5122 1439 5160 nec
1469 5123 1563 5162 ne.
1591 5108 1852 5179 Namque
1884 5113 2126 5165 testatus

2222 4173 2360 4227 dere
2392 4171 2654 4243 nuptiali,
2688 4186 2801 4241 quo
2828 4170 2992 4240 pacto
3018 4183 3123 4238 per
3143 4163 3301 4219 nuda
3330 4157 3655 4233 sponsionis
3683 4154 3881 4209 verba

2222 4271 2463 4338 possunt
2492 4282 2607 4320 una
2632 4280 2763 4319 caro
2784 4262 2932 4330 ﬁeri,
2975 4260 3302 4315 nullatenus
3337 4256 3594 4310 valemus
3628 4246 3878 4304 intueri.

2222 4360 2629 4432 Propinquitas
2654 4358 2811 4413 enim
2835 4354 3131 4427 sanguinis
3152 4351 3338 4406 verbis
3360 4348 3582 4413 dicitur,
3600 4359 3719 4398 non
3735 4358 3880 4396 ver-

2222 4454 2311 4508 bis
2335 4454 2599 4522 efﬁcitur,
2624 4452 2724 4506 sed
2750 4450 2899 4524 [Cod.
2935 4453 3086 4512 Luc.,
3110 4463 3227 4502 non
3250 4443 3439 4498 verbis
3454 4438 3723 4500 efﬁcitur,
3739 4434 3875 4507 sed]

2224 4564 2414 4619 neque
2432 4546 2687 4601 osculum
2699 4545 2850 4617 parit
2859 4533 3536 4615 propinquitatem,quod
3562 4528 3875 4605 [A1.,quia]

2226 4642 2442 4696 nullam
2456 4640 2594 4695 facit
2610 4638 2908 4711 sanguinis
2924 4625 3710 4694 commixtionem.Quoniam
3728 4638 3882 4678 vero

2224 4736 2303 4790 ita
2329 4752 2563 4807 prorsus
2588 4750 2711 4789 sese
2734 4733 2912 4787 habet
2935 4748 3027 4785 res
3048 4727 3287 4785 Joannis
3311 4724 3493 4791 istius,
3527 4723 3590 4776 ut
3607 4717 3746 4773 velit
3774 4733 3882 4771 se-

2225 4829 2477 4884 cundam
2513 4829 2693 4882 ﬁliam
2714 4826 2823 4881 illis
2870 4824 3084 4897 nuptiis
3133 4821 3427 4893 copulare,
3475 4815 3565 4870 cui
3606 4812 3879 4885 primam

2218 4924 2344 4996 jam
2372 4923 2703 4978 decreverat
2727 4921 3098 4991 desponsare,
3132 4929 3374 4970 censura
3402 4907 3700 4983 apostolici
3739 4922 3881 4960 ma-

2226 5018 2497 5089 gistratus
2525 5015 2872 5071 mandamus
2882 5014 2991 5067 hoc
3012 5012 3228 5081 absque
3261 5007 3430 5062 ullius
3452 5001 3709 5060 criminis
3728 5000 3881 5054 vitio

2226 5128 2392 5185 posse
2412 5111 2557 5177 ﬁeri,
2580 5111 2627 5164 si
2648 5108 2942 5179 utriusque
2964 5105 3143 5178 partis
3163 5101 3377 5158 sederit
3400 5096 3703 5155 voluntati.
3720 5095 3880 5148 Nam

488 5195 1054 5270 hujusreirationem
1074 5197 1228 5268 apud
1244 5199 1555 5255 voshaberi
1576 5202 2126 5274 ambiguam.Quam
2147 5191 2203 5267 C
2228 5224 2329 5261 cur
2374 5204 2769 5277 prohibeatur,
2798 5201 2953 5274 quod
2978 5196 3409 5272 prohibendum
3434 5194 3575 5265 [Al.,
3606 5186 3879 5261 prohibi-

490 5295 607 5348 Deo
638 5292 882 5346 docente
902 5290 1201 5346 reddimus
1229 5292 1316 5347 his
1348 5294 1534 5349 verbis
1559 5296 1956 5355 certissimam.
1984 5301 2124 5356 Pro-

488 5388 769 5459 tOplastus
794 5384 909 5454 ille,
941 5385 1103 5440 radix
1140 5390 1198 5440 et
1224 5386 1388 5458 origo
1417 5394 1613 5445 nostro
1646 5388 1793 5462 [Cod.
1835 5395 1991 5462 Luc.,
2019 5411 2124 5449 no-

490 5482 627 5552 stra]
659 5481 977 5535 detractam
999 5479 1107 5535 sibi
1126 5484 1346 5536 costam
1371 5481 1429 5536 in
1447 5484 1757 5539 mulierem
1778 5486 1978 5541 videns
2015 5488 2129 5543 for-

490 5579 732 5643 matam,
746 5574 1084 5646 prophetico
1099 5574 1301 5646 spiritu
1318 5576 1471 5631 inter
1482 5577 1594 5633 alia
1610 5579 1851 5651 protulit
1870 5596 1883 5634 :
1899 5582 2126 5651 Propter

489 5671 585 5726 hoc
622 5670 892 5757 relinquet
922 5670 1075 5725 homo
1101 5674 1320 5741 patrem
1353 5675 1405 5726 et
1448 5678 1697 5743 matrem,
1733 5678 1784 5729 et
1830 5674 2130 5733 adhaerebit

563 5816 693 5889 {De
711 5814 823 5889 hoc
852 5814 1023 5889 titulo
1049 5818 1109 5868 ut
1140 5815 1307 5889 estin
1335 5815 1542 5889 Codice
1571 5818 1831 5889 Lucensi,
1864 5823 2127 5889 superius

494 5882 627 5935 dixi.
663 5885 834 5936 Deest
850 5899 985 5937 vero
1009 5884 1070 5939 in
1102 5886 1311 5941 eodem
1333 5886 1541 5943 Codice
1583 5907 1689 5946 vox
1717 5882 1898 5962 palea.
1930 5882 2121 5952 MANSI.

2227 5301 2372 5370 tum]
2388 5315 2689 5371 nunquam
2703 5314 2803 5353 san
2812 5301 2902 5352 cta
2922 5294 3215 5365 Scriptura
3231 5291 3487 5345 declarat
3506 5286 3534 5341 ?
3548 5283 3665 5341 Sed
3675 5298 3881 5352 neque

2225 5394 2538 5450 mundana:
2581 5395 2760 5464 leges,
2791 5388 3227 5451 connumeratis
3268 5380 3531 5457 personis
3559 5394 3691 5451 quae
3716 5377 3885 5431 inter

2226 5506 2286 5546 se
2312 5489 2542 5561 nuptias
2572 5488 2731 5543 nonb
2762 5485 3133 5554 contrahunt,
3166 5481 3236 5536 de
3264 5473 3601 5550 hujusmodi
3649 5468 3879 5542 aliquid

2227 5586 2444 5641 dicunt.
2473 5586 2553 5639 Ne
2595 5598 2736 5654 ergo
2780 5578 3080 5651 abnegetis
3122 5576 3281 5649 quod
3322 5568 3665 5644 negandum
3714 5564 3880 5620 nulla

2224 5680 2451 5736 ratione
2479 5678 2696 5734 docetis
2728 5675 2865 5749 [Al.,
2894 5670 3276 5743 monstratis].

2299 5826 2325 5865 b
2353 5826 2415 5879 In
2445 5824 2586 5881 Cod.
2616 5826 2748 5879 Luc.
2782 5822 2945 5878 deest
2966 5835 3099 5884 non,
3129 5820 3189 5873 et
3227 5813 3504 5893 sequitur,
3541 5806 3877 5865 contrahunt

2226 5897 2294 5951 de
2322 5912 2381 5951 re
2406 5897 2738 5963 hujusmodi.
2764 5895 2932 5949 Idem.
