  <div class='ocr_page' id='page_1' title='image "/cluster/home/n/w/nwhite01/storage/ocr_20150623/72/uva.x000827084/472.png"; bbox 0 0 4006 6238; ppageno 0'>
   <div class='ocr_carea' id='block_1_1' title="bbox 224 308 3579 336">
    <p class='ocr_par' dir='ltr' id='par_1_1' title="bbox 224 308 3579 336">
     <span class='ocr_line' id='line_1_1' title="bbox 224 308 3579 336; baseline -0.005 5"><span class='ocrx_word' id='word_1_1' title='bbox 224 308 3579 336; x_wconf 48' lang='lat' dir='ltr'><strong>m</strong></span> 
     </span>
    </p>
   </div>
   <div class='ocr_carea' id='block_1_2' title="bbox 1000 467 2794 599">
    <p class='ocr_par' dir='ltr' id='par_1_2' title="bbox 1000 467 2794 599">
     <span class='ocr_line' id='line_1_2' title="bbox 1000 467 2794 599; baseline 0.003 -11"><span class='ocrx_word' id='word_1_2' title='bbox 1000 467 1995 590; x_wconf 74' lang='lat' dir='ltr'><strong>BENEDIGTI</strong></span> <span class='ocrx_word' id='word_1_3' title='bbox 2094 471 2621 599; x_wconf 69' lang='lat' dir='ltr'><strong>PAPE</strong></span> <span class='ocrx_word' id='word_1_4' title='bbox 2727 475 2794 593; x_wconf 85' lang='lat' dir='ltr'><strong><em>I</em></strong></span> 
     </span>
    </p>
   </div>
   <div class='ocr_carea' id='block_1_3' title="bbox 430 674 3386 827">
    <p class='ocr_par' dir='ltr' id='par_1_3' title="bbox 430 674 3386 827">
     <span class='ocr_line' id='line_1_3' title="bbox 430 674 3386 827; baseline 0.005 -16"><span class='ocrx_word' id='word_1_5' title='bbox 430 674 1312 817; x_wconf 54' lang='grc' dir='ltr'><strong>ΕΡΙΞΤΟΙλΑθι</strong></span> <span class='ocrx_word' id='word_1_6' title='bbox 1407 678 1643 815; x_wconf 88' lang='lat' dir='ltr'><strong>AD</strong></span> <span class='ocrx_word' id='word_1_7' title='bbox 1739 678 2287 819; x_wconf 87' lang='lat' dir='ltr'><strong>DAVID</strong></span> <span class='ocrx_word' id='word_1_8' title='bbox 2383 680 3386 827; x_wconf 85' lang='lat' dir='ltr'><strong>EPISCOPUM.</strong></span> 
     </span>
    </p>
   </div>
   <div class='ocr_carea' id='block_1_4' title="bbox 777 997 3015 1077">
    <p class='ocr_par' dir='ltr' id='par_1_4' title="bbox 777 997 3015 1077">
     <span class='ocr_line' id='line_1_4' title="bbox 777 997 3015 1077; baseline 0.004 -15"><span class='ocrx_word' id='word_1_9' title='bbox 777 997 1017 1063; x_wconf 85' lang='lat' dir='ltr'><strong>Probat</strong></span> <span class='ocrx_word' id='word_1_10' title='bbox 1047 1018 1131 1064; x_wconf 87' lang='lat' dir='ltr'><strong>ex</strong></span> <span class='ocrx_word' id='word_1_11' title='bbox 1173 999 1375 1063; x_wconf 89' lang='lat' dir='ltr'><strong>sacris</strong></span> <span class='ocrx_word' id='word_1_12' title='bbox 1403 1000 1661 1077; x_wconf 81' lang='lat' dir='ltr'><strong>litteris,</strong></span> <span class='ocrx_word' id='word_1_13' title='bbox 1696 1019 2034 1067; x_wconf 89' lang='lat' dir='ltr'><strong>summam</strong></span> <span class='ocrx_word' id='word_1_14' title='bbox 2063 1001 2451 1067; x_wconf 80' lang='lat' dir='ltr'><strong>Trinitatem</strong></span> <span class='ocrx_word' id='word_1_15' title='bbox 2487 1004 2812 1070; x_wconf 90' lang='lat' dir='ltr'><strong>unitatem</strong></span> <span class='ocrx_word' id='word_1_16' title='bbox 2849 1024 3015 1071; x_wconf 89' lang='lat' dir='ltr'><strong>esse.</strong></span> 
     </span>
    </p>
   </div>
   <div class='ocr_carea' id='block_1_5' title="bbox 278 1128 3582 1221">
    <p class='ocr_par' dir='ltr' id='par_1_5' title="bbox 278 1128 3582 1221">
     <span class='ocr_line' id='line_1_5' title="bbox 278 1128 3582 1221; baseline 0.005 -38"><span class='ocrx_word' id='word_1_17' title='bbox 278 1128 773 1185; x_wconf 78' lang='lat' dir='ltr'><strong>Reverendissimo</strong></span> <span class='ocrx_word' id='word_1_18' title='bbox 798 1130 959 1188; x_wconf 82' lang='lat' dir='ltr'><strong>fratri</strong></span> <span class='ocrx_word' id='word_1_19' title='bbox 986 1134 1247 1205; x_wconf 90' lang='lat' dir='ltr'><strong>episcopo</strong></span> <span class='ocrx_word' id='word_1_20' title='bbox 1276 1133 1448 1188; x_wconf 84' lang='lat' dir='ltr'><strong>David</strong></span> <span class='ocrx_word' id='word_1_21' title='bbox 1472 1176 1486 1205; x_wconf 91' lang='lat'><strong>,</strong></span> <span class='ocrx_word' id='word_1_22' title='bbox 1516 1134 1849 1192; x_wconf 89' lang='lat' dir='ltr'><strong>Benedictus</strong></span> <span class='ocrx_word' id='word_1_23' title='bbox 1872 1149 1931 1221; x_wconf 83' lang='grc' dir='ltr'><strong>Α</strong></span> <span class='ocrx_word' id='word_1_24' title='bbox 1950 1140 2088 1191; x_wconf 90' lang='lat' dir='ltr'><strong>Deus</strong></span> <span class='ocrx_word' id='word_1_25' title='bbox 2116 1138 2309 1200; x_wconf 83' lang='lat' dir='ltr'><strong>Israel,</strong></span> <span class='ocrx_word' id='word_1_26' title='bbox 2343 1139 2441 1208; x_wconf 87' lang='lat' dir='ltr'><strong>qui</strong></span> <span class='ocrx_word' id='word_1_27' title='bbox 2461 1138 2609 1193; x_wconf 82' lang='lat' dir='ltr'><strong>sedes</strong></span> <span class='ocrx_word' id='word_1_28' title='bbox 2650 1154 2809 1209; x_wconf 85' lang='lat' dir='ltr'><strong>super</strong></span> <span class='ocrx_word' id='word_1_29' title='bbox 2851 1141 3125 1196; x_wconf 78' lang='lat' dir='ltr'><strong>cherubim</strong></span> <span class='ocrx_word' id='word_1_30' title='bbox 3165 1141 3293 1211; x_wconf 90' lang='lat' dir='ltr'><strong>(Isa.</strong></span> <span class='ocrx_word' id='word_1_31' title='bbox 3334 1143 3582 1214; x_wconf 84' lang='lat' dir='ltr'><strong>xxxvn)?</strong></span> 
     </span>
    </p>
   </div>
   <div class='ocr_carea' id='block_1_6' title="bbox 210 1223 826 1281">
    <p class='ocr_par' dir='ltr' id='par_1_6' title="bbox 210 1223 826 1281">
     <span class='ocr_line' id='line_1_6' title="bbox 210 1223 826 1281; baseline 0.005 -3"><span class='ocrx_word' id='word_1_32' title='bbox 210 1223 454 1279; x_wconf 82' lang='lat' dir='ltr'><strong>salutem</strong></span> <span class='ocrx_word' id='word_1_33' title='bbox 482 1225 543 1279; x_wconf 93' lang='lat' dir='ltr'><strong>in</strong></span> <span class='ocrx_word' id='word_1_34' title='bbox 569 1225 826 1281; x_wconf 90' lang='lat' dir='ltr'><strong>Domino.</strong></span> 
     </span>
    </p>
   </div>
   <div class='ocr_carea' id='block_1_7' title="bbox 279 1318 1849 1393">
    <p class='ocr_par' dir='ltr' id='par_1_7' title="bbox 279 1318 1849 1393">
     <span class='ocr_line' id='line_1_7' title="bbox 279 1318 1849 1393; baseline 0.003 -21"><span class='ocrx_word' id='word_1_35' title='bbox 279 1318 648 1389; x_wconf 82' lang='lat' dir='ltr'><strong>Respondere</strong></span> <span class='ocrx_word' id='word_1_36' title='bbox 692 1318 894 1374; x_wconf 83' lang='lat' dir='ltr'><strong>litteris</strong></span> <span class='ocrx_word' id='word_1_37' title='bbox 940 1319 1137 1374; x_wconf 81' lang='lat' dir='ltr'><strong>vestris</strong></span> <span class='ocrx_word' id='word_1_38' title='bbox 1159 1319 1384 1391; x_wconf 87' lang='lat' dir='ltr'><strong>plenius</strong></span> <span class='ocrx_word' id='word_1_39' title='bbox 1429 1321 1708 1393; x_wconf 82' lang='lat' dir='ltr'><strong>cogitavi;</strong></span> <span class='ocrx_word' id='word_1_40' title='bbox 1754 1322 1849 1378; x_wconf 90' lang='lat' dir='ltr'><strong>sed</strong></span> 
     </span>
    </p>
   </div>
   <div class='ocr_carea' id='block_1_8' title="bbox 209 1412 1852 1489">
    <p class='ocr_par' dir='ltr' id='par_1_8' title="bbox 209 1412 1852 1489">
     <span class='ocr_line' id='line_1_8' title="bbox 209 1412 1852 1489; baseline 0.002 -22"><span class='ocrx_word' id='word_1_41' title='bbox 209 1427 340 1467; x_wconf 89' lang='lat' dir='ltr'><strong>cum</strong></span> <span class='ocrx_word' id='word_1_42' title='bbox 370 1412 482 1466; x_wconf 90' lang='lat' dir='ltr'><strong>hoc</strong></span> <span class='ocrx_word' id='word_1_43' title='bbox 506 1413 835 1481; x_wconf 81' lang='lat' dir='ltr'><strong>meditarer,</strong></span> <span class='ocrx_word' id='word_1_44' title='bbox 858 1416 1049 1468; x_wconf 90' lang='lat' dir='ltr'><strong>tantus</strong></span> <span class='ocrx_word' id='word_1_45' title='bbox 1066 1430 1159 1469; x_wconf 90' lang='lat' dir='ltr'><strong>me</strong></span> <span class='ocrx_word' id='word_1_46' title='bbox 1173 1414 1335 1469; x_wconf 90' lang='lat' dir='ltr'><strong>dolor</strong></span> <span class='ocrx_word' id='word_1_47' title='bbox 1350 1415 1555 1487; x_wconf 83' lang='lat' dir='ltr'><strong>tetigit,</strong></span> <span class='ocrx_word' id='word_1_48' title='bbox 1584 1420 1648 1471; x_wconf 90' lang='lat' dir='ltr'><strong>ut</strong></span> <span class='ocrx_word' id='word_1_49' title='bbox 1671 1416 1852 1489; x_wconf 87' lang='lat' dir='ltr'><strong>magis</strong></span> 
     </span>
    </p>
   </div>
   <div class='ocr_carea' id='block_1_9' title="bbox 210 1506 1851 1578">
    <p class='ocr_par' dir='ltr' id='par_1_9' title="bbox 210 1506 1851 1578">
     <span class='ocr_line' id='line_1_9' title="bbox 210 1506 1851 1578; baseline 0.003 -18"><span class='ocrx_word' id='word_1_50' title='bbox 210 1506 344 1562; x_wconf 86' lang='lat' dir='ltr'><strong>ﬂere</strong></span> <span class='ocrx_word' id='word_1_51' title='bbox 373 1514 554 1577; x_wconf 88' lang='lat' dir='ltr'><strong>quam‘</strong></span> <span class='ocrx_word' id='word_1_52' title='bbox 593 1507 809 1578; x_wconf 90' lang='lat' dir='ltr'><strong>aliquid</strong></span> <span class='ocrx_word' id='word_1_53' title='bbox 849 1507 1059 1576; x_wconf 86' lang='lat' dir='ltr'><strong>dicere,</strong></span> <span class='ocrx_word' id='word_1_54' title='bbox 1106 1508 1416 1563; x_wconf 86' lang='lat' dir='ltr'><strong>delectatus</strong></span> <span class='ocrx_word' id='word_1_55' title='bbox 1456 1510 1583 1565; x_wconf 90' lang='lat' dir='ltr'><strong>sim.</strong></span> <span class='ocrx_word' id='word_1_56' title='bbox 1632 1510 1737 1565; x_wconf 88' lang='lat' dir='ltr'><strong>Sed</strong></span> <span class='ocrx_word' id='word_1_57' title='bbox 1780 1527 1851 1566; x_wconf 91' lang='lat' dir='ltr'><strong>ne</strong></span> 
     </span>
    </p>
   </div>
   <div class='ocr_carea' id='block_1_10' title="bbox 209 1599 1851 1671">
    <p class='ocr_par' dir='ltr' id='par_1_10' title="bbox 209 1599 1851 1671">
     <span class='ocr_line' id='line_1_10' title="bbox 209 1599 1851 1671; baseline 0.002 -17"><span class='ocrx_word' id='word_1_58' title='bbox 209 1599 467 1655; x_wconf 71' lang='lat' dir='ltr'><strong>fimditus</strong></span> <span class='ocrx_word' id='word_1_59' title='bbox 490 1604 826 1669; x_wconf 77' lang='lat' dir='ltr'><strong>remaneret,</strong></span> <span class='ocrx_word' id='word_1_60' title='bbox 849 1616 1031 1671; x_wconf 89' lang='lat' dir='ltr'><strong>pauca</strong></span> <span class='ocrx_word' id='word_1_61' title='bbox 1047 1600 1207 1655; x_wconf 88' lang='lat' dir='ltr'><strong>vobis</strong></span> <span class='ocrx_word' id='word_1_62' title='bbox 1224 1601 1532 1658; x_wconf 85' lang='lat' dir='ltr'><strong>rescribere</strong></span> <span class='ocrx_word' id='word_1_63' title='bbox 1548 1604 1758 1671; x_wconf 85' lang='lat' dir='ltr'><strong>curavi,</strong></span> <span class='ocrx_word' id='word_1_64' title='bbox 1780 1604 1851 1659; x_wconf 90' lang='lat' dir='ltr'><strong>ad</strong></span> 
     </span>
    </p>
   </div>
   <div class='ocr_carea' id='block_1_11' title="bbox 211 1694 1849 1765">
    <p class='ocr_par' dir='ltr' id='par_1_11' title="bbox 211 1694 1849 1765">
     <span class='ocr_line' id='line_1_11' title="bbox 211 1694 1849 1765; baseline 0.003 -18"><span class='ocrx_word' id='word_1_65' title='bbox 211 1694 430 1765; x_wconf 85' lang='lat' dir='ltr'><strong>potiora</strong></span> <span class='ocrx_word' id='word_1_66' title='bbox 460 1710 555 1748; x_wconf 89' lang='lat' dir='ltr'><strong>vos</strong></span> <span class='ocrx_word' id='word_1_67' title='bbox 592 1696 848 1765; x_wconf 86' lang='lat' dir='ltr'><strong>tempora</strong></span> <span class='ocrx_word' id='word_1_68' title='bbox 890 1710 1141 1765; x_wconf 85' lang='lat' dir='ltr'><strong>congrue</strong></span> <span class='ocrx_word' id='word_1_69' title='bbox 1168 1694 1430 1750; x_wconf 87' lang='lat' dir='ltr'><strong>invitans.</strong></span> <span class='ocrx_word' id='word_1_70' title='bbox 1474 1696 1633 1760; x_wconf 86' lang='lat' dir='ltr'><strong>Quod</strong></span> <span class='ocrx_word' id='word_1_71' title='bbox 1657 1702 1849 1752; x_wconf 89' lang='lat' dir='ltr'><strong>autem</strong></span> 
     </span>
    </p>
   </div>
   <div class='ocr_carea' id='block_1_12' title="bbox 210 1787 1851 1861">
    <p class='ocr_par' dir='ltr' id='par_1_12' title="bbox 210 1787 1851 1861">
     <span class='ocr_line' id='line_1_12' title="bbox 210 1787 1851 1861; baseline 0.002 -19"><span class='ocrx_word' id='word_1_72' title='bbox 210 1787 415 1842; x_wconf 76' lang='lat' dir='ltr'><strong>litterae</strong></span> <span class='ocrx_word' id='word_1_73' title='bbox 462 1792 577 1842; x_wconf 63' lang='lat' dir='ltr'><strong>tua</strong></span> <span class='ocrx_word' id='word_1_74' title='bbox 623 1792 791 1843; x_wconf 86' lang='lat' dir='ltr'><strong>testes</strong></span> <span class='ocrx_word' id='word_1_75' title='bbox 825 1793 976 1858; x_wconf 88' lang='lat' dir='ltr'><strong>sunt,</strong></span> <span class='ocrx_word' id='word_1_76' title='bbox 1009 1788 1287 1859; x_wconf 89' lang='lat' dir='ltr'><strong>quosdam</strong></span> <span class='ocrx_word' id='word_1_77' title='bbox 1312 1789 1461 1843; x_wconf 87' lang='lat' dir='ltr'><strong>intra</strong></span> <span class='ocrx_word' id='word_1_78' title='bbox 1500 1791 1851 1861; x_wconf 83' lang='lat' dir='ltr'><strong>provinciam</strong></span> 
     </span>
    </p>
   </div>
   <div class='ocr_carea' id='block_1_13' title="bbox 211 1880 1851 1957">
    <p class='ocr_par' dir='ltr' id='par_1_13' title="bbox 211 1880 1851 1957">
     <span class='ocr_line' id='line_1_13' title="bbox 211 1880 1851 1957; baseline 0.003 -22"><span class='ocrx_word' id='word_1_79' title='bbox 211 1881 480 1935; x_wconf 66' lang='lat' dir='ltr'><strong>Baeticam</strong></span> <span class='ocrx_word' id='word_1_80' title='bbox 507 1898 648 1950; x_wconf 88' lang='lat' dir='ltr'><strong>esse,</strong></span> <span class='ocrx_word' id='word_1_81' title='bbox 672 1880 769 1952; x_wconf 90' lang='lat' dir='ltr'><strong>qui</strong></span> <span class='ocrx_word' id='word_1_82' title='bbox 788 1881 1064 1953; x_wconf 83' lang='lat' dir='ltr'><strong>dicerent,</strong></span> <span class='ocrx_word' id='word_1_83' title='bbox 1084 1883 1377 1937; x_wconf 87' lang='lat' dir='ltr'><strong>neminem</strong></span> <span class='ocrx_word' id='word_1_84' title='bbox 1404 1884 1674 1939; x_wconf 81' lang='lat' dir='ltr'><strong>veraciter</strong></span> <span class='ocrx_word' id='word_1_85' title='bbox 1689 1902 1851 1957; x_wconf 86' lang='lat' dir='ltr'><strong>posse</strong></span> 
     </span>
    </p>
   </div>
   <div class='ocr_carea' id='block_1_14' title="bbox 209 1974 1852 2049">
    <p class='ocr_par' dir='ltr' id='par_1_14' title="bbox 209 1974 1852 2049">
     <span class='ocr_line' id='line_1_14' title="bbox 209 1974 1852 2049; baseline 0.003 -21"><span class='ocrx_word' id='word_1_86' title='bbox 209 1975 473 2047; x_wconf 88' lang='lat' dir='ltr'><strong>probare,</strong></span> <span class='ocrx_word' id='word_1_87' title='bbox 501 1974 835 2029; x_wconf 83' lang='lat' dir='ltr'><strong>Trinitatem</strong></span> <span class='ocrx_word' id='word_1_88' title='bbox 875 1975 1153 2030; x_wconf 89' lang='lat' dir='ltr'><strong>unitatem</strong></span> <span class='ocrx_word' id='word_1_89' title='bbox 1192 1976 1335 2047; x_wconf 82' lang='lat' dir='ltr'><strong>fieri,</strong></span> <span class='ocrx_word' id='word_1_90' title='bbox 1365 1992 1497 2031; x_wconf 88' lang='lat' dir='ltr'><strong>cum</strong></span> <span class='ocrx_word' id='word_1_91' title='bbox 1524 1994 1709 2049; x_wconf 88' lang='lat' dir='ltr'><strong>neque</strong></span> <span class='ocrx_word' id='word_1_92' title='bbox 1740 1981 1852 2033; x_wconf 89' lang='lat' dir='ltr'><strong>tres</strong></span> 
     </span>
    </p>
   </div>
   <div class='ocr_carea' id='block_1_15' title="bbox 209 2067 1852 2143">
    <p class='ocr_par' dir='ltr' id='par_1_15' title="bbox 209 2067 1852 2143">
     <span class='ocr_line' id='line_1_15' title="bbox 209 2067 1852 2143; baseline 0.002 -20"><span class='ocrx_word' id='word_1_93' title='bbox 209 2086 414 2138; x_wconf 88' lang='lat' dir='ltr'><strong>unum,</strong></span> <span class='ocrx_word' id='word_1_94' title='bbox 435 2085 624 2141; x_wconf 89' lang='lat' dir='ltr'><strong>neque</strong></span> <span class='ocrx_word' id='word_1_95' title='bbox 649 2080 833 2123; x_wconf 84' lang='grc'>111111111</span> <span class='ocrx_word' id='word_1_96' title='bbox 856 2067 915 2122; x_wconf 83' lang='grc'><strong>111</strong></span> <span class='ocrx_word' id='word_1_97' title='bbox 942 2070 1123 2124; x_wconf 88' lang='lat' dir='ltr'><strong>tribus</strong></span> <span class='ocrx_word' id='word_1_98' title='bbox 1150 2074 1336 2140; x_wconf 86' lang='lat' dir='ltr'><strong>posset</strong></span> <span class='ocrx_word' id='word_1_99' title='bbox 1361 2087 1708 2143; x_wconf 86' lang='lat' dir='ltr'><strong>quemquam</strong></span> <span class='ocrx_word' id='word_1_100' title='bbox 1726 2089 1852 2143; x_wconf 88' lang='lat' dir='ltr'><strong>pro-</strong></span> 
     </span>
    </p>
   </div>
   <div class='ocr_carea' id='block_1_16' title="bbox 208 2162 1847 2237">
    <p class='ocr_par' dir='ltr' id='par_1_16' title="bbox 208 2162 1847 2237">
     <span class='ocr_line' id='line_1_16' title="bbox 208 2162 1847 2237; baseline 0.003 -21"><span class='ocrx_word' id='word_1_101' title='bbox 208 2162 331 2233; x_wconf 91' lang='lat' dir='ltr'><strong>prie</strong></span> <span class='ocrx_word' id='word_1_102' title='bbox 356 2163 673 2234; x_wconf 86' lang='lat' dir='ltr'><strong>approbare</strong></span> <span class='ocrx_word' id='word_1_103' title='bbox 719 2179 732 2216; x_wconf 93' lang='lat'>:</span> <span class='ocrx_word' id='word_1_104' title='bbox 780 2179 919 2234; x_wconf 89' lang='lat' dir='ltr'><strong>quas</strong></span> <span class='ocrx_word' id='word_1_105' title='bbox 965 2164 1036 2217; x_wconf 92' lang='lat' dir='ltr'><strong>ob</strong></span> <span class='ocrx_word' id='word_1_106' title='bbox 1084 2180 1297 2234; x_wconf 85' lang='lat' dir='ltr'><strong>causas,</strong></span> <span class='ocrx_word' id='word_1_107' title='bbox 1344 2164 1701 2221; x_wconf 89' lang='lat' dir='ltr'><strong>dilectissime</strong></span> <span class='ocrx_word' id='word_1_108' title='bbox 1748 2166 1847 2237; x_wconf 84' lang='lat' dir='ltr'><strong>ﬁli,</strong></span> 
     </span>
    </p>
   </div>
   <div class='ocr_carea' id='block_1_17' title="bbox 211 2256 1851 2328">
    <p class='ocr_par' dir='ltr' id='par_1_17' title="bbox 211 2256 1851 2328">
     <span class='ocr_line' id='line_1_17' title="bbox 211 2256 1851 2328; baseline 0.002 -18"><span class='ocrx_word' id='word_1_109' title='bbox 211 2258 469 2311; x_wconf 88' lang='lat' dir='ltr'><strong>consulta</strong></span> <span class='ocrx_word' id='word_1_110' title='bbox 513 2256 618 2311; x_wconf 87' lang='lat' dir='ltr'><strong>tibi</strong></span> <span class='ocrx_word' id='word_1_111' title='bbox 664 2257 985 2327; x_wconf 70' lang='lat' dir='ltr'><strong>apostolicae</strong></span> <span class='ocrx_word' id='word_1_112' title='bbox 1017 2257 1164 2311; x_wconf 90' lang='lat' dir='ltr'><strong>sedis</strong></span> <span class='ocrx_word' id='word_1_113' title='bbox 1192 2258 1450 2313; x_wconf 88' lang='lat' dir='ltr'><strong>misimus</strong></span> <span class='ocrx_word' id='word_1_114' title='bbox 1476 2300 1491 2328; x_wconf 95' lang='lat'><strong>,</strong></span> <span class='ocrx_word' id='word_1_115' title='bbox 1522 2264 1588 2313; x_wconf 90' lang='lat' dir='ltr'><strong>ut</strong></span> <span class='ocrx_word' id='word_1_116' title='bbox 1625 2264 1724 2314; x_wconf 91' lang='lat' dir='ltr'><strong>aut</strong></span> <span class='ocrx_word' id='word_1_117' title='bbox 1762 2259 1851 2313; x_wconf 90' lang='lat' dir='ltr'><strong>his</strong></span> 
     </span>
    </p>
   </div>
   <div class='ocr_carea' id='block_1_18' title="bbox 211 2350 1853 2422">
    <p class='ocr_par' dir='ltr' id='par_1_18' title="bbox 211 2350 1853 2422">
     <span class='ocr_line' id='line_1_18' title="bbox 211 2350 1853 2422; baseline 0.002 -18"><span class='ocrx_word' id='word_1_118' title='bbox 211 2366 302 2404; x_wconf 90' lang='lat' dir='ltr'><strong>eos</strong></span> <span class='ocrx_word' id='word_1_119' title='bbox 323 2350 394 2404; x_wconf 89' lang='lat' dir='ltr'><strong>ad</strong></span> <span class='ocrx_word' id='word_1_120' title='bbox 426 2354 641 2405; x_wconf 90' lang='lat' dir='ltr'><strong>rectam</strong></span> <span class='ocrx_word' id='word_1_121' title='bbox 676 2350 850 2405; x_wconf 86' lang='lat' dir='ltr'><strong>ﬁdem</strong></span> <span class='ocrx_word' id='word_1_122' title='bbox 877 2350 1124 2405; x_wconf 81' lang='lat' dir='ltr'><strong>converti</strong></span> <span class='ocrx_word' id='word_1_123' title='bbox 1158 2351 1347 2422; x_wconf 84' lang='lat' dir='ltr'><strong>facias,</strong></span> <span class='ocrx_word' id='word_1_124' title='bbox 1393 2355 1494 2406; x_wconf 90' lang='lat' dir='ltr'><strong>aut</strong></span> <span class='ocrx_word' id='word_1_125' title='bbox 1519 2352 1590 2405; x_wconf 90' lang='lat' dir='ltr'><strong>ab</strong></span> <span class='ocrx_word' id='word_1_126' title='bbox 1619 2352 1853 2408; x_wconf 86' lang='lat' dir='ltr'><strong>ecclesia</strong></span> 
     </span>
    </p>
   </div>
   <div class='ocr_carea' id='block_1_19' title="bbox 211 2443 1852 2517">
    <p class='ocr_par' dir='ltr' id='par_1_19' title="bbox 211 2443 1852 2517">
     <span class='ocr_line' id='line_1_19' title="bbox 211 2443 1852 2517; baseline 0.002 -20"><span class='ocrx_word' id='word_1_127' title='bbox 211 2448 515 2515; x_wconf 86' lang='lat' dir='ltr'><strong>antequam</strong></span> <span class='ocrx_word' id='word_1_128' title='bbox 544 2443 715 2515; x_wconf 88' lang='lat' dir='ltr'><strong>pestis</strong></span> <span class='ocrx_word' id='word_1_129' title='bbox 742 2444 863 2499; x_wconf 70' lang='lat' dir='ltr'><strong>haec</strong></span> <span class='ocrx_word' id='word_1_130' title='bbox 894 2444 1061 2499; x_wconf 87' lang='lat' dir='ltr'><strong>latius</strong></span> <span class='ocrx_word' id='word_1_131' title='bbox 1088 2445 1430 2517; x_wconf 86' lang='lat' dir='ltr'><strong>divulgetur,</strong></span> <span class='ocrx_word' id='word_1_132' title='bbox 1470 2446 1727 2517; x_wconf 88' lang='lat' dir='ltr'><strong>repellas.</strong></span> <span class='ocrx_word' id='word_1_133' title='bbox 1756 2447 1852 2501; x_wconf 84' lang='lat' dir='ltr'><strong>His</strong></span> 
     </span>
    </p>
   </div>
   <div class='ocr_carea' id='block_1_20' title="bbox 1951 1229 3580 1307">
    <p class='ocr_par' dir='ltr' id='par_1_20' title="bbox 1951 1229 3580 1307">
     <span class='ocr_line' id='line_1_20' title="bbox 1951 1229 3580 1307; baseline 0.004 -23"><span class='ocrx_word' id='word_1_134' title='bbox 1951 1229 2007 1284; x_wconf 92' lang='lat' dir='ltr'><strong>Si</strong></span> <span class='ocrx_word' id='word_1_135' title='bbox 2032 1230 2219 1285; x_wconf 84' lang='lat' dir='ltr'><strong>unitas</strong></span> <span class='ocrx_word' id='word_1_136' title='bbox 2245 1247 2362 1285; x_wconf 90' lang='lat' dir='ltr'><strong>non</strong></span> <span class='ocrx_word' id='word_1_137' title='bbox 2386 1234 2489 1300; x_wconf 89' lang='lat' dir='ltr'><strong>est,</strong></span> <span class='ocrx_word' id='word_1_138' title='bbox 2516 1248 2691 1302; x_wconf 85' lang='lat' dir='ltr'><strong>quare</strong></span> <span class='ocrx_word' id='word_1_139' title='bbox 2721 1250 2734 1286; x_wconf 91' lang='lat'><strong>:</strong></span> <span class='ocrx_word' id='word_1_140' title='bbox 2763 1236 2861 1303; x_wconf 96' lang='lat' dir='ltr'><strong>qui</strong></span> <span class='ocrx_word' id='word_1_141' title='bbox 2880 1235 3048 1297; x_wconf 87' lang='lat' dir='ltr'><strong>sedes,</strong></span> <span class='ocrx_word' id='word_1_142' title='bbox 3069 1234 3231 1302; x_wconf 91' lang='lat' dir='ltr'><strong>dixit,</strong></span> <span class='ocrx_word' id='word_1_143' title='bbox 3255 1239 3312 1290; x_wconf 91' lang='lat' dir='ltr'><strong>et</strong></span> <span class='ocrx_word' id='word_1_144' title='bbox 3333 1252 3449 1291; x_wconf 91' lang='lat' dir='ltr'><strong>non</strong></span> <span class='ocrx_word' id='word_1_145' title='bbox 3480 1236 3580 1307; x_wconf 85' lang='lat' dir='ltr'><strong>qui</strong></span> 
     </span>
    </p>
   </div>
   <div class='ocr_carea' id='block_1_21' title="bbox 1951 1324 3582 1399">
    <p class='ocr_par' dir='ltr' id='par_1_21' title="bbox 1951 1324 3582 1399">
     <span class='ocr_line' id='line_1_21' title="bbox 1951 1324 3582 1399; baseline 0.004 -21"><span class='ocrx_word' id='word_1_146' title='bbox 1951 1324 2175 1391; x_wconf 85' lang='lat' dir='ltr'><strong>sedetis,</strong></span> <span class='ocrx_word' id='word_1_147' title='bbox 2189 1328 2247 1378; x_wconf 89' lang='lat' dir='ltr'><strong>et</strong></span> <span class='ocrx_word' id='word_1_148' title='bbox 2258 1325 2517 1396; x_wconf 87' lang='lat' dir='ltr'><strong>adjunxit</strong></span> <span class='ocrx_word' id='word_1_149' title='bbox 2538 1324 2748 1397; x_wconf 80' lang='lat' dir='ltr'><strong>[Labb.,</strong></span> <span class='ocrx_word' id='word_1_150' title='bbox 2769 1326 3063 1399; x_wconf 87' lang='lat' dir='ltr'><strong>abstruxit]</strong></span> <span class='ocrx_word' id='word_1_151' title='bbox 3080 1328 3107 1382; x_wconf 89' lang='lat'><strong>?</strong></span> <span class='ocrx_word' id='word_1_152' title='bbox 3135 1328 3190 1383; x_wconf 88' lang='lat' dir='ltr'><strong>Si</strong></span> <span class='ocrx_word' id='word_1_153' title='bbox 3207 1328 3446 1384; x_wconf 87' lang='lat' dir='ltr'><strong>Trinitas</strong></span> <span class='ocrx_word' id='word_1_154' title='bbox 3465 1345 3582 1385; x_wconf 89' lang='lat' dir='ltr'><strong>non</strong></span> 
     </span>
    </p>
   </div>
   <div class='ocr_carea' id='block_1_22' title="bbox 1951 1417 3585 1491">
    <p class='ocr_par' dir='ltr' id='par_1_22' title="bbox 1951 1417 3585 1491">
     <span class='ocr_line' id='line_1_22' title="bbox 1951 1417 3585 1491; baseline 0.004 -19"><span class='ocrx_word' id='word_1_155' title='bbox 1951 1423 2053 1488; x_wconf 90' lang='lat' dir='ltr'><strong>est,</strong></span> <span class='ocrx_word' id='word_1_156' title='bbox 2085 1434 2259 1490; x_wconf 87' lang='lat' dir='ltr'><strong>quare</strong></span> <span class='ocrx_word' id='word_1_157' title='bbox 2287 1417 2347 1473; x_wconf 92' lang='lat' dir='ltr'><strong>in</strong></span> <span class='ocrx_word' id='word_1_158' title='bbox 2372 1420 2701 1491; x_wconf 84' lang='lat' dir='ltr'><strong>Regnorum</strong></span> <span class='ocrx_word' id='word_1_159' title='bbox 2744 1419 2889 1473; x_wconf 90' lang='lat' dir='ltr'><strong>libro</strong></span> <span class='ocrx_word' id='word_1_160' title='bbox 2934 1419 3157 1490; x_wconf 92' lang='lat' dir='ltr'><strong>dicitur,</strong></span> <span class='ocrx_word' id='word_1_161' title='bbox 3205 1424 3423 1477; x_wconf 78' lang='lat' dir='ltr'><strong>Domine</strong></span> <span class='ocrx_word' id='word_1_162' title='bbox 3446 1426 3585 1478; x_wconf 84' lang='lat' dir='ltr'><strong>Deus</strong></span> 
     </span>
    </p>
   </div>
   <div class='ocr_carea' id='block_1_23' title="bbox 1951 1514 3590 1587">
    <p class='ocr_par' dir='ltr' id='par_1_23' title="bbox 1951 1514 3590 1587">
     <span class='ocr_line' id='line_1_23' title="bbox 1951 1514 3590 1587; baseline 0.005 -23"><span class='ocrx_word' id='word_1_163' title='bbox 1951 1514 2299 1582; x_wconf 85' lang='lat' dir='ltr'><strong>omnipotens,</strong></span> <span class='ocrx_word' id='word_1_164' title='bbox 2340 1516 2478 1568; x_wconf 85' lang='lat' dir='ltr'><strong>Deus</strong></span> <span class='ocrx_word' id='word_1_165' title='bbox 2514 1514 2703 1576; x_wconf 89' lang='lat' dir='ltr'><strong>Israel,</strong></span> <span class='ocrx_word' id='word_1_166' title='bbox 2738 1528 2999 1568; x_wconf 78' lang='lat' dir='ltr'><strong>sermones</strong></span> <span class='ocrx_word' id='word_1_167' title='bbox 3041 1516 3124 1568; x_wconf 86' lang='lat' dir='ltr'><strong>tui</strong></span> <span class='ocrx_word' id='word_1_168' title='bbox 3156 1515 3337 1584; x_wconf 82' lang='lat' dir='ltr'><strong>ﬁdeles</strong></span> <span class='ocrx_word' id='word_1_169' title='bbox 3362 1520 3490 1571; x_wconf 87' lang='lat' dir='ltr'><strong>sunt</strong></span> <span class='ocrx_word' id='word_1_170' title='bbox 3514 1518 3590 1587; x_wconf 87' lang='lat' dir='ltr'><strong>(II</strong></span> 
     </span>
    </p>
   </div>
   <div class='ocr_carea' id='block_1_24' title="bbox 1951 1605 3581 1678">
    <p class='ocr_par' dir='ltr' id='par_1_24' title="bbox 1951 1605 3581 1678">
     <span class='ocr_line' id='line_1_24' title="bbox 1951 1605 3581 1678; baseline 0.002 -17"><span class='ocrx_word' id='word_1_171' title='bbox 1951 1607 2079 1673; x_wconf 81' lang='lat' dir='ltr'><strong>Reg.</strong></span> <span class='ocrx_word' id='word_1_172' title='bbox 2112 1620 2209 1673; x_wconf 85' lang='lat' dir='ltr'><strong>vn,</strong></span> <span class='ocrx_word' id='word_1_173' title='bbox 2239 1606 2325 1661; x_wconf 87' lang='lat' dir='ltr'><strong>III</strong></span> <span class='ocrx_word' id='word_1_174' title='bbox 2356 1608 2485 1675; x_wconf 88' lang='lat' dir='ltr'><strong>Reg.</strong></span> <span class='ocrx_word' id='word_1_175' title='bbox 2514 1606 2670 1677; x_wconf 80' lang='lat' dir='ltr'><strong>vni)?</strong></span> <span class='ocrx_word' id='word_1_176' title='bbox 2695 1606 2751 1661; x_wconf 92' lang='lat' dir='ltr'><strong>Si</strong></span> <span class='ocrx_word' id='word_1_177' title='bbox 2776 1605 2960 1660; x_wconf 90' lang='lat' dir='ltr'><strong>unitas</strong></span> <span class='ocrx_word' id='word_1_178' title='bbox 2991 1622 3106 1661; x_wconf 92' lang='lat' dir='ltr'><strong>non</strong></span> <span class='ocrx_word' id='word_1_179' title='bbox 3133 1612 3235 1676; x_wconf 90' lang='lat' dir='ltr'><strong>est,</strong></span> <span class='ocrx_word' id='word_1_180' title='bbox 3274 1624 3450 1678; x_wconf 84' lang='lat' dir='ltr'><strong>quare</strong></span> <span class='ocrx_word' id='word_1_181' title='bbox 3476 1611 3581 1674; x_wconf 86' lang='lat' dir='ltr'><strong>tui,</strong></span> 
     </span>
    </p>
   </div>
   <div class='ocr_carea' id='block_1_25' title="bbox 1951 1697 3583 1770">
    <p class='ocr_par' dir='ltr' id='par_1_25' title="bbox 1951 1697 3583 1770">
     <span class='ocr_line' id='line_1_25' title="bbox 1951 1697 3583 1770; baseline 0.005 -19"><span class='ocrx_word' id='word_1_182' title='bbox 1951 1697 2176 1768; x_wconf 88' lang='lat' dir='ltr'><strong>dicitur,</strong></span> <span class='ocrx_word' id='word_1_183' title='bbox 2208 1704 2264 1754; x_wconf 88' lang='lat' dir='ltr'><strong>et</strong></span> <span class='ocrx_word' id='word_1_184' title='bbox 2289 1715 2427 1766; x_wconf 90' lang='lat' dir='ltr'><strong>non,</strong></span> <span class='ocrx_word' id='word_1_185' title='bbox 2457 1699 2647 1767; x_wconf 85' lang='lat' dir='ltr'><strong>vestri,</strong></span> <span class='ocrx_word' id='word_1_186' title='bbox 2684 1699 2871 1770; x_wconf 89' lang='lat' dir='ltr'><strong>potius</strong></span> <span class='ocrx_word' id='word_1_187' title='bbox 2898 1700 3230 1755; x_wconf 86' lang='lat' dir='ltr'><strong>intimetur?</strong></span> <span class='ocrx_word' id='word_1_188' title='bbox 3257 1701 3312 1756; x_wconf 92' lang='lat' dir='ltr'><strong>Si</strong></span> <span class='ocrx_word' id='word_1_189' title='bbox 3341 1702 3583 1759; x_wconf 86' lang='lat' dir='ltr'><strong>Trinitas</strong></span> 
     </span>
    </p>
   </div>
   <div class='ocr_carea' id='block_1_26' title="bbox 1950 1792 3586 1864">
    <p class='ocr_par' dir='ltr' id='par_1_26' title="bbox 1950 1792 3586 1864">
     <span class='ocr_line' id='line_1_26' title="bbox 1950 1792 3586 1864; baseline 0.005 -18"><span class='ocrx_word' id='word_1_190' title='bbox 1950 1808 2065 1846; x_wconf 92' lang='lat' dir='ltr'><strong>non</strong></span> <span class='ocrx_word' id='word_1_191' title='bbox 2092 1797 2191 1861; x_wconf 92' lang='lat' dir='ltr'><strong>est,</strong></span> <span class='ocrx_word' id='word_1_192' title='bbox 2223 1808 2326 1847; x_wconf 89' lang='lat' dir='ltr'><strong>cur</strong></span> <span class='ocrx_word' id='word_1_193' title='bbox 2353 1793 2412 1846; x_wconf 93' lang='lat' dir='ltr'><strong>in</strong></span> <span class='ocrx_word' id='word_1_194' title='bbox 2456 1792 2675 1864; x_wconf 88' lang='lat' dir='ltr'><strong>psalmo</strong></span> <span class='ocrx_word' id='word_1_195' title='bbox 2706 1809 2837 1849; x_wconf 84' lang='lat' dir='ltr'><strong>Lvm</strong></span> <span class='ocrx_word' id='word_1_196' title='bbox 2873 1796 3172 1849; x_wconf 87' lang='lat' dir='ltr'><strong>cantatur:</strong></span> <span class='ocrx_word' id='word_1_197' title='bbox 3205 1797 3423 1851; x_wconf 81' lang='lat' dir='ltr'><strong>Domine</strong></span> <span class='ocrx_word' id='word_1_198' title='bbox 3446 1799 3586 1854; x_wconf 80' lang='lat' dir='ltr'><strong>Deus</strong></span> 
     </span>
    </p>
   </div>
   <div class='ocr_carea' id='block_1_27' title="bbox 1949 1887 3586 1949">
    <p class='ocr_par' dir='ltr' id='par_1_27' title="bbox 1949 1887 3586 1949">
     <span class='ocr_line' id='line_1_27' title="bbox 1949 1887 3586 1949; baseline 0.004 -9"><span class='ocrx_word' id='word_1_199' title='bbox 1949 1889 2234 1949; x_wconf 79' lang='lat' dir='ltr'><strong>virtutum,</strong></span> <span class='ocrx_word' id='word_1_200' title='bbox 2283 1889 2421 1940; x_wconf 88' lang='lat' dir='ltr'><strong>Deus</strong></span> <span class='ocrx_word' id='word_1_201' title='bbox 2456 1887 2645 1949; x_wconf 79' lang='lat' dir='ltr'><strong>Israel,</strong></span> <span class='ocrx_word' id='word_1_202' title='bbox 2686 1887 2903 1941; x_wconf 89' lang='lat' dir='ltr'><strong>intende</strong></span> <span class='ocrx_word' id='word_1_203' title='bbox 2943 1888 3019 1941; x_wconf 90' lang='lat' dir='ltr'><strong>ad</strong></span> <span class='ocrx_word' id='word_1_204' title='bbox 3059 1888 3367 1943; x_wconf 81' lang='lat' dir='ltr'><strong>uisitandas</strong></span> <span class='ocrx_word' id='word_1_205' title='bbox 3409 1904 3586 1946; x_wconf 88' lang='lat' dir='ltr'><strong>omnes</strong></span> 
     </span>
    </p>
   </div>
   <div class='ocr_carea' id='block_1_28' title="bbox 1952 1978 3587 2053">
    <p class='ocr_par' dir='ltr' id='par_1_28' title="bbox 1952 1978 3587 2053">
     <span class='ocr_line' id='line_1_28' title="bbox 1952 1978 3587 2053; baseline 0.002 -19"><span class='ocrx_word' id='word_1_206' title='bbox 1952 1982 2172 2050; x_wconf 84' lang='lat' dir='ltr'><strong>gentes?</strong></span> <span class='ocrx_word' id='word_1_207' title='bbox 2213 1978 2269 2034; x_wconf 91' lang='lat' dir='ltr'><strong>Si</strong></span> <span class='ocrx_word' id='word_1_208' title='bbox 2314 1980 2500 2033; x_wconf 88' lang='lat' dir='ltr'><strong>unitas</strong></span> <span class='ocrx_word' id='word_1_209' title='bbox 2529 1996 2644 2034; x_wconf 90' lang='lat' dir='ltr'><strong>non</strong></span> <span class='ocrx_word' id='word_1_210' title='bbox 2688 1986 2791 2050; x_wconf 90' lang='lat' dir='ltr'><strong>est,</strong></span> <span class='ocrx_word' id='word_1_211' title='bbox 2833 1997 3008 2051; x_wconf 87' lang='lat' dir='ltr'><strong>quare</strong></span> <span class='ocrx_word' id='word_1_212' title='bbox 3050 1982 3267 2036; x_wconf 76' lang='lat' dir='ltr'><strong>intende</strong></span> <span class='ocrx_word' id='word_1_213' title='bbox 3292 1983 3500 2053; x_wconf 89' lang='lat' dir='ltr'><strong>posuit,</strong></span> <span class='ocrx_word' id='word_1_214' title='bbox 3529 1988 3587 2038; x_wconf 90' lang='lat' dir='ltr'><strong>et</strong></span> 
     </span>
    </p>
   </div>
   <div class='ocr_carea' id='block_1_29' title="bbox 1951 2072 3581 2144">
    <p class='ocr_par' dir='ltr' id='par_1_29' title="bbox 1951 2072 3581 2144">
     <span class='ocr_line' id='line_1_29' title="bbox 1951 2072 3581 2144; baseline 0.002 -16"><span class='ocrx_word' id='word_1_215' title='bbox 1951 2090 2087 2143; x_wconf 88' lang='lat' dir='ltr'><strong>non,</strong></span> <span class='ocrx_word' id='word_1_216' title='bbox 2115 2072 2410 2142; x_wconf 88' lang='lat' dir='ltr'><strong>intendite,</strong></span> <span class='ocrx_word' id='word_1_217' title='bbox 2438 2078 2502 2128; x_wconf 90' lang='lat' dir='ltr'><strong>ut</strong></span> <span class='ocrx_word' id='word_1_218' title='bbox 2538 2074 2873 2144; x_wconf 59' lang='lat' dir='ltr'><strong>praedicatus</strong></span> <span class='ocrx_word' id='word_1_219' title='bbox 2901 2078 3005 2142; x_wconf 90' lang='lat' dir='ltr'><strong>est,</strong></span> <span class='ocrx_word' id='word_1_220' title='bbox 3029 2074 3311 2129; x_wconf 87' lang='lat' dir='ltr'><strong>intimavit</strong></span> <span class='ocrx_word' id='word_1_221' title='bbox 3329 2076 3357 2129; x_wconf 81' lang='lat' dir='ltr'><strong>‘t</strong></span> <span class='ocrx_word' id='word_1_222' title='bbox 3382 2076 3437 2131; x_wconf 93' lang='lat' dir='ltr'><strong>Si</strong></span> <span class='ocrx_word' id='word_1_223' title='bbox 3462 2077 3581 2131; x_wconf 88' lang='lat' dir='ltr'><strong>Tri-</strong></span> 
     </span>
    </p>
   </div>
   <div class='ocr_carea' id='block_1_30' title="bbox 1950 2166 3584 2238">
    <p class='ocr_par' dir='ltr' id='par_1_30' title="bbox 1950 2166 3584 2238">
     <span class='ocr_line' id='line_1_30' title="bbox 1950 2166 3584 2238; baseline 0.002 -17"><span class='ocrx_word' id='word_1_224' title='bbox 1950 2168 2095 2221; x_wconf 89' lang='lat' dir='ltr'><strong>nitas</strong></span> <span class='ocrx_word' id='word_1_225' title='bbox 2120 2182 2234 2221; x_wconf 91' lang='lat' dir='ltr'><strong>non</strong></span> <span class='ocrx_word' id='word_1_226' title='bbox 2259 2172 2361 2234; x_wconf 89' lang='lat' dir='ltr'><strong>est,</strong></span> <span class='ocrx_word' id='word_1_227' title='bbox 2390 2183 2564 2238; x_wconf 91' lang='lat' dir='ltr'><strong>quare</strong></span> <span class='ocrx_word' id='word_1_228' title='bbox 2591 2167 2651 2221; x_wconf 91' lang='lat' dir='ltr'><strong>in</strong></span> <span class='ocrx_word' id='word_1_229' title='bbox 2671 2166 3003 2238; x_wconf 85' lang='lat' dir='ltr'><strong>Apocalypsi</strong></span> <span class='ocrx_word' id='word_1_230' title='bbox 3028 2166 3193 2221; x_wconf 87' lang='lat' dir='ltr'><strong>tertio</strong></span> <span class='ocrx_word' id='word_1_231' title='bbox 3218 2168 3361 2223; x_wconf 82' lang='lat' dir='ltr'><strong>dixit</strong></span> <span class='ocrx_word' id='word_1_232' title='bbox 3398 2185 3412 2223; x_wconf 93' lang='lat'><strong>:</strong></span> <span class='ocrx_word' id='word_1_233' title='bbox 3440 2171 3584 2226; x_wconf 57' lang='lat' dir='ltr'><strong>Sana</strong></span> 
     </span>
    </p>
   </div>
   <div class='ocr_carea' id='block_1_31' title="bbox 1950 2263 3585 2332">
    <p class='ocr_par' dir='ltr' id='par_1_31' title="bbox 1950 2263 3585 2332">
     <span class='ocr_line' id='line_1_31' title="bbox 1950 2263 3585 2332; baseline 0.002 -17"><span class='ocrx_word' id='word_1_234' title='bbox 1950 2266 2084 2324; x_wconf 90' lang='lat' dir='ltr'><strong>ctus,</strong></span> <span class='ocrx_word' id='word_1_235' title='bbox 2096 2265 2331 2323; x_wconf 88' lang='lat' dir='ltr'><strong>sanctus,</strong></span> <span class='ocrx_word' id='word_1_236' title='bbox 2346 2265 2583 2324; x_wconf 90' lang='lat' dir='ltr'><strong>sanctus,</strong></span> <span class='ocrx_word' id='word_1_237' title='bbox 2600 2264 2849 2316; x_wconf 80' lang='lat' dir='ltr'><strong>Dominus</strong></span> <span class='ocrx_word' id='word_1_238' title='bbox 2868 2264 3005 2316; x_wconf 86' lang='lat' dir='ltr'><strong>Deus</strong></span> <span class='ocrx_word' id='word_1_239' title='bbox 3016 2263 3365 2332; x_wconf 81' lang='lat' dir='ltr'><strong>omnipotens,</strong></span> <span class='ocrx_word' id='word_1_240' title='bbox 3380 2265 3477 2332; x_wconf 89' lang='lat' dir='ltr'><strong>qui</strong></span> <span class='ocrx_word' id='word_1_241' title='bbox 3486 2269 3585 2329; x_wconf 90' lang='lat' dir='ltr'><strong>est,</strong></span> 
     </span>
    </p>
   </div>
   <div class='ocr_carea' id='block_1_32' title="bbox 1951 2353 3587 2427">
    <p class='ocr_par' dir='ltr' id='par_1_32' title="bbox 1951 2353 3587 2427">
     <span class='ocr_line' id='line_1_32' title="bbox 1951 2353 3587 2427; baseline 0.001 -19"><span class='ocrx_word' id='word_1_242' title='bbox 1951 2359 2003 2408; x_wconf 91' lang='lat' dir='ltr'><strong>et</strong></span> <span class='ocrx_word' id='word_1_243' title='bbox 2015 2356 2110 2423; x_wconf 87' lang='lat' dir='ltr'><strong>qui</strong></span> <span class='ocrx_word' id='word_1_244' title='bbox 2122 2358 2237 2409; x_wconf 87' lang='lat' dir='ltr'><strong>erat</strong></span> <span class='ocrx_word' id='word_1_245' title='bbox 2255 2353 2441 2424; x_wconf 88' lang='lat' dir='ltr'><strong>(Apoc.</strong></span> <span class='ocrx_word' id='word_1_246' title='bbox 2470 2356 2543 2425; x_wconf 84' lang='lat' dir='ltr'><strong>iv)</strong></span> <span class='ocrx_word' id='word_1_247' title='bbox 2555 2354 2582 2408; x_wconf 91' lang='lat'><strong>?</strong></span> <span class='ocrx_word' id='word_1_248' title='bbox 2612 2354 2666 2410; x_wconf 92' lang='lat' dir='ltr'><strong>Si</strong></span> <span class='ocrx_word' id='word_1_249' title='bbox 2685 2353 2873 2408; x_wconf 86' lang='lat' dir='ltr'><strong>unitas</strong></span> <span class='ocrx_word' id='word_1_250' title='bbox 2887 2370 3002 2408; x_wconf 90' lang='lat' dir='ltr'><strong>non</strong></span> <span class='ocrx_word' id='word_1_251' title='bbox 3024 2357 3127 2421; x_wconf 88' lang='lat' dir='ltr'><strong>est,</strong></span> <span class='ocrx_word' id='word_1_252' title='bbox 3141 2370 3315 2425; x_wconf 90' lang='lat' dir='ltr'><strong>quare</strong></span> <span class='ocrx_word' id='word_1_253' title='bbox 3330 2371 3467 2425; x_wconf 92' lang='lat' dir='ltr'><strong>non,</strong></span> <span class='ocrx_word' id='word_1_254' title='bbox 3486 2356 3587 2427; x_wconf 85' lang='lat' dir='ltr'><strong>qui</strong></span> 
     </span>
    </p>
   </div>
   <div class='ocr_carea' id='block_1_33' title="bbox 1952 2446 3584 2519">
    <p class='ocr_par' dir='ltr' id='par_1_33' title="bbox 1952 2446 3584 2519">
     <span class='ocr_line' id='line_1_33' title="bbox 1952 2446 3584 2519; baseline 0.002 -18"><span class='ocrx_word' id='word_1_255' title='bbox 1952 2452 2103 2515; x_wconf 87' lang='lat' dir='ltr'><strong>sunt,</strong></span> <span class='ocrx_word' id='word_1_256' title='bbox 2133 2446 2444 2519; x_wconf 86' lang='lat' dir='ltr'><strong>pluraliter,</strong></span> <span class='ocrx_word' id='word_1_257' title='bbox 2475 2447 2593 2514; x_wconf 91' lang='lat' dir='ltr'><strong>sed,</strong></span> <span class='ocrx_word' id='word_1_258' title='bbox 2610 2450 2707 2517; x_wconf 89' lang='lat' dir='ltr'><strong>qui</strong></span> <span class='ocrx_word' id='word_1_259' title='bbox 2720 2452 2857 2511; x_wconf 90' lang='lat' dir='ltr'><strong>erat,</strong></span> <span class='ocrx_word' id='word_1_260' title='bbox 2886 2447 3242 2517; x_wconf 80' lang='lat' dir='ltr'><strong>designavit?</strong></span> <span class='ocrx_word' id='word_1_261' title='bbox 3265 2446 3323 2503; x_wconf 89' lang='lat' dir='ltr'><strong>Si</strong></span> <span class='ocrx_word' id='word_1_262' title='bbox 3342 2448 3584 2504; x_wconf 87' lang='lat' dir='ltr'><strong>Trinitas</strong></span> 
     </span>
    </p>
   </div>
   <div class='ocr_carea' id='block_1_34' title="bbox 213 2520 3585 2612">
    <p class='ocr_par' dir='ltr' id='par_1_34' title="bbox 213 2520 3585 2612">
     <span class='ocr_line' id='line_1_34' title="bbox 213 2520 3585 2612; baseline 0.002 -21"><span class='ocrx_word' id='word_1_263' title='bbox 213 2538 426 2609; x_wconf 82' lang='lat' dir='ltr'><strong>(frater)</strong></span> <span class='ocrx_word' id='word_1_264' title='bbox 458 2538 875 2609; x_wconf 87' lang='lat' dir='ltr'><strong>Scripturarum</strong></span> <span class='ocrx_word' id='word_1_265' title='bbox 902 2538 1242 2593; x_wconf 89' lang='lat' dir='ltr'><strong>testimoniis</strong></span> <span class='ocrx_word' id='word_1_266' title='bbox 1277 2540 1533 2611; x_wconf 87' lang='lat' dir='ltr'><strong>(Ithacius</strong></span> <span class='ocrx_word' id='word_1_267' title='bbox 1571 2541 1700 2595; x_wconf 80' lang='lat' dir='ltr'><strong>adv.</strong></span> <span class='ocrx_word' id='word_1_268' title='bbox 1738 2544 1849 2597; x_wconf 91' lang='lat' dir='ltr'><strong>Va-</strong></span> <span class='ocrx_word' id='word_1_269' title='bbox 1871 2520 1930 2593; x_wconf 84' lang='lat' dir='ltr'><strong>B</strong></span> <span class='ocrx_word' id='word_1_270' title='bbox 1953 2558 2071 2596; x_wconf 89' lang='lat' dir='ltr'><strong>non</strong></span> <span class='ocrx_word' id='word_1_271' title='bbox 2101 2545 2202 2611; x_wconf 87' lang='lat' dir='ltr'><strong>est,</strong></span> <span class='ocrx_word' id='word_1_272' title='bbox 2234 2557 2410 2612; x_wconf 88' lang='lat' dir='ltr'><strong>quare</strong></span> <span class='ocrx_word' id='word_1_273' title='bbox 2435 2540 2495 2595; x_wconf 92' lang='lat' dir='ltr'><strong>in</strong></span> <span class='ocrx_word' id='word_1_274' title='bbox 2530 2540 2966 2595; x_wconf 87' lang='lat' dir='ltr'><strong>Deuteronomio</strong></span> <span class='ocrx_word' id='word_1_275' title='bbox 2996 2540 3210 2595; x_wconf 90' lang='lat' dir='ltr'><strong>dictum</strong></span> <span class='ocrx_word' id='word_1_276' title='bbox 3239 2545 3326 2596; x_wconf 90' lang='lat' dir='ltr'><strong>est</strong></span> <span class='ocrx_word' id='word_1_277' title='bbox 3352 2558 3366 2596; x_wconf 90' lang='lat'><strong>:</strong></span> <span class='ocrx_word' id='word_1_278' title='bbox 3401 2546 3585 2599; x_wconf 88' lang='lat' dir='ltr'><strong>Domi-</strong></span> 
     </span>
    </p>
   </div>
   <div class='ocr_carea' id='block_1_35' title="bbox 212 2632 1852 2704">
    <p class='ocr_par' dir='ltr' id='par_1_35' title="bbox 212 2632 1852 2704">
     <span class='ocr_line' id='line_1_35' title="bbox 212 2632 1852 2704; baseline 0.002 -17"><span class='ocrx_word' id='word_1_279' title='bbox 212 2633 505 2701; x_wconf 83' lang='lat' dir='ltr'><strong>rimadum,</strong></span> <span class='ocrx_word' id='word_1_280' title='bbox 536 2648 585 2686; x_wconf 94' lang='lat' dir='ltr'><strong>c.</strong></span> <span class='ocrx_word' id='word_1_281' title='bbox 620 2633 667 2704; x_wconf 84' lang='grc'><strong>1)</strong></span> <span class='ocrx_word' id='word_1_282' title='bbox 713 2632 993 2687; x_wconf 89' lang='lat' dir='ltr'><strong>unitatem</strong></span> <span class='ocrx_word' id='word_1_283' title='bbox 1023 2632 1306 2688; x_wconf 89' lang='lat' dir='ltr'><strong>Trinitatis</strong></span> <span class='ocrx_word' id='word_1_284' title='bbox 1349 2650 1611 2704; x_wconf 85' lang='lat' dir='ltr'><strong>agnosce,</strong></span> <span class='ocrx_word' id='word_1_285' title='bbox 1657 2637 1714 2689; x_wconf 91' lang='lat' dir='ltr'><strong>et</strong></span> <span class='ocrx_word' id='word_1_286' title='bbox 1753 2635 1852 2690; x_wconf 87' lang='lat' dir='ltr'><strong>de-</strong></span> 
     </span>
    </p>
   </div>
   <div class='ocr_carea' id='block_1_36' title="bbox 212 2725 1855 2799">
    <p class='ocr_par' dir='ltr' id='par_1_36' title="bbox 212 2725 1855 2799">
     <span class='ocr_line' id='line_1_36' title="bbox 212 2725 1855 2799; baseline 0.002 -20"><span class='ocrx_word' id='word_1_287' title='bbox 212 2726 330 2780; x_wconf 90' lang='lat' dir='ltr'><strong>sine</strong></span> <span class='ocrx_word' id='word_1_288' title='bbox 381 2725 722 2780; x_wconf 87' lang='lat' dir='ltr'><strong>Arianorum</strong></span> <span class='ocrx_word' id='word_1_289' title='bbox 771 2725 1107 2797; x_wconf 85' lang='lat' dir='ltr'><strong>pravitatem</strong></span> <span class='ocrx_word' id='word_1_290' title='bbox 1163 2727 1362 2799; x_wconf 89' lang='lat' dir='ltr'><strong>sequi,</strong></span> <span class='ocrx_word' id='word_1_291' title='bbox 1420 2731 1480 2782; x_wconf 91' lang='lat' dir='ltr'><strong>ut</strong></span> <span class='ocrx_word' id='word_1_292' title='bbox 1530 2728 1600 2781; x_wconf 90' lang='lat' dir='ltr'><strong>ab</strong></span> <span class='ocrx_word' id='word_1_293' title='bbox 1656 2728 1855 2783; x_wconf 89' lang='lat' dir='ltr'><strong>eadem</strong></span> 
     </span>
    </p>
   </div>
   <div class='ocr_carea' id='block_1_37' title="bbox 212 2820 1856 2893">
    <p class='ocr_par' dir='ltr' id='par_1_37' title="bbox 212 2820 1856 2893">
     <span class='ocr_line' id='line_1_37' title="bbox 212 2820 1856 2893; baseline 0.001 -19"><span class='ocrx_word' id='word_1_294' title='bbox 212 2820 388 2891; x_wconf 88' lang='lat' dir='ltr'><strong>possis</strong></span> <span class='ocrx_word' id='word_1_295' title='bbox 442 2825 804 2892; x_wconf 89' lang='lat' dir='ltr'><strong>peccatorum</strong></span> <span class='ocrx_word' id='word_1_296' title='bbox 854 2820 1275 2891; x_wconf 88' lang='lat' dir='ltr'><strong>indulgentiam</strong></span> <span class='ocrx_word' id='word_1_297' title='bbox 1323 2821 1660 2893; x_wconf 87' lang='lat' dir='ltr'><strong>promereri,</strong></span> <span class='ocrx_word' id='word_1_298' title='bbox 1716 2822 1856 2876; x_wconf 90' lang='lat' dir='ltr'><strong>Isaia</strong></span> 
     </span>
    </p>
   </div>
   <div class='ocr_carea' id='block_1_38' title="bbox 213 2914 1856 2986">
    <p class='ocr_par' dir='ltr' id='par_1_38' title="bbox 213 2914 1856 2986">
     <span class='ocr_line' id='line_1_38' title="bbox 213 2914 1856 2986; baseline 0.002 -18"><span class='ocrx_word' id='word_1_299' title='bbox 213 2915 491 2986; x_wconf 84' lang='lat' dir='ltr'><strong>prOpheta</strong></span> <span class='ocrx_word' id='word_1_300' title='bbox 516 2914 735 2970; x_wconf 82' lang='lat' dir='ltr'><strong>dicente</strong></span> <span class='ocrx_word' id='word_1_301' title='bbox 765 2931 778 2969; x_wconf 89' lang='lat'><strong>:</strong></span> <span class='ocrx_word' id='word_1_302' title='bbox 828 2915 966 2971; x_wconf 84' lang='lat' dir='ltr'><strong>Vide</strong></span> <span class='ocrx_word' id='word_1_303' title='bbox 1004 2917 1290 2970; x_wconf 85' lang='lat' dir='ltr'><strong>Dominum</strong></span> <span class='ocrx_word' id='word_1_304' title='bbox 1332 2916 1560 2971; x_wconf 90' lang='lat' dir='ltr'><strong>sabaoth</strong></span> <span class='ocrx_word' id='word_1_305' title='bbox 1587 2917 1856 2971; x_wconf 86' lang='lat' dir='ltr'><strong>sedentem</strong></span> 
     </span>
    </p>
   </div>
   <div class='ocr_carea' id='block_1_39' title="bbox 213 3009 1852 3080">
    <p class='ocr_par' dir='ltr' id='par_1_39' title="bbox 213 3009 1852 3080">
     <span class='ocr_line' id='line_1_39' title="bbox 213 3009 1852 3080; baseline -0.001 -16"><span class='ocrx_word' id='word_1_306' title='bbox 213 3024 373 3078; x_wconf 82' lang='lat' dir='ltr'><strong>super</strong></span> <span class='ocrx_word' id='word_1_307' title='bbox 392 3011 646 3064; x_wconf 82' lang='lat' dir='ltr'><strong>thronum</strong></span> <span class='ocrx_word' id='word_1_308' title='bbox 673 3009 957 3073; x_wconf 65' lang='lat' dir='ltr'><strong>excelsum,</strong></span> <span class='ocrx_word' id='word_1_309' title='bbox 976 3014 1027 3064; x_wconf 91' lang='lat' dir='ltr'><strong>et</strong></span> <span class='ocrx_word' id='word_1_310' title='bbox 1044 3011 1317 3080; x_wconf 85' lang='lat' dir='ltr'><strong>seraphim</strong></span> <span class='ocrx_word' id='word_1_311' title='bbox 1341 3010 1561 3065; x_wconf 85' lang='lat' dir='ltr'><strong>stabant</strong></span> <span class='ocrx_word' id='word_1_312' title='bbox 1583 3012 1641 3064; x_wconf 88' lang='lat' dir='ltr'><strong>in</strong></span> <span class='ocrx_word' id='word_1_313' title='bbox 1656 3012 1852 3065; x_wconf 87' lang='lat' dir='ltr'><strong>circui-</strong></span> 
     </span>
    </p>
   </div>
   <div class='ocr_carea' id='block_1_40' title="bbox 215 3102 1851 3173">
    <p class='ocr_par' dir='ltr' id='par_1_40' title="bbox 215 3102 1851 3173">
     <span class='ocr_line' id='line_1_40' title="bbox 215 3102 1851 3173; baseline 0.001 -17"><span class='ocrx_word' id='word_1_314' title='bbox 215 3107 272 3156; x_wconf 90' lang='lat' dir='ltr'><strong>tu</strong></span> <span class='ocrx_word' id='word_1_315' title='bbox 299 3102 416 3173; x_wconf 84' lang='lat' dir='ltr'><strong>ejus</strong></span> <span class='ocrx_word' id='word_1_316' title='bbox 444 3122 462 3157; x_wconf 90' lang='lat'><strong><em>:</em></strong></span> <span class='ocrx_word' id='word_1_317' title='bbox 489 3119 583 3158; x_wconf 74' lang='lat' dir='ltr'><strong>sea:</strong></span> <span class='ocrx_word' id='word_1_318' title='bbox 606 3104 710 3158; x_wconf 71' lang='lat' dir='ltr'><strong>alas</strong></span> <span class='ocrx_word' id='word_1_319' title='bbox 736 3106 853 3167; x_wconf 88' lang='lat' dir='ltr'><strong>uni,</strong></span> <span class='ocrx_word' id='word_1_320' title='bbox 894 3108 945 3157; x_wconf 90' lang='lat' dir='ltr'><strong>et</strong></span> <span class='ocrx_word' id='word_1_321' title='bbox 975 3119 1070 3158; x_wconf 73' lang='lat' dir='ltr'><strong>sem</strong></span> <span class='ocrx_word' id='word_1_322' title='bbox 1096 3104 1201 3157; x_wconf 63' lang='lat' dir='ltr'><strong>alte</strong></span> <span class='ocrx_word' id='word_1_323' title='bbox 1228 3104 1410 3158; x_wconf 83' lang='lat' dir='ltr'><strong>alteri.</strong></span> <span class='ocrx_word' id='word_1_324' title='bbox 1443 3104 1663 3159; x_wconf 90' lang='lat' dir='ltr'><strong>Duabus</strong></span> <span class='ocrx_word' id='word_1_325' title='bbox 1705 3105 1851 3159; x_wconf 79' lang='lat' dir='ltr'><strong>vela-</strong></span> 
     </span>
    </p>
   </div>
   <div class='ocr_carea' id='block_1_41' title="bbox 217 3196 1856 3269">
    <p class='ocr_par' dir='ltr' id='par_1_41' title="bbox 217 3196 1856 3269">
     <span class='ocr_line' id='line_1_41' title="bbox 217 3196 1856 3269; baseline 0.002 -19"><span class='ocrx_word' id='word_1_326' title='bbox 217 3196 343 3250; x_wconf 87' lang='lat' dir='ltr'><strong>bant</strong></span> <span class='ocrx_word' id='word_1_327' title='bbox 365 3199 566 3264; x_wconf 86' lang='lat' dir='ltr'><strong>faciem</strong></span> <span class='ocrx_word' id='word_1_328' title='bbox 590 3197 721 3266; x_wconf 83' lang='lat' dir='ltr'><strong>ejus,</strong></span> <span class='ocrx_word' id='word_1_329' title='bbox 750 3197 962 3251; x_wconf 90' lang='lat' dir='ltr'><strong>duabus</strong></span> <span class='ocrx_word' id='word_1_330' title='bbox 981 3202 1162 3252; x_wconf 88' lang='lat' dir='ltr'><strong>autem</strong></span> <span class='ocrx_word' id='word_1_331' title='bbox 1186 3198 1438 3252; x_wconf 73' lang='lat' dir='ltr'><strong>uelabant</strong></span> <span class='ocrx_word' id='word_1_332' title='bbox 1457 3199 1623 3269; x_wconf 85' lang='lat' dir='ltr'><strong>pedes</strong></span> <span class='ocrx_word' id='word_1_333' title='bbox 1653 3198 1784 3267; x_wconf 85' lang='lat' dir='ltr'><strong>ejus,</strong></span> <span class='ocrx_word' id='word_1_334' title='bbox 1806 3202 1856 3253; x_wconf 87' lang='lat' dir='ltr'><strong>et</strong></span> 
     </span>
    </p>
   </div>
   <div class='ocr_carea' id='block_1_42' title="bbox 213 3290 1853 3355">
    <p class='ocr_par' dir='ltr' id='par_1_42' title="bbox 213 3290 1853 3355">
     <span class='ocr_line' id='line_1_42' title="bbox 213 3290 1853 3355; baseline 0.002 -11"><span class='ocrx_word' id='word_1_335' title='bbox 213 3290 424 3346; x_wconf 88' lang='lat' dir='ltr'><strong>duabus</strong></span> <span class='ocrx_word' id='word_1_336' title='bbox 448 3292 724 3348; x_wconf 69' lang='lat' dir='ltr'><strong>volabant.</strong></span> <span class='ocrx_word' id='word_1_337' title='bbox 756 3295 826 3348; x_wconf 86' lang='lat' dir='ltr'><strong>Et</strong></span> <span class='ocrx_word' id='word_1_338' title='bbox 850 3292 1162 3346; x_wconf 87' lang='lat' dir='ltr'><strong>clamabant</strong></span> <span class='ocrx_word' id='word_1_339' title='bbox 1195 3293 1270 3346; x_wconf 89' lang='lat' dir='ltr'><strong>ad</strong></span> <span class='ocrx_word' id='word_1_340' title='bbox 1297 3294 1640 3355; x_wconf 86' lang='lat' dir='ltr'><strong>alterutrum,</strong></span> <span class='ocrx_word' id='word_1_341' title='bbox 1670 3294 1853 3348; x_wconf 87' lang='lat' dir='ltr'><strong>dicen-</strong></span> 
     </span>
    </p>
   </div>
   <div class='ocr_carea' id='block_1_43' title="bbox 216 3387 1856 3453">
    <p class='ocr_par' dir='ltr' id='par_1_43' title="bbox 216 3387 1856 3453">
     <span class='ocr_line' id='line_1_43' title="bbox 216 3387 1856 3453; baseline 0.001 -14"><span class='ocrx_word' id='word_1_342' title='bbox 216 3388 287 3439; x_wconf 86' lang='lat' dir='ltr'><strong>tes</strong></span> <span class='ocrx_word' id='word_1_343' title='bbox 315 3404 331 3440; x_wconf 88' lang='lat'><strong><em>:</em></strong></span> <span class='ocrx_word' id='word_1_344' title='bbox 358 3387 614 3449; x_wconf 87' lang='lat' dir='ltr'><strong>Sanctus,</strong></span> <span class='ocrx_word' id='word_1_345' title='bbox 639 3390 880 3449; x_wconf 90' lang='lat' dir='ltr'><strong>sanctus,</strong></span> <span class='ocrx_word' id='word_1_346' title='bbox 900 3390 1157 3453; x_wconf 88' lang='lat' dir='ltr'><strong>sanctus;</strong></span> <span class='ocrx_word' id='word_1_347' title='bbox 1188 3389 1444 3442; x_wconf 84' lang='lat' dir='ltr'><strong>Dominus</strong></span> <span class='ocrx_word' id='word_1_348' title='bbox 1469 3391 1608 3442; x_wconf 90' lang='lat' dir='ltr'><strong>Deus</strong></span> <span class='ocrx_word' id='word_1_349' title='bbox 1629 3388 1856 3442; x_wconf 88' lang='lat' dir='ltr'><strong>sabaoth</strong></span> 
     </span>
    </p>
   </div>
   <div class='ocr_carea' id='block_1_44' title="bbox 216 3479 1850 3552">
    <p class='ocr_par' dir='ltr' id='par_1_44' title="bbox 216 3479 1850 3552">
     <span class='ocr_line' id='line_1_44' title="bbox 216 3479 1850 3552; baseline 0.001 -18"><span class='ocrx_word' id='word_1_350' title='bbox 216 3479 339 3547; x_wconf 88' lang='lat' dir='ltr'><strong>(lsa.</strong></span> <span class='ocrx_word' id='word_1_351' title='bbox 385 3480 483 3551; x_wconf 86' lang='lat' dir='ltr'><strong>v1).</strong></span> <span class='ocrx_word' id='word_1_352' title='bbox 519 3480 579 3535; x_wconf 93' lang='lat' dir='ltr'><strong>Si</strong></span> <span class='ocrx_word' id='word_1_353' title='bbox 608 3479 848 3534; x_wconf 88' lang='lat' dir='ltr'><strong>Trinitas</strong></span> <span class='ocrx_word' id='word_1_354' title='bbox 874 3496 988 3534; x_wconf 94' lang='lat' dir='ltr'><strong>non</strong></span> <span class='ocrx_word' id='word_1_355' title='bbox 1018 3483 1121 3550; x_wconf 88' lang='lat' dir='ltr'><strong>est,</strong></span> <span class='ocrx_word' id='word_1_356' title='bbox 1155 3497 1330 3552; x_wconf 89' lang='lat' dir='ltr'><strong>quare</strong></span> <span class='ocrx_word' id='word_1_357' title='bbox 1373 3480 1560 3549; x_wconf 90' lang='lat' dir='ltr'><strong>tertio,</strong></span> <span class='ocrx_word' id='word_1_358' title='bbox 1602 3485 1850 3551; x_wconf 91' lang='lat' dir='ltr'><strong>sanctus,</strong></span> 
     </span>
    </p>
   </div>
   <div class='ocr_carea' id='block_1_45' title="bbox 215 3572 1855 3646">
    <p class='ocr_par' dir='ltr' id='par_1_45' title="bbox 215 3572 1855 3646">
     <span class='ocr_line' id='line_1_45' title="bbox 215 3572 1855 3646; baseline 0.001 -19"><span class='ocrx_word' id='word_1_359' title='bbox 215 3572 514 3628; x_wconf 88' lang='lat' dir='ltr'><strong>dixerunt?</strong></span> <span class='ocrx_word' id='word_1_360' title='bbox 542 3575 608 3629; x_wconf 84' lang='lat' dir='ltr'><strong>Et</strong></span> <span class='ocrx_word' id='word_1_361' title='bbox 633 3573 679 3628; x_wconf 90' lang='lat' dir='ltr'><strong>si</strong></span> <span class='ocrx_word' id='word_1_362' title='bbox 706 3573 895 3628; x_wconf 88' lang='lat' dir='ltr'><strong>unitas</strong></span> <span class='ocrx_word' id='word_1_363' title='bbox 919 3590 1037 3629; x_wconf 91' lang='lat' dir='ltr'><strong>non</strong></span> <span class='ocrx_word' id='word_1_364' title='bbox 1057 3577 1159 3642; x_wconf 90' lang='lat' dir='ltr'><strong>est,</strong></span> <span class='ocrx_word' id='word_1_365' title='bbox 1192 3590 1365 3645; x_wconf 88' lang='lat' dir='ltr'><strong>quare</strong></span> <span class='ocrx_word' id='word_1_366' title='bbox 1393 3574 1497 3629; x_wconf 89' lang='lat' dir='ltr'><strong>sub</strong></span> <span class='ocrx_word' id='word_1_367' title='bbox 1523 3575 1672 3630; x_wconf 88' lang='lat' dir='ltr'><strong>trina</strong></span> <span class='ocrx_word' id='word_1_368' title='bbox 1696 3590 1855 3646; x_wconf 85' lang='lat' dir='ltr'><strong>repe-</strong></span> 
     </span>
    </p>
   </div>
   <div class='ocr_carea' id='block_1_46' title="bbox 215 3666 1854 3725">
    <p class='ocr_par' dir='ltr' id='par_1_46' title="bbox 215 3666 1854 3725">
     <span class='ocr_line' id='line_1_46' title="bbox 215 3666 1854 3725; baseline 0 -3"><span class='ocrx_word' id='word_1_369' title='bbox 215 3666 405 3723; x_wconf 87' lang='lat' dir='ltr'><strong>titione</strong></span> <span class='ocrx_word' id='word_1_370' title='bbox 430 3684 616 3723; x_wconf 89' lang='lat' dir='ltr'><strong>unum</strong></span> <span class='ocrx_word' id='word_1_371' title='bbox 632 3669 811 3723; x_wconf 87' lang='lat' dir='ltr'><strong>Deum</strong></span> <span class='ocrx_word' id='word_1_372' title='bbox 832 3684 896 3722; x_wconf 88' lang='lat' dir='ltr'><strong>ac</strong></span> <span class='ocrx_word' id='word_1_373' title='bbox 911 3667 1217 3723; x_wconf 88' lang='lat' dir='ltr'><strong>Dominum</strong></span> <span class='ocrx_word' id='word_1_374' title='bbox 1245 3669 1584 3725; x_wconf 86' lang='lat' dir='ltr'><strong>intimarunt</strong></span> <span class='ocrx_word' id='word_1_375' title='bbox 1602 3670 1629 3724; x_wconf 89' lang='lat'><strong>?</strong></span> <span class='ocrx_word' id='word_1_376' title='bbox 1656 3669 1713 3725; x_wconf 93' lang='lat' dir='ltr'><strong>Si</strong></span> <span class='ocrx_word' id='word_1_377' title='bbox 1738 3668 1854 3723; x_wconf 91' lang='lat' dir='ltr'><strong>Tri-</strong></span> 
     </span>
    </p>
   </div>
   <div class='ocr_carea' id='block_1_47' title="bbox 219 3761 1850 3832">
    <p class='ocr_par' dir='ltr' id='par_1_47' title="bbox 219 3761 1850 3832">
     <span class='ocr_line' id='line_1_47' title="bbox 219 3761 1850 3832; baseline 0.001 -17"><span class='ocrx_word' id='word_1_378' title='bbox 219 3761 358 3815; x_wconf 87' lang='lat' dir='ltr'><strong>nitas</strong></span> <span class='ocrx_word' id='word_1_379' title='bbox 386 3778 504 3816; x_wconf 93' lang='lat' dir='ltr'><strong>non</strong></span> <span class='ocrx_word' id='word_1_380' title='bbox 532 3766 635 3832; x_wconf 88' lang='lat' dir='ltr'><strong>est,</strong></span> <span class='ocrx_word' id='word_1_381' title='bbox 677 3778 780 3816; x_wconf 90' lang='lat' dir='ltr'><strong>cur</strong></span> <span class='ocrx_word' id='word_1_382' title='bbox 803 3762 864 3816; x_wconf 89' lang='lat' dir='ltr'><strong>in</strong></span> <span class='ocrx_word' id='word_1_383' title='bbox 897 3762 1175 3817; x_wconf 86' lang='lat' dir='ltr'><strong>Geneseos</strong></span> <span class='ocrx_word' id='word_1_384' title='bbox 1201 3762 1408 3817; x_wconf 89' lang='lat' dir='ltr'><strong>dicitur</strong></span> <span class='ocrx_word' id='word_1_385' title='bbox 1446 3780 1460 3817; x_wconf 91' lang='lat'><strong>:</strong></span> <span class='ocrx_word' id='word_1_386' title='bbox 1515 3766 1666 3818; x_wconf 67' lang='lat' dir='ltr'><strong>Dixit</strong></span> <span class='ocrx_word' id='word_1_387' title='bbox 1692 3766 1850 3825; x_wconf 83' lang='lat' dir='ltr'><strong>Deus,</strong></span> 
     </span>
    </p>
   </div>
   <div class='ocr_carea' id='block_1_48' title="bbox 1951 2636 3589 2699">
    <p class='ocr_par' dir='ltr' id='par_1_48' title="bbox 1951 2636 3589 2699">
     <span class='ocr_line' id='line_1_48' title="bbox 1951 2636 3589 2699; baseline 0.002 -9"><span class='ocrx_word' id='word_1_388' title='bbox 1951 2651 2051 2690; x_wconf 88' lang='lat' dir='ltr'><strong>nus</strong></span> <span class='ocrx_word' id='word_1_389' title='bbox 2076 2639 2214 2691; x_wconf 88' lang='lat' dir='ltr'><strong>Deus</strong></span> <span class='ocrx_word' id='word_1_390' title='bbox 2245 2640 2397 2699; x_wconf 90' lang='lat' dir='ltr'><strong>tuus,</strong></span> <span class='ocrx_word' id='word_1_391' title='bbox 2439 2638 2578 2690; x_wconf 90' lang='lat' dir='ltr'><strong>Deus</strong></span> <span class='ocrx_word' id='word_1_392' title='bbox 2615 2637 2916 2690; x_wconf 84' lang='lat' dir='ltr'><strong>misericors</strong></span> <span class='ocrx_word' id='word_1_393' title='bbox 2961 2640 3057 2699; x_wconf 89' lang='lat' dir='ltr'><strong>est,</strong></span> <span class='ocrx_word' id='word_1_394' title='bbox 3110 2639 3163 2689; x_wconf 90' lang='lat' dir='ltr'><strong>et</strong></span> <span class='ocrx_word' id='word_1_395' title='bbox 3195 2636 3383 2691; x_wconf 86' lang='lat' dir='ltr'><strong>audiet</strong></span> <span class='ocrx_word' id='word_1_396' title='bbox 3412 2652 3589 2693; x_wconf 80' lang='lat' dir='ltr'><strong>vocem</strong></span> 
     </span>
    </p>
   </div>
   <div class='ocr_carea' id='block_1_49' title="bbox 1954 2728 3588 2802">
    <p class='ocr_par' dir='ltr' id='par_1_49' title="bbox 1954 2728 3588 2802">
     <span class='ocr_line' id='line_1_49' title="bbox 1954 2728 3588 2802; baseline 0.001 -18"><span class='ocrx_word' id='word_1_397' title='bbox 1954 2734 2104 2785; x_wconf 84' lang='lat' dir='ltr'><strong>tuam</strong></span> <span class='ocrx_word' id='word_1_398' title='bbox 2135 2729 2368 2799; x_wconf 90' lang='lat' dir='ltr'><strong>(Deuter.</strong></span> <span class='ocrx_word' id='word_1_399' title='bbox 2400 2729 2511 2799; x_wconf 85' lang='lat' dir='ltr'><strong>1v)?</strong></span> <span class='ocrx_word' id='word_1_400' title='bbox 2536 2728 2592 2784; x_wconf 92' lang='lat' dir='ltr'><strong>Si</strong></span> <span class='ocrx_word' id='word_1_401' title='bbox 2620 2729 2804 2783; x_wconf 90' lang='lat' dir='ltr'><strong>unitas</strong></span> <span class='ocrx_word' id='word_1_402' title='bbox 2824 2744 2943 2783; x_wconf 92' lang='lat' dir='ltr'><strong>non</strong></span> <span class='ocrx_word' id='word_1_403' title='bbox 2966 2732 3069 2798; x_wconf 89' lang='lat' dir='ltr'><strong>est,</strong></span> <span class='ocrx_word' id='word_1_404' title='bbox 3093 2745 3269 2800; x_wconf 86' lang='lat' dir='ltr'><strong>quare</strong></span> <span class='ocrx_word' id='word_1_405' title='bbox 3287 2730 3475 2785; x_wconf 88' lang='lat' dir='ltr'><strong>audiet</strong></span> <span class='ocrx_word' id='word_1_406' title='bbox 3491 2748 3588 2802; x_wconf 89' lang='lat' dir='ltr'><strong>po-</strong></span> 
     </span>
    </p>
   </div>
   <div class='ocr_carea' id='block_1_50' title="bbox 1954 2821 3586 2893">
    <p class='ocr_par' dir='ltr' id='par_1_50' title="bbox 1954 2821 3586 2893">
     <span class='ocr_line' id='line_1_50' title="bbox 1954 2821 3586 2893; baseline 0.002 -16"><span class='ocrx_word' id='word_1_407' title='bbox 1954 2823 2085 2891; x_wconf 89' lang='lat' dir='ltr'><strong>suit,</strong></span> <span class='ocrx_word' id='word_1_408' title='bbox 2120 2825 2176 2877; x_wconf 86' lang='lat' dir='ltr'><strong>et</strong></span> <span class='ocrx_word' id='word_1_409' title='bbox 2209 2839 2324 2877; x_wconf 92' lang='lat' dir='ltr'><strong>non</strong></span> <span class='ocrx_word' id='word_1_410' title='bbox 2361 2823 2612 2893; x_wconf 90' lang='lat' dir='ltr'><strong>audient,</strong></span> <span class='ocrx_word' id='word_1_411' title='bbox 2643 2821 2962 2877; x_wconf 86' lang='lat' dir='ltr'><strong>intimavit?</strong></span> <span class='ocrx_word' id='word_1_412' title='bbox 2988 2822 3041 2877; x_wconf 91' lang='lat' dir='ltr'><strong>Si</strong></span> <span class='ocrx_word' id='word_1_413' title='bbox 3068 2822 3310 2878; x_wconf 86' lang='lat' dir='ltr'><strong>Trinitas</strong></span> <span class='ocrx_word' id='word_1_414' title='bbox 3336 2840 3453 2879; x_wconf 91' lang='lat' dir='ltr'><strong>non</strong></span> <span class='ocrx_word' id='word_1_415' title='bbox 3480 2830 3586 2891; x_wconf 89' lang='lat' dir='ltr'><strong>est,</strong></span> 
     </span>
    </p>
   </div>
   <div class='ocr_carea' id='block_1_51' title="bbox 1954 2916 3585 2989">
    <p class='ocr_par' dir='ltr' id='par_1_51' title="bbox 1954 2916 3585 2989">
     <span class='ocr_line' id='line_1_51' title="bbox 1954 2916 3585 2989; baseline 0.003 -19"><span class='ocrx_word' id='word_1_416' title='bbox 1954 2934 2129 2989; x_wconf 90' lang='lat' dir='ltr'><strong>quare</strong></span> <span class='ocrx_word' id='word_1_417' title='bbox 2152 2917 2212 2971; x_wconf 92' lang='lat' dir='ltr'><strong>in</strong></span> <span class='ocrx_word' id='word_1_418' title='bbox 2237 2917 2367 2971; x_wconf 81' lang='lat' dir='ltr'><strong>Iesu</strong></span> <span class='ocrx_word' id='word_1_419' title='bbox 2392 2917 2538 2972; x_wconf 89' lang='lat' dir='ltr'><strong>Nave</strong></span> <span class='ocrx_word' id='word_1_420' title='bbox 2562 2916 2767 2972; x_wconf 89' lang='lat' dir='ltr'><strong>dicitur</strong></span> <span class='ocrx_word' id='word_1_421' title='bbox 2791 2916 2937 2971; x_wconf 87' lang='lat' dir='ltr'><strong>libro</strong></span> <span class='ocrx_word' id='word_1_422' title='bbox 2960 2934 2973 2971; x_wconf 90' lang='lat'>:</span> <span class='ocrx_word' id='word_1_423' title='bbox 3011 2920 3269 2974; x_wconf 86' lang='lat' dir='ltr'><strong>Dominus</strong></span> <span class='ocrx_word' id='word_1_424' title='bbox 3292 2921 3431 2974; x_wconf 88' lang='lat' dir='ltr'><strong>Deus</strong></span> <span class='ocrx_word' id='word_1_425' title='bbox 3457 2920 3585 2975; x_wconf 87' lang='lat' dir='ltr'><strong>deo-</strong></span> 
     </span>
    </p>
   </div>
   <div class='ocr_carea' id='block_1_52' title="bbox 1952 3011 3586 3091">
    <p class='ocr_par' dir='ltr' id='par_1_52' title="bbox 1952 3011 3586 3091">
     <span class='ocr_line' id='line_1_52' title="bbox 1952 3011 3586 3091; baseline 0.002 -24"><span class='ocrx_word' id='word_1_426' title='bbox 1952 3027 2075 3067; x_wconf 88' lang='lat' dir='ltr'><strong>rum</strong></span> <span class='ocrx_word' id='word_1_427' title='bbox 2100 3016 2181 3066; x_wconf 89' lang='lat' dir='ltr'><strong>est</strong></span> <span class='ocrx_word' id='word_1_428' title='bbox 2203 3011 2374 3081; x_wconf 91' lang='lat' dir='ltr'><strong>(Iosue</strong></span> <span class='ocrx_word' id='word_1_429' title='bbox 2399 3029 2474 3081; x_wconf 84' lang='lat' dir='ltr'><strong>n;</strong></span> <span class='ocrx_word' id='word_1_430' title='bbox 2504 3015 2657 3067; x_wconf 88' lang='lat' dir='ltr'><strong>Deut.</strong></span> <span class='ocrx_word' id='word_1_431' title='bbox 2686 3012 2785 3091; x_wconf 72' lang='lat' dir='ltr'><strong>x)?</strong></span> <span class='ocrx_word' id='word_1_432' title='bbox 2819 3011 2877 3066; x_wconf 90' lang='lat' dir='ltr'><strong>Si</strong></span> <span class='ocrx_word' id='word_1_433' title='bbox 2914 3011 3100 3065; x_wconf 83' lang='lat' dir='ltr'><strong>unitas</strong></span> <span class='ocrx_word' id='word_1_434' title='bbox 3128 3028 3245 3066; x_wconf 89' lang='lat' dir='ltr'><strong>non</strong></span> <span class='ocrx_word' id='word_1_435' title='bbox 3280 3017 3381 3079; x_wconf 91' lang='lat' dir='ltr'><strong>est,</strong></span> <span class='ocrx_word' id='word_1_436' title='bbox 3410 3029 3586 3084; x_wconf 90' lang='lat' dir='ltr'><strong>quare</strong></span> 
     </span>
    </p>
   </div>
   <div class='ocr_carea' id='block_1_53' title="bbox 1954 3104 3589 3175">
    <p class='ocr_par' dir='ltr' id='par_1_53' title="bbox 1954 3104 3589 3175">
     <span class='ocr_line' id='line_1_53' title="bbox 1954 3104 3589 3175; baseline 0.002 -15"><span class='ocrx_word' id='word_1_437' title='bbox 1954 3110 2050 3168; x_wconf 89' lang='lat' dir='ltr'><strong>est,</strong></span> <span class='ocrx_word' id='word_1_438' title='bbox 2081 3104 2245 3171; x_wconf 89' lang='lat' dir='ltr'><strong>dixit,</strong></span> <span class='ocrx_word' id='word_1_439' title='bbox 2274 3111 2329 3161; x_wconf 92' lang='lat' dir='ltr'><strong>et</strong></span> <span class='ocrx_word' id='word_1_440' title='bbox 2366 3123 2502 3175; x_wconf 89' lang='lat' dir='ltr'><strong>non,</strong></span> <span class='ocrx_word' id='word_1_441' title='bbox 2548 3111 2700 3173; x_wconf 91' lang='lat' dir='ltr'><strong>sunt,</strong></span> <span class='ocrx_word' id='word_1_442' title='bbox 2729 3122 2886 3161; x_wconf 90' lang='lat' dir='ltr'><strong>more</strong></span> <span class='ocrx_word' id='word_1_443' title='bbox 2916 3104 3218 3160; x_wconf 89' lang='lat' dir='ltr'><strong>locutionis</strong></span> <span class='ocrx_word' id='word_1_444' title='bbox 3242 3105 3505 3163; x_wconf 83' lang='lat' dir='ltr'><strong>induxit?</strong></span> <span class='ocrx_word' id='word_1_445' title='bbox 3533 3108 3589 3164; x_wconf 91' lang='lat' dir='ltr'><strong>Si</strong></span> 
     </span>
    </p>
   </div>
   <div class='ocr_carea' id='block_1_54' title="bbox 1953 3199 3585 3273">
    <p class='ocr_par' dir='ltr' id='par_1_54' title="bbox 1953 3199 3585 3273">
     <span class='ocr_line' id='line_1_54' title="bbox 1953 3199 3585 3273; baseline 0.001 -19"><span class='ocrx_word' id='word_1_446' title='bbox 1953 3199 2195 3255; x_wconf 88' lang='lat' dir='ltr'><strong>Trinitas</strong></span> <span class='ocrx_word' id='word_1_447' title='bbox 2230 3217 2347 3254; x_wconf 91' lang='lat' dir='ltr'><strong>non</strong></span> <span class='ocrx_word' id='word_1_448' title='bbox 2386 3205 2489 3271; x_wconf 89' lang='lat' dir='ltr'><strong>est,</strong></span> <span class='ocrx_word' id='word_1_449' title='bbox 2529 3216 2704 3272; x_wconf 89' lang='lat' dir='ltr'><strong>quare</strong></span> <span class='ocrx_word' id='word_1_450' title='bbox 2727 3200 2873 3254; x_wconf 89' lang='lat' dir='ltr'><strong>Elias</strong></span> <span class='ocrx_word' id='word_1_451' title='bbox 2901 3200 3112 3254; x_wconf 90' lang='lat' dir='ltr'><strong>orando</strong></span> <span class='ocrx_word' id='word_1_452' title='bbox 3134 3199 3235 3270; x_wconf 83' lang='lat' dir='ltr'><strong><em>(III</em></strong></span> <span class='ocrx_word' id='word_1_453' title='bbox 3252 3204 3381 3271; x_wconf 84' lang='lat' dir='ltr'><strong>Reg.</strong></span> <span class='ocrx_word' id='word_1_454' title='bbox 3409 3202 3585 3273; x_wconf 87' lang='lat' dir='ltr'><strong>xvm),</strong></span> 
     </span>
    </p>
   </div>
   <div class='ocr_carea' id='block_1_55' title="bbox 1954 3278 3591 3366">
    <p class='ocr_par' dir='ltr' id='par_1_55' title="bbox 1954 3278 3591 3366">
     <span class='ocr_line' id='line_1_55' title="bbox 1954 3278 3591 3366; baseline 0.002 -17"><span class='ocrx_word' id='word_1_455' title='bbox 1954 3296 2194 3359; x_wconf 88' lang='lat' dir='ltr'><strong>Domine,</strong></span> <span class='ocrx_word' id='word_1_456' title='bbox 2222 3278 2452 3358; x_wconf 83' lang='lat' dir='ltr'><strong>domine,</strong></span> <span class='ocrx_word' id='word_1_457' title='bbox 2489 3296 2699 3350; x_wconf 85' lang='lat' dir='ltr'><strong>domine</strong></span> <span class='ocrx_word' id='word_1_458' title='bbox 2734 3299 2870 3350; x_wconf 92' lang='lat' dir='ltr'><strong>Deus</strong></span> <span class='ocrx_word' id='word_1_459' title='bbox 2894 3294 3083 3358; x_wconf 85' lang='lat' dir='ltr'><strong>Israel,</strong></span> <span class='ocrx_word' id='word_1_460' title='bbox 3119 3295 3331 3350; x_wconf 84' lang='lat' dir='ltr'><strong>ostende</strong></span> <span class='ocrx_word' id='word_1_461' title='bbox 3373 3297 3504 3366; x_wconf 88' lang='lat' dir='ltr'><strong>quia</strong></span> <span class='ocrx_word' id='word_1_462' title='bbox 3531 3302 3591 3352; x_wconf 86' lang='lat' dir='ltr'><strong>tu</strong></span> 
     </span>
    </p>
   </div>
   <div class='ocr_carea' id='block_1_56' title="bbox 1954 3388 3586 3461">
    <p class='ocr_par' dir='ltr' id='par_1_56' title="bbox 1954 3388 3586 3461">
     <span class='ocr_line' id='line_1_56' title="bbox 1954 3388 3586 3461; baseline 0.002 -18"><span class='ocrx_word' id='word_1_463' title='bbox 1954 3403 2006 3444; x_wconf 90' lang='lat' dir='ltr'><strong>es</strong></span> <span class='ocrx_word' id='word_1_464' title='bbox 2034 3392 2171 3443; x_wconf 87' lang='lat' dir='ltr'><strong>Deus</strong></span> <span class='ocrx_word' id='word_1_465' title='bbox 2198 3404 2367 3451; x_wconf 91' lang='lat' dir='ltr'><strong>meus,</strong></span> <span class='ocrx_word' id='word_1_466' title='bbox 2400 3388 2586 3444; x_wconf 80' lang='lat' dir='ltr'><strong>dixit?</strong></span> <span class='ocrx_word' id='word_1_467' title='bbox 2612 3389 2671 3443; x_wconf 91' lang='lat' dir='ltr'><strong>Si</strong></span> <span class='ocrx_word' id='word_1_468' title='bbox 2698 3389 2888 3443; x_wconf 82' lang='lat' dir='ltr'><strong>unitas</strong></span> <span class='ocrx_word' id='word_1_469' title='bbox 2911 3404 3027 3442; x_wconf 90' lang='lat' dir='ltr'><strong>non</strong></span> <span class='ocrx_word' id='word_1_470' title='bbox 3053 3393 3155 3457; x_wconf 88' lang='lat' dir='ltr'><strong>est,</strong></span> <span class='ocrx_word' id='word_1_471' title='bbox 3184 3406 3380 3461; x_wconf 90' lang='lat' dir='ltr'><strong>quare,</strong></span> <span class='ocrx_word' id='word_1_472' title='bbox 3410 3395 3586 3447; x_wconf 85' lang='lat' dir='ltr'><strong>osten-</strong></span> 
     </span>
    </p>
   </div>
   <div class='ocr_carea' id='block_1_57' title="bbox 1954 3462 3587 3554">
    <p class='ocr_par' dir='ltr' id='par_1_57' title="bbox 1954 3462 3587 3554">
     <span class='ocr_line' id='line_1_57' title="bbox 1954 3462 3587 3554; baseline 0.002 -17"><span class='ocrx_word' id='word_1_473' title='bbox 1954 3484 2038 3546; x_wconf 90' lang='lat' dir='ltr'><strong>de,</strong></span> <span class='ocrx_word' id='word_1_474' title='bbox 2068 3486 2124 3536; x_wconf 92' lang='lat' dir='ltr'><strong>et</strong></span> <span class='ocrx_word' id='word_1_475' title='bbox 2162 3499 2280 3537; x_wconf 91' lang='grc'>11011</span> <span class='ocrx_word' id='word_1_476' title='bbox 2318 3482 2613 3551; x_wconf 90' lang='lat' dir='ltr'><strong>ostendite,</strong></span> <span class='ocrx_word' id='word_1_477' title='bbox 2662 3462 2890 3553; x_wconf 73' lang='lat' dir='ltr'><strong>posuit?</strong></span> <span class='ocrx_word' id='word_1_478' title='bbox 2931 3482 2985 3537; x_wconf 91' lang='lat' dir='ltr'><strong>Si</strong></span> <span class='ocrx_word' id='word_1_479' title='bbox 3032 3482 3272 3537; x_wconf 89' lang='lat' dir='ltr'><strong>Trinitas</strong></span> <span class='ocrx_word' id='word_1_480' title='bbox 3314 3500 3431 3539; x_wconf 92' lang='lat' dir='ltr'><strong>non</strong></span> <span class='ocrx_word' id='word_1_481' title='bbox 3479 3489 3587 3554; x_wconf 90' lang='lat' dir='ltr'><strong>est,</strong></span> 
     </span>
    </p>
   </div>
   <div class='ocr_carea' id='block_1_58' title="bbox 1953 3576 3586 3648">
    <p class='ocr_par' dir='ltr' id='par_1_58' title="bbox 1953 3576 3586 3648">
     <span class='ocr_line' id='line_1_58' title="bbox 1953 3576 3586 3648; baseline 0.002 -18"><span class='ocrx_word' id='word_1_482' title='bbox 1953 3592 2055 3630; x_wconf 89' lang='lat' dir='ltr'><strong>cur</strong></span> <span class='ocrx_word' id='word_1_483' title='bbox 2081 3576 2463 3631; x_wconf 85' lang='lat' dir='ltr'><strong>Mardochaeus</strong></span> <span class='ocrx_word' id='word_1_484' title='bbox 2493 3576 2704 3630; x_wconf 89' lang='lat' dir='ltr'><strong>orando</strong></span> <span class='ocrx_word' id='word_1_485' title='bbox 2735 3576 2959 3647; x_wconf 87' lang='lat' dir='ltr'><strong>(Esther.</strong></span> <span class='ocrx_word' id='word_1_486' title='bbox 2989 3579 3125 3648; x_wconf 85' lang='lat' dir='ltr'><strong>xm),</strong></span> <span class='ocrx_word' id='word_1_487' title='bbox 3155 3579 3396 3640; x_wconf 90' lang='lat' dir='ltr'><strong>Domine,</strong></span> <span class='ocrx_word' id='word_1_488' title='bbox 3413 3578 3586 3633; x_wconf 87' lang='lat' dir='ltr'><strong>domi-</strong></span> 
     </span>
    </p>
   </div>
   <div class='ocr_carea' id='block_1_59' title="bbox 1951 3672 3589 3741">
    <p class='ocr_par' dir='ltr' id='par_1_59' title="bbox 1951 3672 3589 3741">
     <span class='ocr_line' id='line_1_59' title="bbox 1951 3672 3589 3741; baseline 0.001 -16"><span class='ocrx_word' id='word_1_489' title='bbox 1951 3684 2016 3725; x_wconf 88' lang='lat' dir='ltr'><strong>ne</strong></span> <span class='ocrx_word' id='word_1_490' title='bbox 2035 3675 2172 3726; x_wconf 86' lang='lat' dir='ltr'><strong>Deus</strong></span> <span class='ocrx_word' id='word_1_491' title='bbox 2189 3672 2538 3741; x_wconf 86' lang='lat' dir='ltr'><strong>omnipotens,</strong></span> <span class='ocrx_word' id='word_1_492' title='bbox 2561 3673 2742 3726; x_wconf 88' lang='lat' dir='ltr'><strong>omnia</strong></span> <span class='ocrx_word' id='word_1_493' title='bbox 2762 3672 2820 3725; x_wconf 87' lang='lat' dir='ltr'><strong>in</strong></span> <span class='ocrx_word' id='word_1_494' title='bbox 2832 3675 3097 3741; x_wconf 86' lang='lat' dir='ltr'><strong>potestate</strong></span> <span class='ocrx_word' id='word_1_495' title='bbox 3124 3675 3219 3726; x_wconf 89' lang='lat' dir='ltr'><strong>tua</strong></span> <span class='ocrx_word' id='word_1_496' title='bbox 3240 3676 3389 3734; x_wconf 89' lang='lat' dir='ltr'><strong>sunt,</strong></span> <span class='ocrx_word' id='word_1_497' title='bbox 3413 3672 3589 3726; x_wconf 83' lang='lat' dir='ltr'><strong>dixit?</strong></span> 
     </span>
    </p>
   </div>
   <div class='ocr_carea' id='block_1_60' title="bbox 1952 3763 3651 3836">
    <p class='ocr_par' dir='ltr' id='par_1_60' title="bbox 1952 3763 3651 3836">
     <span class='ocr_line' id='line_1_60' title="bbox 1952 3763 3651 3836; baseline 0.001 -17"><span class='ocrx_word' id='word_1_498' title='bbox 1952 3763 2007 3819; x_wconf 90' lang='lat' dir='ltr'><strong>Si</strong></span> <span class='ocrx_word' id='word_1_499' title='bbox 2034 3763 2223 3819; x_wconf 80' lang='lat' dir='ltr'><strong>unitas</strong></span> <span class='ocrx_word' id='word_1_500' title='bbox 2247 3781 2363 3818; x_wconf 91' lang='lat' dir='ltr'><strong>non</strong></span> <span class='ocrx_word' id='word_1_501' title='bbox 2406 3768 2509 3833; x_wconf 90' lang='lat' dir='ltr'><strong>est,</strong></span> <span class='ocrx_word' id='word_1_502' title='bbox 2559 3780 2735 3835; x_wconf 86' lang='lat' dir='ltr'><strong>quare</strong></span> <span class='ocrx_word' id='word_1_503' title='bbox 2773 3767 2833 3819; x_wconf 87' lang='lat' dir='ltr'><strong>in</strong></span> <span class='ocrx_word' id='word_1_504' title='bbox 2875 3769 2970 3820; x_wconf 88' lang='lat' dir='ltr'><strong>tua</strong></span> <span class='ocrx_word' id='word_1_505' title='bbox 3018 3764 3225 3836; x_wconf 87' lang='lat' dir='ltr'><strong>posuit,</strong></span> <span class='ocrx_word' id='word_1_506' title='bbox 3270 3768 3327 3820; x_wconf 91' lang='lat' dir='ltr'><strong>et</strong></span> <span class='ocrx_word' id='word_1_507' title='bbox 3367 3782 3484 3820; x_wconf 89' lang='lat' dir='ltr'><strong>non</strong></span> <span class='ocrx_word' id='word_1_508' title='bbox 3524 3765 3588 3821; x_wconf 91' lang='lat' dir='ltr'><strong>in</strong></span> <span class='ocrx_word' id='word_1_509' title='bbox 3647 3763 3651 3766; x_wconf 67' lang='grc'><em>’</em></span> 
     </span>
    </p>
   </div>
   <div class='ocr_carea' id='block_1_61' title="bbox 217 3854 3586 3969">
    <p class='ocr_par' dir='ltr' id='par_1_61' title="bbox 217 3854 3586 3969">
     <span class='ocr_line' id='line_1_61' title="bbox 217 3854 3586 3969; baseline 0.002 -60"><span class='ocrx_word' id='word_1_510' title='bbox 217 3855 340 3922; x_wconf 83' lang='lat' dir='ltr'><strong>fecit</strong></span> <span class='ocrx_word' id='word_1_511' title='bbox 367 3860 525 3919; x_wconf 89' lang='lat' dir='ltr'><strong>Deus,</strong></span> <span class='ocrx_word' id='word_1_512' title='bbox 546 3860 597 3910; x_wconf 89' lang='lat' dir='ltr'><strong>et</strong></span> <span class='ocrx_word' id='word_1_513' title='bbox 617 3856 888 3910; x_wconf 60' lang='lat' dir='ltr'><strong>benedixit</strong></span> <span class='ocrx_word' id='word_1_514' title='bbox 905 3860 1043 3911; x_wconf 88' lang='lat' dir='ltr'><strong>Deus</strong></span> <span class='ocrx_word' id='word_1_515' title='bbox 1072 3856 1278 3927; x_wconf 85' lang='lat' dir='ltr'><strong>(Genes.</strong></span> <span class='ocrx_word' id='word_1_516' title='bbox 1308 3858 1384 3928; x_wconf 89' lang='lat'><strong>1)?</strong></span> <span class='ocrx_word' id='word_1_517' title='bbox 1408 3856 1464 3911; x_wconf 90' lang='lat' dir='ltr'><strong>Si</strong></span> <span class='ocrx_word' id='word_1_518' title='bbox 1499 3872 1631 3910; x_wconf 87' lang='lat' dir='ltr'><strong>vero</strong></span> <span class='ocrx_word' id='word_1_519' title='bbox 1664 3854 1851 3909; x_wconf 82' lang='lat' dir='ltr'><strong>unitas</strong></span> <span class='ocrx_word' id='word_1_520' title='bbox 1871 3893 1927 3969; x_wconf 68' lang='grc' dir='ltr'>Ο</span> <span class='ocrx_word' id='word_1_521' title='bbox 1950 3859 2153 3926; x_wconf 88' lang='lat' dir='ltr'><strong>vestra,</strong></span> <span class='ocrx_word' id='word_1_522' title='bbox 2209 3857 2492 3929; x_wconf 85' lang='lat' dir='ltr'><strong>signavit?</strong></span> <span class='ocrx_word' id='word_1_523' title='bbox 2544 3857 2603 3912; x_wconf 90' lang='lat' dir='ltr'><strong>Si</strong></span> <span class='ocrx_word' id='word_1_524' title='bbox 2652 3857 2894 3913; x_wconf 89' lang='lat' dir='ltr'><strong>Trinitas</strong></span> <span class='ocrx_word' id='word_1_525' title='bbox 2937 3876 3053 3914; x_wconf 91' lang='lat' dir='ltr'><strong>non</strong></span> <span class='ocrx_word' id='word_1_526' title='bbox 3104 3864 3208 3929; x_wconf 87' lang='lat' dir='ltr'><strong>est,</strong></span> <span class='ocrx_word' id='word_1_527' title='bbox 3262 3876 3364 3913; x_wconf 92' lang='lat' dir='ltr'><strong>cur</strong></span> <span class='ocrx_word' id='word_1_528' title='bbox 3412 3859 3586 3915; x_wconf 84' lang='lat' dir='ltr'><strong>etiam</strong></span> 
     </span>
    </p>
   </div>
   <div class='ocr_carea' id='block_1_62' title="bbox 218 3948 1848 4021">
    <p class='ocr_par' dir='ltr' id='par_1_62' title="bbox 218 3948 1848 4021">
     <span class='ocr_line' id='line_1_62' title="bbox 218 3948 1848 4021; baseline 0 -19"><span class='ocrx_word' id='word_1_529' title='bbox 218 3965 327 4004; x_wconf 92' lang='lat' dir='ltr'><strong>non</strong></span> <span class='ocrx_word' id='word_1_530' title='bbox 357 3953 461 4019; x_wconf 88' lang='lat' dir='ltr'><strong>est,</strong></span> <span class='ocrx_word' id='word_1_531' title='bbox 491 3965 665 4021; x_wconf 91' lang='lat' dir='ltr'><strong>quare</strong></span> <span class='ocrx_word' id='word_1_532' title='bbox 696 3948 862 4004; x_wconf 86' lang='lat' dir='ltr'><strong>tertio</strong></span> <span class='ocrx_word' id='word_1_533' title='bbox 891 3949 1053 4020; x_wconf 81' lang='lat' dir='ltr'><strong>dixit,</strong></span> <span class='ocrx_word' id='word_1_534' title='bbox 1085 3952 1250 4020; x_wconf 90' lang='lat' dir='ltr'><strong>Deus,</strong></span> <span class='ocrx_word' id='word_1_535' title='bbox 1274 3954 1331 4005; x_wconf 91' lang='lat' dir='ltr'><strong>et</strong></span> <span class='ocrx_word' id='word_1_536' title='bbox 1356 3967 1469 4004; x_wconf 89' lang='lat' dir='ltr'><strong>non</strong></span> <span class='ocrx_word' id='word_1_537' title='bbox 1495 3949 1627 4004; x_wconf 90' lang='lat' dir='ltr'><strong>deos</strong></span> <span class='ocrx_word' id='word_1_538' title='bbox 1654 3949 1848 4020; x_wconf 88' lang='lat' dir='ltr'><strong>plura-</strong></span> 
     </span>
    </p>
   </div>
   <div class='ocr_carea' id='block_1_63' title="bbox 217 4042 1850 4115">
    <p class='ocr_par' dir='ltr' id='par_1_63' title="bbox 217 4042 1850 4115">
     <span class='ocr_line' id='line_1_63' title="bbox 217 4042 1850 4115; baseline 0.001 -19"><span class='ocrx_word' id='word_1_539' title='bbox 217 4042 342 4098; x_wconf 87' lang='lat' dir='ltr'><strong>liter</strong></span> <span class='ocrx_word' id='word_1_540' title='bbox 366 4043 819 4099; x_wconf 88' lang='lat' dir='ltr'><strong>commendavit?</strong></span> <span class='ocrx_word' id='word_1_541' title='bbox 849 4045 917 4098; x_wconf 86' lang='lat' dir='ltr'><strong>Et</strong></span> <span class='ocrx_word' id='word_1_542' title='bbox 952 4043 999 4097; x_wconf 89' lang='lat' dir='ltr'><strong>si</strong></span> <span class='ocrx_word' id='word_1_543' title='bbox 1031 4043 1272 4099; x_wconf 86' lang='lat' dir='ltr'><strong>Trinitas</strong></span> <span class='ocrx_word' id='word_1_544' title='bbox 1299 4061 1414 4098; x_wconf 92' lang='lat' dir='ltr'><strong>non</strong></span> <span class='ocrx_word' id='word_1_545' title='bbox 1443 4048 1545 4113; x_wconf 87' lang='lat' dir='ltr'><strong>est,</strong></span> <span class='ocrx_word' id='word_1_546' title='bbox 1585 4059 1762 4115; x_wconf 89' lang='lat' dir='ltr'><strong>quare</strong></span> <span class='ocrx_word' id='word_1_547' title='bbox 1791 4043 1850 4097; x_wconf 90' lang='lat' dir='ltr'><strong>in</strong></span> 
     </span>
    </p>
   </div>
   <div class='ocr_carea' id='block_1_64' title="bbox 220 4137 1845 4201">
    <p class='ocr_par' dir='ltr' id='par_1_64' title="bbox 220 4137 1845 4201">
     <span class='ocr_line' id='line_1_64' title="bbox 220 4137 1845 4201; baseline 0.001 -10"><span class='ocrx_word' id='word_1_548' title='bbox 220 4137 402 4192; x_wconf 80' lang='lat' dir='ltr'><strong>Exodo</strong></span> <span class='ocrx_word' id='word_1_549' title='bbox 427 4138 647 4193; x_wconf 89' lang='lat' dir='ltr'><strong>dictum</strong></span> <span class='ocrx_word' id='word_1_550' title='bbox 686 4142 769 4193; x_wconf 88' lang='lat' dir='ltr'><strong>est</strong></span> <span class='ocrx_word' id='word_1_551' title='bbox 794 4137 961 4191; x_wconf 89' lang='lat' dir='ltr'><strong>tertio</strong></span> <span class='ocrx_word' id='word_1_552' title='bbox 990 4154 1005 4192; x_wconf 88' lang='lat'><strong>:</strong></span> <span class='ocrx_word' id='word_1_553' title='bbox 1054 4141 1291 4201; x_wconf 90' lang='lat' dir='ltr'><strong>Domine,</strong></span> <span class='ocrx_word' id='word_1_554' title='bbox 1340 4139 1572 4201; x_wconf 86' lang='lat' dir='ltr'><strong>domine,</strong></span> <span class='ocrx_word' id='word_1_555' title='bbox 1616 4138 1845 4201; x_wconf 86' lang='lat' dir='ltr'><strong>domine,</strong></span> 
     </span>
    </p>
   </div>
   <div class='ocr_carea' id='block_1_65' title="bbox 219 4230 1848 4304">
    <p class='ocr_par' dir='ltr' id='par_1_65' title="bbox 219 4230 1848 4304">
     <span class='ocr_line' id='line_1_65' title="bbox 219 4230 1848 4304; baseline -0.001 -18"><span class='ocrx_word' id='word_1_556' title='bbox 219 4233 499 4287; x_wconf 84' lang='lat' dir='ltr'><strong>miserator</strong></span> <span class='ocrx_word' id='word_1_557' title='bbox 523 4236 574 4287; x_wconf 88' lang='lat' dir='ltr'><strong>et</strong></span> <span class='ocrx_word' id='word_1_558' title='bbox 601 4233 900 4287; x_wconf 86' lang='lat' dir='ltr'><strong>misericors</strong></span> <span class='ocrx_word' id='word_1_559' title='bbox 944 4232 1139 4304; x_wconf 68' lang='lat' dir='ltr'><strong>(Exod.</strong></span> <span class='ocrx_word' id='word_1_560' title='bbox 1170 4232 1385 4302; x_wconf 70' lang='lat' dir='ltr'><strong>xxxrv)?</strong></span> <span class='ocrx_word' id='word_1_561' title='bbox 1429 4232 1486 4287; x_wconf 93' lang='lat' dir='ltr'><strong>Si</strong></span> <span class='ocrx_word' id='word_1_562' title='bbox 1514 4230 1701 4286; x_wconf 90' lang='lat' dir='ltr'><strong>unitas</strong></span> <span class='ocrx_word' id='word_1_563' title='bbox 1728 4247 1848 4286; x_wconf 90' lang='lat' dir='ltr'><strong>non</strong></span> 
     </span>
    </p>
   </div>
   <div class='ocr_carea' id='block_1_66' title="bbox 221 4324 1845 4398">
    <p class='ocr_par' dir='ltr' id='par_1_66' title="bbox 221 4324 1845 4398">
     <span class='ocr_line' id='line_1_66' title="bbox 221 4324 1845 4398; baseline 0.001 -21"><span class='ocrx_word' id='word_1_564' title='bbox 221 4329 318 4392; x_wconf 89' lang='lat' dir='ltr'><strong>est,</strong></span> <span class='ocrx_word' id='word_1_565' title='bbox 344 4342 521 4397; x_wconf 92' lang='lat' dir='ltr'><strong>quare</strong></span> <span class='ocrx_word' id='word_1_566' title='bbox 548 4325 686 4380; x_wconf 90' lang='lat' dir='ltr'><strong>dum</strong></span> <span class='ocrx_word' id='word_1_567' title='bbox 713 4325 880 4381; x_wconf 90' lang='lat' dir='ltr'><strong>tertio</strong></span> <span class='ocrx_word' id='word_1_568' title='bbox 911 4324 1139 4394; x_wconf 89' lang='lat' dir='ltr'><strong>diceret,</strong></span> <span class='ocrx_word' id='word_1_569' title='bbox 1164 4326 1425 4395; x_wconf 91' lang='lat' dir='ltr'><strong>Domine,</strong></span> <span class='ocrx_word' id='word_1_570' title='bbox 1449 4330 1643 4398; x_wconf 88' lang='lat' dir='ltr'><strong>postea</strong></span> <span class='ocrx_word' id='word_1_571' title='bbox 1667 4325 1845 4379; x_wconf 89' lang='lat' dir='ltr'><strong>mise-</strong></span> 
     </span>
    </p>
   </div>
   <div class='ocr_carea' id='block_1_67' title="bbox 220 4401 1846 4496">
    <p class='ocr_par' dir='ltr' id='par_1_67' title="bbox 220 4423 1846 4496">
     <span class='ocr_line' id='line_1_67' title="bbox 220 4423 1846 4496; baseline 0.002 -20"><span class='ocrx_word' id='word_1_572' title='bbox 220 4426 371 4478; x_wconf 87' lang='lat' dir='ltr'><strong>rator</strong></span> <span class='ocrx_word' id='word_1_573' title='bbox 393 4424 759 4495; x_wconf 87' lang='lat' dir='ltr'><strong>singulariter</strong></span> <span class='ocrx_word' id='word_1_574' title='bbox 778 4423 941 4493; x_wconf 82' lang='lat' dir='ltr'><strong>dixit,</strong></span> <span class='ocrx_word' id='word_1_575' title='bbox 964 4427 1022 4479; x_wconf 89' lang='lat' dir='ltr'><strong>et</strong></span> <span class='ocrx_word' id='word_1_576' title='bbox 1043 4442 1160 4479; x_wconf 91' lang='lat' dir='ltr'><strong>non</strong></span> <span class='ocrx_word' id='word_1_577' title='bbox 1179 4425 1556 4494; x_wconf 86' lang='lat' dir='ltr'><strong>miseratores,</strong></span> <span class='ocrx_word' id='word_1_578' title='bbox 1574 4428 1640 4479; x_wconf 89' lang='lat' dir='ltr'><strong>ut</strong></span> <span class='ocrx_word' id='word_1_579' title='bbox 1656 4424 1846 4496; x_wconf 90' lang='lat' dir='ltr'><strong>plures</strong></span> 
     </span>
    </p>
   </div>
   <div class='ocr_carea' id='block_1_68' title="bbox 221 4516 1851 4588">
    <p class='ocr_par' dir='ltr' id='par_1_68' title="bbox 221 4516 1851 4588">
     <span class='ocr_line' id='line_1_68' title="bbox 221 4516 1851 4588; baseline 0.001 -18"><span class='ocrx_word' id='word_1_580' title='bbox 221 4518 552 4588; x_wconf 87' lang='lat' dir='ltr'><strong>ostenderet,</strong></span> <span class='ocrx_word' id='word_1_581' title='bbox 583 4516 907 4573; x_wconf 87' lang='lat' dir='ltr'><strong>intimavit?</strong></span> <span class='ocrx_word' id='word_1_582' title='bbox 932 4518 987 4573; x_wconf 92' lang='lat' dir='ltr'><strong>Si</strong></span> <span class='ocrx_word' id='word_1_583' title='bbox 1002 4518 1244 4574; x_wconf 89' lang='lat' dir='ltr'><strong>Trinitas</strong></span> <span class='ocrx_word' id='word_1_584' title='bbox 1269 4536 1388 4577; x_wconf 91' lang='lat' dir='ltr'><strong>non</strong></span> <span class='ocrx_word' id='word_1_585' title='bbox 1414 4524 1516 4586; x_wconf 88' lang='lat' dir='ltr'><strong>est,</strong></span> <span class='ocrx_word' id='word_1_586' title='bbox 1551 4534 1654 4573; x_wconf 89' lang='lat' dir='ltr'><strong>cur</strong></span> <span class='ocrx_word' id='word_1_587' title='bbox 1680 4517 1851 4572; x_wconf 89' lang='lat' dir='ltr'><strong>Abra-</strong></span> 
     </span>
    </p>
   </div>
   <div class='ocr_carea' id='block_1_69' title="bbox 220 4609 1846 4685">
    <p class='ocr_par' dir='ltr' id='par_1_69' title="bbox 220 4609 1846 4685">
     <span class='ocr_line' id='line_1_69' title="bbox 220 4609 1846 4685; baseline 0.001 -21"><span class='ocrx_word' id='word_1_588' title='bbox 220 4609 352 4666; x_wconf 87' lang='lat' dir='ltr'><strong>ham</strong></span> <span class='ocrx_word' id='word_1_589' title='bbox 374 4612 443 4667; x_wconf 93' lang='lat' dir='ltr'><strong>ad</strong></span> <span class='ocrx_word' id='word_1_590' title='bbox 472 4612 656 4667; x_wconf 90' lang='lat' dir='ltr'><strong>ilicem</strong></span> <span class='ocrx_word' id='word_1_591' title='bbox 682 4612 929 4668; x_wconf 83' lang='lat' dir='ltr'><strong>Mambre</strong></span> <span class='ocrx_word' id='word_1_592' title='bbox 949 4613 1170 4683; x_wconf 88' lang='lat' dir='ltr'><strong>sedens,</strong></span> <span class='ocrx_word' id='word_1_593' title='bbox 1191 4612 1483 4685; x_wconf 88' lang='lat' dir='ltr'><strong>tribusque</strong></span> <span class='ocrx_word' id='word_1_594' title='bbox 1526 4628 1846 4681; x_wconf 90' lang='lat' dir='ltr'><strong>occurrens,</strong></span> 
     </span>
    </p>
   </div>
   <div class='ocr_carea' id='block_1_70' title="bbox 220 4704 1848 4779">
    <p class='ocr_par' dir='ltr' id='par_1_70' title="bbox 220 4704 1848 4779">
     <span class='ocr_line' id='line_1_70' title="bbox 220 4704 1848 4779; baseline 0.001 -20"><span class='ocrx_word' id='word_1_595' title='bbox 220 4705 317 4759; x_wconf 90' lang='lat' dir='ltr'><strong>uni</strong></span> <span class='ocrx_word' id='word_1_596' title='bbox 345 4707 574 4770; x_wconf 88' lang='lat' dir='ltr'><strong>domine,</strong></span> <span class='ocrx_word' id='word_1_597' title='bbox 605 4706 747 4761; x_wconf 89' lang='lat' dir='ltr'><strong>dixit</strong></span> <span class='ocrx_word' id='word_1_598' title='bbox 781 4706 983 4777; x_wconf 87' lang='lat' dir='ltr'><strong>(Genes.</strong></span> <span class='ocrx_word' id='word_1_599' title='bbox 1014 4706 1201 4779; x_wconf 83' lang='lat' dir='ltr'><strong>xvm);</strong></span> <span class='ocrx_word' id='word_1_600' title='bbox 1242 4713 1298 4761; x_wconf 92' lang='lat' dir='ltr'><strong>et</strong></span> <span class='ocrx_word' id='word_1_601' title='bbox 1330 4724 1446 4762; x_wconf 92' lang='lat' dir='ltr'><strong>non</strong></span> <span class='ocrx_word' id='word_1_602' title='bbox 1486 4704 1569 4777; x_wconf 91' lang='lat' dir='ltr'><strong>(ut</strong></span> <span class='ocrx_word' id='word_1_603' title='bbox 1613 4705 1848 4776; x_wconf 88' lang='lat' dir='ltr'><strong>viderat)</strong></span> 
     </span>
    </p>
   </div>
   <div class='ocr_carea' id='block_1_71' title="bbox 220 4803 1850 4877">
    <p class='ocr_par' dir='ltr' id='par_1_71' title="bbox 220 4803 1850 4877">
     <span class='ocr_line' id='line_1_71' title="bbox 220 4803 1850 4877; baseline 0.001 -20"><span class='ocrx_word' id='word_1_604' title='bbox 220 4803 395 4859; x_wconf 86' lang='lat' dir='ltr'><strong>tribus</strong></span> <span class='ocrx_word' id='word_1_605' title='bbox 414 4805 764 4860; x_wconf 88' lang='lat' dir='ltr'><strong>salutationis</strong></span> <span class='ocrx_word' id='word_1_606' title='bbox 784 4805 1117 4877; x_wconf 88' lang='lat' dir='ltr'><strong>obsequium</strong></span> <span class='ocrx_word' id='word_1_607' title='bbox 1139 4805 1424 4861; x_wconf 82' lang='lat' dir='ltr'><strong>reddidit?</strong></span> <span class='ocrx_word' id='word_1_608' title='bbox 1450 4805 1505 4861; x_wconf 89' lang='lat' dir='ltr'><strong>Si</strong></span> <span class='ocrx_word' id='word_1_609' title='bbox 1523 4805 1711 4860; x_wconf 88' lang='lat' dir='ltr'><strong>unitas</strong></span> <span class='ocrx_word' id='word_1_610' title='bbox 1732 4820 1850 4859; x_wconf 92' lang='lat' dir='ltr'><strong>non</strong></span> 
     </span>
    </p>
   </div>
   <div class='ocr_carea' id='block_1_72' title="bbox 222 4895 1849 4968">
    <p class='ocr_par' dir='ltr' id='par_1_72' title="bbox 222 4895 1849 4968">
     <span class='ocr_line' id='line_1_72' title="bbox 222 4895 1849 4968; baseline 0.001 -21"><span class='ocrx_word' id='word_1_611' title='bbox 222 4895 320 4960; x_wconf 84' lang='lat' dir='ltr'><strong>est,</strong></span> <span class='ocrx_word' id='word_1_612' title='bbox 363 4911 537 4966; x_wconf 88' lang='lat' dir='ltr'><strong>quare</strong></span> <span class='ocrx_word' id='word_1_613' title='bbox 585 4913 718 4951; x_wconf 88' lang='lat' dir='ltr'><strong>cum</strong></span> <span class='ocrx_word' id='word_1_614' title='bbox 766 4896 902 4951; x_wconf 84' lang='lat' dir='ltr'><strong>Mos.</strong></span> <span class='ocrx_word' id='word_1_615' title='bbox 926 4896 1119 4966; x_wconf 65' lang='lat' dir='ltr'><strong>(Ea-od.</strong></span> <span class='ocrx_word' id='word_1_616' title='bbox 1153 4896 1253 4968; x_wconf 90' lang='grc'>111),</span> <span class='ocrx_word' id='word_1_617' title='bbox 1286 4899 1423 4951; x_wconf 90' lang='lat' dir='ltr'><strong>Deus</strong></span> <span class='ocrx_word' id='word_1_618' title='bbox 1459 4896 1760 4958; x_wconf 84' lang='lat' dir='ltr'><strong>Abraham,</strong></span> <span class='ocrx_word' id='word_1_619' title='bbox 1799 4898 1849 4949; x_wconf 89' lang='lat' dir='ltr'><strong>et</strong></span> 
     </span>
    </p>
   </div>
   <div class='ocr_carea' id='block_1_73' title="bbox 221 4988 1849 5058">
    <p class='ocr_par' dir='ltr' id='par_1_73' title="bbox 221 4988 1849 5058">
     <span class='ocr_line' id='line_1_73' title="bbox 221 4988 1849 5058; baseline 0.001 -17"><span class='ocrx_word' id='word_1_620' title='bbox 221 4988 351 5043; x_wconf 87' lang='lat' dir='ltr'><strong>Deus</strong></span> <span class='ocrx_word' id='word_1_621' title='bbox 384 4991 561 5054; x_wconf 89' lang='lat' dir='ltr'><strong>Isaac,</strong></span> <span class='ocrx_word' id='word_1_622' title='bbox 593 4996 643 5045; x_wconf 88' lang='lat' dir='ltr'><strong>et</strong></span> <span class='ocrx_word' id='word_1_623' title='bbox 685 4994 822 5046; x_wconf 88' lang='lat' dir='ltr'><strong>Deus</strong></span> <span class='ocrx_word' id='word_1_624' title='bbox 863 4991 1048 5054; x_wconf 87' lang='lat' dir='ltr'><strong>Iacob,</strong></span> <span class='ocrx_word' id='word_1_625' title='bbox 1092 4989 1258 5045; x_wconf 84' lang='lat' dir='ltr'><strong>tertio</strong></span> <span class='ocrx_word' id='word_1_626' title='bbox 1295 4990 1523 5058; x_wconf 88' lang='lat' dir='ltr'><strong>diceret,</strong></span> <span class='ocrx_word' id='word_1_627' title='bbox 1568 4989 1849 5044; x_wconf 79' lang='lat' dir='ltr'><strong>unitatem</strong></span> 
     </span>
    </p>
   </div>
   <div class='ocr_carea' id='block_1_74' title="bbox 223 5084 1848 5155">
    <p class='ocr_par' dir='ltr' id='par_1_74' title="bbox 223 5084 1848 5155">
     <span class='ocr_line' id='line_1_74' title="bbox 223 5084 1848 5155; baseline 0.002 -21"><span class='ocrx_word' id='word_1_628' title='bbox 223 5084 533 5155; x_wconf 89' lang='lat' dir='ltr'><strong>ostendens,</strong></span> <span class='ocrx_word' id='word_1_629' title='bbox 564 5086 675 5151; x_wconf 85' lang='lat' dir='ltr'><strong>Hoc</strong></span> <span class='ocrx_word' id='word_1_630' title='bbox 698 5085 835 5139; x_wconf 88' lang='lat' dir='ltr'><strong>mihi</strong></span> <span class='ocrx_word' id='word_1_631' title='bbox 862 5100 1057 5139; x_wconf 89' lang='lat' dir='ltr'><strong>nomen</strong></span> <span class='ocrx_word' id='word_1_632' title='bbox 1082 5089 1178 5149; x_wconf 89' lang='lat' dir='ltr'><strong>est,</strong></span> <span class='ocrx_word' id='word_1_633' title='bbox 1219 5084 1390 5153; x_wconf 82' lang='lat' dir='ltr'><strong>dixit;</strong></span> <span class='ocrx_word' id='word_1_634' title='bbox 1444 5088 1500 5138; x_wconf 91' lang='lat' dir='ltr'><strong>et</strong></span> <span class='ocrx_word' id='word_1_635' title='bbox 1536 5099 1676 5153; x_wconf 92' lang='lat' dir='ltr'><strong>non,</strong></span> <span class='ocrx_word' id='word_1_636' title='bbox 1722 5084 1848 5137; x_wconf 79' lang='lat' dir='ltr'><strong>Haec</strong></span> 
     </span>
    </p>
   </div>
   <div class='ocr_carea' id='block_1_75' title="bbox 224 5176 1845 5250">
    <p class='ocr_par' dir='ltr' id='par_1_75' title="bbox 224 5176 1845 5250">
     <span class='ocr_line' id='line_1_75' title="bbox 224 5176 1845 5250; baseline 0.001 -21"><span class='ocrx_word' id='word_1_637' title='bbox 224 5181 349 5232; x_wconf 91' lang='lat' dir='ltr'><strong>sunt</strong></span> <span class='ocrx_word' id='word_1_638' title='bbox 372 5183 563 5232; x_wconf 90' lang='lat' dir='ltr'><strong>nostra</strong></span> <span class='ocrx_word' id='word_1_639' title='bbox 590 5178 843 5249; x_wconf 89' lang='lat' dir='ltr'><strong>nomina,</strong></span> <span class='ocrx_word' id='word_1_640' title='bbox 867 5178 1220 5250; x_wconf 88' lang='lat' dir='ltr'><strong>designavit?</strong></span> <span class='ocrx_word' id='word_1_641' title='bbox 1248 5177 1304 5233; x_wconf 94' lang='lat' dir='ltr'><strong>Si</strong></span> <span class='ocrx_word' id='word_1_642' title='bbox 1331 5176 1573 5232; x_wconf 89' lang='lat' dir='ltr'><strong>Trinitas</strong></span> <span class='ocrx_word' id='word_1_643' title='bbox 1598 5193 1713 5231; x_wconf 90' lang='lat' dir='ltr'><strong>non</strong></span> <span class='ocrx_word' id='word_1_644' title='bbox 1741 5179 1845 5247; x_wconf 91' lang='lat' dir='ltr'><strong>est,</strong></span> 
     </span>
    </p>
   </div>
   <div class='ocr_carea' id='block_1_76' title="bbox 224 5271 1850 5341">
    <p class='ocr_par' dir='ltr' id='par_1_76' title="bbox 224 5271 1850 5341">
     <span class='ocr_line' id='line_1_76' title="bbox 224 5271 1850 5341; baseline 0.001 -18"><span class='ocrx_word' id='word_1_645' title='bbox 224 5285 390 5341; x_wconf 90' lang='lat' dir='ltr'><strong>quare</strong></span> <span class='ocrx_word' id='word_1_646' title='bbox 416 5272 583 5327; x_wconf 85' lang='lat' dir='ltr'><strong>David</strong></span> <span class='ocrx_word' id='word_1_647' title='bbox 614 5271 780 5328; x_wconf 88' lang='lat' dir='ltr'><strong>tertio</strong></span> <span class='ocrx_word' id='word_1_648' title='bbox 805 5272 947 5328; x_wconf 86' lang='lat' dir='ltr'><strong>dixit</strong></span> <span class='ocrx_word' id='word_1_649' title='bbox 991 5290 1004 5327; x_wconf 90' lang='lat'><strong>:</strong></span> <span class='ocrx_word' id='word_1_650' title='bbox 1044 5273 1329 5329; x_wconf 84' lang='lat' dir='ltr'><strong>Benedicat</strong></span> <span class='ocrx_word' id='word_1_651' title='bbox 1362 5287 1457 5326; x_wconf 88' lang='lat' dir='ltr'><strong>nos</strong></span> <span class='ocrx_word' id='word_1_652' title='bbox 1502 5274 1660 5335; x_wconf 90' lang='lat' dir='ltr'><strong>Deus,</strong></span> <span class='ocrx_word' id='word_1_653' title='bbox 1712 5275 1850 5326; x_wconf 90' lang='lat' dir='ltr'><strong>Deus</strong></span> 
     </span>
    </p>
   </div>
   <div class='ocr_carea' id='block_1_77' title="bbox 224 5364 1849 5437">
    <p class='ocr_par' dir='ltr' id='par_1_77' title="bbox 224 5364 1849 5437">
     <span class='ocr_line' id='line_1_77' title="bbox 224 5364 1849 5437; baseline -0.001 -19"><span class='ocrx_word' id='word_1_654' title='bbox 224 5369 413 5431; x_wconf 85' lang='lat' dir='ltr'><strong>noster,</strong></span> <span class='ocrx_word' id='word_1_655' title='bbox 444 5367 718 5422; x_wconf 87' lang='lat' dir='ltr'><strong>benedicat</strong></span> <span class='ocrx_word' id='word_1_656' title='bbox 758 5382 852 5422; x_wconf 88' lang='lat' dir='ltr'><strong>nos</strong></span> <span class='ocrx_word' id='word_1_657' title='bbox 892 5370 1030 5423; x_wconf 89' lang='lat' dir='ltr'><strong>Deus</strong></span> <span class='ocrx_word' id='word_1_658' title='bbox 1074 5366 1292 5437; x_wconf 88' lang='lat' dir='ltr'><strong>(Psalm.</strong></span> <span class='ocrx_word' id='word_1_659' title='bbox 1342 5365 1526 5436; x_wconf 74' lang='lat' dir='ltr'><strong>xcvx)?</strong></span> <span class='ocrx_word' id='word_1_660' title='bbox 1563 5365 1620 5421; x_wconf 91' lang='lat' dir='ltr'><strong>Si</strong></span> <span class='ocrx_word' id='word_1_661' title='bbox 1660 5364 1849 5419; x_wconf 89' lang='lat' dir='ltr'><strong>unitas</strong></span> 
     </span>
    </p>
   </div>
   <div class='ocr_carea' id='block_1_78' title="bbox 225 5459 1845 5533">
    <p class='ocr_par' dir='ltr' id='par_1_78' title="bbox 225 5459 1845 5533">
     <span class='ocr_line' id='line_1_78' title="bbox 225 5459 1845 5533; baseline 0.002 -22"><span class='ocrx_word' id='word_1_662' title='bbox 225 5472 335 5512; x_wconf 90' lang='lat' dir='ltr'><strong>non</strong></span> <span class='ocrx_word' id='word_1_663' title='bbox 359 5464 459 5528; x_wconf 91' lang='lat' dir='ltr'><strong>est,</strong></span> <span class='ocrx_word' id='word_1_664' title='bbox 501 5477 676 5533; x_wconf 90' lang='lat' dir='ltr'><strong>quare</strong></span> <span class='ocrx_word' id='word_1_665' title='bbox 712 5477 867 5530; x_wconf 84' lang='lat' dir='ltr'><strong>cum,</strong></span> <span class='ocrx_word' id='word_1_666' title='bbox 905 5464 1045 5517; x_wconf 87' lang='lat' dir='ltr'><strong>Deus</strong></span> <span class='ocrx_word' id='word_1_667' title='bbox 1095 5461 1261 5516; x_wconf 90' lang='lat' dir='ltr'><strong>tertio</strong></span> <span class='ocrx_word' id='word_1_668' title='bbox 1288 5459 1656 5529; x_wconf 88' lang='lat' dir='ltr'><strong>nominasset,</strong></span> <span class='ocrx_word' id='word_1_669' title='bbox 1691 5460 1845 5515; x_wconf 89' lang='lat' dir='ltr'><strong>bene-</strong></span> 
     </span>
    </p>
   </div>
   <div class='ocr_carea' id='block_1_79' title="bbox 226 5550 1849 5626">
    <p class='ocr_par' dir='ltr' id='par_1_79' title="bbox 226 5550 1849 5626">
     <span class='ocr_line' id='line_1_79' title="bbox 226 5550 1849 5626; baseline 0.001 -21"><span class='ocrx_word' id='word_1_670' title='bbox 226 5550 385 5618; x_wconf 84' lang='lat' dir='ltr'><strong>dicat,</strong></span> <span class='ocrx_word' id='word_1_671' title='bbox 414 5559 471 5609; x_wconf 90' lang='lat' dir='ltr'><strong>et</strong></span> <span class='ocrx_word' id='word_1_672' title='bbox 494 5570 632 5625; x_wconf 91' lang='lat' dir='ltr'><strong>non,</strong></span> <span class='ocrx_word' id='word_1_673' title='bbox 663 5554 1018 5625; x_wconf 90' lang='lat' dir='ltr'><strong>benedicant,</strong></span> <span class='ocrx_word' id='word_1_674' title='bbox 1048 5554 1307 5626; x_wconf 87' lang='lat' dir='ltr'><strong>adjunxit</strong></span> <span class='ocrx_word' id='word_1_675' title='bbox 1328 5556 1355 5609; x_wconf 90' lang='lat'><strong>?</strong></span> <span class='ocrx_word' id='word_1_676' title='bbox 1384 5554 1440 5610; x_wconf 92' lang='lat' dir='ltr'><strong>Si</strong></span> <span class='ocrx_word' id='word_1_677' title='bbox 1467 5552 1708 5610; x_wconf 88' lang='lat' dir='ltr'><strong>Trinitas</strong></span> <span class='ocrx_word' id='word_1_678' title='bbox 1733 5569 1849 5607; x_wconf 91' lang='lat' dir='ltr'><strong>non</strong></span> 
     </span>
    </p>
   </div>
   <div class='ocr_carea' id='block_1_80' title="bbox 229 5648 1847 5745">
    <p class='ocr_par' dir='ltr' id='par_1_80' title="bbox 229 5648 1847 5745">
     <span class='ocr_line' id='line_1_80' title="bbox 229 5648 1847 5745; baseline 0 -43"><span class='ocrx_word' id='word_1_679' title='bbox 229 5651 326 5721; x_wconf 87' lang='lat' dir='ltr'><strong>est,</strong></span> <span class='ocrx_word' id='word_1_680' title='bbox 365 5664 464 5705; x_wconf 90' lang='lat' dir='ltr'><strong>cur</strong></span> <span class='ocrx_word' id='word_1_681' title='bbox 488 5649 654 5745; x_wconf 69' lang='lat' dir='ltr'><strong>Isaias</strong></span> <span class='ocrx_word' id='word_1_682' title='bbox 696 5649 883 5705; x_wconf 90' lang='lat' dir='ltr'><strong>denuo</strong></span> <span class='ocrx_word' id='word_1_683' title='bbox 928 5649 1118 5706; x_wconf 85' lang='lat' dir='ltr'><strong>dixit:</strong></span> <span class='ocrx_word' id='word_1_684' title='bbox 1158 5652 1379 5706; x_wconf 87' lang='lat' dir='ltr'><strong>Domine</strong></span> <span class='ocrx_word' id='word_1_685' title='bbox 1422 5653 1560 5706; x_wconf 89' lang='lat' dir='ltr'><strong>Deus</strong></span> <span class='ocrx_word' id='word_1_686' title='bbox 1601 5648 1847 5713; x_wconf 86' lang='lat' dir='ltr'><strong>sabaoth,</strong></span> 
     </span>
    </p>
   </div>
   <div class='ocr_carea' id='block_1_81' title="bbox 1949 3951 3584 4017">
    <p class='ocr_par' dir='ltr' id='par_1_81' title="bbox 1949 3951 3584 4017">
     <span class='ocr_line' id='line_1_81' title="bbox 1949 3951 3584 4017; baseline 0.001 -11"><span class='ocrx_word' id='word_1_687' title='bbox 1949 3951 2144 4006; x_wconf 86' lang='lat' dir='ltr'><strong>Iudith</strong></span> <span class='ocrx_word' id='word_1_688' title='bbox 2172 3952 2386 4006; x_wconf 91' lang='lat' dir='ltr'><strong>orando</strong></span> <span class='ocrx_word' id='word_1_689' title='bbox 2415 3951 2561 4007; x_wconf 80' lang='lat' dir='ltr'><strong>dixit</strong></span> <span class='ocrx_word' id='word_1_690' title='bbox 2589 3968 2602 4006; x_wconf 91' lang='lat'><strong>:</strong></span> <span class='ocrx_word' id='word_1_691' title='bbox 2632 3956 2849 4008; x_wconf 88' lang='lat' dir='ltr'><strong>Domine</strong></span> <span class='ocrx_word' id='word_1_692' title='bbox 2871 3956 3010 4008; x_wconf 91' lang='lat' dir='ltr'><strong>Deus</strong></span> <span class='ocrx_word' id='word_1_693' title='bbox 3034 3955 3271 4009; x_wconf 87' lang='lat' dir='ltr'><strong>omnium</strong></span> <span class='ocrx_word' id='word_1_694' title='bbox 3296 3956 3584 4017; x_wconf 80' lang='lat' dir='ltr'><strong>virtutum,</strong></span> 
     </span>
    </p>
   </div>
   <div class='ocr_carea' id='block_1_82' title="bbox 1949 4047 3587 4120">
    <p class='ocr_par' dir='ltr' id='par_1_82' title="bbox 1949 4047 3587 4120">
     <span class='ocr_line' id='line_1_82' title="bbox 1949 4047 3587 4120; baseline 0 -19"><span class='ocrx_word' id='word_1_695' title='bbox 1949 4048 2147 4116; x_wconf 87' lang='lat' dir='ltr'><strong>respice</strong></span> <span class='ocrx_word' id='word_1_696' title='bbox 2186 4047 2245 4100; x_wconf 87' lang='lat' dir='ltr'><strong>in</strong></span> <span class='ocrx_word' id='word_1_697' title='bbox 2283 4049 2580 4101; x_wconf 88' lang='lat' dir='ltr'><strong>orationem</strong></span> <span class='ocrx_word' id='word_1_698' title='bbox 2627 4062 2803 4103; x_wconf 86' lang='lat' dir='ltr'><strong>meam</strong></span> <span class='ocrx_word' id='word_1_699' title='bbox 2862 4048 3087 4118; x_wconf 89' lang='lat' dir='ltr'><strong>(Iudith.</strong></span> <span class='ocrx_word' id='word_1_700' title='bbox 3137 4047 3248 4120; x_wconf 83' lang='lat' dir='ltr'><strong>1x)?</strong></span> <span class='ocrx_word' id='word_1_701' title='bbox 3291 4048 3348 4103; x_wconf 94' lang='lat' dir='ltr'><strong>Si</strong></span> <span class='ocrx_word' id='word_1_702' title='bbox 3398 4048 3587 4103; x_wconf 88' lang='lat' dir='ltr'><strong>unitas</strong></span> 
     </span>
    </p>
   </div>
   <div class='ocr_carea' id='block_1_83' title="bbox 1949 4141 3583 4213">
    <p class='ocr_par' dir='ltr' id='par_1_83' title="bbox 1949 4141 3583 4213">
     <span class='ocr_line' id='line_1_83' title="bbox 1949 4141 3583 4213; baseline 0.001 -18"><span class='ocrx_word' id='word_1_703' title='bbox 1949 4156 2066 4195; x_wconf 90' lang='lat' dir='ltr'><strong>non</strong></span> <span class='ocrx_word' id='word_1_704' title='bbox 2093 4144 2196 4207; x_wconf 91' lang='lat' dir='ltr'><strong>est,</strong></span> <span class='ocrx_word' id='word_1_705' title='bbox 2246 4156 2442 4211; x_wconf 90' lang='lat' dir='ltr'><strong>quare,</strong></span> <span class='ocrx_word' id='word_1_706' title='bbox 2493 4143 2713 4211; x_wconf 87' lang='lat' dir='ltr'><strong>respice,</strong></span> <span class='ocrx_word' id='word_1_707' title='bbox 2760 4141 2967 4212; x_wconf 90' lang='lat' dir='ltr'><strong>posuit,</strong></span> <span class='ocrx_word' id='word_1_708' title='bbox 3014 4146 3072 4196; x_wconf 93' lang='lat' dir='ltr'><strong>et</strong></span> <span class='ocrx_word' id='word_1_709' title='bbox 3116 4158 3253 4211; x_wconf 92' lang='lat' dir='ltr'><strong>non,</strong></span> <span class='ocrx_word' id='word_1_710' title='bbox 3300 4141 3583 4213; x_wconf 90' lang='lat' dir='ltr'><strong>respicite,</strong></span> 
     </span>
    </p>
   </div>
   <div class='ocr_carea' id='block_1_84' title="bbox 1949 4233 3587 4306">
    <p class='ocr_par' dir='ltr' id='par_1_84' title="bbox 1949 4233 3587 4306">
     <span class='ocr_line' id='line_1_84' title="bbox 1949 4233 3587 4306; baseline -0.001 -15"><span class='ocrx_word' id='word_1_711' title='bbox 1949 4234 2299 4306; x_wconf 84' lang='lat' dir='ltr'><strong>designavit?</strong></span> <span class='ocrx_word' id='word_1_712' title='bbox 2338 4234 2395 4289; x_wconf 89' lang='lat' dir='ltr'><strong>Si</strong></span> <span class='ocrx_word' id='word_1_713' title='bbox 2432 4233 2671 4288; x_wconf 90' lang='lat' dir='ltr'><strong>Trinitas</strong></span> <span class='ocrx_word' id='word_1_714' title='bbox 2711 4251 2828 4289; x_wconf 93' lang='lat' dir='ltr'><strong>non</strong></span> <span class='ocrx_word' id='word_1_715' title='bbox 2871 4239 2975 4304; x_wconf 89' lang='lat' dir='ltr'><strong>est,</strong></span> <span class='ocrx_word' id='word_1_716' title='bbox 3028 4251 3203 4306; x_wconf 91' lang='lat' dir='ltr'><strong>quare</strong></span> <span class='ocrx_word' id='word_1_717' title='bbox 3241 4235 3302 4289; x_wconf 90' lang='lat' dir='ltr'><strong>in</strong></span> <span class='ocrx_word' id='word_1_718' title='bbox 3345 4235 3587 4291; x_wconf 79' lang='lat' dir='ltr'><strong>Ieremia</strong></span> 
     </span>
    </p>
   </div>
   <div class='ocr_carea' id='block_1_85' title="bbox 1948 4328 3581 4399">
    <p class='ocr_par' dir='ltr' id='par_1_85' title="bbox 1948 4328 3581 4399">
     <span class='ocr_line' id='line_1_85' title="bbox 1948 4328 3581 4399; baseline 0.001 -16"><span class='ocrx_word' id='word_1_719' title='bbox 1948 4328 2173 4399; x_wconf 89' lang='lat' dir='ltr'><strong>dicitur,</strong></span> <span class='ocrx_word' id='word_1_720' title='bbox 2201 4330 2457 4383; x_wconf 87' lang='lat' dir='ltr'><strong>Dominus</strong></span> <span class='ocrx_word' id='word_1_721' title='bbox 2494 4332 2631 4384; x_wconf 91' lang='lat' dir='ltr'><strong>Deus</strong></span> <span class='ocrx_word' id='word_1_722' title='bbox 2666 4333 2839 4384; x_wconf 79' lang='lat' dir='ltr'><strong>vester</strong></span> <span class='ocrx_word' id='word_1_723' title='bbox 2874 4333 3011 4385; x_wconf 89' lang='lat' dir='ltr'><strong>Deus</strong></span> <span class='ocrx_word' id='word_1_724' title='bbox 3052 4345 3222 4384; x_wconf 71' lang='lat' dir='ltr'><strong>veras:</strong></span> <span class='ocrx_word' id='word_1_725' title='bbox 3248 4333 3327 4385; x_wconf 85' lang='lat' dir='ltr'><strong>est</strong></span> <span class='ocrx_word' id='word_1_726' title='bbox 3372 4330 3581 4399; x_wconf 86' lang='lat' dir='ltr'><strong>(Ierem.</strong></span> 
     </span>
    </p>
   </div>
   <div class='ocr_carea' id='block_1_86' title="bbox 1950 4421 3580 4495">
    <p class='ocr_par' dir='ltr' id='par_1_86' title="bbox 1950 4421 3580 4495">
     <span class='ocr_line' id='line_1_86' title="bbox 1950 4421 3580 4495; baseline 0.001 -18"><span class='ocrx_word' id='word_1_727' title='bbox 1950 4423 2040 4495; x_wconf 86' lang='lat' dir='ltr'><strong>x)?</strong></span> <span class='ocrx_word' id='word_1_728' title='bbox 2067 4423 2122 4478; x_wconf 92' lang='lat' dir='ltr'><strong>Si</strong></span> <span class='ocrx_word' id='word_1_729' title='bbox 2149 4421 2337 4478; x_wconf 87' lang='lat' dir='ltr'><strong>unitas</strong></span> <span class='ocrx_word' id='word_1_730' title='bbox 2364 4438 2480 4477; x_wconf 91' lang='lat' dir='ltr'><strong>non</strong></span> <span class='ocrx_word' id='word_1_731' title='bbox 2506 4427 2609 4491; x_wconf 90' lang='lat' dir='ltr'><strong>est,</strong></span> <span class='ocrx_word' id='word_1_732' title='bbox 2639 4439 2834 4494; x_wconf 91' lang='lat' dir='ltr'><strong>quare,</strong></span> <span class='ocrx_word' id='word_1_733' title='bbox 2857 4439 3025 4479; x_wconf 72' lang='lat' dir='ltr'><strong>verae:</strong></span> <span class='ocrx_word' id='word_1_734' title='bbox 3048 4427 3144 4487; x_wconf 90' lang='lat' dir='ltr'><strong>est,</strong></span> <span class='ocrx_word' id='word_1_735' title='bbox 3177 4423 3341 4491; x_wconf 86' lang='lat' dir='ltr'><strong>dixit,</strong></span> <span class='ocrx_word' id='word_1_736' title='bbox 3368 4429 3425 4478; x_wconf 90' lang='lat' dir='ltr'><strong>et</strong></span> <span class='ocrx_word' id='word_1_737' title='bbox 3444 4440 3580 4493; x_wconf 91' lang='lat' dir='ltr'><strong>non,</strong></span> 
     </span>
    </p>
   </div>
   <div class='ocr_carea' id='block_1_87' title="bbox 1949 4516 3585 4589">
    <p class='ocr_par' dir='ltr' id='par_1_87' title="bbox 1949 4516 3585 4589">
     <span class='ocr_line' id='line_1_87' title="bbox 1949 4516 3585 4589; baseline 0.001 -17"><span class='ocrx_word' id='word_1_738' title='bbox 1949 4532 2192 4586; x_wconf 88' lang='lat' dir='ltr'><strong>veraces,</strong></span> <span class='ocrx_word' id='word_1_739' title='bbox 2218 4517 2403 4588; x_wconf 90' lang='lat' dir='ltr'><strong>potius</strong></span> <span class='ocrx_word' id='word_1_740' title='bbox 2428 4516 2752 4571; x_wconf 89' lang='lat' dir='ltr'><strong>intimavit?</strong></span> <span class='ocrx_word' id='word_1_741' title='bbox 2781 4516 2838 4572; x_wconf 89' lang='lat' dir='ltr'><strong>Si</strong></span> <span class='ocrx_word' id='word_1_742' title='bbox 2868 4517 3109 4572; x_wconf 80' lang='lat' dir='ltr'><strong>Trinitas</strong></span> <span class='ocrx_word' id='word_1_743' title='bbox 3134 4533 3251 4572; x_wconf 91' lang='lat' dir='ltr'><strong>non</strong></span> <span class='ocrx_word' id='word_1_744' title='bbox 3276 4522 3379 4587; x_wconf 88' lang='lat' dir='ltr'><strong>est,</strong></span> <span class='ocrx_word' id='word_1_745' title='bbox 3408 4532 3585 4589; x_wconf 88' lang='lat' dir='ltr'><strong>quare</strong></span> 
     </span>
    </p>
   </div>
   <div class='ocr_carea' id='block_1_88' title="bbox 1949 4609 3582 4683">
    <p class='ocr_par' dir='ltr' id='par_1_88' title="bbox 1949 4609 3582 4683">
     <span class='ocr_line' id='line_1_88' title="bbox 1949 4609 3582 4683; baseline 0 -18"><span class='ocrx_word' id='word_1_746' title='bbox 1949 4611 2009 4666; x_wconf 91' lang='lat' dir='ltr'><strong>in</strong></span> <span class='ocrx_word' id='word_1_747' title='bbox 2034 4610 2365 4683; x_wconf 87' lang='lat' dir='ltr'><strong>Apocalypsi</strong></span> <span class='ocrx_word' id='word_1_748' title='bbox 2391 4609 2663 4682; x_wconf 89' lang='lat' dir='ltr'><strong>scriptum</strong></span> <span class='ocrx_word' id='word_1_749' title='bbox 2691 4614 2778 4665; x_wconf 90' lang='lat' dir='ltr'><strong>est</strong></span> <span class='ocrx_word' id='word_1_750' title='bbox 2808 4627 2820 4665; x_wconf 94' lang='lat'>:</span> <span class='ocrx_word' id='word_1_751' title='bbox 2860 4613 3118 4667; x_wconf 86' lang='lat' dir='ltr'><strong>Dominus</strong></span> <span class='ocrx_word' id='word_1_752' title='bbox 3154 4614 3293 4667; x_wconf 90' lang='lat' dir='ltr'><strong>Deus</strong></span> <span class='ocrx_word' id='word_1_753' title='bbox 3336 4616 3388 4666; x_wconf 89' lang='lat' dir='ltr'><strong>et</strong></span> <span class='ocrx_word' id='word_1_754' title='bbox 3414 4614 3582 4682; x_wconf 78' lang='lat' dir='ltr'><strong>spiri-</strong></span> 
     </span>
    </p>
   </div>
   <div class='ocr_carea' id='block_1_89' title="bbox 1951 4705 3583 4778">
    <p class='ocr_par' dir='ltr' id='par_1_89' title="bbox 1951 4705 3583 4778">
     <span class='ocr_line' id='line_1_89' title="bbox 1951 4705 3583 4778; baseline -0.001 -15"><span class='ocrx_word' id='word_1_755' title='bbox 1951 4712 2035 4763; x_wconf 90' lang='lat' dir='ltr'><strong>tus</strong></span> <span class='ocrx_word' id='word_1_756' title='bbox 2057 4707 2448 4778; x_wconf 86' lang='lat' dir='ltr'><strong>prophetarum</strong></span> <span class='ocrx_word' id='word_1_757' title='bbox 2470 4706 2620 4759; x_wconf 85' lang='lat' dir='ltr'><strong>misit</strong></span> <span class='ocrx_word' id='word_1_758' title='bbox 2643 4705 2896 4774; x_wconf 86' lang='lat' dir='ltr'><strong>angelum</strong></span> <span class='ocrx_word' id='word_1_759' title='bbox 2911 4721 3086 4772; x_wconf 89' lang='lat' dir='ltr'><strong>suum,</strong></span> <span class='ocrx_word' id='word_1_760' title='bbox 3120 4705 3394 4761; x_wconf 89' lang='lat' dir='ltr'><strong>ostendere</strong></span> <span class='ocrx_word' id='word_1_761' title='bbox 3416 4707 3583 4761; x_wconf 87' lang='lat' dir='ltr'><strong>servis</strong></span> 
     </span>
    </p>
   </div>
   <div class='ocr_carea' id='block_1_90' title="bbox 1946 4798 3579 4871">
    <p class='ocr_par' dir='ltr' id='par_1_90' title="bbox 1946 4798 3579 4871">
     <span class='ocr_line' id='line_1_90' title="bbox 1946 4798 3579 4871; baseline -0.001 -15"><span class='ocrx_word' id='word_1_762' title='bbox 1946 4805 2061 4857; x_wconf 88' lang='lat' dir='ltr'><strong>suis</strong></span> <span class='ocrx_word' id='word_1_763' title='bbox 2094 4816 2213 4871; x_wconf 54' lang='lat' dir='ltr'><strong>quae</strong></span> <span class='ocrx_word' id='word_1_764' title='bbox 2231 4803 2437 4870; x_wconf 86' lang='lat' dir='ltr'><strong>oportet</strong></span> <span class='ocrx_word' id='word_1_765' title='bbox 2458 4800 2580 4868; x_wconf 80' lang='lat' dir='ltr'><strong>ﬁeri</strong></span> <span class='ocrx_word' id='word_1_766' title='bbox 2595 4801 2697 4853; x_wconf 90' lang='lat' dir='ltr'><strong>cito</strong></span> <span class='ocrx_word' id='word_1_767' title='bbox 2725 4798 2912 4869; x_wconf 88' lang='lat' dir='ltr'><strong>(Apoc.</strong></span> <span class='ocrx_word' id='word_1_768' title='bbox 2940 4798 3019 4870; x_wconf 86' lang='lat'><strong>1)?</strong></span> <span class='ocrx_word' id='word_1_769' title='bbox 3039 4798 3096 4855; x_wconf 92' lang='lat' dir='ltr'><strong>Si</strong></span> <span class='ocrx_word' id='word_1_770' title='bbox 3123 4799 3308 4854; x_wconf 86' lang='lat' dir='ltr'><strong>unitas</strong></span> <span class='ocrx_word' id='word_1_771' title='bbox 3330 4816 3449 4855; x_wconf 90' lang='lat' dir='ltr'><strong>non</strong></span> <span class='ocrx_word' id='word_1_772' title='bbox 3477 4805 3579 4870; x_wconf 90' lang='lat' dir='ltr'><strong>est,</strong></span> 
     </span>
    </p>
   </div>
   <div class='ocr_carea' id='block_1_91' title="bbox 1949 4891 3579 4967">
    <p class='ocr_par' dir='ltr' id='par_1_91' title="bbox 1949 4891 3579 4967">
     <span class='ocr_line' id='line_1_91' title="bbox 1949 4891 3579 4967; baseline -0.001 -17"><span class='ocrx_word' id='word_1_773' title='bbox 1949 4911 2123 4967; x_wconf 90' lang='lat' dir='ltr'><strong>quare</strong></span> <span class='ocrx_word' id='word_1_774' title='bbox 2152 4910 2281 4949; x_wconf 90' lang='lat' dir='ltr'><strong>cum</strong></span> <span class='ocrx_word' id='word_1_775' title='bbox 2310 4894 2533 4947; x_wconf 89' lang='lat' dir='ltr'><strong>Patrem</strong></span> <span class='ocrx_word' id='word_1_776' title='bbox 2560 4896 2617 4946; x_wconf 88' lang='lat' dir='ltr'><strong>et</strong></span> <span class='ocrx_word' id='word_1_777' title='bbox 2641 4891 2843 4946; x_wconf 85' lang='lat' dir='ltr'><strong>Filium</strong></span> <span class='ocrx_word' id='word_1_778' title='bbox 2864 4897 2921 4947; x_wconf 91' lang='lat' dir='ltr'><strong>et</strong></span> <span class='ocrx_word' id='word_1_779' title='bbox 2945 4892 3219 4964; x_wconf 86' lang='lat' dir='ltr'><strong>Spiritum</strong></span> <span class='ocrx_word' id='word_1_780' title='bbox 3238 4893 3579 4962; x_wconf 87' lang='lat' dir='ltr'><strong>nominasse,</strong></span> 
     </span>
    </p>
   </div>
   <div class='ocr_carea' id='block_1_92' title="bbox 1948 4984 3585 5058">
    <p class='ocr_par' dir='ltr' id='par_1_92' title="bbox 1948 4984 3585 5058">
     <span class='ocr_line' id='line_1_92' title="bbox 1948 4984 3585 5058; baseline -0.003 -13"><span class='ocrx_word' id='word_1_781' title='bbox 1948 4992 2096 5045; x_wconf 88' lang='lat' dir='ltr'><strong>misit</strong></span> <span class='ocrx_word' id='word_1_782' title='bbox 2122 4989 2397 5050; x_wconf 89' lang='lat' dir='ltr'><strong>Dominus,</strong></span> <span class='ocrx_word' id='word_1_783' title='bbox 2429 4984 2590 5057; x_wconf 85' lang='lat' dir='ltr'><strong>dixit,</strong></span> <span class='ocrx_word' id='word_1_784' title='bbox 2620 4990 2676 5041; x_wconf 91' lang='lat' dir='ltr'><strong>et</strong></span> <span class='ocrx_word' id='word_1_785' title='bbox 2697 5002 2833 5055; x_wconf 91' lang='lat' dir='ltr'><strong>non,</strong></span> <span class='ocrx_word' id='word_1_786' title='bbox 2862 4984 3161 5056; x_wconf 88' lang='lat' dir='ltr'><strong>miserunt,</strong></span> <span class='ocrx_word' id='word_1_787' title='bbox 3179 4986 3284 5040; x_wconf 88' lang='lat' dir='ltr'><strong>sub</strong></span> <span class='ocrx_word' id='word_1_788' title='bbox 3305 4988 3585 5058; x_wconf 82' lang='lat' dir='ltr'><strong>praetextu</strong></span> 
     </span>
    </p>
   </div>
   <div class='ocr_carea' id='block_1_93' title="bbox 1947 5079 3583 5154">
    <p class='ocr_par' dir='ltr' id='par_1_93' title="bbox 1947 5079 3583 5154">
     <span class='ocr_line' id='line_1_93' title="bbox 1947 5079 3583 5154; baseline -0.003 -15"><span class='ocrx_word' id='word_1_789' title='bbox 1947 5084 2123 5140; x_wconf 90' lang='lat' dir='ltr'><strong>trium</strong></span> <span class='ocrx_word' id='word_1_790' title='bbox 2135 5097 2502 5154; x_wconf 89' lang='lat' dir='ltr'><strong>personarum</strong></span> <span class='ocrx_word' id='word_1_791' title='bbox 2514 5085 2570 5135; x_wconf 93' lang='lat' dir='ltr'><strong>et</strong></span> <span class='ocrx_word' id='word_1_792' title='bbox 2582 5079 2885 5134; x_wconf 91' lang='lat' dir='ltr'><strong>nominum</strong></span> <span class='ocrx_word' id='word_1_793' title='bbox 2894 5079 3212 5135; x_wconf 86' lang='lat' dir='ltr'><strong>introduxit</strong></span> <span class='ocrx_word' id='word_1_794' title='bbox 3222 5080 3250 5134; x_wconf 90' lang='lat'><strong>?</strong></span> <span class='ocrx_word' id='word_1_795' title='bbox 3271 5080 3325 5134; x_wconf 93' lang='lat' dir='ltr'><strong>Si</strong></span> <span class='ocrx_word' id='word_1_796' title='bbox 3340 5079 3583 5134; x_wconf 88' lang='lat' dir='ltr'><strong>Trinitas</strong></span> 
     </span>
    </p>
   </div>
   <div class='ocr_carea' id='block_1_94' title="bbox 1948 5171 3583 5247">
    <p class='ocr_par' dir='ltr' id='par_1_94' title="bbox 1948 5171 3583 5247">
     <span class='ocr_line' id='line_1_94' title="bbox 1948 5171 3583 5247; baseline -0.003 -15"><span class='ocrx_word' id='word_1_797' title='bbox 1948 5194 2064 5232; x_wconf 91' lang='lat' dir='ltr'><strong>non</strong></span> <span class='ocrx_word' id='word_1_798' title='bbox 2090 5181 2192 5247; x_wconf 90' lang='lat' dir='ltr'><strong>est,</strong></span> <span class='ocrx_word' id='word_1_799' title='bbox 2225 5191 2400 5247; x_wconf 89' lang='lat' dir='ltr'><strong>quare</strong></span> <span class='ocrx_word' id='word_1_800' title='bbox 2442 5174 2503 5228; x_wconf 90' lang='lat' dir='ltr'><strong>in</strong></span> <span class='ocrx_word' id='word_1_801' title='bbox 2546 5172 2979 5229; x_wconf 88' lang='lat' dir='ltr'><strong>Deuteronomio</strong></span> <span class='ocrx_word' id='word_1_802' title='bbox 3021 5171 3230 5227; x_wconf 91' lang='lat' dir='ltr'><strong>dicitur</strong></span> <span class='ocrx_word' id='word_1_803' title='bbox 3271 5189 3284 5225; x_wconf 89' lang='lat'><strong>:</strong></span> <span class='ocrx_word' id='word_1_804' title='bbox 3329 5175 3583 5227; x_wconf 86' lang='lat' dir='ltr'><strong>Dominus</strong></span> 
     </span>
    </p>
   </div>
   <div class='ocr_carea' id='block_1_95' title="bbox 1949 5263 3582 5338">
    <p class='ocr_par' dir='ltr' id='par_1_95' title="bbox 1949 5263 3582 5338">
     <span class='ocr_line' id='line_1_95' title="bbox 1949 5263 3582 5338; baseline -0.005 -10"><span class='ocrx_word' id='word_1_805' title='bbox 1949 5275 2088 5328; x_wconf 91' lang='lat' dir='ltr'><strong>Deus</strong></span> <span class='ocrx_word' id='word_1_806' title='bbox 2114 5275 2287 5326; x_wconf 83' lang='lat' dir='ltr'><strong>vester</strong></span> <span class='ocrx_word' id='word_1_807' title='bbox 2310 5271 2395 5325; x_wconf 83' lang='lat' dir='ltr'><strong>hic</strong></span> <span class='ocrx_word' id='word_1_808' title='bbox 2420 5274 2515 5333; x_wconf 86' lang='lat' dir='ltr'><strong>est,</strong></span> <span class='ocrx_word' id='word_1_809' title='bbox 2544 5272 2678 5324; x_wconf 91' lang='lat' dir='ltr'><strong>Deus</strong></span> <span class='ocrx_word' id='word_1_810' title='bbox 2708 5267 2882 5338; x_wconf 88' lang='lat' dir='ltr'><strong>(Deut.</strong></span> <span class='ocrx_word' id='word_1_811' title='bbox 2910 5267 3005 5337; x_wconf 88' lang='lat' dir='ltr'><strong>x)?</strong></span> <span class='ocrx_word' id='word_1_812' title='bbox 3039 5264 3095 5321; x_wconf 93' lang='lat' dir='ltr'><strong>Si</strong></span> <span class='ocrx_word' id='word_1_813' title='bbox 3119 5263 3308 5319; x_wconf 85' lang='lat' dir='ltr'><strong>unitas</strong></span> <span class='ocrx_word' id='word_1_814' title='bbox 3332 5279 3450 5317; x_wconf 92' lang='lat' dir='ltr'><strong>non</strong></span> <span class='ocrx_word' id='word_1_815' title='bbox 3477 5268 3582 5334; x_wconf 88' lang='lat' dir='ltr'><strong>est,</strong></span> 
     </span>
    </p>
   </div>
   <div class='ocr_carea' id='block_1_96' title="bbox 1950 5356 3581 5438">
    <p class='ocr_par' dir='ltr' id='par_1_96' title="bbox 1950 5356 3581 5438">
     <span class='ocr_line' id='line_1_96' title="bbox 1950 5356 3581 5438; baseline -0.004 -18"><span class='ocrx_word' id='word_1_816' title='bbox 1950 5381 2143 5438; x_wconf 89' lang='lat' dir='ltr'><strong>quare,</strong></span> <span class='ocrx_word' id='word_1_817' title='bbox 2171 5368 2271 5421; x_wconf 88' lang='lat' dir='ltr'><strong>Hic</strong></span> <span class='ocrx_word' id='word_1_818' title='bbox 2297 5368 2392 5433; x_wconf 86' lang='lat' dir='ltr'><strong>est,</strong></span> <span class='ocrx_word' id='word_1_819' title='bbox 2422 5362 2583 5433; x_wconf 87' lang='lat' dir='ltr'><strong>dixit,</strong></span> <span class='ocrx_word' id='word_1_820' title='bbox 2611 5367 2823 5430; x_wconf 91' lang='lat' dir='ltr'><strong>etnon,</strong></span> <span class='ocrx_word' id='word_1_821' title='bbox 2846 5360 2908 5415; x_wconf 84' lang='lat' dir='ltr'><strong>hi</strong></span> <span class='ocrx_word' id='word_1_822' title='bbox 2930 5361 3081 5426; x_wconf 89' lang='lat' dir='ltr'><strong>sunt,</strong></span> <span class='ocrx_word' id='word_1_823' title='bbox 3102 5356 3313 5429; x_wconf 87' lang='lat' dir='ltr'><strong>plurali</strong></span> <span class='ocrx_word' id='word_1_824' title='bbox 3337 5372 3581 5413; x_wconf 89' lang='lat' dir='ltr'><strong>numero</strong></span> 
     </span>
    </p>
   </div>
   <div class='ocr_carea' id='block_1_97' title="bbox 1950 5450 3581 5532">
    <p class='ocr_par' dir='ltr' id='par_1_97' title="bbox 1950 5450 3581 5532">
     <span class='ocr_line' id='line_1_97' title="bbox 1950 5450 3581 5532; baseline -0.007 -17"><span class='ocrx_word' id='word_1_825' title='bbox 1950 5458 2296 5532; x_wconf 85' lang='lat' dir='ltr'><strong>designavit?</strong></span> <span class='ocrx_word' id='word_1_826' title='bbox 2322 5459 2381 5514; x_wconf 91' lang='lat' dir='ltr'><strong>Si</strong></span> <span class='ocrx_word' id='word_1_827' title='bbox 2408 5457 2649 5514; x_wconf 88' lang='lat' dir='ltr'><strong>Trinitas</strong></span> <span class='ocrx_word' id='word_1_828' title='bbox 2687 5471 2806 5511; x_wconf 91' lang='lat' dir='ltr'><strong>non</strong></span> <span class='ocrx_word' id='word_1_829' title='bbox 2834 5459 2937 5525; x_wconf 89' lang='lat' dir='ltr'><strong>est,</strong></span> <span class='ocrx_word' id='word_1_830' title='bbox 2968 5468 3145 5525; x_wconf 85' lang='lat' dir='ltr'><strong>quare</strong></span> <span class='ocrx_word' id='word_1_831' title='bbox 3174 5451 3237 5505; x_wconf 92' lang='lat' dir='ltr'><strong>in</strong></span> <span class='ocrx_word' id='word_1_832' title='bbox 3266 5450 3468 5507; x_wconf 89' lang='lat' dir='ltr'><strong>eodem</strong></span> <span class='ocrx_word' id='word_1_833' title='bbox 3491 5450 3581 5505; x_wconf 87' lang='lat' dir='ltr'><strong>di-</strong></span> 
     </span>
    </p>
   </div>
   <div class='ocr_carea' id='block_1_98' title="bbox 1949 5547 3584 5614">
    <p class='ocr_par' dir='ltr' id='par_1_98' title="bbox 1949 5547 3584 5614">
     <span class='ocr_line' id='line_1_98' title="bbox 1949 5547 3584 5614; baseline -0.007 -7"><span class='ocrx_word' id='word_1_834' title='bbox 1949 5552 2095 5608; x_wconf 89' lang='lat' dir='ltr'><strong>citur</strong></span> <span class='ocrx_word' id='word_1_835' title='bbox 2121 5552 2264 5608; x_wconf 88' lang='lat' dir='ltr'><strong>libro</strong></span> <span class='ocrx_word' id='word_1_836' title='bbox 2298 5569 2312 5607; x_wconf 90' lang='lat'><strong>:</strong></span> <span class='ocrx_word' id='word_1_837' title='bbox 2344 5554 2597 5609; x_wconf 85' lang='lat' dir='ltr'><strong>Dominus</strong></span> <span class='ocrx_word' id='word_1_838' title='bbox 2622 5554 2760 5607; x_wconf 89' lang='lat' dir='ltr'><strong>Deus</strong></span> <span class='ocrx_word' id='word_1_839' title='bbox 2790 5553 2912 5605; x_wconf 89' lang='lat' dir='ltr'><strong>tuus</strong></span> <span class='ocrx_word' id='word_1_840' title='bbox 2933 5590 2951 5611; x_wconf 93' lang='lat'><strong>,</strong></span> <span class='ocrx_word' id='word_1_841' title='bbox 2984 5550 3121 5602; x_wconf 90' lang='lat' dir='ltr'><strong>Deus</strong></span> <span class='ocrx_word' id='word_1_842' title='bbox 3150 5558 3380 5613; x_wconf 87' lang='lat' dir='ltr'><strong>magnus</strong></span> <span class='ocrx_word' id='word_1_843' title='bbox 3405 5547 3458 5598; x_wconf 90' lang='lat' dir='ltr'><strong>et</strong></span> <span class='ocrx_word' id='word_1_844' title='bbox 3480 5558 3584 5614; x_wconf 89' lang='lat' dir='ltr'><strong>po-</strong></span> 
     </span>
    </p>
   </div>
   <div class='ocr_carea' id='block_1_99' title="bbox 1951 5640 3585 5720">
    <p class='ocr_par' dir='ltr' id='par_1_99' title="bbox 1951 5640 3585 5720">
     <span class='ocr_line' id='line_1_99' title="bbox 1951 5640 3585 5720; baseline -0.007 -18"><span class='ocrx_word' id='word_1_845' title='bbox 1951 5651 2063 5704; x_wconf 88' lang='lat' dir='ltr'><strong>tens</strong></span> <span class='ocrx_word' id='word_1_846' title='bbox 2089 5652 2165 5703; x_wconf 90' lang='lat' dir='ltr'><strong>est</strong></span> <span class='ocrx_word' id='word_1_847' title='bbox 2193 5646 2375 5720; x_wconf 86' lang='lat' dir='ltr'><strong>(Ibid.)</strong></span> <span class='ocrx_word' id='word_1_848' title='bbox 2387 5646 2415 5701; x_wconf 88' lang='lat'><strong>?</strong></span> <span class='ocrx_word' id='word_1_849' title='bbox 2432 5646 2493 5702; x_wconf 92' lang='lat' dir='ltr'><strong>Si</strong></span> <span class='ocrx_word' id='word_1_850' title='bbox 2514 5645 2701 5703; x_wconf 84' lang='lat' dir='ltr'><strong>unitas</strong></span> <span class='ocrx_word' id='word_1_851' title='bbox 2716 5660 2831 5701; x_wconf 91' lang='lat' dir='ltr'><strong>non</strong></span> <span class='ocrx_word' id='word_1_852' title='bbox 2850 5646 2952 5712; x_wconf 88' lang='lat' dir='ltr'><strong>est,</strong></span> <span class='ocrx_word' id='word_1_853' title='bbox 2971 5651 3415 5713; x_wconf 83' lang='lat' dir='ltr'><strong>quare,magnus</strong></span> <span class='ocrx_word' id='word_1_854' title='bbox 3425 5640 3476 5692; x_wconf 87' lang='lat' dir='ltr'><strong>et</strong></span> <span class='ocrx_word' id='word_1_855' title='bbox 3486 5650 3585 5706; x_wconf 51' lang='lat' dir='ltr'><strong>po.</strong></span> 
     </span>
    </p>
   </div>
   <div class='ocr_carea' id='block_1_100' title="bbox 301 5799 2121 5877">
    <p class='ocr_par' dir='ltr' id='par_1_100' title="bbox 301 5799 2121 5877">
     <span class='ocr_line' id='line_1_100' title="bbox 301 5799 2121 5877; baseline 0.001 -20"><span class='ocrx_word' id='word_1_856' title='bbox 301 5799 325 5831; x_wconf 80' lang='grc'><strong><em>⁸</em></strong></span> <span class='ocrx_word' id='word_1_857' title='bbox 349 5802 504 5859; x_wconf 79' lang='lat' dir='ltr'><strong>Falsa</strong></span> <span class='ocrx_word' id='word_1_858' title='bbox 528 5808 585 5860; x_wconf 89' lang='lat' dir='ltr'><strong>et</strong></span> <span class='ocrx_word' id='word_1_859' title='bbox 606 5802 999 5861; x_wconf 88' lang='lat' dir='ltr'><strong>commentitia</strong></span> <span class='ocrx_word' id='word_1_860' title='bbox 1024 5804 1096 5860; x_wconf 87' lang='lat' dir='ltr'><strong>ab</strong></span> <span class='ocrx_word' id='word_1_861' title='bbox 1120 5804 1323 5861; x_wconf 88' lang='lat' dir='ltr'><strong>eodem</strong></span> <span class='ocrx_word' id='word_1_862' title='bbox 1347 5806 1651 5864; x_wconf 78' lang='lat' dir='ltr'><strong>Mercatore</strong></span> <span class='ocrx_word' id='word_1_863' title='bbox 1679 5805 1931 5877; x_wconf 84' lang='lat' dir='ltr'><strong>farrago.</strong></span> <span class='ocrx_word' id='word_1_864' title='bbox 1954 5804 2121 5861; x_wconf 77' lang='lat' dir='ltr'><strong>LABB.</strong></span> 
     </span>
    </p>
   </div>
  </div>
