4006 6238
567 342 669 395 675

1540 337 1793 392 SANCTA
1832 330 2301 403 RADEGUNDUS,
2344 334 2592 392 REGINA
2631 332 2959 391 FRANCI/E.
3845 328 3959 380 6‘76

564 448 725 503 cibus
760 464 959 504 earum
997 463 1128 503 cum
1169 445 1570 501 contestatione
1612 446 1800 500 divina
1831 462 2000 500 suum
2045 461 2201 500 com-
2226 458 2287 530 Α
2306 445 2446 501 illud
2472 447 2741 517 signaret,
2773 445 2963 517 aliqua
2997 443 3067 498 de
3103 441 3390 496 sororibus
3427 441 3568 496 vidit
3603 455 3781 511 supra
3810 453 3955 492 mu-

566 542 858 606 mendavit
883 540 1318 596 monasterium.
1810 584 1839 609 ,

2304 556 2434 594 rum
2472 540 2646 595 millia
2688 539 2932 594 millium
2970 538 3296 592 daamonum
3333 536 3396 590 in
3425 535 3616 606 specie
3641 547 3961 604 caprarum

638 640 728 692 20.
761 638 890 692 Post
927 637 1031 690 hoc
1066 634 1282 689 donum
1316 632 1536 687 caeleste
1574 636 1870 704 acceptum
1896 631 2206 688 transmisit
2302 639 2484 689 astare
2524 650 2537 688 :
2582 633 2680 688 ubi
2729 637 2920 687 sancta
2975 631 3267 685 dexteram
3315 630 3543 685 beatam
3599 644 3737 684 cum
3783 626 3962 697 signo

566 730 732 786 beata
772 730 970 784 missos
1015 744 1165 793 suos,
1214 725 1601 797 supradictum
1628 727 2044 798 presbyterum,
2073 743 2205 780 cum

568 826 713 894 aliis,
745 825 814 878 ad
844 824 1253 893 imperatorem
1280 836 1412 874 cum
1439 819 1683 891 simplici
1704 820 2041 876 vestimento
2073 837 2202 892 gra-

570 918 678 973 tias
692 932 876 987 agere.
906 917 965 968 In
986 914 1280 969 redeundo
1308 913 1478 985 coepit
1499 930 1661 969 mare
1687 915 1954 969 ﬂuctibus
1967 914 2081 986 agi,
2108 914 2205 969 ubi

571 1015 702 1066 sunt
734 1010 911 1064 multa
954 1007 1204 1079 pericula
1230 1007 1398 1078 passi,
1431 1008 1707 1079 procellas
1736 1008 1947 1063 scilicet
1977 1013 2035 1063 et
2058 1012 2204 1063 tem-

567 1108 829 1175 pestates,
859 1103 1027 1174 quale
1048 1118 1107 1157 se
1126 1117 1427 1173 nunquam
1453 1102 1658 1157 vidisse
1682 1102 2039 1171 fatebantur;
2072 1118 2209 1173 qua-

569 1197 831 1268 draginta
877 1196 1078 1251 diebus
1115 1201 1172 1251 et
1208 1194 1585 1267 quadraginta
1623 1195 1881 1250 noctibus
1922 1195 1983 1250 in
2020 1194 2209 1250 medio

569 1291 715 1346 mari
744 1291 901 1345 navis
930 1306 1129 1345 eorum
1154 1289 1406 1361 periculo
1451 1289 1799 1360 subjacebat.
1837 1291 1961 1344 Jam
1991 1288 2060 1343 de
2094 1288 2212 1344 vita

572 1386 928 1457 desperantes
974 1389 1217 1439 mortem
1262 1400 1381 1454 prae
1419 1382 1596 1437 oculis
1643 1383 1936 1453 habentes,
1966 1382 2118 1436 inter
2151 1398 2211 1437 se

570 1496 767 1552 pacem
784 1479 1069 1545 facientes,
1092 1476 1360 1549 quiajam
1381 1493 1479 1532 eos
1504 1494 1661 1531 mare
1686 1476 1988 1531 absorbere
2012 1474 2209 1548 cupie-

571 1573 687 1642 bat,
718 1590 777 1628 se
804 1571 1055 1627 videntes
1090 1571 1149 1625 in
1189 1575 1343 1625 tanto
1384 1571 1661 1642 periculo,
1707 1587 1868 1625 voces
1894 1569 1965 1624 ad
2008 1570 2212 1625 ccelum

573 1666 784 1721 dabant
807 1666 1114 1719 clamantes
1137 1682 1202 1719 ac
1228 1664 1479 1720 dicentes
1512 1682 1526 1718 :
1551 1665 1789 1719 Domina
1824 1663 2208 1735 Radegundis,

575 1760 809 1814 subveni
853 1759 1026 1813 servis
1058 1759 1169 1813 tuis
1208 1775 1221 1812 :
1258 1759 1397 1813 dum
1429 1758 1531 1813 tibi
1568 1757 1883 1827 obedimus,
1932 1757 2214 1812 submersi

2304 728 2484 784 crucis
2512 728 2765 794 elevavit,
2800 725 2983 780 omnis
3015 725 3108 779 illa
3150 723 3457 779 multitudo
3487 723 3822 779 daemonum
3854 721 3957 774 fu-

2307 827 2435 894 gata
2462 836 2744 891 nusquam
2768 818 3108 891 comparuit.

2377 918 2465 971 23.
2488 913 2667 971 Simili
2693 913 2861 968 modo
2886 913 3024 967 dum
3049 915 3179 967 ante
3210 928 3374 966 suam
3395 910 3597 965 cellam
3616 914 3785 965 nocte
3805 909 3963 962 asta-

2307 1015 2412 1078 ret,
2442 1023 2666 1079 semper
2691 1007 2857 1062 corde
2883 1011 2940 1062 et
2966 1006 3025 1060 in
3052 1022 3148 1060 ore
3174 1021 3406 1060 cursum
3431 1005 3760 1072 decantans,
3798 1002 3965 1056 intra

2306 1118 2510 1158 arcana
2536 1084 2721 1157 cordis
2750 1100 2838 1155 sui
2868 1105 3079 1155 secrete
3102 1100 3258 1171 jugis
3287 1099 3412 1153 laus
3452 1098 3547 1153 Dei
3574 1095 3961 1169 personabat,

2307 1200 2581 1252 nocturna
2617 1194 2752 1264 avis,
2785 1210 2915 1266 quae
2956 1193 3284 1248 hominibus
3319 1197 3406 1247 est
3438 1192 3686 1263 ingrata,
3729 1189 3954 1245 vocife-

2309 1307 2440 1345 rans
2481 1290 2539 1344 in
2574 1290 2762 1344 medio
2807 1286 3151 1343 monasterio
3193 1287 3251 1340 in
3278 1286 3480 1340 arbore
3520 1302 3579 1339 se
3618 1284 3962 1341 infestabat.

2310 1384 2453 1438 Dicit
2474 1384 2546 1438 ad
2571 1399 2696 1439 eam
2724 1400 2840 1438 una
2882 1382 2951 1436 de
3001 1380 3351 1435 astantibus:
3397 1379 3632 1434 Domina
3667 1378 3860 1448 beata,
3918 1377 3965 1429 si

2304 1476 2492 1548 jubes,
2535 1477 2595 1531 in
2639 1476 2810 1532 verbo
2852 1480 2951 1530 tuo
2991 1472 3153 1544 ejicio
3193 1489 3377 1528 avem.
3422 1473 3558 1534 Quae
3604 1470 3741 1527 dicit
3767 1470 3819 1526 ei
3854 1486 3870 1523 :
3906 1469 3968 1524 Si

2311 1575 2494 1641 nocet,
2522 1569 2581 1625 in
2606 1570 2835 1624 nomine
2863 1568 3091 1623 Domini
3117 1567 3277 1636 vade,
3306 1565 3682 1620 nihilominus
3717 1563 3966 1635 signum

2312 1664 2491 1720 crucis
2514 1680 2685 1736 super
2713 1679 2842 1719 eam
2886 1662 3117 1717 faciens.
3157 1660 3480 1715 Ambulavit
3514 1658 3774 1729 dixitque
3814 1657 3911 1712 avi
3945 1673 3959 1710 :

2316 1760 2378 1813 1n
2404 1758 2636 1814 nomine
2671 1756 2892 1817 Domini
2915 1755 3099 1812 nostri
3123 1755 3253 1810 Jesu
3297 1752 3506 1809 Christi
3526 1752 3691 1823 jubet
3717 1751 3964 1806 domina

574 1869 691 1907 non
715 1868 1055 1924 pereamus;
1084 1852 1264 1906 libera
1302 1869 1406 1905 nos
1442 1851 1512 1906 de
1555 1851 1753 1906 mortis
1790 1850 2041 1921 periculo
2083 1831 2292 1921 quiaB
2315 1851 2699 1924 Radegundis,
2743 1851 2793 1906 si
2838 1867 2954 1906 non
2986 1866 3057 1905 ex
3082 1848 3179 1904 Dei
3206 1851 3366 1920 parte
3403 1846 3622 1915 venisti,
3651 1850 3720 1900 ut
3747 1845 3820 1899 ab
3847 1845 3963 1899 hoc

569 1946 691 2017 jam
719 1962 874 2000 mare
911 1948 1175 2016 paratum
1206 1949 1290 2000 est
1314 1949 1379 2000 ut
1416 1961 1519 1999 nos
1546 1944 1699 1999 vivos
1726 1944 2044 1998 absorbeat.
2079 1944 2214 1998 Ubi-

578 2055 802 2112 cunque
829 2038 1086 2093 invocata
1112 2038 1272 2093 fuisti
1302 2037 1535 2094 miserta
1560 2054 1642 2102 es,
1670 2054 1821 2093 nunc
1863 2039 2066 2109 adiuva
2089 2043 2216 2093 tuos

576 2145 649 2184 ne
670 2132 924 2200 pereant.
950 2128 1034 2183 Ad
1058 2128 1160 2182 has
1185 2144 1348 2183 voces
1374 2128 1436 2182 in
1461 2128 1648 2183 medio
1672 2127 1820 2182 mari
1854 2128 2081 2183 advenit
2118 2144 2213 2183 co-

574 2222 941 2300 lumbakquae
969 2222 1274 2293 teanavem
1301 2238 1500 2277 eorum
1517 2221 1872 2292 circumiens,
1895 2222 2074 2293 ttertia
2098 2222 2216 2277 vice

576 2316 637 2370 in
666 2316 899 2371 nomine
930 2315 1212 2371 Trinitatis
1246 2332 1421 2387 quam
1449 2316 1614 2370 beata
1650 2331 1872 2387 semper
1912 2316 2080 2371 corde
2126 2316 2213 2371 di-

476 2424 493 2431 ⁵
578 2409 739 2478 lexit,
768 2426 902 2465 cum
925 2409 1154 2476 volaret,
1183 2425 1376 2464 servus
1399 2408 1579 2464 beatae
1605 2409 1820 2481 reginas
1851 2409 2081 2464 nomine
2118 2410 2215 2463 Ba-

582 2503 787 2558 nisaios
821 2502 1075 2559 extendit
1116 2518 1371 2573 manum,
1412 2502 1482 2558 de
1528 2502 1706 2558 cauda
1758 2503 1880 2575 ejus
1926 2508 2040 2559 tres
2088 2503 2218 2559 tulit

582 2612 816 2667 pennas,
844 2613 984 2668 quas
1012 2595 1157 2651 mari
1186 2596 1517 2668 intinguens
1543 2600 1937 2668 tempestatem
1958 2613 2215 2669 compes-

581 2690 697 2745 cuit
726 2696 783 2746 et
808 2691 879 2746 ad
916 2690 1327 2745 invocationem
1374 2691 1622 2746 nominis
1646 2690 1827 2746 beatae.
1854 2692 2218 2764 Radeguudis

584 2784 847 2839 columba
870 2800 999 2856 qua:
1029 2785 1315 2856 apparuit,
1345 2785 1469 2855 ejus
1500 2784 1746 2839 famulos
1790 2785 1860 2839 de
1906 2786 2105 2840 mortis
2124 2786 2214 2857 ja-

583 2896 697 2935 nua
721 2879 851 2934 vitta
881 2879 1145 2945 reddidit,
1168 2881 1225 2933 et
1242 2879 1391 2933 facta
1417 2894 1477 2934 es
1520 2879 1901 2950 tranquillitas
1931 2895 2140 2951 magna
2159 2881 2220 2935 in

583 2972 769 3028 medio
795 2972 963 3028 mari.
993 2972 1079 3027 Illi
1103 2988 1235 3027 vero
1260 2973 1369 3027 alta
1412 2988 1546 3027 voce
1582 2973 1885 3028 clamantes
1910 2972 2172 3029 dicebant
2199 2991 2214 3029 :

582 3066 889 3137 Advenisti,
921 3067 1071 3121 bona
1095 3066 1343 3134 domina,
1371 3066 1578 3137 pietate
1603 3066 1789 3138 plena,
1816 3071 1945 3122 tuos
1970 3067 2220 3138 captivos

584 3161 805 3233 eripere
833 3178 906 3217 ne
947 3160 1211 3216 ﬂuctibus
1250 3165 1670 3231 mergerentur.
1699 3161 1784 3216 Ad
1830 3161 1952 3232 ejus
1992 3161 2218 3216 invoca-

582 3254 799 3311 tionem
832 3272 947 3310 non
976 3259 1201 3311 tantum
1225 3255 1333 3326 sui,
1363 3254 1465 3309 sed
1491 3271 1688 3309 omnes
1714 3259 1849 3310 sunt
1866 3255 2087 3310 liberati
2115 3272 2220 3328 per

584 3349 856 3405 virtutem
867 3348 1044 3420 ipsius
1063 3349 1289 3404 domnae
1306 3349 1685 3420 Hadegundis.
1708 3352 1859 3421 Ipsas
1876 3366 2096 3421 pennas
2107 3350 2219 3405 huc

585 3443 911 3514 attulerant,
939 3447 995 3498 et
1021 3442 1318 3498 fabricatas
1331 3442 1438 3514 ipsi
1468 3444 1570 3515 qui
1594 3443 1663 3499 de
1700 3448 1885 3499 morte
1910 3449 2044 3499 sunt
2077 3443 2218 3498 libe-

586 3536 712 3605 rati,
756 3553 858 3608 per
897 3537 1017 3592 loca
1051 3542 1245 3592 sancta
1296 3537 1482 3592 devoti
1523 3538 1822 3593 dederunt.
1870 3536 2219 3610 Ubicumque

586 3629 843 3686 invocata
869 3630 1061 3701 fuerit,
1089 3631 1337 3701 benigne
1363 3631 1624 3701 exaudit;
1662 3630 1709 3685 si
1746 3630 2092 3699 febricitans,
2122 3636 2222 3688 aut

584 3725 875 3798 pustulam
899 3725 1135 3795 habens,
1164 3730 1263 3781 aut
1284 3742 1319 3779 a
1344 3740 1681 3797 quacunque
1706 3729 1898 3780 tentus
1915 3724 2217 3782 inﬁrmitao

586 3824 662 3890 te,
684 3836 789 3892 pro
814 3819 1113 3889 interjecto
1137 3818 1565 3892 longinquitatis
1588 3823 1754 3875 terrae
1780 3818 1962 3890 spatio
1990 3819 2059 3874 ad
2096 3836 2221 3875 eam

584 3914 779 3969 venire
814 3930 929 3968 non
973 3913 1271 3985 potuisset,
1318 3913 1552 3967 candela
1588 3912 1651 3967 in
1699 3912 1821 3984 ejus
1864 3914 2098 3969 nomine
2125 3930 2218 3969 ac-

586 4023 752 4062 censa
775 4023 1004 4063 omnem
1028 4008 1246 4063 febrem
1265 4005 1503 4078 depulit.

657 4103 748 4156 2t.
782 4102 1069 4166 Quantum
1098 4117 1257 4155 suam
1283 4099 1786 4171 congregationem
1813 4100 2073 4157 dilexerit
2096 4101 2223 4173 quis

588 4198 747 4255 effari
773 4200 991 4256 valeat?
1019 4216 1122 4255 nec
1151 4199 1199 4253 si
1222 4203 1461 4254 centeno
1486 4198 1674 4254 sonitu
1698 4199 1913 4271 linguae
1940 4200 2222 4272 plectrum

587 4298 812 4350 moveat
842 4294 949 4349 hoc
991 4293 1216 4364 explere
1256 4293 1425 4349 valet.
1453 4293 1703 4349 Instituit
1737 4299 1819 4362 ut,
1860 4294 1997 4349 dum
2023 4294 2219 4350 reﬁce-

585 4394 732 4458 rent,
763 4402 988 4459 semper
1009 4386 1173 4442 lectio
1212 4387 1518 4459 legeretur,
1554 4391 1622 4443 ut
1663 4405 1779 4445 non
1810 4388 1995 4444 solum
2036 4388 2223 4445 fauces

584 4482 864 4553 accipiant
909 4481 1122 4553 cibum,
1156 4482 1253 4538 sed
1301 4487 1357 4538 et
1379 4498 1545 4539 aures
1574 4483 1811 4539 audiant
1838 4484 1936 4539 Dei
1963 4483 2220 4540 verbum.

2239 3206 2295 3280 C

2314 1946 2435 2001 loco
2460 1945 2727 2013 discedas,
2755 1948 2811 1999 et
2839 1943 3065 2015 penitus
3091 1943 3185 1997 hic
3212 1946 3439 1997 cautam
3467 1956 3582 1995 non
3606 1955 3957 2011 praesumas.

2314 2040 2607 2111 Tanquam
2639 2038 2686 2092 si
2735 2055 2805 2094 ex
2836 2054 2934 2093 ore
2964 2036 3065 2093 Dei
3091 2037 3375 2108 prolatum
3416 2035 3665 2090 audisset
3691 2033 3961 2101 verbum,

2316 2132 2472 2188 dedit
2498 2132 2746 2186 volatum
2770 2135 2828 2186 et
2851 2147 3134 2202 nusquam
3160 2128 3495 2200 comparuit.
3523 2128 3715 2183 Merito
3743 2126 3800 2182 ei
3823 2142 3966 2180 aves

2318 2230 2376 2281 et
2403 2226 2599 2281 bestia:
2626 2225 2917 2292 obediunt,
2946 2224 3079 2296 quia
3109 2223 3207 2278 illa
3231 2238 3530 2294 nunquam
3551 2220 3833 2293 praeteriit
3856 2222 3966 2273 Do-

2316 2318 2455 2374 mini
2489 2318 2722 2374 obedire
2747 2319 3053 2389 praecepto.

2387 2413 2478 2468 24.
2507 2413 2577 2468 Et
2600 2412 2646 2467 si
2665 2428 2768 2484 pro
2794 2410 3124 2466 inﬁrmitate
3151 2409 3447 2482 aliquoties
3472 2407 3830 2480 requiescere
3859 2423 3958 2463 vo-

2316 2506 2533 2577 luisset,
2557 2505 2759 2578 spiritu
2784 2504 3043 2577 vigilanti
3070 2504 3311 2573 dicebat,
3340 2508 3611 2575 tanquam
3637 2502 3963 2557 admonens

2317 2617 2446 2657 eam
2482 2616 2612 2672 quae
2636 2599 2922 2671 psalmum
2946 2598 3166 2653 dicebat
3193 2614 3207 2653 :
3240 2600 3380 2669 Age,
3402 2597 3511 2652 dic.
3541 2596 3692 2651 Nulli
3710 2595 3962 2651 dubium

2318 2699 2403 2751 est
2421 2694 2574 2766 quod
2600 2693 2932 2765 spiritaliter
2956 2708 3089 2748 cum
3118 2691 3326 2747 sanctis
3360 2690 3653 2763 psallebat,
3675 2695 3776 2744 aut
3800 2694 3959 2744 certe

2320 2805 2424 2845 nec
2447 2804 2614 2859 sopor
2638 2803 2765 2843 eam
2792 2785 3111 2858 superabat.
3140 2786 3294 2841 Mens
3318 2785 3537 2839 intenta
3560 2784 3633 2839 ad
3663 2783 3963 2839 Christum

2318 2882 2648 2954 frequenter
2668 2881 2843 2937 etiam
2868 2881 2931 2935 in
2956 2896 3158 2952 sopore
3183 2879 3382 2951 posita,
3418 2878 3487 2933 de
3518 2878 3713 2933 futuro
3736 2876 3963 2948 judicio

2320 2980 2377 3033 et
2401 2976 2470 3032 de
2506 2979 2720 3031 aeterno
2746 2973 2986 3047 praemio
3010 2972 3346 3046 praedicans,
3375 2971 3772 3045 expergefacta
3793 2970 3967 3025 nobis

2319 3070 2540 3126 dicebat
2557 3087 2569 3125 :
2585 3069 2861 3143 Colligite,
2881 3068 3129 3141 colligite
3150 3067 3402 3123 triticum
3423 3065 3799 3135 dominicum,
3823 3065 3968 3137 quia

2318 3181 2448 3220 vere
2466 3164 2591 3220 dico
2619 3164 2773 3219 vobis
2789 3180 2907 3219 non
2939 3163 3039 3218 diu
3060 3162 3169 3218 erit
3191 3166 3257 3217 ut
3275 3161 3568 3234 colligatis.
3592 3159 3787 3215 Videte
3806 3159 3965 3231 quod

2318 3258 2461 3328 dico,
2517 3256 2759 3330 colligite
2817 3257 2951 3329 quia
3026 3272 3157 3312 vere
3219 3254 3545 3328 quaesituras
3607 3254 3744 3309 estis
3805 3253 3967 3308 istud

2317 3357 2570 3424 tempus;
2618 3368 2769 3421 vere,
2818 3368 2948 3407 vere
2997 3349 3319 3423 quaesituras
3372 3349 3503 3404 estis
3540 3348 3678 3404 istos
3730 3347 3855 3403 dies
3911 3352 3968 3402 et

2318 3446 2481 3502 valde
2519 3446 2942 3502 desideratura.
2976 3445 3139 3511 Quod
3186 3444 3293 3500 etsi
3322 3448 3459 3500 tunc
3496 3442 3726 3515 ignavia
3767 3446 3966 3497 nostra

2318 3540 2426 3595 hoc
2458 3540 2648 3612 tepide
2675 3539 3001 3613 accipiebat,
3027 3539 3151 3610 jam
3176 3541 3366 3594 tamen
3392 3554 3546 3593 nunc
3576 3536 3793 3592 venisse
3824 3553 3962 3607 pro-

2318 3634 2520 3690 bemus
2556 3634 2711 3706 quod
2746 3633 2908 3690 dixit.
2952 3634 3096 3689 Illud
3138 3632 3537 3706 propheticum
3576 3631 3638 3687 in
3662 3632 3829 3687 nobis
3862 3630 3966 3685 im-

2319 3729 2537 3801 pletum
2562 3733 2649 3784 est
2679 3745 2693 3784 :
2738 3731 2958 3786 Mittam
2983 3730 3130 3785 vobis
3152 3731 3354 3797 famem
3377 3730 3437 3782 in
3464 3731 3612 3782 terra
3636 3727 3823 3798 (Amos
3854 3730 3960 3796 vx);

2319 3823 2551 3893 famem,
2562 3822 2892 3895 inquit,non
2903 3824 3065 3895 panis
3081 3828 3138 3879 et
3149 3838 3312 3895 aquae
3329 3822 3427 3877 sed
3438 3819 3705 3877 audiendi
3719 3820 3963 3876 verbum

2321 3917 2439 3973 Dei.
2484 3917 2636 3972 Licet
2678 3917 3106 3988 praedicationes
3148 3932 3288 3989 quas
3329 3914 3574 3971 instituit
3604 3914 3928 3969 recitentur
3944 3931 3961 3984 ;

2320 4015 2514 4066 tamen
2557 4011 2794 4066 cessavit
2850 4011 2945 4066 illa
2991 4010 3334 4066 incessabilis
3381 4026 3517 4079 vox,
3572 4008 3963 4063 desiderabilis

2321 4104 2651 4173 admonitio,
2665 4104 2846 4160 dulcis
2866 4104 3116 4161 allectus.
3144 4104 3284 4159 Nam
3299 4103 3527 4176 qualem
3545 4102 3792 4170 vultum,
3812 4103 3960 4157 Deus

2321 4199 2627 4271 plasmator
2652 4199 2799 4254 bone
2823 4198 2837 4254 Ξ
2867 4200 3097 4272 qualem
3120 4198 3344 4269 faciem,
3386 4198 3614 4270 qualem
3651 4212 3956 4269 personam

2322 4293 2545 4365 habuit,
2572 4294 2698 4366 quis
2741 4297 2926 4365 potest
2967 4310 3225 4366 unquam
3265 4292 3591 4364 exponere?
3617 4291 3731 4347 Sed
3754 4296 3816 4347 et
3854 4291 3956 4345 hoc

2324 4388 2608 4444 reminisci
2632 4388 2974 4461 supplicium
2997 4393 3101 4444 est.
3133 4389 3242 4442 Nos
3280 4402 3412 4442 vero
3456 4385 3704 4441 humiles
3746 4386 3959 4441 deside.

2323 4497 2515 4537 ramus
2540 4482 2604 4537 in
2623 4498 2691 4538 ea
2715 4481 3048 4552 doctrinam,
3078 4482 3343 4551 formam,
3370 4480 3609 4547 vultum,
3630 4496 3957 4551 personam,

583 4576 867 4649 Quidquid
910 4580 1010 4632 aut
1043 4576 1167 4631 aliis
1200 4577 1473 4649 praecepit
1510 4581 1610 4633 aut
1658 4578 1783 4649 ipsa
1817 4578 1973 4646 fecit,
2028 4577 2298 4659 omniaD
2321 4575 2632 4645 scientiam,
2661 4577 2952 4649 pietatem,
2988 4575 3319 4645 bonitatem,
3350 4574 3709 4630 dulcedinem
3741 4591 3755 4629 :
3788 4590 3958 4646 quam

585 4676 819 4744 prOpter
845 4672 1022 4728 Deum
1051 4686 1276 4743 semper
1299 4672 1580 4743 implevit.
1595 4672 1883 4744 Quidquid
1907 4674 2007 4727 aut
2024 4672 2219 4744 prohi-

583 4766 709 4822 buit
732 4766 875 4838 ﬁeri,
900 4772 1001 4822 aut
1023 4766 1146 4838 ipsa
1172 4766 1369 4822 vitavit
1410 4766 1612 4838 facere,
1651 4766 1842 4821 omnia
1891 4766 1952 4821 in
1980 4767 2096 4822 zelo
2126 4766 2223 4821 Dei

585 4861 643 4912 et
667 4856 815 4911 nihil
844 4856 1144 4912 carnaliter
1169 4860 1270 4911 aut
1294 4856 1432 4929 egit,
1461 4859 1562 4911 aut
1590 4855 1799 4928 sapuit.
1832 4857 1899 4911 Et
1926 4855 2062 4928 quia
2080 4872 2224 4912 nun-

585 4966 760 5024 quam
784 4950 962 5007 otiosa
984 4950 1054 5006 ab
1081 4965 1254 5023 Opere
1292 4950 1395 5005 Dei
1426 4966 1546 5006 esse
1571 4948 1766 5020 voluit,
1796 4949 2088 5005 insistebat
2118 4950 2224 5004 uti-

586 5062 698 5118 que
723 5044 981 5116 orationi,
1010 5044 1239 5101 lectioni
1264 5048 1321 5100 et
1369 5044 1742 5117 eleemosynis
1779 5060 1842 5099 ac
1880 5043 2223 5115 praedicatio-

585 5140 752 5196 nibus
786 5140 1154 5208 incessanter,
1202 5138 1467 5194 omnibus
1510 5138 1734 5210 diebus,
1787 5142 1850 5194 ut
1884 5138 2038 5194 nulla
2077 5141 2224 5194 esset

583 5251 713 5308 quae
734 5250 793 5290 se
818 5234 888 5288 de
916 5232 1237 5304 ignorantia
1260 5237 1574 5290 excusaret.

657 5332 747 5384 22.
773 5329 1015 5383 Tantum
1043 5327 1287 5398 denique
1315 5327 1531 5384 donum
1559 5328 1618 5383 in
1644 5343 1702 5384 se
1733 5328 2012 5400 largiente
2030 5327 2222 5383 divina

586 5422 768 5496 gratia
793 5421 1012 5491 habuit,
1041 5426 1106 5478 ut
1134 5422 1468 5478 humilitatis
1513 5421 1852 5494 magistrum
1875 5423 1975 5495 qui
2001 5422 2071 5479 de
2095 5422 2222 5477 caeli

586 5516 722 5573 solio
747 5516 819 5572 ad
842 5520 1020 5573 terras
1050 5516 1341 5573 descendit
1365 5516 1662 5586 imitando,
1692 5516 1998 5572 Dominum
2017 5532 2213 5589 seque-

585 5616 744 5666 retur
761 5611 823 5667 in
843 5611 1065 5683 spiritu,
1089 5628 1430 5685 quocunque
1446 5612 1571 5667 iret.
1593 5612 1897 5683 Postquam
1912 5628 2223 5683 congrega-

583 5704 664 5761 tio
689 5723 749 5762 se
775 5706 1114 5761 recondebat
1148 5707 1271 5778 jam
1306 5707 1375 5760 ad
1413 5705 1827 5776 pausationem,
1858 5705 1972 5775 illa,
1999 5709 2065 5760 ut
2086 5721 2217 5777 per-

582 5804 814 5856 noctans
840 5799 902 5854 in
933 5800 1207 5868 oratione,
1230 5816 1329 5853 sua
1346 5803 1535 5853 sancta
1556 5798 1788 5854 dextera
1807 5799 2219 5855 monasterium

584 5907 689 5967 per
714 5890 947 5966 signum
974 5893 1156 5949 crucis
1182 5891 1445 5948 salvabat.
1467 5891 1720 5957 Quadam
1745 5891 1863 5948 vice
1890 5892 2026 5948 dum
2057 5892 2220 5950 beata

2323 4670 2625 4741 specialem
2651 4688 2687 4725 a
2724 4670 2959 4727 Domino
2983 4670 3135 4726 inter
3174 4675 3406 4725 caateros
3442 4668 3704 4724 homines
3740 4668 3956 4723 habuit.

2391 4768 2481 4820 25.
2509 4766 2691 4830 Quam
2715 4770 2908 4820 sancta
2933 4764 3043 4819 fuit
3065 4765 3183 4820 vita
3203 4765 3346 4836 ejus,
3366 4768 3485 4820 tam
3501 4779 3681 4834 purus
3697 4767 3759 4817 et
3782 4762 3957 4818 dulcis

2320 4863 2596 4931 aspectus.
2626 4863 2772 4915 Ante
2800 4875 3015 4914 annum
3040 4859 3314 4915 transitus
3342 4857 3450 4928 sui,
3479 4857 3620 4912 vidit
3647 4857 3709 4911 in
3733 4857 3861 4913 visu
3886 4857 3956 4912 lo-

2322 4969 2455 5008 cum
2480 4952 2586 5009 sibi
2611 4957 2895 5025 paratum,
2916 4953 3183 5026 venitque
3203 4953 3276 5008 ad
3292 4968 3420 5009 eam
3433 4952 3660 5023 juvenis
3678 4951 3955 5024 praedives

2321 5031 2762 5119 pulcherrimus,
2809 5052 2866 5103 et
2899 5048 3061 5120 quasi
3098 5047 3417 5120 juvenilem
3458 5046 3675 5102 habens
3715 5051 3957 5112 atatem,

2322 5141 2421 5214 qui
2450 5142 2609 5198 suavi
2632 5146 2785 5198 tactu
2810 5139 3135 5216 blandoque
3162 5142 3444 5215 colloquio
3469 5141 3610 5198 dum
3637 5157 3774 5197 cum
3802 5157 3869 5197 ea
3891 5142 3958 5196 lo-

2321 5240 2612 5308 queretur,
2636 5237 2735 5292 illa
2761 5238 2831 5293 de
2851 5254 2909 5293 se
2925 5237 3131 5307 zelans,
3153 5236 3491 5292 blanditiam
3509 5237 3836 5309 respuebat.
3857 5234 3955 5300 Qui

2322 5330 2464 5386 dixit
2488 5331 2542 5387 ei
2565 5348 2579 5387 :
2601 5332 2747 5396 Quid
2766 5348 2860 5387 me
2886 5331 3163 5388 desiderio
3183 5347 3416 5388 accensa
3441 5347 3577 5387 cum
3598 5332 3772 5386 tantis
3790 5331 3956 5401 lacry-

2320 5424 2430 5479 mis
2446 5441 2632 5497 rogas,
2656 5442 2890 5497 gemens
2908 5425 3172 5498 requiris,
3202 5425 3338 5481 fusis
3358 5425 3622 5498 precibus
3633 5426 3841 5498 poscis,
3860 5440 3953 5497 pro

2319 5535 2413 5574 me
2439 5523 2595 5575 tanto
2619 5522 2674 5575 te
2703 5520 2954 5576 cruciatu
2977 5520 3183 5592 afﬂigis
3206 5520 3307 5592 qui
3332 5536 3559 5592 semper
3583 5519 3688 5575 tibi
3715 5518 3953 5575 adsisto?

2319 5613 2421 5683 Tu,
2453 5630 2683 5686 gemma
2706 5614 2969 5687 pretiosa,
3002 5613 3223 5671 noveris
3247 5618 3304 5670 te
3333 5614 3395 5669 in
3421 5614 3742 5670 diademate
3767 5612 3951 5685 capitis

2319 5707 2433 5762 mei
2459 5708 2708 5780 primam
2737 5724 2856 5763 esse
2884 5724 3192 5781 gemmam.
3222 5707 3371 5765 Nulli
3397 5707 3636 5763 dubium
3656 5708 3813 5782 quod
3839 5708 3948 5781 ipse

2319 5817 2446 5857 eam
2471 5802 2714 5859 visitavit
2739 5802 2832 5859 cui
2860 5819 2920 5859 se
2944 5807 3063 5859 tota
3087 5802 3382 5860 devotione
3415 5802 3651 5861 tradidit
3681 5802 3875 5861 vivens
3898 5802 3947 5856 in

2319 5912 2552 5970 corpore
2577 5902 2635 5954 et
2659 5897 2903 5970 gloriam
2927 5915 3037 5972 qua
3066 5896 3313 5955 fruitura
3330 5903 3453 5955 erat
3488 5898 3541 5955 ei
3562 5899 3833 5956 ostendit.
3860 5895 3946 5954 Sed
