4006 6238
126 332 219 385 677

1392 324 1562 382 VITA.
1605 323 1805 382 LIBER
1841 323 2203 382 SECUNDUS.

3385 330 3486 384 678

126 440 267 494 hunc
303 435 493 492 visum
526 434 795 491 secretius
824 451 955 491 cum
979 433 1396 490 contestatione
1431 435 1652 490 duabus
1673 452 1758 490 sa-
1778 448 1837 521 Α
1858 435 2069 489 Flenda
2091 450 2231 505 ergo
2258 433 2424 489 nobis
2448 432 2576 488 talis
2598 450 2714 490 non
2745 437 2849 501 est,
2876 434 2977 489 sed
2994 434 3314 490 tremenda.
3337 436 3492 490 Ami-

126 531 466 588 tisﬁdelibus
485 530 773 597 disseruit,
797 535 861 585 ut
874 547 932 585 se
945 529 1248 601 superstite
1269 529 1407 584 nulli
1426 535 1753 585 narrarent.

187 627 254 681 Et
277 624 413 697 quia
442 626 631 680 multa
657 628 791 679 sunt
808 624 995 680 adhuc
1016 624 1154 679 satis
1173 627 1232 679 et
1246 640 1462 695 magna
1482 641 1610 696 quae
1628 641 1757 695 pro-

128 719 243 787 pter
272 714 664 785 prolixitatem
694 713 1078 786 prieterimus,
1109 730 1182 769 ne
1216 713 1509 784 prolixitas
1558 716 1755 769 nostra

129 808 486 865 audientibus
518 808 709 880 potius
731 808 1489 879 fastidium‘generet,quam
1504 807 1755 862 nitorem

129 903 398 958 sermonis
427 902 570 974 [Αι.,
593 903 805 972 sermo]
830 903 1115 957 ostendat.
1131 902 1423 966 Quantum
1446 901 1516 955 de
1529 917 1752 971 amore,

128 997 192 1052 de
220 996 613 1063 nutrimentis,
646 997 718 1050 de
750 995 1050 1063 charitate,
1091 995 1161 1050 de
1202 994 1638 1066 praedicatione,
1681 995 1752 1049 de

130 1089 272 1145 omni
299 1090 549 1145 omnino
571 1096 769 1145 sancta
791 1090 916 1160 ejus
944 1088 1380 1144 conversatione
1430 1088 1753 1143 reminisci-

129 1201 262 1254 mur,
293 1184 628 1239 cruciamur
654 1188 710 1239 et
738 1183 1001 1239 dolentes
1020 1182 1199 1245 oculis
1219 1181 1485 1237 distensis
1509 1181 1753 1253 requiri-

128 1294 241 1332 mus
277 1281 512 1333 tantam
547 1278 843 1349 pietatem,
902 1276 1003 1331 sed
1058 1292 1163 1330 nec
1220 1275 1546 1331 invenimus
1598 1275 1754 1346 quod

127 1371 497 1444 perdidimus.
528 1370 572 1425 Ο
599 1375 717 1425 tam
741 1370 885 1424 dura
910 1369 1165 1424 conditio
1192 1386 1321 1440 quas
1352 1368 1519 1423 nobis
1560 1368 1750 1423 infeli-

127 1465 271 1519 cibus
297 1464 527 1519 evenit!
557 1481 592 1519 o
620 1464 852 1535 piisima
879 1463 1138 1531 domina,
1162 1463 1383 1518 utinam
1407 1462 1752 1517 obtinuisses

126 1575 242 1613 cum
266 1558 389 1613 caeli
412 1558 689 1626 Domino,
717 1562 779 1612 ut
806 1560 941 1612 ante
970 1560 1024 1612 te
1071 1574 1205 1612 oves
1251 1574 1395 1628 quas
1439 1572 1753 1627 congrega-

127 1668 275 1706 veras
325 1651 662 1707 direxissesl
718 1652 816 1719 Tu,
863 1654 1155 1722 pastorem
1210 1651 1427 1705 bonum
1482 1667 1749 1721 sequens,

127 1761 350 1816 gregem
382 1745 636 1801 Domino
665 1744 1017 1800 tradidisses.

1857 529 2033 583 simus
2065 528 2300 599 quidem
2330 528 2385 582 in
2409 528 2678 599 prmsenti
2709 530 2916 584 saeculo
2949 528 3248 584 dominam
3275 532 3333 583 et
3362 545 3486 584 ma-

1856 626 2003 677 trem
2039 639 2052 677 :
2082 622 2183 676 sed
2208 622 2268 676 in
2289 638 2535 692 regnum
2563 621 2772 678 Christi
2811 622 3196 694 praemisimus
3232 624 3477 678 interce-

1856 715 2109 772 dentem.
2138 716 2487 771 Admirabile
2511 717 2746 788 quidem
2779 717 3057 788 gaudium
3078 717 3212 772 fecit
3232 716 3290 772 in
3312 718 3484 785 caelis,

1853 808 1911 863 in
1945 810 2112 864 terris
2142 827 2276 866 vero
2304 809 2729 865 intolerabilem
2758 810 2971 865 luctum
2997 812 3251 883 reliquit.

1928 908 2013 958 27.
2071 904 2316 969 Quando
2358 904 2482 975 ejus
2527 907 2723 959 sancta
2772 905 2967 959 anima
3013 905 3085 960 de
3136 906 3244 960 hoc
3281 906 3487 960 sazculo

1854 997 2125 1068 migravit
2153 998 2227 1051 ad
2270 997 2581 1064 Christum,
2615 1015 2730 1053 non
2778 1001 2903 1052 erat
2939 998 3017 1052 ibi
3062 999 3317 1068 pontifex
3354 1000 3483 1054 loci.

1853 1090 2177 1146 Ambulavit
2206 1091 2439 1145 nuntius
2468 1091 2544 1145 ad
2568 1092 2753 1147 virum
2791 1092 3167 1163 apostolicum
3207 1091 3487 1146 domnum

1855 1186 2195 1256 Gregorium
2219 1185 2514 1240 Turonicae
2548 1185 2788 1241 civitatis
2818 1185 3170 1256 episcopum,
3219 1189 3276 1240 et
3314 1186 3483 1240 adve-

1855 1280 1957 1333 nit.
2004 1279 2117 1335 Sed
2163 1283 2447 1350 quantum
2483 1295 2738 1351 praesens
2777 1279 2917 1334 vidit
2959 1280 3136 1334 oculis
3174 1284 3485 1351 antequam

1853 1389 1986 1427 eam
2014 1372 2300 1443 sepeliret,
2325 1374 2394 1427 de
2421 1373 2545 1443 ejus
2570 1372 2874 1427 virtutibus
2904 1373 2961 1426 in
2996 1372 3142 1428 libro
3182 1373 3483 1427 miraculo-

1850 1481 1981 1520 rum
2012 1466 2191 1536 (Greg.
2225 1469 2421 1521 Turon.
2445 1467 2511 1520 de
2542 1465 2626 1521 Gl.
2652 1468 2861 1533 Confcs.
2912 1466 3053 1537 106),
3101 1482 3272 1536 quem
3332 1482 3486 1520 eom-

1850 1560 2060 1631 posuit,
2114 1559 2371 1613 inseruit.
2415 1561 2558 1615 Cum
2605 1562 2801 1613 autem
2834 1559 2993 1612 venit
3034 1558 3105 1613 ad
3146 1560 3337 1613 locum
3387 1559 3483 1613 ubi

1851 1656 2114 1708 sanctum
2141 1669 2349 1724 corpus
2365 1652 2597 1723 jacebat
2625 1652 2803 1723 (quod
2830 1652 2950 1723 ipse
2968 1656 3167 1723 postea
3216 1668 3346 1706 eum
3395 1669 3483 1706 sa-

1853 1750 2149 1802 cramento
2184 1748 2511 1817 lacrymans
2551 1746 2799 1812 dicebat,
2844 1746 2998 1818 quod
3048 1746 3105 1800 in
3153 1746 3339 1817 specie
3380 1746 3485 1800 ho—

190 1842 271 1894 26.
300 1841 431 1895 Jam
463 1839 540 1894 ad
584 1838 898 1910 gloriosum
951 1839 1078 1909 ejus
1119 1818 1385 1893 venimus
1425 1836 1749 1905 transitum,
1774 1826 1831 1898 B
1854 1841 2025 1895 minis
2046 1840 2373 1911 angelicum
2404 1842 2623 1895 vultum
2657 1839 2899 1909 viderat)
2944 1839 3119 1894 facies
3154 1839 3303 1893 illius
3336 1839 3490 1893 velut

125 1949 285 2005 quem
309 1933 433 1987 sine
446 1934 784 2005 profusione
808 1933 1195 2003 lacrymarum
1210 1931 1401 1987 dicere
1418 1949 1535 1987 non
1552 1948 1750 2004 possu-

126 2042 261 2081 mus.
285 2028 797 2098 Fluuntlaerymee,
823 2027 894 2082 de
912 2026 1043 2081 imis
1059 2025 1327 2081 medullis
1349 2026 1601 2097 gemitus
1617 2042 1750 2097 pro-

126 2124 409 2192 rumpunt,
429 2121 533 2176 sed
548 2121 608 2175 iu
627 2122 784 2176 nullo
799 2119 1412 2177 consolationislocum
1432 2119 1749 2187 inveniunt,

128 2214 252 2269 dum
272 2216 636 2287 plangimus;
657 2215 704 2269 si
718 2215 789 2270 de
815 2215 939 2286 ejus
956 2214 1115 2269 fideli
1138 2213 1445 2269 devotione
1462 2213 1658 2268 minus
1674 2213 1754 2267 di-

127 2308 316 2376 cimus,
342 2310 474 2379 plus
502 2324 827 2380 peccamus.
859 2309 1047 2379 Usque
1071 2308 1144 2362 ad
1169 2307 1327 2363 diem
1362 2307 1635 2363 transitus
1667 2307 1751 2361 sui

130 2418 435 2473 numquam
464 2402 680 2457 minuit
697 2418 926 2457 cursum
960 2402 1236 2473 implere;
1279 2404 1338 2455 et
1374 2401 1531 2472 quod
1560 2400 1750 2471 coepit,

128 2494 285 2549 corde
306 2494 583 2551 retinuit:
616 2495 753 2567 quia
776 2512 893 2550 non
917 2494 1014 2567 qui
1034 2494 1286 2566 casperit,
1321 2494 1423 2549 sed
1438 2493 1535 2566 qui
1556 2509 1749 2565 perse-

130 2589 395 2644 veraverit
423 2606 606 2661 usque
630 2589 691 2643 in
720 2589 922 2657 finem,
952 2589 1073 2661 ipse
1101 2588 1287 2643 salvus
1316 2587 1443 2643 erit.
1482 2588 1587 2643 Ubi
1627 2587 1750 2658 jam

132 2680 195 2734 ad
212 2681 387 2738 ﬁnem
408 2684 542 2739 vitae
571 2681 728 2738 venit
747 2685 1010 2738 sanetum
1040 2682 1091 2753 ej
1101 2699 1164 2737 us
1184 2682 1604 2753 corpusculum,
1634 2682 1753 2736 lon-

1854 1951 1984 1989 rosa
2006 1938 2065 1989 et
2084 1933 2265 1988 lilium
2298 1933 2584 2005 fulgebat;
2612 1933 2691 1987 ita
2720 1934 3091 1987 tremefactus
3117 1936 3203 1987 est
3226 1950 3291 1987 ac
3331 1934 3488 1986 metu

1854 2045 2180 2093 concussus,
2224 2031 2505 2099 tanquam
2537 2027 2581 2080 si
2613 2030 2746 2081 ante
2780 2026 3146 2098 praesentiam
3174 2026 3358 2081 beatae
3388 2043 3484 2097 ge-

1854 2122 2075 2176 nitricis
2119 2120 2347 2176 Domini
2386 2121 2643 2175 adstaret
2688 2121 2927 2175 devotus
2974 2119 3060 2173 vir
3101 2121 3218 2174 Deo
3260 2120 3485 2190 plenus.

1853 2215 2270 2287 Expectabatur
2296 2213 2551 2286 pontifex
2579 2214 2688 2269 loci
2719 2217 2782 2268 ut
2807 2230 2936 2268 eam
2962 2229 3094 2267 cum
3118 2213 3295 2283 digno
3322 2229 3483 2284 sepe-

1854 2309 1983 2364 liret
2002 2310 2244 2364 honore.
2259 2310 2399 2363 Tota
2420 2307 2797 2379 congregatio
2811 2307 2960 2362 circa
2980 2306 3103 2377 ejus
3121 2309 3315 2361 torum
3330 2310 3487 2361 stans

1852 2403 2161 2474 psallebat;
2187 2401 2281 2456 ubi
2312 2402 2678 2473 psallentium
2708 2402 2793 2455 vel
2817 2402 3113 2473 paululum
3136 2399 3484 2471 quiescebat,

1854 2496 2231 2551 intolerabilis
2250 2496 2515 2568 planctus
2535 2496 2756 2550 aderat.
2779 2494 2989 2549 Triduo
3036 2497 3364 2566 expectatus
3403 2497 3489 2548 est

1851 2590 2132 2663 pontifex,
2161 2589 2299 2661 quia
2324 2589 2477 2644 vicos
2507 2589 2916 2655 circumiebat;
2946 2588 3047 2642 sed
3070 2588 3202 2659 quia
3239 2603 3357 2642 non
3398 2603 3489 2641 ve-

1856 2684 1957 2751 nit,
1988 2683 2348 2755 supradictus
2371 2683 2457 2738 vir
2475 2683 2822 2755 apostolicus
2848 2682 2919 2738 de
2942 2682 3178 2737 caritate
3201 2682 3335 2736 ﬁsus
3354 2681 3489 2753 quia

130 2790 256 2845 gum
284 2778 525 2832 trahens
546 2776 889 2849 martyrium
920 2792 1024 2848 pro
1051 2792 1249 2831 amore
1268 2766 1559 2842 ‘Domini;
1597 2774 1753 2829 beati
1846 2779 2093 2849 perfecta
2117 2780 2318 2833 caritas
2341 2780 2495 2846 farus
2535 2780 2708 2832 mittit
2742 2779 2984 2832 timorem
3023 2776 3073 2846 (Ι
3099 2779 3254 2831 Joan.
3295 2775 3391 2845 Iv),
3429 2774 3487 2829 in

131 2867 328 2938 [forsan
350 2871 538 2926 beatae
561 2872 623 2927 id
649 2876 726 2927 est
744 2870 1037 2941 Moniales]
1061 2886 1266 2925 omnes
1286 2868 1623 2940 congregati
1641 2869 1753 2922 lue-

132 2962 280 3018 tuose
299 2964 451 3020 circa
472 2965 598 3036 ejus
616 2966 849 3020 thorum
869 2964 1076 3019 ﬂentes
1095 2966 1155 3019 et
1183 2963 1232 3034 ej
1243 2964 1485 3029 ulantes,
1517 2964 1751 3034 pectora

133 3054 275 3111 duris
304 3059 515 3131 pugnis
541 3062 599 3114 et
620 3058 907 3130 lapidibus
927 3058 1222 3125 ferientes,
1244 3073 1412 3113 voces
1446 3056 1520 3111 ad
1549 3057 1750 3112 caelum

134 3148 331 3207 dabant
347 3154 668 3208 clamantes
683 3168 749 3208 ac
770 3151 1028 3208 dicentes
1044 3168 1059 3207 :
1089 3150 1433 3219 Domine,ne
1450 3149 1751 3221 permittas

1853 2872 2091 2926 Basilica
2122 2875 2331 2926 sanctw
2360 2870 2546 2927 Mariae
2580 2870 2642 2943 (e)
2686 2870 2924 2925 nomine
2966 2869 3216 2935 condita,
3259 2868 3357 2922 ubi
3394 2886 3483 2923 sa-

1853 2982 1948 3021 cra
1966 2966 2256 3037 virginum
2282 2982 2524 3037 corpora
2546 2965 2615 3019 de
2638 2963 2989 3020 monasterio
3015 2980 3117 3018 suo
3136 2962 3481 3029 conduntur,

1853 3076 1983 3116 eam
2010 3077 2139 3116 cum
2162 3059 2338 3131 digno
2370 3058 2628 3131 sepelivit
2658 3059 2899 3114 honore.

1923 3158 2012 3209 28.
2048 3155 2197 3208 Dum
2229 3154 2333 3207 sub
2374 3169 2541 3207 muro
2571 3169 2701 3207 cum
2727 3150 3033 3225 psallentio
3065 3153 3326 3205 sanctum
3364 3150 3487 3221 ejus

143 3201 331 3207 ,,____
351 3201 664 3208 --____-_
685 3201 747 3208 _-
775 3201 1024 3208 __---_--_
1045 3201 1058 3207 -
1090 3201 1428 3219 _-__-,__-
1452 3201 1480 3221 τ
1926 3201 2012 3209 η,
2048 3201 2197 3208 ___-_
2229 3201 2329 3207 η.
2374 3201 2537 3207 _--___
2575 3201 2701 3207 η..
2727 3201 3028 3225 ,-___-__-_-
3066 3201 3326 3205 _w__--____
3372 3201 3484 3221 ,δη

135 3259 227 3299 nos
245 3248 360 3301 tam
382 3263 558 3318 grave
574 3246 854 3301 damnum
868 3245 1010 3317 pati;
1027 3246 1225 3300 lumen
1238 3246 1499 3300 nostrum
1519 3242 1747 3315 recipis,
1772 3201 1827 3276 Ο
1851 3264 2059 3319 corpus
2096 3250 2441 3320 portaretur,
2472 3246 2605 3318 quia
2634 3246 2961 3301 instituerat
2990 3248 3053 3300 ut
3095 3245 3253 3299 nulla
3295 3245 3489 3300 vivens

134 3352 228 3392 nos
256 3356 353 3395 cur
375 3340 435 3396 in
468 3340 724 3396 tenebris
747 3339 1028 3411 relinquis
1046 3339 1074 3393 ‘I
1100 3340 1169 3393 Et
1185 3338 1318 3411 quia
1341 3337 1441 3393 illa
1470 3336 1749 3412 quidquid
1850 3342 2005 3397 foras
2044 3341 2380 3397 monasterii
2395 3341 2639 3412 januam
2672 3341 3049 3413 egrederetur
3073 3339 3173 3411 (εἰ),
3204 3342 3327 3395 tota
3350 3355 3486 3395 con-

133 3431 481 3501 potissimum
502 3435 694 3490 facere
715 3432 913 3502 voluit,
938 3449 1169 3505 semper
1189 3431 1283 3487 die
1298 3431 1505 3488 natalis
1524 3430 1750 3487 Domini
1853 3435 2115 3507 gregatio
2146 3452 2319 3507 supra
2346 3451 2579 3490 murum
2612 3436 2958 3503 lamentans,
3010 3435 3092 3490 ita
3120 3437 3185 3489 ut
3228 3435 3488 3507 planctus

136 3523 307 3582 facere
343 3528 541 3601 elegit,
574 3528 857 3600 gloriosus
894 3527 1169 3583 transitus
1207 3526 1331 3598 ejus
1365 3526 1443 3581 sic
1487 3524 1748 3597 contigit,
1852 3544 2052 3584 earum
2088 3530 2386 3601 superaret
2429 3528 2618 3600 ipsum
2671 3529 3062 3600 psallentium,
3123 3544 3228 3598 pro
3265 3527 3488 3598 psalmo

136 3617 264 3674 Nam
292 3626 496 3694 quarta
520 3622 667 3677 feria
686 3638 861 3677 mane
888 3621 1079 3693 primo
1098 3621 1225 3676 idus
1248 3621 1554 3692 Augustas,
1596 3617 1751 3691 quod
1851 3624 2157 3694 laerymas,
2179 3639 2284 3693 pro
2311 3621 2532 3677 cantico
2554 3622 2863 3693 mugitum,
2888 3621 2946 3676 et
2966 3620 3249 3691 gemitum
3277 3636 3382 3691 pro
3405 3621 3487 3674 al-

138 3710 258 3768 fecit
274 3714 425 3771 idem
438 3716 657 3771 mensis
670 3715 791 3770 dies
807 3732 905 3771 xm
920 3715 1017 3787 (α),
1036 3713 1210 3769 clausi
1223 3716 1355 3769 sunt
1368 3714 1417 3785 ej
1427 3730 1489 3767 us
1515 3712 1665 3768 oculi
1679 3712 1749 3784 (b)
1851 3716 2024 3771 leluia
2044 3716 2107 3787 (e)
2120 3715 2463 3770 reddebant.
2488 3716 2858 3786 Rogaverunt
2886 3715 3186 3769 desursum
3207 3716 3273 3767 ut
3292 3712 3492 3767 subtus

142 3808 191 3859 et
209 3808 490 3865 obscurati
510 3814 645 3865 sunt
664 3810 866 3865 nostri.
896 3810 990 3863 Vae
1018 3808 1183 3864 nobis
1214 3808 1349 3880 quia
1368 3807 1748 3879 peccavimus,
1853 3812 2071 3864 turrem
2096 3811 2503 3881 repausaretur
2522 3808 2803 3862 feretrum
2822 3808 2880 3862 in
2906 3824 3018 3879 quo
3030 3806 3201 3861 beata
3216 3805 3489 3877 portaba-

143 3898 393 3960 afﬂictum
420 3907 509 3959 est
530 3904 727 3959 dolore
755 3920 854 3958 cor
870 3905 1153 3971 nostrum,
1182 3901 1441 3957 ﬂevimus
1488 3904 1546 3956 et
1585 3901 1749 3972 plan-
1852 3910 1963 3977 tur,
2002 3907 2252 3979 graviter
2296 3906 2646 3963 sustinentes
2698 3906 2821 3976 ejus
2870 3904 3208 3959 absentiam.
3267 3902 3381 3959 Sed
3429 3906 3494 3959 ut

142 3992 328 4065 BimuS,
367 3997 523 4070 (Ιηοά
555 3996 767 4052 diutius
796 4014 912 4051 una
939 4013 1044 4051 n03
1072 4000 1129 4051 te
1154 3997 1369 4052 habere
1394 4014 1512 4053 non
1536 3996 1748 4052 meI‘Ui'-
1853 4019 2018 4058 suam
2049 4002 2281 4056 fidelem
2310 4001 2589 4056 Dominus
2618 4000 2940 4055 declararet
2962 3999 3021 4053 in
3044 3997 3235 4053 medio
3269 3996 3488 4069 populi,

142 4100 267 4144 mus.
285 4092 475 4163 Ipsum
502 4109 676 4147 mane
698 4091 796 4146 ubi
818 4090 985 4146 nobis
1008 4093 1233 4145 tantum
1250 4093 1468 4147 malum
1487 4091 1749 4163 contigit,
1781 4165 1789 4172 _
1852 4097 1934 4151 ibi
1953 4096 2093 4152 dum
2124 4099 2467 4168 pausaretur
2493 4096 2759 4150 sanctum
2790 4109 3016 4165 corpus,
3044 4107 3259 4147 caecum
3279 4091 3489 4147 illumi-

144 4178 228 4265 ubi
251 4200 358 4240 una
375 4203 504 4255 vox,
526 4203 674 4240 unus
687 4186 970 4257 planctus,
990 4202 1136 4240 unus
1149 4186 1368 4241 clamor
1389 4187 1557 4241 caalos
1569 4202 1748 4257 pene-
1854 4190 2034 4245 navit:
2054 4190 2152 4261 qui
2171 4189 2366 4245 multis
2390 4189 2557 4244 annis
2571 4190 2758 4244 lucem
2771 4187 2886 4242 diei
2908 4203 3025 4243 non
3039 4185 3282 4254 viderat,
3295 4187 3492 4241 lumen

142 4275 343 4347 trahat;
369 4279 641 4352 lapidarii
661 4278 757 4351 qui
780 4279 839 4334 in
860 4280 1062 4335 monte
1092 4280 1502 4351 operabantur,
1532 4280 1592 4333 in
1617 4296 1751 4335 aere
1853 4284 2100 4357 recepit;
2131 4284 2228 4357 qui
2250 4284 2325 4340 ad
2346 4301 2551 4340 manus
2573 4286 2787 4339 tractus
2802 4283 3198 4353 venerat,post
3217 4281 3496 4335 feretrum

143 4372 429 4431 audierunt
459 4378 732 4448 angelum
758 4376 861 4430 Dei
889 4376 1259 4447 loquentem;
1303 4393 1451 4431 unus
1492 4376 1636 4431 dixit
1681 4376 1753 4431 ad
1855 4380 2011 4435 nullo
2048 4383 2404 4436 sustentante
2454 4379 2673 4447 videns,
2717 4381 2997 4450 tanquam
3044 4375 3088 4429 si
3135 4375 3357 4430 nullum
3400 4373 3498 4429 ha-

142 4464 291 4523 alios:
320 4470 457 4542 quid
483 4469 715 4525 facitis?
748 4469 1020 4525 dimittite
1052 4486 1183 4525 eam
1218 4470 1443 4539 adhuc;
1496 4470 1632 4543 quia
1664 4470 1753 4525 hac
1854 4473 2069 4529 buisset
2096 4474 2355 4529 laborem
2383 4475 2701 4541 oculorum,
2745 4472 2817 4527 ad
2866 4472 3127 4527 sanctum
3168 4469 3494 4541 sepulcrum

145 4572 291 4616 voces
323 4565 395 4619 ad
441 4564 669 4620 Domini
706 4567 1096 4635 pervenerunt
1148 4581 1334 4619 aures.
1380 4563 1607 4636 Angeli,
1662 4564 1759 4635 qui
1778 4577 1838 4651 D
1862 4568 2021 4635 abiit,
2052 4570 2110 4620 et
2136 4584 2314 4638 usque
2338 4567 2516 4622 hodie
2541 4569 2693 4622 clare
2720 4565 2895 4621 videt.

145 4667 260 4710 eam
285 4658 568 4727 ferebant,
589 4658 1006 4730 respondentes
1034 4658 1300 4713 dixerunt
1330 4674 1343 4712 :
1379 4660 1507 4713 Jam
1540 4658 1756 4713 factum
1928 4664 2015 4715 29.
2047 4660 2125 4713 Ne
2166 4660 2642 4730 prmtermittatur
2686 4663 2743 4714 et
2789 4659 2943 4715 aliud
2994 4658 3356 4716 miraculum.
3392 4657 3496 4713 Ubi

147 4750 236 4802 est.
266 4750 405 4815 Quid
428 4752 745 4809 faciemus?
768 4753 926 4807 [llam
948 4752 1165 4824 recepit
1186 4751 1505 4823 paradisus,
1528 4751 1625 4807 ubi
1639 4752 1757 4823 glo—
1857 4770 1984 4809 eam
2024 4752 2284 4824 sepelivit
2311 4752 2674 4823 supradictus
2715 4754 3037 4827 episcopus,
3073 4752 3496 4827 coopertorium

146 4839 308 4899 riatur
330 4863 462 4902 cum
488 4848 753 4904 Domino.
782 4847 1081 4904 Credimus
1124 4846 1278 4919 quod
1308 4862 1415 4902 nos
1440 4862 1556 4901 non
1585 4845 1657 4900 de
1694 4864 1755 4902 se
1858 4865 1975 4903 non
2000 4846 2211 4918 posuit,
2241 4848 2555 4916 antequam
2576 4845 2837 4917 pontifex
2866 4848 2975 4903 loci
3009 4847 3248 4903 veniret.
3276 4847 3491 4902 Libera:

148 4944 372 5009 separat,
406 4958 531 5014 quae
553 4958 612 4997 se
643 4941 697 4997 ei
724 4941 951 5013 placere
984 4941 1163 4997 voluit
1196 4956 1327 4995 cum
1376 4957 1492 5013 quo
1527 4944 1750 5011 regnat.
1860 4959 1984 5014 quas
2010 4943 2143 4995 ante
2173 4956 2301 4995 eam
2328 4954 2526 4994 cereos
2555 4943 2952 5011 portaverunt,
2981 4945 3119 4997 totas
3144 4941 3203 4996 in
3235 4958 3376 5015 gyro
3406 4958 3492 4997 sen

210 5098 277 5171 (ᾳ)
305 5102 518 5167 Quarta
555 5102 701 5158 feria
725 5102 1013 5159 Christum
1044 5103 1356 5158 Dominum
1388 5104 1591 5158 natum
1630 5120 1753 5159 esse

150 5166 417 5246 Cedrenus
434 5179 492 5229 et
508 5174 782 5231 Maximus
810 5175 1119 5230 Monachus
1145 5191 1308 5246 asque
1336 5175 1751 5245 existimarunt,

150 5241 204 5291 ut
219 5240 464 5317 Scaliger
490 5246 588 5301 lib.
612 5262 668 5301 v1
699 5246 770 5300 de
812 5247 1103 5302 emendat.
1144 5240 1323 5317 temp.
1358 5246 1455 5300 ubi
1491 5246 1561 5300 de
1599 5240 1753 5302 anno

154 5262 204 5291 ut
219 5262 355 5299 acau
402 5263 464 5300 er
492 5262 588 5301 ιω.
612 5262 668 5301 Ἦ
699 5262 770 5300 ue
812 5262 965 5302 emet

154 5314 335 5385 natalis
356 5262 602 5385 gemini,
627 5317 965 5373 observavit.

212 5383 291 5459 (b)_
314 5383 616 5459 Gregorius
636 5388 983 5444 Turonensis
1006 5387 1105 5443 lib.
1134 5406 1188 5445 1x
1213 5405 1261 5443 c.
1296 5391 1348 5455 2,
1379 5388 1603 5444 obitum
1630 5407 1756 5445 san-

264 5454 629 5531 Radegundis
647 5459 831 5530 illigat
857 5477 1010 5515 anno
1040 5454 1387 5516 duodecimo
1420 5460 1574 5531 regis
1599 5462 1753 5516 Chil-

154 5520 369 5609 deberti,
400 5520 843 5609 (fui_resp_c)ndet
876 5549 1030 5609 anno
1073 5532 1280 5588 Christi
1321 5548 1373 5586 ι).
1405 5520 1609 5600 fovu,
1639 5549 1753 5603 quo

154 5591 690 5658 dominica-litterati
715 5604 1000 5659 currebat.

1930 5103 2011 5181 (d)_
2033 5103 2249 5181 Nempe
2266 5101 2429 5173 juxta
2443 5099 2719 5181 regulam
2748 5116 2921 5170 quam
2961 5104 3190 5181 sanctus
3222 5098 3496 5181 Caesarius

1854 5169 2202 5246 monialibus
2229 5169 2596 5246 presseripsit:
2623 5169 2780 5246 Nam
2803 5169 3290 5246 recapitulationis
3321 5174 3491 5246 Artic.

1857 5264 1873 5301 ι
1917 5245 2114 5301 statuit
2150 5249 2212 5300 ut
2229 5242 2387 5299 nulla
2412 5259 2479 5297 ea:
2509 5242 2656 5297 vobis
2684 5257 2850 5313 usque
2876 5242 2951 5296 ad
2975 5248 3197 5299 mortem
3235 5259 3389 5300 suam
3430 5244 3497 5299 de

1854 5318 2178 5390 monasterio
2205 5312 2611 5390 egredt,_uelgde
2638 5312 2775 5390 ipsa
2794 5314 3017 5390 basilico
3043 5316 3101 5367 in
3138 5330 3248 5383 qua
3263 5314 3493 5390 januam

1856 5389 2086 5454 habetis,
2116 5392 2229 5457 aut.
2250 5388 2621 5459 permittatur,
2651 5389 2749 5440 aut
2784 5400 2885 5456 per
2919 5386 3150 5454 seipsam
3196 5386 3493 5455 praesumat

1856 5476 2022 5516 extre.

1930 5531 1995 5604 (e)
2022 5531 2178 5585 Hanc
2204 5529 2417 5604 laetitia
2447 5545 2646 5604 vocem
2667 5524 3055 5604 qtlcluiaplim
3096 5526 3155 5604 in
3198 5523 3493 5604 Exsequiis

1855 5595 2195 5675 usurpatam
2209 5601 2334 5673 jam
2357 5601 2656 5657 annotavit
2678 5596 2979 5675 Menardus
2996 5600 3191 5675 noster
3206 5595 3497 5675 inlibrum

215 5666 286 5744 (c)_
302 5674 360 5727 In
397 5674 557 5730 illam
597 5674 893 5730 basilicam
931 5674 1106 5730 modo
1146 5678 1357 5730 sanctae
1382 5672 1756 5744 Radegundis
1857 5665 2577 5744 sacramentorum:un
2599 5687 2793 5744 vocem
2808 5669 3092 5744 praecipue
3114 5668 3172 5744 in
3199 5665 3496 5744 funeribus

154 5738 350 5820 nomini
377 5745 629 5820 dicatam
659 5745 967 5817 collegium
996 5746 1409 5820 canonicorum
1438 5738 1708 5820 successit
1738 5763 1752 5802 :
1857 5745 2220 5820 sacerdotum
2246 5738 2439 5803 Graeci"
2452 5738 3067 5818 saepiusinge'minant,
3091 5742 3154 5798 ut
3179 5738 3402 5795 constat
3427 5751 3495 5793 ex

157 5808 255 5867 alia
271 5829 395 5892 vero
420 5816 587 5892 titulo
618 5808 839 5892 sancta:
862 5817 1046 5892 erucis
1072 5816 1350 5889 insignita
1396 5815 1687 5892 hodieque
1724 5835 1758 5873 a
1861 5816 2234 5888 Euchologio.

160 5886 664 5948 sanctimonialibus
696 5888 1080 5948 Benedictinis
1101 5886 1432 5964 occupatur.
