4006 6238
162 326 246 379 681

1628 315 1913 373 NOTITIA.

3406 326 3508 379 682

222 426 468 485 Dominis
494 427 723 493 sanctis,
746 431 803 481 et
826 426 1140 498 apostolica
1171 426 1306 480 sede
1339 424 1696 496 dignissimis
1714 424 1773 478 in
1793 436 1853 510 Α
1872 439 2070 495 prome
2092 423 2304 478 mentis
2316 423 2503 480 studio
2526 424 2788 496 cogitans
2813 426 2990 481 etiam
3016 426 3088 481 de
3109 426 3353 484 aliarum
3373 446 3507 501 pro-

160 524 366 582 Christo
409 521 685 593 patribus,
743 521 1010 576 omnibus
1065 519 1346 592 episcopis
1403 518 1773 590 Radegundis

159 612 444 687 peccatrix.

221 710 491 776 Congrum
521 704 861 775 provisionis
880 708 1016 759 tunc
1034 702 1378 758 rohoraliter
1398 701 1473 756 ad
1501 700 1770 756 effectum

159 800 326 857 tendit
344 798 658 866 exordium,
677 815 808 853 cum
825 797 1193 869 generalibus
1205 796 1484 868 patribus,
1510 794 1779 861 medicis;

159 913 216 950 ac
252 893 588 965 pastoribus,
631 892 791 947 ovilis
832 892 939 947 sibi
982 891 1273 946 commissi
1312 906 1484 945 causa
1539 888 1772 943 auribus

159 988 402 1054 traditur,
426 1002 745 1057 eorumque
766 986 1025 1040 sensibus
1054 984 1770 1054 commendatur,quorum

158 1080 497 1154 participatio
530 1080 601 1135 de
624 1080 903 1135 charitate
927 1079 1254 1146 consilium,
1275 1078 1345 1133 de
1364 1079 1649 1149 potestate
1663 1076 1773 1130 suf-

157 1175 485 1246 fragium,de
509 1174 768 1230 oratione
789 1173 1118 1228 ministrare
1138 1171 1770 1244 poteritinterventum.

154 1272 213 1324 Et
236 1268 506 1340 quoniam
534 1268 671 1323 olim
698 1267 896 1322 vinclis
938 1266 1230 1322 laicalibus
1274 1266 1555 1333 absoluta,
1580 1265 1774 1320 divina

155 1362 471 1435 providente
489 1361 876 1433 etinspirante
895 1361 1226 1429 clementia,
1242 1360 1317 1415 ad
1337 1359 1632 1431 religionis
1645 1376 1775 1414 nor-

153 1473 295 1511 mam
310 1456 426 1511 visa
450 1472 580 1511 sum
606 1455 927 1511 voluntarie
956 1455 1099 1511 duce
1127 1454 1350 1511 Christo
1374 1454 1677 1521 translata;
1707 1470 1773 1509 ac

214 1602 237 1630 ⁸
260 1604 431 1659 Soror
457 1601 643 1657 sancti
663 1600 926 1656 Caesarii:
963 1603 1063 1654 aut
1090 1601 1243 1653 certe
1258 1598 1459 1669 junior
1483 1599 1685 1664 altera,
1729 1598 1772 1653 si

150 1678 282 1745 degit
301 1677 475 1744 legas.
493 1676 626 1728 Duas
644 1672 928 1743 siquidem
950 1672 999 1741 ej
1009 1670 1479 1745 usdemAnominis
1492 1673 1549 1723 et
1568 1686 1772 1725 mune-

150 1741 228 1801 ris
252 1741 510 1802 Caes—ariae
549 1741 802 1798 fuerunt.
837 1745 960 1798 Una
988 1742 1167 1796 sancti
1195 1741 1424 1795 Caesarii
1468 1756 1771 1809 germana,

149 1834 311 1899 quam
340 1816 619 1899 Caesarius
640 1816 820 1896 frater
841 1814 1073 1899 condito
1092 1830 1123 1867 a
1145 1829 1204 1867 se
1226 1812 1580 1899 monasterio
1603 1812 1774 1893 abba-

148 1883 331 1943 tissam
350 1887 631 1960 praefecit,
666 1886 834 1960 eique
865 1886 1149 1960 regulam,
1184 1884 1289 1938 sub
1331 1900 1444 1954 qua
1489 1900 1621 1960 cum
1659 1883 1774 1937 suis

148 1954 369 2027 viveret,
410 1958 677 2013 instituit.
708 1954 999 2012 Posterior
1038 1957 1239 2023 altera,
1279 1971 1408 2026 quae
1447 1954 1647 2025 priori,
1688 1971 1774 2008 su-

1874 517 2141 585 fectibus,
2176 520 2239 572 ut
2271 522 2569 573 annuente
2594 519 2834 575 domino
2859 537 2992 575 mea
3009 520 3297 577 desideria
3321 523 3509 579 efﬁce-

1872 615 2074 666 rentur
2098 612 2333 683 reliquis
2347 614 2668 684 profutura,
2691 614 3026 670 instituente
3049 618 3222 687 atque
3243 633 3509 672 remune-

1871 708 2037 760 rante
2062 707 2591 776 praecellentissimo
2618 708 2836 764 domno
2858 726 2995 779 rege
3016 710 3286 779 Clotario,
3310 727 3509 766 mona-

1873 799 2111 853 sterium
2130 800 2452 869 puellarum
2468 801 2696 856 Pictava
2715 803 2855 857 urbe
2877 803 3166 871 constitui,
3189 804 3510 860 conditum-

1873 909 2005 964 que,
2038 896 2318 963 quantum
2337 894 2895 950 mihimuniﬁcentia
2924 897 3137 968 regalis
3164 901 3251 952 est
3274 898 3504 969 largita,

1871 987 2025 1042 facta
2049 986 2363 1042 donatione
2396 988 2608 1043 dotavi.
2650 990 2885 1061 Insuper
2923 991 3362 1062 congregationi
3404 1008 3508 1063 per

1874 1096 1970 1134 me
2006 1079 2230 1136 Christo
2268 1084 2575 1152 praestante
2615 1084 2867 1138 collectae
2908 1085 3203 1155 regulam,
3247 1085 3350 1139 sub
3394 1101 3509 1157 qua

1874 1177 2071 1229 sancta
2099 1174 2344 1230 Cmsaria
2370 1174 2625 1245 deguit‘,
2650 1180 2758 1231 etc.

1944 1270 2173 1339 Reliqua
2218 1269 2419 1324 videsis
2474 1274 2597 1324 tom.
2643 1271 2880 1339 praeced.
2924 1274 3024 1327 col.
3079 1274 3203 1336 522,
3251 1273 3347 1326 ubi
3399 1272 3509 1328 haec

1874 1363 2103 1433 epistola
2129 1380 2163 1417 α
2189 1362 2442 1431 Gregorio
2474 1365 2775 1418 Turonensi
2798 1368 3056 1432 refertur.

1874 1599 2109 1671 perstite
2136 1598 2323 1671 adhuc
2349 1599 2593 1656 Ctesario
2622 1599 2926 1667 defunctae,
2958 1600 3013 1653 in
3044 1600 3344 1655 abbatissae
3380 1619 3505 1658 mu-

1876 1687 2013 1723 nere
2040 1670 2328 1738 successit,
2356 1675 2418 1725 ut
2438 1674 2637 1726 auctor
2656 1674 2741 1724 est
2761 1671 3076 1742 Cyprianus
3096 1671 3156 1725 in
3182 1672 3307 1727 Vita
3328 1675 3509 1728 sancti

1876 1742 2125 1814 Caesarii,
2152 1742 2605 1814 quamCeesariaa
2626 1742 2794 1812 hujus
2822 1746 3029 1813 rogatu
3056 1744 3396 1814 composuit.
3424 1746 3508 1799 Ab

1878 1813 1981 1867 hac
2012 1812 2219 1885 eadem
2234 1812 2606 1884 Radegundis
2630 1814 2893 1885 regulam
2904 1812 3154 1882 Caesarii,
3184 1812 3358 1885 quam
3383 1833 3506 1871 mo-

1877 1884 2123 1939 nasterio
2155 1900 2257 1938 suo
2280 1885 2556 1951 traderet,
2586 1884 2818 1955 expetit.
2844 1886 2963 1941 Jac.
2997 1886 3151 1941 Sum.

616 2268 1595 2398 DECRETUM
1732 2260 3046 2426 EPISCOPORUM,

738 2494 904 2549 QUOD
950 2493 1257 2540 SUSCEPTA
1298 2492 1515 2538 ΒΕΑΤιΕ
1554 2490 1945 2537 RADEGUNDIS
1989 2491 2292 2538 EPISTOLA
2337 2491 2898 2538 CONSCRIPSERUNT.

207 2634 463 2690 Domina:
494 2634 865 2705 beatissimae,
886 2639 944 2691 et
990 2636 1050 2690 in
1099 2634 1320 2690 Christo
1360 2633 1612 2689 ecclesiae
1642 2632 1771 2689 ﬁliae
1790 2647 1847 2719 Β
1870 2650 2084 2689 mensas
2105 2633 2416 2690 divinitatis
2447 2633 2744 2705 provisura
2766 2633 3047 2702 remedia,
3071 2636 3178 2689 etc.

142 2728 505 2800 Radegundi,
545 2730 937 2801 Euphronius,
990 2732 1383 2798 Praetextatus,
1425 2730 1769 2795 Germanus,

143 2822 741 2893 Felix,Domitiannus,
766 2823 1043 2879 Victorius
1064 2827 1124 2878 et
1136 2825 1475 2892 Domnolus,
1499 2820 1769 2894 episcopi.

204 2916 454 2972 Sollicita
471 2921 605 2973 sunt
624 2917 846 2988 jugiter
872 2917 1023 2973 circa
1064 2934 1246 2988 genus
1285 2918 1614 2973 humanum
1659 2918 1769 2972 im-

1942 2730 2171 2799 Reliqua
2198 2729 2399 2784 videsis
2429 2730 2585 2797 Greg.
2616 2719 2817 2784 Turon.
2867 2729 2961 2783 lib.
2998 2744 3072 2793 ιχ,
3117 2745 3237 2799 cap.
3278 2731 3368 2798 39,
3400 2729 3501 2784 col.

1875 2825 1976 2877 5l6
1996 2827 2122 2879 tom.
2144 2823 2382 2893 praeced.

139 3070 3495 3105 ω

1292 3246 1459 3291 ΔΝΝο
1506 3245 1721 3291 DOle
1770 3244 2337 3291 DLXXIII-DLXXVII.

534 3390 2032 3596 BENEDICTUS
2186 3390 2820 3590 PAPA
2978 3392 3125 3593 Ι.

834 3854 1297 3944 NOTITIA
1385 3857 1530 3943 EX
1617 3857 1956 3944 LIBRO
2047 3830 2799 3943 PONTIFICALI.

199 4130 577 4228 l_3_enedictus'I
601 4135 838 4192 natione
856 4136 1151 4193 Romanus
1163 4155 1229 4194 ex
1254 4142 1417 4211 patre
1440 4138 1755 4209 Bonifacio,
1779 4152 1833 4228 ρ
1861 4136 2088 4211 eodem]
2126 4140 2387 4209 tempore
2430 4151 2575 4207 gens
2600 4132 3151 4206 Langobardorumc
3186 4131 3393 4188 invasit
3417 4137 3500 4189 to-

132 4224 269 4279 sedit
297 4244 485 4283 annos
514 4228 542 4268 ι)
567 4232 815 4300 quatuor
835 4230 932 4303 (a),
959 4248 1223 4287 mensem
1267 4250 1466 4301 unum,
1510 4232 1632 4288 dies
1673 4232 1753 4287 vi—

129 4316 262 4386 ginti
295 4324 425 4377 octo
458 4321 611 4393 [Cod.
642 4327 792 4389 Luc.,
835 4325 1089 4399 novem].
1124 4326 1393 4398 Ejusdem
1426 4326 1575 4399 [Cod.
1606 4330 1754 4390 Luc.,

1856 4234 1978 4287 tam
1992 4230 2235 4301 Italiam,
2256 4230 2539 4303 simulque
2561 4232 2620 4287 et
2640 4231 2822 4285 fames
2842 4227 3041 4296 nimia,
3065 4230 3128 4282 ut
3152 4228 3325 4283 etiam
3349 4230 3496 4284 mul-

1856 4326 2042 4382 titudo
2064 4329 2383 4382 castrorum
2408 4342 2467 4382 se
2493 4324 2747 4382 traderet
2766 4322 3179 4396 Langobardis,
3200 4325 3263 4377 ut
3274 4326 3496 4395 tempe-

1418 4483 1614 4539 ΝΟΤᾸΞ
1652 4483 1964 4539 SEVERINI
2006 4484 2187 4539 ΒΙΝΙΙ.

184 4593 209 4624 ⁸
234 4591 375 4645 Cum
396 4592 663 4650 Romana
693 4595 859 4652 sedes
889 4597 962 4652 ob
992 4600 1271 4654 tumultus
1291 4599 1523 4656 bellicos
1556 4617 1749 4656 vacas-

122 4661 201 4743 set
236 4677 469 4743 menses
503 4664 700 4720 decem
739 4672 797 4743 et
837 4672 953 4722 tres
982 4669 1123 4740 dies,
1171 4671 1529 4741 Benedictus,
1578 4689 1752 4743 quem

122 4728 291 4813 graeci
316 4734 609 4813 Bonosum
623 4739 946 4813 nominant,
962 4728 1186 4795 creatus
1199 4747 1286 4796 est
1296 4728 1555 4813 pontifex
1572 4728 1665 4798 die
1687 4748 1751 4799 16

118 4799 259 4887 ξιίδὶἱ,
285 4799 1094 4887 εξηυοβὴτὶδζίίἱθᾶθωρῐοτῇξ
1110 4817 1233 4887 573.
1264 4799 1442 4884 Hujus
1487 4819 1752 4887 tempore

119 4869 477 4957 Langobardi
498 4880 752 4935 maxima
771 4899 837 4957 ex
857 4869 1019 4953 parte
1041 4884 1329 4939 idolorum
1346 4869 1629 4941 'cultores.‘
1656 4869 1755 4941 Ec-

119 4942 350 5024 clesiam
379 4948 509 5002 dira
534 4942 932 5020 persecutione
949 4959 1247 5024 vexarunt,
1271 4957 1397 5011 loca
1416 4975 1577 5012 sacra
1592 4958 1754 5012 effos-

118 5022 537 5099 sissanctorurn
550 5026 869 5099 martyrum
893 5027 1163 5099 sepulcris
1183 5022 1582 5099 profanarunt,
1613 5029 1751 5083 aedi-

118 5084 237 5165 ﬁcia
258 5089 317 5143 in
339 5090 631 5165 suburbiis
652 5084 850 5149 Romae
878 5084 1204 5165 dir-uerunt,
1246 5103 1509 5154 sanctum
1549 5084 1754 5156 Cerbe-

120 5161 272 5244 uium
285 5161 624 5244 episcopum
636 5181 764 5219 cum
777 5167 891 5220 suis
904 5168 1122 5244 clericis
1134 5161 1464 5244 in'exsilium
1480 5172 1756 5243 fugarunt

121 5232 409 5301 octoginta
422 5232 935 5312 rusticos,quo_rum
950 5241 1336 5312 quadraginta
1362 5232 1754 5298 immolatitias

119 5314 315 5382 carnes
346 5306 676 5382 comedere,
706 5306 808 5382 alii
839 5306 1012 5381 caput
1039 5306 1226 5382 caprae
1248 5312 1490 5368 adorare
1527 5331 1751 5368 recusa-

118 5368 286 5454 hant,_
301 5376 584 5455 supplicio
612 5368 815 5455 mortis
840 5368 1175 5455 affecerunt.
1210 5385 1324 5455 Hac
1354 5386 1754 5455 persecutione

119 5457 184 5495 ea
211 5448 495 5527 miracula
534 5450 903 5527 contigerunt
927 5470 1055 5527 quae
1104 5454 1162 5507 in
1193 5448 1371 5527 libris.
1391 5457 1755 5527 dialogorum

118 5520 492 5597 recensentur
503 5520 662 5597 apud
673 5520 1307 5597 eumdem—Gregorium
1329 5526 1398 5581 de
1418 5520 1614 5581 sancto
1630 5530 1758 5584 Cer-

118 5582 604 5677 boniogepiscppo,
630 5592 890 5677 Santulo,
917 5582 1163 5677 aliisqu
1182 5598 1555 5677 presbyteris.
1582 5582 1752 5677 Justi-

118 5664 553 5741 nusirnperator
560 5665 929 5741 _An_ast_asiun_1
943 5664 1387 5741 Antiochenum,
1405 5669 1478 5741 ob
1491 5670 1758 5740 quaedam

118 5731 359 5784 crimina
378 5731 462 5784 illi
480 5733 704 5811 objecta
720 5736 1066 5811 depositum,
1081 5731 1383 5811 relegavit.
1398 5731 1529 5805 Qua
1542 5758 1603 5796 re
1626 5757 1758 5795 cum

119 5805 585 5887 magnan‘iapud
604 5805 814 5887 Deum—
834 5805 1115 5887 offensam
1153 5805 1362 5867 merito
1404 5812 1756 5887 incurrisset,

124 5874 319 5928 omnia
342 5874 427 5929 illi
460 5874 731 5949 deinceps
767 5878 827 5934 in
847 5881 1013 5952 pejus
1040 5898 1208 5937 ruere
1229 5887 1544 5955 coeperunt.
1574 5874 1760 5940 Persae

439 5973 721 6043 Parnon.
772 5978 1009 6045 LXXII.

1854 4618 2067 4673 magna
2108 4604 2300 4673 strage
2330 4598 2644 4673 exercitum
2680 4599 2801 4673 ejus
2832 4597 3282 4673 prostraverunt.
3314 4594 3496 4673 Cujus

1852 4673 1938 4727 rei
1959 4667 2404 4726 nuntium'dum
2438 4669 2511 4741 ad
2538 4667 2727 4740 ipsum
2754 4667 3166 4741 imperatorem
3203 4667 3495 4741 perlatum

1854 4747 2023 4810 esset,
2070 4745 2267 4797 mente
2309 4738 2670 4794 abalienatus
2718 4738 2855 4808 fuit,
2897 4739 3162 4794 dilucidis
3200 4738 3495 4794 interdum

1853 4815 2167 4869 intervallis
2191 4812 2265 4867 ad
2296 4810 2589 4865 modicum
2630 4810 2910 4865 duntaxat
2938 4810 3218 4881 temporis
3245 4811 3493 4881 spatium

1853 4886 2212 4962 resipiscens.
2256 4882 2340 4936 Ab
2369 4882 2484 4962 hoc
2525 4882 3008 4962 ‘maloucorporis
3076 4882 3364 4962 liberatus
3408 4886 3495 4937 est

1855 4951 2088 5029 quando
2120 4955 2193 5010 ad
2223 4951 2653 5029 conciliandum
2811 4951 3068 5029 divinum
3100 4970 3318 5029 numen
3350 4958 3493 5008 tem-

1853 5023 2304 5100 plum‘exstruxit
2327 5023 3109 5100 Dei_genit_rici__Ma_rim,_quae
3156 5024 3207 5100 ei
3261 5028 3489 5100 tantum

1855 5092 2171 5155 sanctitatis
2212 5092 2615 5169 praestitit,_ut
2657 5094 2906 5169 dilucido
2946 5092 3488 5169 i_nte_rv_allo_potius,

1855 5171 2072 5225 cunctis
2100 5163 2255 5223 recte
2293 5164 2597 5237 dispositis,
2641 5167 2853 5220 statum
2892 5163 3222 5235 reipublicae
3265 5163 3324 5218 in
3366 5163 3489 5221 tuto

1855 5243 2182 5314 collocaret.
2216 5240 2322 5311 (Em
2344 5236 2569 5292 Miscell.
2596 5236 2764 5307 Hist.)
2869 5308 2877 5314 _
2945 5305 2955 5314 _
3005 5304 3014 5314 .
3069 5304 3105 5314 η

1928 5316 1955 5355 b
1985 5313 2165 5366 Annis
2186 5304 2452 5382 quatuor,
2479 5324 2679 5382 mense
2697 5304 2813 5382 uno
2829 5308 2887 5360 et
2904 5304 3109 5382 viginti
3135 5305 3490 5382 octo_diebus

1856 5385 2054 5461 sedem
2072 5376 2671 5461 pontiﬁciamtenuit'.’
2690 5377 2844 5461 Qbiit
2872 5376 3027 5461 enim
3056 5393 3211 5461 anno
3249 5376 3490 5432 Redem-

1856 5456 2038 5528 ptoris
2062 5449 2245 5510 nostri
2270 5458 2392 5520 577,
2420 5451 2605 5578 ἱνίᾱὶθ
2627 5449 2915 5532 Kalendas
2939 5449 3201 5529 Augusti.
3384 5517 3395 5529 .

1931 5541 1953 5568 ο
1985 5528 2108 5592 Quo
2135 5529 2397 5596 tempore
2469 5522 2789 5596 angobardi
2834 5538 2893 5574 1n
2944 5520 3164 5596 Italiam
3201 5522 3486 5596 venerint,

1858 5590 2031 5670 supra
2053 5598 2166 5653 dixi
2188 5590 2429 5670 ini-uotis
2451 5594 2530 5670 ad
2553 5590 2742 5670 Vitam
2767 5591 3022 5670 Joannis.
3052 5591 3182 5645 Haec
3206 5590 3491 5670 Anastasii

1858 5661 2101 5725 fortasse
2132 5666 2521 5740 intelligenda
2527 5669 2661 5719 sunt
2678 5665 2747 5740 de
2770 5663 3108 5740 earumdem
3134 5661 3490 5740 grassatione

1858 5741 1975 5809 illa,
2011 5758 2187 5811 quam
2217 5733 2447 5794 sanctus
2485 5736 2793 5808 Gregorius
2825 5736 2976 5791 inter
3017 5733 3192 5789 savas
3224 5733 3488 5788 Ecclesiae

1859 5812 2297 5883 persecutiones
2317 5811 2643 5865 enumerat.

1935 5884 2010 5956 (a)
2038 5883 2256 5938 Eadem
2278 5881 2454 5938 habet
2472 5880 2611 5937 Cod.
2644 5896 2752 5935 ms.
2784 5878 3062 5952 Hardysil.
3095 5880 3257 5936 LABB.

3099 5982 3176 6042 22
