4006 6238
483 336 584 387 683
824 330 1177 386 BENEDICTI
1212 329 1403 385 PAPE
1450 329 1472 383 l
1510 327 1601 383 AD
1637 325 2088 382 GRANDENSEM
2127 322 2608 381 PATRIARCHAM
2645 322 2984 381 EPISTOLAE
3024 323 3498 382 FRAGMENTUM.
3762 324 3868 379 684

484 456 615 495 rare
646 440 840 512 posset
868 438 1123 511 in0piam
1164 437 1353 493 famis.
1384 436 1550 501 Quod
1587 436 1719 490 dum
1759 434 2121 505 cognovisset
2142 447 2200 520 Α
2220 434 2453 489 basilica
2478 434 2631 488 beati
2662 434 2813 489 Petri
2830 432 3072 505 apostoli
3091 433 3421 502 secretario,
3436 431 3624 505 pridie
3645 432 3865 486 Kalen-

484 534 738 591 Justinus
760 529 1460 605 [Cod.Luc.,Justinianus]
1480 529 2116 601 piissimusimperator,
2220 528 2323 583 das
2344 528 2585 600 Augusti
2615 529 2701 599 [In
2731 529 2856 587 Cod.
2889 532 3019 584 Luc.
3043 529 3191 585 deest
3209 528 3395 601 pridie
3424 527 3720 583 Kalendas
3752 529 3870 582 Au-

488 626 1429 701 quiaRomapericlitareturfame
1448 623 1867 679 etmortalitate
1891 622 1973 696 [In
1989 623 2117 679 Cod.
2220 622 2415 696 gusti].
2449 623 2547 677 Hic
2577 622 2713 677 fecit
2754 624 3185 680 ordinationem
3226 640 3405 677 unam
3451 640 3557 694 per
3594 639 3869 677 mensem

485 726 616 779 Luc.
658 724 805 777 deest
848 726 907 776 et
955 718 1350 791 mortalitate],
1396 718 1554 773 misit
1590 718 1649 772 in
1688 719 2017 789 Egyptum,
2066 719 2125 771 et
2220 716 2608 784 decembrem,
2642 716 3005 789 presbyteros
3031 717 3386 790 quindecim,
3418 716 3703 771 diaconos
3727 719 3868 781 tres,

493 817 756 872 oneravit
781 831 955 870 naves
987 815 1301 880 frumento,
1337 815 1394 866 et
1419 811 1737 867 transmisit
1767 811 2125 865 Romam.Et
2222 810 2520 882 episc0pos
2546 827 2650 882 per
2695 811 2919 868 diversa
2956 813 3082 869 loca
3121 828 3367 867 numero
3404 811 3613 882 viginti
3658 826 3870 865 unum.

489 911 567 965 sic
594 911 864 965 misertus
894 912 979 963 est
1005 909 1154 962 Deus
1176 906 1370 961 Italiae.
1405 909 1468 961 In
1498 906 1621 961 istis
1641 905 1934 960 laboribus
1960 908 2018 959 et
2045 904 2127 958 af-
2220 906 2291 959 Et
2328 905 2568 959 cessavit
2616 888 2979 977 episcopatus
3035 923 3267 961 menses
3311 908 3447 973 tres,
3497 904 3622 960 dies
3662 905 3872 960 decem

487 1002 832 1059 ﬂictionibus
863 1002 1082 1074 positus
1119 1000 1268 1073 [ϐοά.
1292 1003 1447 1065 Luc.,
1476 1000 1566 1054 his
1594 999 1811 1072 diebus]
1846 998 2128 1054 sanctissi—
2230 996 2379 1069 [Cod.
2408 1000 2535 1055 Luc.
2559 998 2719 1055 addit
2745 999 2848 1054 sub
2876 1000 2968 1055 die
2998 1003 3065 1056 30
3092 999 3309 1055 mensis
3328 998 3505 1073 Julii].

488 1115 617 1152 mus
636 1096 977 1151 Benedictus
987 1112 1138 1169 papa
1155 1098 1417 1151 mortuus
1437 1098 1541 1151 est.
1562 1093 1672 1159 Qui
1690 1094 1945 1165 sepultus
1961 1096 2049 1148 est
2066 1092 2128 1147 in

484 1256 3865 1293 Η

1633 1412 1943 1484 JOANNI
1988 1411 2383 1483 DOMINICI
2427 1411 2722 1482 MANSI.

804 1576 917 1649 IN
984 1572 1724 1649 FRAGMENTUM
1790 1572 2350 1648 EPISTOLIE
2419 1571 2986 1648 BENEDICTI
3052 1571 3570 1649 CENSURA.

560 1859 962 1925 Longiusculum
987 1857 1332 1924 fragmentum
1369 1858 1601 1924 epistolas
1627 1858 1896 1910 Benedicti
1923 1873 2072 1923 papae
2104 1873 2170 1911 ex
2194 1860 2422 1911 Gratiani
2444 1860 2595 1926 palea
2639 1858 2707 1911 ad
2747 1874 2864 1911 can.
2900 1863 2980 1922 18,
3016 1874 3067 1910 c.
3100 1858 3182 1920 27,
3226 1872 3279 1922 q.
3313 1862 3365 1920 2,
3410 1857 3497 1907 hic
3542 1856 3773 1907 exhibeo
3811 1856 3878 1907 ab

496 1943 737 1993 omnibus
763 1941 973 2006 quidem
1009 1955 1107 1991 ceu
1131 1940 1490 2005 apocryphum
1517 1941 1791 2006 rejectum,
1818 1940 1910 1991 sed
1936 1940 2117 1991 dubito
2153 1956 2219 1992 an
2244 1942 2450 1992 merito.
2476 1943 2782 2005 Quanquam
2806 1941 2947 1992 enim
2982 1939 3291 2005 suspicionis
3317 1953 3423 1988 suae
3445 1938 3626 1988 titulus
3651 1937 3787 2002 ipse,
3825 1942 3884 1988 ut

496 2023 550 2074 in
576 2023 737 2073 Editis
758 2022 967 2086 legitur,
1002 2022 1192 2071 mereri
1217 2025 1408 2086 potest,
1433 2022 1738 2087 ambiguum
1765 2026 1844 2073 est
1865 2025 2041 2073 tamen
2063 2036 2189 2073 num
2212 2024 2449 2074 sincerus
2470 2024 2699 2074 Gratiani
2730 2022 2908 2073 Codex
2952 2022 3192 2073 eumdem
3228 2021 3467 2085 praeferat
3500 2020 3589 2084 qui
3621 2019 3677 2068 in
3720 2019 3884 2069 Editis

496 2108 729 2168 apparet.
756 2102 1032 2153 Gratianus
1059 2102 1197 2153 enim
1226 2103 1395 2153 editus
1422 2103 1693 2168 epistolam
1719 2104 1855 2155 hanc
1881 2104 2040 2154 latam
2062 2104 2281 2167 praefert
2298 2105 2616 2155 Patriarcha:
2643 2104 2913 2166 Gradensi,
2938 2103 3027 2167 qui
3059 2117 3182 2153 sane
3216 2101 3513 2167 patriarcha
3543 2099 3812 2150 Benedicti
3858 2100 3879 2148 Ι

494 2187 642 2233 astate
671 2182 838 2233 audiri
861 2182 1095 2233 nondum
1120 2188 1365 2247 ceperat.
1395 2185 1590 2234 Verum
1617 2183 1672 2234 in
1705 2198 1825 2235 meo
1854 2184 2052 2235 decreti
2095 2184 2305 2247 Codice,
2341 2185 2483 2249 quod
2519 2186 2710 2236 szeculo
2755 2185 2869 2249 ipso
2912 2184 3158 2244 Gratiani,
3206 2184 3287 2232 vel
3333 2183 3479 2232 initio
3522 2181 3883 2242 succedentis,

497 2263 749 2328 scriptum
763 2277 873 2314 non
897 2264 1039 2313 inani
1072 2266 1377 2329 conjectura
1407 2266 1667 2330 suspicor,
1695 2265 1765 2316 ita
1788 2267 1906 2330 lego
1933 2281 1946 2315 :
1980 2266 2280 2316 Benedictus
2310 2281 2484 2316 servus
2505 2281 2765 2316 servorum
2794 2268 2889 2315 Dei
2910 2267 2978 2316 N.
3003 2266 3241 2314 salutem.
3272 2265 3331 2313 In
3354 2262 3591 2326 margine
3615 2275 3744 2311 vero
3760 2262 3885 2322 alia,

498 2348 557 2395 ut
579 2344 838 2408 suspicor,
865 2345 956 2394 sed
980 2358 1128 2408 asque
1149 2346 1361 2409 antiqua
1389 2361 1548 2397 manu
1573 2346 1806 2396 additum
1828 2351 1907 2397 est
1934 2362 1947 2396 :
1976 2347 2265 2397 Graduemz'
2296 2348 2631 2412 patriarcha,
2659 2352 2710 2397 et
2739 2348 3007 2397 Domz'm‘co
3040 2348 3153 2411 ejus
3192 2345 3537 2408 su/I‘raganeo.
3574 2342 3752 2392 Lectio
3786 2342 3885 2391 ista

500 2425 826 2488 praecipuum
853 2430 1216 2489 argumentum
1240 2426 1488 2477 adversus
1528 2427 1879 2477 sinceritatem
1921 2427 2077 2491 hujus
2112 2428 2343 2492 epistolas
2380 2432 2611 2478 enervat.
2657 2429 2850 2477 Verum
2890 2428 3060 2477 adhuc
3100 2429 3401 2491 perseverat
3435 2423 3685 2487 suspicio,
3730 2423 3781 2471 in
3818 2436 3883 2471 eo

500 2505 641 2569 quod
664 2504 974 2555 Benedictus
996 2520 1200 2555 servum
1226 2520 1490 2556 servorum
1521 2508 1613 2556 Dei
1637 2521 1749 2557 sese
1776 2508 2020 2572 appellat,
2046 2522 2202 2571 quem
2227 2523 2350 2559 sane
2377 2508 2583 2559 titulum
2611 2509 2832 2572 coepisse
2866 2508 3027 2569 aiunt,
3052 2522 3082 2557 a
3119 2510 3298 2557 sancto
3335 2504 3606 2569 Gregorio.
3654 2504 3721 2552 At
3760 2517 3885 2553 cum

498 2586 644 2635 testis
668 2586 779 2649 ejus
802 2586 1132 2636 institutionis
1154 2601 1185 2636 a
1206 2592 1398 2643 sancto
1430 2588 1682 2651 Gregorio
1710 2592 1894 2653 coeptas
1920 2590 2147 2639 Joannes
2188 2590 2440 2640 diaconus
2476 2590 2716 2641 efferatur
2759 2590 2986 2653 scriptor
3017 2589 3179 2639 multo
3222 2586 3483 2637 recentior
3524 2588 3677 2635 astate
3716 2582 3888 2633 sancti

500 2666 755 2729 Gregorii,
780 2666 935 2716 unica
960 2666 1070 2731 ejus
1095 2668 1373 2718 auctoritas
1396 2668 1525 2719 tanti
1556 2670 1860 2720 aestimanda
1885 2683 1993 2719 non
2030 2674 2125 2734 est,
2165 2675 2221 2721 ut
2260 2670 2489 2721 validum
2533 2685 2597 2721 ex
2637 2685 2701 2720 ea
2744 2674 3107 2734 argumentum
3155 2671 3338 2719 contra
3379 2667 3519 2716 illam
3570 2664 3888 2714 deducatur.

495 2748 762 2811 Utcunque
808 2759 893 2796 res
928 2747 1114 2797 habeat
1149 2762 1287 2809 sese,
1322 2763 1443 2799 cum
1477 2763 1544 2799 ex
1584 2751 1829 2800 Gratiano
1882 2750 2098 2801 minime
2135 2755 2342 2802 constet
2378 2752 2586 2802 cuinam
2628 2751 2910 2801 Benedicto
2960 2749 3238 2801 tribuenda
3279 2748 3498 2813 epistola
3538 2746 3623 2804 sit,
3671 2745 3888 2795 alterius

499 2827 715 2877 fortasse
742 2827 1009 2878 Benedicti
1036 2828 1290 2894 scriptum
1315 2833 1425 2880 erat
1453 2831 1735 2883 sincerum.
1764 2831 2034 2883 Variantes
2059 2846 2175 2896 quas
2199 2833 2253 2884 in
2276 2834 2468 2885 ansulis
2492 2833 2769 2898 adscripta:
2794 2836 2934 2896 sunt,
2967 2831 3215 2882 Romanis
3254 2829 3454 2880 decreti
3493 2826 3889 2878 correctoribus

504 2908 781 2960 debentur.

694 3476 1157 3559 FRAGMEN
1168 3478 1377 3561 TUM
1450 3481 1946 3565 EPISTOL/E
2021 3487 2153 3567 AD
2225 3484 2885 3568 GRANDENSEM
2955 3474 3721 3564 PATRIARCHAM.

1204 3788 1452 3848 PALEA.

580 3877 921 3935 Benedictus
947 3879 1154 3935 Servus
1185 3898 1478 3939 servorum
1502 3882 1649 3940 Dei‘
1690 3885 2012 3942 Grandcnsi
2040 3902 2142 3959 pa-

506 3971 773 4027 triarchas
790 3973 1057 4041 salutem,
1091 3977 1201 4029 etc.

582 4066 693 4119 Lex
722 4065 926 4119 divinas
951 4066 1378 4123 constitutionis
1396 4071 1777 4141 apostolicam
1804 4072 2145 4129 cathedram

2164 3807 2221 3881 Β
2244 3796 2407 3850 umori
2433 3808 2565 3857 suae,
2590 3797 2642 3847 et
2670 3794 2832 3848 erunt
2851 3789 2959 3845 duo
2983 3789 3045 3842 in
3063 3801 3227 3842 carne
3252 3799 3366 3839 una
3390 3780 3545 3881 (Gen.
3566 3778 3648 3850 ιι).
3668 3776 3893 3841 Quibus

2245 3887 2432 3942 verbis
2461 3885 2713 3941 innotuit
2741 3900 2858 3940 non
2884 3883 3052 3938 aliter
3070 3881 3259 3935 virum
3290 3881 3349 3933 et
3380 3875 3690 3931 mulierem
3720 3885 3893 3942 posse

2245 3982 2371 4036 ﬁeri
2386 3998 2562 4036 unam
2575 3976 2946 4045 carnem,nisi
2965 3974 3180 4030 carnali
3191 3972 3398 4044 copula
3413 3969 3519 4024 sibi
3535 3966 3890 4022 cohaereant.

2247 4075 2355 4140 Qui
2368 4092 2506 4146 ergo
2522 4089 2893 4146 nequaquam
2908 4070 3111 4125 mistus
3132 4071 3218 4122 est
3231 4070 3519 4121 extraneae
3545 4058 3771 4116 mulieri
3792 4058 3895 4112 fas-

515 4157 653 4231 [Al.,
673 4157 891 4231 sedem]
916 4158 1088 4213 totius
1108 4161 1300 4231 posuit
1319 4163 1474 4218 orbis
1494 4168 1778 4220 terrarum
1806 4167 2145 4237 magistram

515 4251 665 4324 [ϐοά.
693 4252 844 4315 Luc.,
868 4252 1322 4329 magistratum],
1358 4261 1419 4311 ut
1448 4258 1729 4329 quidquid
1754 4260 1963 4331 ubique
1990 4262 2145 4316 loco-

508 4362 640 4400 rum
665 4344 979 4415 dubitatur,
1002 4347 1073 4401 ab
1092 4364 1161 4401 ea
1177 4349 1324 4404 ratio
1348 4351 1607 4420 ejusdem
1625 4353 1971 4423 requiratur.
1992 4356 2143 4410 Affa-

508 4444 602 4495 tus
635 4443 722 4495 est
754 4443 948 4494 autem
992 4458 1097 4496 nos
1140 4443 1256 4496 suis
1304 4443 1508 4498 litteris
1558 4446 1819 4517 ejusdem
1858 4449 2148 4504 cathedrae

510 4550 814 4602 sessorem,
843 4550 909 4587 ac
934 4539 1340 4604 percunctatus
1368 4541 1454 4592 est
1481 4539 1714 4610 quidam
1748 4544 1966 4597 vestras
2012 4543 2147 4615 [Al.,

510 4627 613 4701 vir]
647 4628 885 4683 nomine
909 4630 1181 4698 Joannes,
1210 4646 1316 4700 pro
1343 4632 1631 4688 connubio
1658 4635 1790 4689 ﬁliae
1818 4653 1932 4691 suae
1959 4654 2152 4708 super-

512 4722 581 4777 sti
591 4722 687 4777 tis:
716 4723 875 4793 cujus
888 4739 1051 4778 soror
1071 4723 1348 4779 defuncta
1369 4725 1599 4781 cuidam
1619 4727 1839 4798 juveni,
1854 4731 2148 4802 Stephano

513 4816 774 4887 nomine,
795 4816 1148 4888 simplicibus
1167 4818 1355 4873 verbis
1370 4820 1561 4875 fuerat
1580 4821 1946 4893 desponsata,
1977 4828 2036 4878 et
2055 4842 2152 4880 an-

512 4914 751 4981 tequam
798 4911 871 4965 ad
916 4911 1145 4983 nuptias
1187 4913 1535 4984 perveniret,
1578 4920 1767 4971 morte
1810 4922 2146 4989 praeventa:

513 5009 709 5059 utrum
722 5005 935 5059 scilicet
946 5022 1079 5060 cum
1094 5006 1303 5061 eodem
1309 5007 1523 5078 juvene
1537 5010 1716 5081 possit
1730 5012 2151 5068 matrimonum

514 5099 795 5154 celebrari
827 5099 1147 5170 superstitis
1177 5101 1327 5169 ﬁlias,
1357 5119 1464 5157 nec
1495 5120 1588 5159 ne.
1616 5106 1877 5177 Namque
1909 5109 2151 5162 testatus

2248 4170 2385 4224 dere
2417 4168 2679 4240 nuptiali,
2713 4183 2826 4239 quo
2852 4167 3018 4237 pacto
3043 4180 3149 4235 per
3168 4161 3327 4216 nuda
3357 4154 3684 4230 sponsionis
3712 4151 3893 4206 verba

2246 4267 2488 4335 possunt
2518 4279 2633 4317 una
2657 4277 2788 4316 caro
2810 4259 2957 4328 ﬁeri,
2999 4257 3330 4312 nullatenus
3364 4253 3622 4307 valemus
3656 4243 3889 4302 intueri.

2248 4357 2655 4429 Propinquitas
2679 4355 2836 4409 enim
2860 4351 3157 4425 sanguinis
3178 4348 3364 4404 verbis
3386 4344 3610 4410 dicitur,
3629 4357 3747 4395 non
3762 4355 3890 4393 ver-

2247 4451 2335 4506 bis
2360 4451 2624 4519 efficitur,
2649 4449 2750 4503 sed
2776 4448 2924 4521 [Cod.
2960 4450 3111 4510 Luc.,
3136 4460 3255 4499 non
3276 4440 3465 4495 verbis
3480 4431 3887 4505 efﬁcitur,sed]

2249 4561 2439 4616 neque
2458 4544 2713 4599 osculum
2725 4542 2876 4614 parit
2885 4530 3562 4612 propinquitatem,quod
3590 4524 3887 4602 [A1.,quia]

2250 4639 2468 4693 nullam
2482 4638 2620 4693 facit
2636 4635 2933 4708 sanguinis
2949 4623 3739 4690 commixtionem.Quoniam
3755 4635 3892 4675 vero

2250 4733 2329 4787 ita
2354 4749 2589 4804 prorsus
2614 4748 2737 4786 sese
2760 4730 2937 4785 habet
2960 4744 3052 4782 res
3074 4724 3312 4782 Joannis
3337 4722 3519 4787 istius,
3552 4720 3619 4773 ut
3635 4714 3773 4771 velit
3802 4730 3892 4768 se-

2250 4827 2502 4881 cundam
2536 4826 2717 4880 ﬁliam
2740 4824 2847 4878 illis
2895 4820 3111 4894 nuptiis
3158 4818 3453 4889 copulare,
3502 4812 3593 4866 cui
3634 4810 3891 4882 primam

2243 4921 2370 4992 jam
2397 4920 2729 4975 decreverat
2752 4918 3123 4989 desponsare,
3157 4927 3400 4967 censura
3428 4904 3729 4980 apostolici
3766 4919 3892 4956 ma-

2252 5014 2523 5086 gistratus
2550 5012 2897 5068 mandamus
2907 5011 3017 5065 hoc
3038 5008 3254 5079 absque
3285 5004 3455 5059 ullius
3476 4999 3737 5057 criminis
3755 4995 3892 5051 vitio

2249 5125 2418 5182 posse
2438 5107 2583 5175 ﬁeri,
2605 5107 2652 5160 si
2673 5105 2968 5175 utriusque
2988 5103 3168 5176 partis
3188 5098 3402 5156 sederit
3427 5093 3731 5151 voluntati.
3748 5092 3889 5145 Nam

513 5193 780 5267 hujusrei
792 5193 1077 5248 rationem
1100 5195 1254 5266 apud
1270 5197 1580 5252 voshaberi
1602 5199 2151 5271 ambiguam.Quam
2173 5188 2228 5263 C
2254 5220 2355 5258 cur
2399 5201 2794 5273 prohibeatur,
2823 5198 2978 5271 quod
3004 5192 3435 5269 prohibendum
3460 5190 3602 5262 [Al.,
3633 5183 3887 5259 prohibi-

515 5292 632 5346 Deo
663 5289 907 5344 docente
928 5288 1226 5344 reddimus
1255 5289 1341 5344 bis
1372 5292 1559 5347 verbis
1584 5293 1981 5351 certissimam.
2010 5297 2150 5352 Pro-

514 5385 795 5457 toplastus
820 5383 935 5451 ille,
967 5383 1129 5438 radix
1166 5387 1224 5438 et
1251 5384 1413 5456 origo
1442 5391 1638 5442 nostro
1671 5386 1818 5460 [Cod.
1860 5391 2015 5459 Luc.,
2044 5408 2148 5445 no-

515 5479 652 5550 stra]
684 5478 1003 5532 detractam
1025 5477 1133 5532 sibi
1152 5482 1371 5533 costam
1396 5479 1453 5534 in
1472 5481 1782 5537 mulierem
1803 5483 2003 5537 videns
2039 5485 2154 5539 for-

516 5578 757 5641 matam,
772 5572 1110 5644 prophetico
1125 5571 1327 5643 spiritu
1344 5573 1496 5629 inter
1507 5575 1619 5631 alia
1636 5577 1877 5647 protulit
1895 5593 1908 5631 :
1923 5579 2151 5648 Propter

514 5669 610 5724 hoc
647 5669 918 5755 relinquet
947 5667 1100 5723 homo
1126 5671 1346 5738 patrem
1378 5673 1431 5723 et
1473 5674 1722 5739 matrem,
1758 5674 1810 5725 et
1855 5671 2154 5729 adhaerebit

588 5814 717 5886 {De
738 5812 847 5886 hoc
878 5811 1047 5886 titulo
1075 5815 1133 5866 ut
1165 5815 1251 5886 est
1274 5812 1331 5866 in
1360 5813 1567 5886 Codice
1596 5815 1856 5886 Lucensi,
1889 5820 2151 5886 superius

519 5880 652 5933 dixi.
688 5883 859 5934 Deest
875 5896 1010 5934 vero
1035 5882 1094 5935 in
1126 5883 1335 5937 eodem
1359 5884 1566 5940 Codice
1607 5904 1713 5943 vox
1742 5880 1923 5959 palea.
1955 5880 2146 5947 Massa

2250 5296 2397 5367 tum]
2414 5312 2713 5367 nunquam
2728 5298 2927 5349 sancta
2947 5292 3241 5363 Scriptura
3257 5288 3514 5343 declarat
3531 5283 3559 5338 ‘I
3573 5280 3691 5339 Sed
3704 5294 3890 5349 neque

2249 5391 2565 5446 mundanas
2607 5392 2785 5461 leges,
2817 5385 3252 5449 connumeratis
3293 5378 3557 5454 personis
3584 5391 3717 5448 qum
3742 5373 3893 5427 inter

2251 5503 2311 5543 se
2339 5486 2567 5558 nuptias
2596 5484 2756 5540 nonb
2787 5482 3159 5551 contrahunt,
3191 5478 3261 5534 de
3288 5470 3624 5547 hujusmodi
3672 5464 3891 5539 aliquid

2253 5582 2469 5637 dicunt.
2499 5582 2579 5635 Ne
2620 5596 2761 5651 ergo
2805 5576 3106 5649 abnegetis
3148 5572 3305 5647 quod
3346 5565 3689 5641 negandum
3738 5561 3891 5617 nulla

2250 5676 2476 5732 ratione
2505 5675 2721 5730 docetis
2753 5672 2890 5747 [Αι.,
2919 5667 3301 5741 monstratis].

2324 5822 2351 5863 δ
2381 5824 2440 5876 In
2472 5821 2612 5877 Cod.
2641 5822 2774 5876 Luc.
2808 5819 2971 5874 deest
2992 5832 3124 5881 non,
3155 5817 3213 5870 et
3252 5809 3527 5891 sequitur,
3564 5800 3893 5861 contrahunt

2252 5894 2319 5948 de
2348 5910 2407 5947 re
2432 5894 2764 5960 hujusmodi.
2790 5892 2958 5945 Idem.
