4006 6238
1010 470 2004 593 BENEDIGTI
2103 475 2630 602 PAPE
2737 478 2804 596 I

438 677 1322 819 EPISTOLAa
1417 680 1653 818 AD
1749 682 2296 822 DAVID
2392 682 3395 830 EPISCOPUM.

788 1000 1027 1066 Probat
1056 1020 1141 1067 ex
1183 1002 1385 1066 sacris
1412 1002 1669 1079 litteris,
1706 1022 2043 1069 summam
2072 1004 2459 1071 Trinitatem
2495 1007 2821 1072 unitatem
2858 1026 3023 1073 esse.

284 1131 782 1188 Reverendissimo
807 1133 967 1190 fratri
995 1136 1257 1208 episcopo
1285 1135 1457 1191 David
1481 1179 1495 1207 ,
1526 1137 1859 1194 Benedictus
1881 1151 1941 1224 Α
1960 1143 2097 1195 Deus
2125 1141 2317 1203 Israel,
2351 1143 2449 1211 qui
2469 1142 2617 1196 sedes
2658 1157 2818 1212 super
2860 1144 3133 1199 cherubim
3173 1142 3303 1213 (Isa.
3342 1145 3591 1216 xxxvu)?

215 1225 463 1281 salutem
490 1227 550 1281 in
576 1227 834 1283 Domino.

286 1321 657 1391 Respondere
700 1320 903 1376 litteris
949 1321 1146 1377 vestris
1168 1322 1393 1393 plenius
1438 1324 1717 1395 cogitavi;
1762 1325 1858 1380 sed

214 1429 347 1468 cum
378 1414 489 1469 hoc
513 1415 844 1483 meditarer,
866 1418 1058 1471 tantus
1075 1432 1167 1471 me
1183 1417 1344 1471 dolor
1358 1419 1563 1490 tetigit,
1594 1423 1656 1473 ut
1680 1419 1861 1492 magis

215 1508 351 1563 ﬂere
380 1518 561 1580 quam‘
601 1508 818 1580 aliquid
858 1509 1069 1579 dicere,
1115 1510 1425 1566 delectatus
1465 1513 1592 1567 sim.
1640 1512 1746 1568 Sed
1789 1531 1860 1569 ne

213 1602 474 1656 funditus
496 1606 834 1671 remaneret,
858 1619 1039 1675 pauca
1057 1603 1216 1658 vobis
1235 1605 1541 1661 rescribere
1557 1606 1767 1674 curavi,
1789 1607 1860 1662 ad

215 1696 438 1767 potiora
466 1712 563 1750 vos
599 1699 858 1767 tempora
899 1713 1151 1769 congrue
1177 1697 1440 1753 invitans.
1482 1699 1642 1763 Quod
1666 1705 1858 1755 autem

214 1789 424 1844 litterae
470 1794 585 1844 tua:
632 1795 800 1845 testes
834 1795 985 1861 sunt,
1018 1792 1296 1862 quosdam
1321 1792 1470 1846 intra
1510 1794 1860 1865 provinciam

215 1882 487 1938 Baeticam
515 1900 656 1953 esse,
680 1882 779 1954 qui
797 1884 1072 1955 dicerent,
1094 1886 1387 1940 neminem
1412 1887 1683 1943 veraciter
1698 1905 1859 1959 posse

215 1977 481 2049 probare,
509 1977 843 2032 Trinitatem
884 1978 1161 2033 unitatem
1200 1979 1345 2049 fieri,
1374 1996 1507 2034 cum
1533 1997 1718 2051 neque
1748 1984 1861 2036 tres

215 2088 421 2141 unum,
443 2088 632 2143 neque
656 2082 841 2127 unum
866 2070 924 2126 in
950 2073 1132 2127 tribus
1158 2078 1346 2144 posset
1370 2090 1716 2146 quemquam
1734 2092 1861 2146 pro-

213 2165 338 2237 prie
362 2165 681 2237 approbare
727 2182 741 2219 :
788 2182 928 2237 quas
973 2166 1044 2220 ob
1092 2184 1306 2237 causas,
1353 2167 1710 2224 dilectissime
1756 2169 1855 2240 ﬁli,

216 2260 475 2314 consulta
520 2259 625 2315 tibi
672 2260 994 2330 apostolicae
1026 2260 1173 2315 sedis
1200 2261 1458 2315 misimus
1485 2304 1499 2331 ,
1531 2267 1596 2317 ut
1634 2267 1732 2317 aut
1770 2263 1860 2317 his

216 2369 308 2407 eos
329 2354 400 2407 ad
433 2357 649 2408 rectam
686 2352 857 2408 ﬁdem
885 2354 1133 2408 converti
1167 2354 1355 2425 facias,
1401 2359 1502 2409 aut
1528 2355 1598 2409 ab
1627 2356 1862 2411 ecclesia

216 2451 524 2518 antequam
551 2446 723 2518 pestis
751 2448 871 2502 haec
902 2447 1070 2502 latius
1096 2448 1438 2520 divulgetur,
1478 2449 1736 2521 repellas.
1765 2451 1861 2505 His

1961 1232 2015 1288 Si
2041 1233 2228 1288 unitas
2254 1250 2371 1288 non
2395 1237 2497 1303 est,
2524 1250 2699 1305 quare
2728 1253 2742 1289 :
2772 1238 2870 1305 qui
2889 1238 3057 1299 sedes,
3078 1236 3240 1305 dixit,
3264 1242 3321 1293 et
3343 1254 3459 1293 non
3489 1238 3590 1310 qui

1960 1326 2184 1394 sedetis,
2198 1331 2256 1381 et
2266 1328 2525 1398 adjunxit
2546 1326 2756 1400 [Labb.,
2777 1328 3072 1401 abstruxit]
3089 1330 3117 1385 ?
3143 1330 3198 1386 Si
3216 1330 3455 1387 Trinitas
3474 1348 3591 1387 non

1960 1425 2062 1491 est,
2094 1437 2267 1492 quare
2295 1420 2355 1476 in
2381 1423 2709 1494 Regnorum
2752 1423 2897 1477 libro
2942 1422 3166 1493 dicitur,
3213 1428 3432 1480 Domine
3456 1428 3595 1482 Deus

1960 1517 2308 1584 omnipotens,
2348 1519 2486 1570 Deus
2521 1517 2712 1579 Israel,
2747 1532 3008 1572 sermones
3051 1520 3132 1572 tui
3164 1519 3346 1587 ﬁdeles
3371 1523 3499 1574 sunt
3524 1520 3598 1589 (H

1959 1610 2088 1676 Reg.
2119 1623 2217 1675 v11,
2248 1609 2334 1663 III
2364 1612 2494 1678 Reg.
2522 1610 2678 1680 vui)?
2704 1610 2758 1664 Si
2784 1609 2969 1664 unitas
3000 1625 3115 1663 non
3142 1616 3244 1679 est,
3282 1627 3458 1681 quare
3485 1615 3590 1676 tui,

1959 1700 2185 1771 dicitur,
2216 1707 2273 1757 et
2298 1719 2436 1770 non,
2465 1703 2656 1771 vestri,
2693 1703 2880 1774 potius
2906 1703 3239 1758 intimetur?
3265 1704 3320 1759 Si
3349 1705 3592 1761 Trinitas

1958 1811 2074 1849 non
2100 1800 2200 1865 est,
2232 1812 2335 1850 cur
2362 1796 2421 1850 in
2464 1796 2684 1867 psalmo
2715 1813 2845 1853 LVIII
2882 1799 3180 1852 cantatur:
3214 1800 3432 1853 Domine
3455 1803 3596 1856 Deus

1958 1892 2243 1952 virtutum,
2292 1893 2430 1944 Deus
2466 1891 2653 1954 Israel,
2695 1891 2912 1945 intende
2952 1891 3028 1945 ad
3068 1891 3376 1946 visitandas
3417 1907 3596 1949 omnes

1960 1985 2181 2053 gentes?
2221 1982 2277 2038 Si
2323 1984 2509 2037 unitas
2538 2000 2652 2038 non
2696 1990 2800 2053 est,
2841 2001 3016 2055 quare
3058 1986 3276 2039 intende
3301 1986 3509 2057 posuit,
3538 1991 3596 2041 et

1959 2093 2095 2147 non,
2124 2075 2418 2146 intendite,
2446 2081 2512 2131 ut
2546 2077 2882 2149 praedicatus
2909 2082 3013 2146 est,
3037 2078 3319 2133 intimavit
3337 2080 3364 2133 ?
3390 2079 3445 2135 Si
3471 2080 3590 2135 Tri-

1959 2170 2104 2225 nitas
2128 2186 2243 2224 non
2268 2176 2370 2238 est,
2399 2187 2572 2242 quare
2599 2171 2660 2225 in
2679 2170 3011 2241 Apocalypsi
3035 2170 3202 2226 tertio
3225 2172 3368 2227 dixit
3406 2189 3420 2227 :
3448 2175 3592 2230 Sane

1959 2270 2093 2328 ctus,
2105 2268 2340 2327 sanctus,
2355 2269 2591 2327 sanctus,
2606 2267 2858 2319 Dominus
2878 2267 3014 2319 Deus
3024 2267 3373 2337 omnipotens,
3387 2269 3486 2336 qui
3494 2274 3594 2333 est,

1960 2362 2011 2412 et
2023 2359 2119 2427 qui
2130 2363 2246 2412 erat
2264 2357 2448 2427 (Apoc.
2479 2358 2590 2427 1v)?
2620 2357 2674 2413 Si
2693 2357 2882 2411 unitas
2895 2373 3011 2411 non
3032 2361 3135 2425 est,
3150 2374 3324 2429 quare
3338 2375 3475 2429 non,
3494 2360 3595 2431 qui

1960 2456 2112 2518 sunt,
2141 2449 2453 2521 pluraliter,
2483 2450 2601 2517 sed,
2618 2454 2716 2520 qui
2728 2455 2865 2514 erat,
2894 2450 3250 2521 designavit?
3273 2450 3331 2506 Si
3350 2452 3592 2508 Trinitas

218 2540 432 2611 (frater)
464 2540 883 2612 Scripturarum
912 2542 1250 2596 testimoniis
1285 2544 1541 2615 (Ithacius
1579 2544 1708 2599 adv.
1746 2547 1857 2601 Va-
1879 2524 1938 2597 B
1961 2560 2080 2599 non
2110 2548 2210 2613 est,
2242 2560 2419 2615 quare
2444 2543 2504 2598 in
2539 2544 2974 2599 Deuteronomio
3005 2544 3219 2599 dictum
3247 2548 3334 2599 est
3360 2562 3374 2600 :
3410 2549 3594 2602 Domi-

217 2635 513 2704 rimadum,
543 2652 593 2689 c.
627 2636 676 2707 l)
722 2635 1001 2690 unitatem
1031 2636 1315 2691 Trinitatis
1357 2654 1619 2708 agnosce,
1666 2640 1722 2692 et
1761 2638 1861 2693 de-

218 2727 336 2782 sine
386 2728 731 2783 Arianorum
779 2729 1115 2800 pravitatem
1172 2730 1370 2801 sequi,
1428 2735 1488 2785 ut
1538 2731 1608 2785 ab
1665 2731 1863 2786 eadem

218 2822 394 2893 possis
448 2828 811 2895 peccatorum
863 2822 1283 2894 indulgentiam
1331 2825 1668 2896 promereri,
1724 2826 1863 2880 Isaia

218 2917 499 2989 propheta
523 2917 744 2973 dicente
773 2934 786 2971 :
836 2918 974 2974 Vide
1012 2920 1297 2973 Dominum
1340 2919 1567 2973 sabaoth
1594 2921 1863 2975 sedentem

219 3026 379 3081 super
398 3013 654 3067 thronum
681 3012 965 3076 excelsum,
984 3016 1035 3066 et
1052 3013 1324 3082 seraphim
1349 3013 1568 3068 stabant
1590 3015 1648 3067 in
1664 3016 1860 3069 circui-

222 3109 279 3158 tu
306 3105 423 3175 ejus
451 3125 468 3160 :
496 3122 590 3161 sea:
614 3107 719 3160 ala:
744 3109 861 3169 uni,
902 3110 952 3160 et
983 3121 1078 3161 sea:
1104 3107 1209 3160 alae
1236 3107 1419 3162 alteri.
1451 3108 1671 3163 Duabus
1713 3109 1858 3162 vela—

225 3198 351 3253 bant
373 3202 573 3267 faciem
597 3199 729 3268 ejus,
758 3199 969 3254 duabus
989 3204 1170 3255 autem
1194 3202 1447 3256 vetabant
1466 3202 1630 3273 pedes
1660 3201 1791 3270 ejus,
1813 3206 1863 3256 et

221 3292 429 3348 duabus
454 3294 732 3350 volabant.
763 3298 833 3351 Et
858 3295 1170 3349 clamabant
1204 3296 1278 3349 ad
1305 3296 1647 3359 alterutrum,
1678 3296 1860 3351 dicen-

223 3390 296 3441 tes
322 3406 339 3441 :
366 3389 623 3452 Sanctus,
647 3393 888 3453 sanctus,
908 3394 1164 3456 sanctus;
1198 3392 1452 3445 Dominus
1477 3394 1615 3445 Deus
1636 3390 1863 3445 sabaoth

223 3480 346 3551 (Isa.
390 3484 491 3555 v1).
526 3482 587 3538 Si
616 3482 856 3537 Trinitas
881 3499 996 3537 non
1026 3486 1129 3553 est,
1163 3499 1339 3555 quare
1380 3483 1568 3552 tertio,
1609 3488 1858 3554 sanctus,

223 3574 521 3631 dixerunt?
549 3578 616 3632 Et
641 3576 687 3631 si
714 3576 902 3631 unitas
926 3593 1045 3631 non
1064 3581 1167 3645 est,
1200 3593 1374 3648 quare
1402 3578 1505 3632 sub
1532 3578 1679 3633 trina
1704 3593 1862 3649 repe-

221 3669 412 3726 titione
439 3687 624 3743 unum
639 3672 818 3726 Deum
840 3687 903 3725 ac
918 3670 1225 3726 Dominum
1253 3672 1592 3728 intimarunt
1611 3672 1637 3726 ?
1664 3671 1721 3727 Si
1745 3671 1862 3726 Tri-

225 3763 364 3818 nitas
392 3781 511 3819 non
540 3769 643 3835 est,
684 3781 787 3819 cur
810 3765 872 3819 in
904 3766 1183 3820 Geneseos
1210 3766 1416 3821 dicitur
1455 3783 1468 3820 :
1523 3768 1674 3821 Dixit
1698 3769 1857 3828 Deus,

1959 2654 2059 2693 nus
2083 2641 2222 2694 Deus
2253 2642 2406 2702 tuus,
2448 2641 2586 2693 Deus
2624 2640 2924 2694 misericors
2969 2643 3066 2702 est,
3119 2643 3171 2692 et
3202 2639 3391 2694 audiet
3420 2655 3599 2697 vocem

1962 2737 2113 2787 tuam
2142 2731 2377 2802 (Deuter.
2409 2732 2520 2803 1v)?
2545 2732 2600 2787 Si
2629 2732 2813 2786 unitas
2833 2748 2952 2786 non
2975 2736 3077 2802 est,
3101 2748 3276 2803 quare
3296 2734 3483 2789 audiet
3499 2751 3597 2806 po-

1961 2826 2093 2894 suit,
2127 2828 2184 2880 et
2217 2843 2332 2880 non
2369 2826 2621 2896 audient,
2652 2825 2971 2880 intimavit?
2997 2826 3049 2881 Si
3077 2826 3317 2881 Trinitas
3345 2844 3461 2883 non
3489 2834 3596 2894 est,

1961 2936 2136 2992 quare
2160 2920 2219 2974 in
2245 2921 2373 2974 Iesu
2399 2920 2546 2975 Nave
2571 2920 2776 2975 dicitur
2800 2919 2982 2974 libro:
3019 2922 3277 2977 Dominus
3300 2925 3439 2977 Deus
3466 2923 3594 2979 deo-

1960 3030 2082 3070 rum
2108 3019 2188 3069 est
2210 3014 2382 3084 (Iosue
2408 3031 2481 3083 11;
2511 3018 2665 3069 Deut.
2696 3015 2794 3095 x)?.
2827 3014 2885 3068 Si
2922 3013 3109 3068 unitas
3137 3030 3254 3069 non
3288 3020 3389 3083 est,
3418 3033 3595 3087 quare

1961 3113 2057 3172 est,
2089 3108 2251 3175 dixit,
2281 3113 2336 3163 et
2372 3125 2509 3177 non,
2555 3114 2709 3176 sunt,
2736 3124 2894 3163 more
2924 3107 3226 3163 locutionis
3251 3109 3513 3166 induxit?
3541 3112 3597 3167 Si

1960 3202 2201 3258 Trinitas
2237 3220 2354 3258 non
2393 3208 2497 3273 est,
2537 3219 2713 3274 quare
2734 3203 2880 3256 Elias
2908 3203 3120 3257 orando
3142 3202 3243 3273 (III
3260 3208 3389 3275 Reg.
3417 3206 3594 3278 xv111),

1962 3300 2201 3361 Domine,
2228 3280 2460 3361 domine,
2497 3298 2708 3352 domine
2742 3302 2878 3353 Deus
2902 3297 3091 3361 Israel,
3127 3299 3339 3354 ostende
3381 3301 3513 3370 quia
3539 3305 3599 3356 tu

1961 3407 2012 3447 es
2041 3395 2178 3447 Deus
2206 3407 2374 3455 meus,
2407 3391 2594 3447 dixit?
2621 3392 2680 3446 Si
2706 3392 2895 3465 unitas
2918 3407 3034 3445 non
3060 3396 3163 3460 est,
3192 3409 3387 3465 quare,
3417 3398 3595 3450 osten-

1960 3487 2045 3549 de,
2075 3490 2131 3540 et
2169 3502 2287 3540 non
2324 3486 2621 3555 ostendite,
2669 3464 2897 3556 posuit‘i
2939 3485 2993 3540 Si
3039 3485 3280 3541 Trinitas
3322 3503 3438 3542 non
3487 3492 3596 3557 est,

1960 3595 2062 3633 cur
2088 3579 2470 3635 Mardochzeus
2500 3578 2711 3633 orando
2742 3578 2967 3647 (Esther.
2996 3583 3133 3651 x111),
3162 3583 3403 3644 Domine,
3421 3582 3595 3636 domi-

1958 3689 2023 3727 ne
2043 3677 2179 3728 Deus
2196 3676 2545 3744 omnipotens,
2568 3675 2749 3728 omnia
2769 3675 2827 3726 in
2839 3677 3104 3742 potestate
3131 3677 3227 3728 tua
3248 3679 3396 3737 sunt,
3420 3674 3597 3729 dixit?

1959 3766 2015 3822 Si
2042 3766 2230 3822 unitas
2253 3783 2370 3821 non
2412 3771 2516 3835 est,
2566 3782 2741 3838 quare
2779 3768 2839 3820 in
2883 3770 2976 3821 tua
3024 3766 3232 3837 posuit,
3277 3770 3335 3822 et
3374 3784 3491 3822 non
3532 3768 3596 3822 in

223 3857 347 3924 fecit
372 3862 533 3922 Deus,
554 3863 604 3913 et
625 3859 896 3914 benedixit
913 3863 1051 3915 Deus
1080 3860 1286 3931 (Genes.
1316 3861 1392 3931 1)?
1416 3859 1472 3915 Si
1507 3876 1639 3914 vero
1671 3858 1859 3913 unitas
1879 3897 1934 3972 Ο
1958 3863 2161 3929 vestra,
2216 3860 2498 3932 signavit?
2551 3859 2610 3915 Si
2659 3858 2900 3915 Trinitas
2941 3876 3059 3915 non
3111 3864 3215 3929 est,
3268 3877 3370 3915 cur
3419 3861 3594 3917 etiam

225 3966 334 4006 non
363 3956 469 4021 est,
498 3968 673 4024 quare
704 3952 870 4007 tertio
899 3953 1060 4023 dixit,
1093 3955 1258 4023 Deus,
1282 3957 1339 4009 et
1363 3970 1478 4008 non
1503 3953 1635 4008 deos
1662 3953 1855 4024 plura-

224 4043 348 4100 liter
371 4047 827 4102 commendavit?
857 4048 924 4101 Et
960 4046 1006 4100 si
1039 4046 1280 4102 Trinitas
1307 4064 1422 4102 non
1451 4051 1553 4117 est,
1593 4063 1770 4120 quare
1798 4047 1857 4101 in

228 4139 407 4195 Exodo
435 4142 655 4197 dictum
695 4145 777 4196 est
800 4140 1012 4195 tertio:
1062 4144 1299 4205 Domine,
1348 4142 1579 4205 domine,
1624 4142 1853 4205 domine,

226 4235 506 4290 miserator
531 4240 582 4290 et
610 4236 907 4290 misericors
951 4235 1147 4306 (Exod.
1178 4236 1393 4307 xxx1v)?
1437 4236 1494 4290 Si
1521 4235 1709 4290 unitas
1736 4251 1855 4289 non

230 4332 325 4395 est,
350 4345 528 4401 quare
555 4329 692 4383 dum
720 4328 888 4384 tertio
919 4328 1146 4397 diceret,
1172 4330 1433 4399 Domine,
1458 4334 1650 4401 postea
1675 4329 1851 4383 mise-

230 4404 381 4482 rator
399 4427 767 4499 singulariter
785 4427 948 4497 dixit,
972 4430 1030 4482 et
1052 4445 1168 4483 non
1188 4428 1564 4497 miseratores,
1582 4433 1648 4483 ut
1662 4428 1852 4500 plures

229 4522 560 4592 ostenderet,
590 4520 914 4576 intimavit?
940 4521 995 4576 Si
1010 4522 1251 4577 Trinitas
1276 4539 1395 4579 non
1422 4528 1524 4589 est,
1559 4538 1661 4577 cur
1687 4520 1859 4575 Abra-

229 4610 357 4669 ham
379 4615 451 4670 ad
479 4615 663 4670 ilicem
690 4615 936 4670 Mambre
957 4616 1177 4685 sedens,
1198 4616 1491 4688 tribusque
1534 4631 1854 4683 occurrens,

228 4708 325 4762 uni
351 4710 582 4773 domine,
613 4709 755 4764 dixit
788 4710 990 4781 (Genes.
1021 4710 1209 4782 xv111);
1249 4716 1306 4765 et
1338 4727 1454 4764 non
1494 4708 1577 4779 (ut
1620 4708 1854 4779 viderat)

230 4804 401 4862 tribus
421 4808 772 4862 salutationis
791 4808 1127 4880 obsequium
1147 4808 1432 4864 reddidit?
1457 4808 1512 4862 Si
1530 4807 1718 4861 unitas
1739 4822 1856 4861 non

232 4897 327 4962 est,
370 4915 543 4970 quare
592 4915 725 4953 cum
773 4900 909 4954 Mos.
934 4899 1126 4969 (Erod.
1161 4899 1261 4971 111),
1294 4903 1431 4954 Deus
1466 4898 1767 4960 Abraham,
1805 4900 1857 4950 et

231 4989 359 5045 Deus
390 4994 568 5057 Isaac,
600 4998 651 5048 et
693 4996 829 5048 Deus
871 4994 1056 5057 Iacob,
1098 4992 1265 5048 tertio
1302 4993 1530 5060 diceret,
1575 4991 1855 5045 unitatem

232 5086 539 5157 ostendens,
570 5089 683 5143 Hoc
706 5088 843 5142 mihi
869 5103 1063 5142 nomen
1089 5092 1185 5151 est,
1226 5086 1397 5156 dixit;
1449 5091 1507 5141 et
1544 5101 1683 5154 non,
1729 5085 1855 5138 Haec

234 5184 356 5234 sunt
378 5185 570 5236 nostra
596 5181 850 5251 nomina,
874 5180 1228 5253 designavit?
1255 5179 1311 5235 Si
1338 5179 1580 5235 Trinitas
1605 5195 1720 5233 non
1748 5180 1852 5248 est,

233 5285 395 5342 quare
422 5275 590 5330 David
620 5274 787 5331 tertio
811 5274 953 5330 dixit
999 5292 1011 5329 :
1051 5275 1338 5331 Benedicat
1369 5290 1464 5328 nos
1510 5277 1668 5337 Deus,
1719 5276 1858 5328 Deus

232 5372 417 5434 noster,
449 5370 724 5425 benedicat
764 5386 859 5425 nos
900 5372 1037 5425 Deus
1081 5368 1300 5439 (Psalm.
1350 5367 1533 5439 xcv1)?
1571 5368 1627 5422 Si
1667 5365 1857 5421 unitas

234 5473 341 5514 non
364 5468 464 5532 est,
506 5480 683 5536 quare
718 5480 874 5533 cum,
911 5467 1051 5520 Deus
1102 5463 1268 5519 tertio
1296 5462 1663 5531 nominasset,
1699 5462 1853 5516 bene-

234 5551 390 5622 dicat,
419 5562 476 5612 et
500 5573 638 5627 non,
669 5558 1024 5629 benedicant,
1054 5556 1314 5631 adjunxit
1335 5559 1363 5612 ?
1393 5556 1449 5613 Si
1476 5554 1716 5611 Trinitas
1741 5570 1857 5608 non

236 5653 331 5721 est,
369 5667 469 5708 cur
494 5652 659 5747 Isaias
703 5652 890 5709 denuo
935 5652 1124 5710 dixit:
1165 5654 1387 5710 Domine
1430 5654 1570 5707 Deus
1610 5647 1855 5714 sabaoth,

1956 3954 2152 4009 Iudith
2180 3955 2392 4009 orando
2422 3954 2567 4009 dixit
2596 3970 2609 4009 :
2639 3957 2856 4009 Domine
2877 3957 3017 4009 Deus
3041 3957 3278 4009 omnium
3302 3958 3592 4019 virtutum,

1957 4051 2154 4120 respice
2193 4051 2252 4104 in
2290 4052 2587 4104 orationem
2634 4064 2810 4104 meam
2869 4049 3094 4120 (Iudith.
3144 4049 3256 4121 1x)?
3298 4048 3355 4104 Si
3405 4050 3596 4104 unitas

1956 4160 2074 4199 non
2100 4148 2204 4211 est,
2254 4160 2449 4215 quare,
2501 4146 2721 4215 respice,
2767 4143 2975 4215 posuit,
3023 4147 3081 4198 et
3124 4160 3261 4213 non,
3309 4143 3591 4215 respicite,

1956 4237 2307 4309 designavit?
2346 4238 2404 4293 Si
2440 4236 2679 4292 Trinitas
2720 4254 2835 4292 non
2879 4242 2983 4306 est,
3036 4253 3213 4308 quare
3249 4237 3311 4292 in
3352 4237 3596 4293 Ieremia

1955 4332 2181 4402 dicitur,
2208 4334 2466 4388 Dominus
2503 4336 2639 4387 Deus
2675 4336 2847 4387 vester
2883 4335 3019 4388 Deus
3061 4348 3231 4386 veram
3257 4335 3337 4387 est
3381 4332 3589 4401 (Ierem.

1956 4428 2046 4498 x)?
2073 4426 2129 4482 Si
2157 4426 2346 4482 unitas
2372 4442 2488 4481 non
2514 4431 2617 4496 est,
2648 4442 2842 4497 quare,
2865 4442 3034 4481 veras:
3056 4430 3152 4488 est,
3185 4424 3348 4492 dixit,
3376 4430 3433 4479 et
3453 4441 3588 4494 non,

1956 4537 2200 4591 veraces,
2225 4521 2411 4592 potius
2436 4519 2761 4575 intimavit?
2790 4519 2846 4574 Si
2876 4518 3117 4573 Trinitas
3142 4533 3259 4572 non
3283 4522 3386 4586 est,
3415 4533 3593 4589 quare

1956 4614 2016 4669 in
2040 4613 2373 4685 Apocalypsi
2399 4613 2673 4686 scriptum
2699 4616 2786 4667 est
2816 4628 2828 4666 :
2866 4614 3126 4666 Dominus
3163 4613 3301 4665 Deus
3344 4615 3396 4665 et
3420 4613 3590 4681 spiri-

1957 4715 2043 4764 tus
2063 4708 2456 4779 prophetarum
2479 4708 2628 4761 misit
2651 4705 2904 4775 angelum
2919 4720 3095 4771 suum,
3128 4704 3401 4759 ostendere
3424 4707 3591 4760 servis

1953 4805 2068 4858 suis
2102 4817 2221 4872 quae
2240 4804 2445 4871 oportet
2466 4803 2588 4869 ﬁeri
2603 4803 2705 4854 cito
2733 4799 2920 4869 (Apoc.
2949 4798 3028 4871 1)?
3048 4797 3104 4854 Si
3131 4798 3315 4853 unitas
3338 4814 3456 4854 non
3485 4804 3587 4869 est,

1955 4912 2131 4969 quare
2159 4911 2289 4950 cum
2317 4895 2542 4948 Patrem
2569 4897 2625 4947 et
2649 4891 2851 4947 Filium
2873 4897 2931 4948 et
2954 4892 3228 4965 Spiritum
3247 4892 3588 4962 nominasse,

1954 4993 2104 5046 misit
2129 4990 2405 5049 Dominus,
2437 4985 2599 5057 dixit,
2627 4990 2684 5041 et
2704 5002 2842 5056 non,
2872 4986 3170 5056 miserunt,
3188 4986 3291 5041 sub
3314 4988 3593 5058 praetextu

1954 5084 2130 5140 trium
2140 5098 2510 5155 personarum
2522 5085 2578 5136 et
2591 5079 2894 5135 nominum
2904 5064 3221 5136 introduxit
3231 5080 3258 5134 ?
3279 5080 3334 5134 Si
3348 5079 3592 5134 Trinitas

1956 5194 2071 5232 non
2097 5182 2199 5247 est,
2232 5191 2407 5247 quare
2449 5174 2511 5229 in
2554 5174 2988 5230 Deuteronomio
3030 5171 3239 5227 dicitur
3280 5189 3293 5225 :
3337 5174 3593 5227 Dominus

1956 5276 2094 5328 Deus
2121 5274 2294 5326 vester
2317 5271 2402 5325 hic
2427 5274 2523 5333 est,
2552 5272 2687 5325 Deus
2716 5268 2890 5339 (Deut.
2919 5266 3013 5336 x)?
3048 5264 3104 5320 Si
3128 5264 3317 5319 unitas
3342 5280 3458 5317 non
3485 5268 3591 5334 est,

1956 5380 2151 5437 quare,
2178 5367 2278 5421 Hic
2304 5368 2400 5433 est,
2429 5362 2591 5431 dixit,
2619 5367 2675 5417 et
2697 5377 2832 5429 non,
2855 5359 2916 5415 hi
2939 5361 3090 5425 sunt,
3112 5355 3322 5429 plurali
3346 5371 3591 5413 numero

1957 5457 2304 5531 designavit?
2331 5458 2389 5513 Si
2416 5457 2657 5513 Trinitas
2695 5471 2814 5510 non
2842 5457 2945 5523 est,
2976 5466 3154 5523 quare
3183 5450 3245 5504 in
3275 5449 3477 5505 eodem
3501 5450 3590 5506 di-

1956 5552 2103 5609 citur
2129 5552 2273 5608 libro
2307 5569 2321 5607 :
2352 5554 2605 5609 Dominus
2630 5553 2768 5607 Deus
2799 5552 2920 5605 tuus
2942 5588 2959 5610 ,
2991 5549 3128 5601 Deus
3156 5557 3387 5612 magnus
3412 5548 3465 5597 et
3489 5559 3595 5614 po-

1958 5652 2071 5705 tens
2096 5652 2174 5704 est
2202 5647 2423 5721 (Ibid)?
2440 5646 2501 5702 Si
2522 5644 2708 5702 unitas
2723 5659 2839 5699 non
2858 5644 2960 5709 est,
2979 5650 3420 5710 quare,magnus
3429 5641 3482 5692 et
3493 5651 3595 5709 po.

307 5801 331 5837 ⁸
354 5804 509 5862 Falsa
533 5811 590 5863 et
612 5806 1006 5865 commentitia
1031 5807 1103 5863 ab
1126 5807 1330 5864 eodem
1356 5809 1661 5867 Mercatore
1689 5804 1940 5880 farrago.
1962 5806 2130 5862 ιω.
