4006 6238
583 335 686 387 675
1557 330 1809 383 SANCTA
1848 322 2316 395 RADEGUNDUS,
2359 327 2608 384 REGINA
2646 322 2975 384 FRANCDE.
3882 317 3987 371 ετξ)

581 440 741 496 cibus
777 456 975 495 earum
1013 455 1144 495 cum
1185 437 1586 493 contestatione
1627 437 1816 492 divina
1846 453 2015 492 suum
2061 453 2216 492 com-
2242 449 2303 523 Α
2321 437 2460 493 illud
2488 439 2756 509 signaret,
2788 437 2979 510 aliqua
3012 435 3082 491 de
3119 433 3407 489 sororibus
3443 433 3585 489 vidit
3619 447 3806 503 supra
3844 444 3982 484 mu-

581 534 874 598 mendavit
898 532 1334 588 monasterium.
1826 576 1855 600 ,
2318 548 2450 586 rum
2487 532 2662 587 millia
2703 530 2948 586 millium
2986 530 3313 584 daemonum
3351 529 3413 583 in
3442 527 3632 599 specie
3657 538 3991 597 caprarum

654 632 744 684 20.
777 630 906 682 Post
942 628 1047 681 hoc
1083 626 1296 681 donum
1331 624 1551 680 caeleste
1590 628 1885 696 acceptum
1911 623 2221 680 transmisit
2318 632 2499 681 astare
2540 642 2553 679 :
2597 625 2694 679 ubi
2744 629 2936 679 sancta
2990 624 3285 678 dexteram
3333 623 3559 677 beatam
3614 637 3757 677 cum
3810 617 3990 688 signo

583 722 747 778 beata
788 721 985 776 missos
1030 736 1180 785 suos,
1229 717 1616 790 supradictum
1644 719 2059 790 presbyterum,
2088 735 2220 773 cum
2319 719 2500 777 crucis
2527 719 2780 787 elevavit,
2815 717 2999 773 omnis
3031 717 3125 772 illa
3167 716 3474 772 multitudo
3503 716 3857 772 daemonum
3889 712 3985 766 fu-

584 816 729 886 aliis,
761 816 831 869 ad
861 816 1268 885 imperatorem
1296 828 1428 866 cum
1454 811 1698 883 simplici
1722 812 2056 869 vestimento
2088 828 2217 884 gra-
2322 819 2451 886 gata
2478 828 2759 884 nusquam
2783 812 3126 883 comparuit.

586 910 694 964 tias
708 924 892 979 agere.
920 909 981 960 In
1002 906 1295 961 redeundo
1323 905 1493 977 coepit
1515 922 1675 961 mare
1702 907 1969 961 ﬂuctibus
1983 906 2096 978 agi,
2123 906 2221 961 ubi
2392 911 2481 964 23.
2503 905 2683 964 Simili
2708 905 2876 960 modo
2902 906 3040 960 dum
3064 909 3196 960 ante
3226 920 3389 959 suam
3411 903 3611 958 cellam
3631 907 3812 957 nocte
3836 902 3990 954 asta-

586 1006 719 1058 sunt
750 1002 927 1055 multa
969 999 1219 1072 pericula
1244 1000 1414 1071 passi,
1446 1000 1723 1071 procellas
1751 1000 1962 1055 scilicet
1992 1005 2050 1056 et
2072 1005 2218 1055 tem-
2321 1007 2427 1071 ret,
2457 1016 2681 1072 semper
2707 1000 2873 1055 corde
2898 1003 2955 1054 et
2982 999 3041 1054 in
3067 1015 3164 1053 ore
3192 1014 3423 1053 cursum
3447 997 3781 1064 decantans,
3825 994 3990 1049 intra

581 1100 845 1167 pestates,
874 1095 1043 1167 quale
1063 1110 1123 1149 se
1142 1110 1442 1165 nunquam
1467 1093 1673 1149 vidisse
1697 1094 2055 1164 fatebantur;
2088 1110 2225 1165 qua-
2321 1111 2525 1151 arcana
2551 1074 2737 1150 cordis
2765 1094 2855 1149 sui
2884 1097 3095 1148 secrete
3118 1092 3275 1164 jugis
3304 1092 3429 1146 laus
3468 1090 3564 1145 Dei
3591 1088 3988 1161 personabat,

584 1189 847 1260 draginta
893 1188 1094 1243 diebus
1130 1193 1187 1243 et
1224 1187 1599 1259 quadraginta
1638 1187 1896 1242 noctibus
1938 1187 1998 1242 in
2036 1187 2224 1243 medio
2322 1193 2596 1245 nocturna
2633 1188 2768 1258 avis,
2800 1203 2930 1259 quae
2972 1186 3300 1241 hominibus
3336 1189 3422 1240 est
3454 1184 3704 1255 ingrata,
3746 1181 3981 1237 vocife-

584 1283 730 1339 mari
759 1283 917 1337 navis
945 1298 1144 1337 eorum
1169 1282 1422 1352 periculo
1466 1281 1814 1353 subjacebat.
1853 1283 1976 1336 Jam
2006 1281 2076 1335 de
2109 1280 2227 1337 vita
2324 1299 2455 1338 rans
2495 1283 2554 1338 in
2590 1282 2778 1337 medio
2823 1280 3167 1336 monasterio
3209 1280 3267 1334 in
3294 1279 3497 1334 arbore
3537 1294 3596 1332 se
3634 1276 3988 1334 infestabat.

587 1378 945 1449 desperantes
990 1381 1234 1430 mortem
1276 1391 1396 1446 prae
1434 1375 1610 1429 oculis
1657 1375 1952 1445 habentes,
1982 1374 2133 1430 inter
2167 1391 2226 1429 se
2326 1377 2468 1432 Dicit
2489 1377 2560 1432 ad
2586 1392 2712 1431 eam
2740 1393 2855 1431 una
2896 1375 2966 1429 de
3016 1373 3367 1429 astantibus:
3413 1371 3647 1427 Domina
3684 1371 3891 1437 beata,
3947 1370 3991 1421 si

584 1488 783 1543 pacem
800 1471 1085 1536 facientes,
1108 1468 1375 1541 quiajam
1397 1485 1493 1524 eos
1518 1486 1676 1524 mare
1702 1469 2004 1524 absorbere
2028 1468 2224 1541 cupie-
2319 1470 2507 1542 jubes,
2550 1470 2611 1524 in
2654 1469 2825 1525 verbo
2868 1474 2967 1523 tuo
3007 1466 3168 1537 ejicio
3209 1482 3393 1521 avem.
3439 1466 3575 1527 Quae
3620 1463 3761 1519 dicit
3787 1463 3846 1518 ei
3884 1479 3899 1515 :
3935 1462 3993 1517 Si

587 1565 703 1634 bat,
734 1581 793 1620 se
818 1564 1071 1619 videntes
1106 1563 1166 1616 in
1205 1567 1358 1617 tanto
1399 1563 1676 1633 periculo,
1721 1579 1884 1618 voces
1910 1562 1981 1617 ad
2023 1563 2227 1618 caelum
2325 1568 2509 1634 nocet,
2537 1563 2596 1618 in
2620 1563 2850 1617 nomine
2878 1561 3107 1616 Domini
3133 1560 3293 1629 vade,
3321 1558 3699 1613 nihilominus
3736 1556 3991 1628 signum

588 1658 799 1713 dabant
822 1658 1129 1712 clamantes
1153 1673 1217 1710 ac
1245 1656 1495 1712 dicentes
1527 1674 1540 1711 :
1567 1657 1803 1711 Domina
1840 1656 2223 1729 Radegundis,
2327 1657 2506 1713 crucis
2529 1674 2700 1729 super
2728 1672 2858 1712 eam
2902 1655 3132 1710 faciens.
3171 1652 3497 1708 Ambulavit
3532 1651 3794 1722 dixitque
3839 1650 3938 1703 avi
3970 1666 3983 1702 :

590 1752 825 1806 subveni
869 1751 1042 1805 servis
1074 1751 1186 1805 tuis
1224 1767 1237 1805 :
1274 1751 1412 1805 dum
1443 1750 1546 1805 tibi
1584 1750 1899 1821 obedimus,
1948 1750 2229 1805 submersi
2332 1753 2392 1806 In
2419 1751 2651 1806 nomine
2686 1749 2908 1811 Domini
2931 1748 3113 1805 nostri
3138 1748 3268 1802 Jesu
3313 1745 3524 1802 Christi
3544 1744 3710 1816 jubet
3738 1743 3987 1799 domina

590 1860 707 1898 non
731 1860 1071 1915 pereamus;
1100 1844 1279 1899 libera
1317 1860 1421 1898 nos
1458 1843 1527 1898 de
1570 1843 1768 1899 mortis
1805 1843 2057 1914 periculo
2099 1824 2307 1915 quiaB
2330 1844 2714 1917 Radegundis,
2759 1844 2807 1899 si
2853 1860 2969 1899 non
3001 1859 3072 1898 ex
3096 1841 3193 1897 Dei
3221 1843 3382 1913 parte
3419 1839 3641 1908 venisti,
3669 1841 3741 1892 ut
3766 1837 3842 1892 ab
3871 1837 3984 1892 hoc

585 1938 707 2009 jam
734 1953 889 1992 mare
927 1940 1190 2008 paratum
1221 1941 1306 1992 est
1329 1942 1394 1992 ut
1431 1953 1534 1991 nos
1562 1936 1715 1993 vivos
1742 1936 2059 1991 absorbeat.
2094 1937 2229 1992 Ubi-
2328 1939 2450 1993 loco
2475 1938 2742 2005 discedas,
2770 1941 2826 1992 et
2854 1936 3080 2008 penitus
3106 1936 3199 1989 hic
3227 1938 3455 1990 cantare
3483 1950 3599 1988 non
3624 1947 3980 2003 presumas.

594 2047 818 2103 cunque
844 2031 1102 2085 invocata
1129 2030 1289 2085 fuisti
1317 2030 1550 2086 miserta
1575 2047 1657 2095 es,
1686 2048 1837 2086 nunc
1878 2032 2082 2103 adjuva
2104 2036 2231 2086 tuos
2329 2034 2623 2104 Tanquam
2654 2031 2702 2086 si
2750 2048 2821 2087 ex
2851 2047 2950 2086 ore
2979 2030 3081 2085 Dei
3105 2030 3389 2101 prolatum
3432 2027 3681 2082 audisset
3709 2025 3982 2092 verbum,

591 2136 665 2176 ne
686 2124 939 2191 pereant.
965 2121 1050 2175 Ad
1074 2120 1176 2174 has
1200 2136 1363 2176 voces
1390 2120 1452 2175 in
1476 2121 1664 2176 medio
1688 2120 1836 2175 mari
1869 2121 2096 2177 advenit
2133 2138 2228 2175 co-
2331 2125 2486 2182 dedit
2512 2125 2761 2180 volatum
2785 2128 2843 2179 et
2868 2140 3148 2195 nusquam
3174 2121 3511 2193 comparuit.
3539 2121 3735 2175 Merito
3762 2119 3817 2174 ei
3845 2134 3987 2173 aves

590 2214 956 2292 lumbahquae
984 2215 1289 2286 terInavem
1316 2230 1516 2270 eorum
1533 2214 1888 2285 circumiens,
1911 2214 2089 2285 tertia
2113 2215 2232 2269 vice
2332 2224 2391 2274 et
2418 2219 2613 2275 bestiae
2640 2218 2932 2285 obediunt,
2960 2217 3093 2289 quia
3125 2216 3222 2272 illa
3247 2231 3546 2287 nunquam
3567 2213 3853 2287 praeteriit
3880 2214 3985 2267 Do-

592 2308 653 2363 in
682 2308 915 2363 nomine
944 2308 1228 2364 Trinitatis
1261 2325 1437 2380 quam
1464 2308 1630 2363 beata
1665 2324 1887 2380 semper
1928 2308 2095 2364 corde
2141 2309 2227 2363 di-
2330 2312 2470 2367 mini
2504 2312 2736 2368 obedire
2761 2313 3068 2383 praecepto.

490 2416 509 2423 '
593 2401 754 2469 lexit,
784 2417 916 2457 cum
940 2402 1170 2468 volaret,
1199 2418 1391 2457 servus
1414 2402 1594 2457 beatae
1621 2402 1835 2473 reginae
1866 2402 2097 2457 nomine
2134 2403 2230 2456 Ba-
2402 2405 2493 2461 24.
2522 2407 2591 2461 Et
2615 2405 2660 2460 si
2680 2422 2783 2477 pro
2808 2403 3139 2459 infirmitate
3166 2401 3464 2475 aliquoties
3488 2400 3849 2473 requiescere
3881 2416 3976 2455 vo-

598 2495 802 2549 nisaios
837 2495 1090 2551 extendit
1131 2511 1387 2565 manum,
1428 2495 1497 2550 de
1544 2495 1722 2551 cauda
1774 2496 1895 2568 ejus
1943 2500 2055 2552 tres
2102 2496 2234 2551 tulit
2331 2498 2548 2570 luisset,
2571 2498 2773 2571 spiritu
2800 2498 3059 2570 vigilanti
3085 2497 3326 2566 dicebat,
3356 2502 3631 2568 tanquam
3656 2495 3981 2550 admonens

598 2604 832 2659 pennas,
861 2605 1000 2660 quas
1027 2588 1171 2643 mari
1202 2588 1533 2660 intinguens
1558 2592 1953 2661 tempestatem
1974 2606 2230 2662 compes-
2333 2609 2461 2649 eam
2496 2609 2627 2665 quas
2650 2592 2937 2664 psalmum
2962 2590 3181 2647 dicebat
3209 2608 3222 2646 :
3256 2594 3395 2663 Age,
3417 2590 3527 2645 dic.
3556 2589 3711 2644 Nulli
3731 2588 3979 2644 dubium

597 2682 713 2737 cuit
742 2688 799 2737 et
824 2683 895 2737 ad
931 2682 1343 2737 invocationem
1389 2683 1637 2738 nominis
1663 2683 1843 2738 beatae
1869 2684 2233 2757 Radegundis
2332 2692 2417 2743 est
2436 2687 2589 2759 quod
2615 2686 2946 2759 spiritaliter
2971 2701 3104 2742 cum
3133 2684 3341 2741 sanctis
3376 2684 3671 2756 psallebat,
3692 2687 3795 2737 aut
3819 2687 3975 2737 certe

600 2775 863 2831 columba
887 2792 1025 2848 quas.
1044 2777 1330 2849 apparuit,
1360 2777 1484 2848 ejus
1516 2778 1761 2832 famulos
1806 2778 1875 2833 de
1920 2778 2121 2833 mortis
2138 2779 2229 2850 ja-
2335 2797 2440 2837 nec
2463 2798 2630 2852 sopor
2654 2796 2780 2836 eam
2807 2779 3126 2852 superabat.
3155 2780 3308 2834 Mens
3331 2777 3552 2833 intenta
3575 2776 3650 2831 ad
3680 2776 3977 2832 Christum

598 2887 712 2927 nua
737 2871 868 2926 vitae
898 2870 1161 2937 reddidit,
1183 2874 1241 2925 et
1258 2870 1406 2926 facta
1433 2887 1493 2927 es
1536 2872 1916 2944 tranquillitas
1946 2888 2155 2944 magna
2174 2873 2235 2927 in
2333 2876 2663 2947 frequenter
2683 2874 2858 2930 etiam
2884 2874 2946 2929 in
2971 2889 3173 2945 sopore
3197 2873 3396 2944 posita,
3433 2872 3503 2927 de
3533 2871 3732 2926 futuro
3754 2869 3979 2941 judicio

598 2964 784 3020 medio
811 2964 979 3019 mari.
1009 2964 1094 3019 Illi
1119 2980 1251 3020 vero
1275 2965 1385 3019 alta
1428 2981 1562 3020 voce
1597 2966 1901 3021 clamantes
1925 2966 2187 3023 dicebant
2214 2984 2228 3022 :
2335 2973 2392 3026 et
2417 2969 2486 3025 dc
2522 2973 2735 3024 aeterno
2761 2966 3001 3040 praemio
3026 2966 3360 3039 praedicans,
3389 2965 3787 3038 expergefacta
3810 2963 3981 3018 nobis

580 3058 904 3129 .Advenisti,
936 3059 1086 3114 bona
1110 3059 1359 3126 domina,
1386 3060 1593 3131 pietate
1618 3060 1804 3131 plena,
1832 3064 1960 3115 tuos
1985 3061 2234 3131 captivos
2334 3063 2556 3120 dicebat
2573 3080 2585 3118 :
2601 3062 2875 3135 Colligite,
2896 3060 3144 3134 colligite
3164 3061 3416 3116 triticum
3438 3059 3816 3129 dominicum,
3842 3057 3982 3131 quia

600 3153 821 3225 eripere
848 3170 922 3209 ne
964 3153 1226 3209 ﬂuctibus
1267 3157 1686 3225 mergerentur.
1714 3154 1799 3208 Ad
1845 3153 1967 3225 ejus
2007 3154 2232 3209 invoca-
2255 3199 2310 3273 Ο
2333 3174 2464 3214 vere
2482 3158 2607 3213 dico
2635 3157 2787 3212 vobis
2805 3173 2922 3211 non
2955 3156 3054 3211 diu
3075 3155 3183 3211 erit
3205 3159 3272 3210 ut
3289 3154 3583 3227 colligatis.
3607 3153 3803 3209 Videte
3823 3151 3979 3225 quod

600 3247 811 3273 ita--.“
847 3264 957 3273 ..Α-.-
992 3252 1211 3273 sane“...
1242 3247 1324 3273 -..ἃ
1379 3247 1474 3273 ..ι-υ]
1508 3263 1701 3273 Λυκίη.
1729 3247 2096 3273 -....t'l:L.._..1:
2131 3265 2235 3273 -Α-
2341 3252 2452 3273 ΔΒΑ-
2537 3249 2770 3273 --ιιι-ξι-
2838 3250 2959 3273 ---2-
3041 3265 3169 3273 ..Α-,ι
3238 3247 3556 3273 ,..-,...-ΣᾸ.........
3626 3247 3756 3273 Αηιζι.
3823 3246 3974 3273 ἕλει-ελ

598 3247 817 3303 tionem
847 3264 963 3303 non
992 3252 1217 3303 tantum
1241 3247 1349 3318 sui,
1379 3247 1480 3301 sed
1506 3263 1703 3301 omnes
1729 3250 1865 3302 sunt
1881 3247 2101 3304 liberati
2131 3265 2235 3321 per
2256 3246 2310 3273 “‘
2333 3252 2476 3322 dico,
2532 3249 2774 3323 colligite
2832 3250 2966 3323 quia
3041 3265 3171 3304 vere
3233 3247 3559 3321 quaesitura:
3623 3247 3759 3302 estis
3823 3246 3981 3301 istud

600 3341 1059 3413 virtutemipsius
1079 3342 1304 3396 domnae
1322 3340 1700 3412 Hadegundis.
1724 3343 1873 3412 Ipsas
1891 3343 2235 3413 pennashuc
2332 3350 2584 3417 tempus;
2632 3361 2783 3415 vere,
2833 3360 2962 3401 vere
3012 3342 3334 3417 quaesitura:
3387 3343 3518 3398 estis
3555 3342 3692 3397 istos
3744 3340 3873 3397 dies
3927 3344 3980 3394 et

600 3435 927 3505 attulerant,
955 3439 1012 3490 et
1036 3433 1335 3490 fabricatas
1347 3434 1454 3506 ipsi
1484 3434 1585 3507 qui
1609 3434 1678 3490 de
1715 3440 1901 3491 morte
1927 3441 2060 3492 sunt
2093 3436 2233 3491 libe-
2333 3439 2497 3494 valde
2534 3439 2957 3496 desideraturae.
2991 3438 3153 3504 Quod
3201 3438 3307 3493 etsi
3336 3442 3474 3493 tunc
3510 3435 3739 3509 ignavia
3780 3439 3977 3490 nostra

601 3529 727 3598 rati,
771 3545 874 3600 per
912 3530 1033 3584 loca
1065 3534 1260 3584 sancta
1311 3529 1497 3583 devoti
1538 3529 1837 3585 dederunt.
1884 3530 2235 3603 Ubicumque
2333 3533 2442 3589 hoc
2474 3532 2662 3605 tepide
2689 3532 3016 3607 accipiebat,
3042 3532 3166 3604 jam
3190 3535 3382 3588 tamen
3406 3548 3560 3587 nunc
3589 3529 3809 3585 venisse
3844 3545 3975 3601 pro-

601 3621 858 3678 invocata
884 3622 1077 3694 fuerit,
1104 3622 1351 3693 benigne
1378 3623 1639 3693 exaudit;
1678 3623 1725 3677 si
1762 3622 2107 3691 febricitans,
2138 3629 2238 3680 aut
2334 3627 2535 3683 bemus
2571 3627 2725 3699 quod
2761 3626 2922 3683 dixit.
2967 3628 3111 3683 Illud
3152 3626 3550 3699 propheticum
3590 3625 3651 3680 in
3675 3625 3847 3681 nobis
3878 3624 3976 3678 im-

599 3717 890 3790 pustulam
914 3717 1150 3787 habens,
1179 3722 1279 3773 aut
1299 3733 1333 3771 a
1359 3733 1697 3789 quacunque
1722 3721 1913 3773 tentus
1932 3717 2233 3775 inﬁrmita-
2334 3723 2552 3793 pletum
2577 3727 2664 3778 est
2693 3738 2708 3777 :
2752 3725 2972 3780 Mittam
2997 3723 3145 3779 vobis
3167 3724 3369 3791 famem
3392 3724 3451 3775 in
3479 3725 3626 3776 terra
3651 3720 3839 3790 (Amos
3870 3724 3972 3789 vi);

602 3816 677 3882 te,
700 3828 804 3884 pro
827 3811 1129 3883 interjecto
1152 3811 1580 3884 longinquitatis
1603 3816 1770 3867 terra:
1796 3812 1978 3884 spatio
2006 3812 2075 3868 ad
2112 3829 2237 3869 eam
2334 3816 2907 3889 famem,inquit,non
2918 3817 3080 3889 panis
3097 3821 3153 3873 et
3163 3832 3327 3889 aquai.
3344 3815 3441 3870 sed
3453 3812 3720 3870 audiendi
3734 3815 3974 3869 verbum

600 3906 794 3961 venire
827 3923 944 3961 non
988 3905 1286 3977 potuisset,
1334 3906 1568 3961 candela
1605 3905 1666 3961 in
1715 3906 1837 3977 ejus
1879 3907 2113 3962 nomine
2141 3924 2234 3963 ac-
2336 3911 2454 3967 Dei.
2498 3910 2651 3966 Licet
2692 3911 3121 3982 praedicationes
3162 3926 3302 3982 quas
3344 3908 3587 3964 instituit
3616 3907 3972 3975 recitentur;

602 4015 766 4055 censa
790 4016 1020 4055 omnem
1043 3999 1261 4055 febrem
1280 3998 1520 4072 depulit.
2336 4008 2529 4059 tamen
2572 4004 2809 4060 cessavit
2865 4004 2960 4060 illa
3005 4003 3350 4059 incessabilis
3395 4019 3531 4073 vox,
3586 4001 3973 4057 desiderabilis

672 4096 763 4148 2t.
797 4094 1084 4157 Quantum
1114 4109 1273 4147 suam
1298 4093 1802 4165 congregationem
1828 4093 2088 4150 dilexerit
2111 4094 2238 4166 quis
2337 4097 2665 4165 admonitio,
2680 4098 2860 4154 dulcis
2880 4098 3131 4154 affectus.
3158 4097 3299 4153 Nam
3313 4096 3542 4170 qualem
3559 4096 3805 4163 vultum,
3827 4097 3971 4150 Deus

604 4190 762 4246 effari
788 4190 1007 4246 valeat?
1035 4208 1139 4248 nec
1167 4192 1215 4246 si
1238 4197 1476 4248 centeno
1502 4193 1690 4248 sonitu
1714 4192 1929 4265 linguas
1955 4193 2237 4266 plectrum
2336 4192 2642 4264 plasmator
2666 4192 2850 4248 bone!
2881 4193 3111 4266 qualem
3135 4192 3359 4262 faciem,
3402 4192 3627 4263 qualem
3664 4204 3966 4263 personam

603 4290 827 4341 moveat
857 4285 965 4340 hoc
1007 4286 1232 4358 explere
1271 4287 1440 4343 valet.
1469 4286 1719 4342 Instituit
1752 4292 1835 4355 ut,
1876 4287 2015 4343 dum
2038 4287 2235 4344 reﬁce-
2337 4287 2560 4358 habuit,
2587 4287 2713 4359 quis
2755 4290 2939 4359 potest
2982 4304 3239 4360 unquam
3280 4285 3605 4357 exponere?
3630 4284 3744 4340 Sed
3766 4289 3828 4340 et
3869 4284 3967 4338 hoc

602 4384 748 4450 rent,
778 4395 1004 4451 semper
1025 4379 1189 4435 lectio
1226 4381 1533 4452 legeretur,
1570 4384 1638 4436 ut
1679 4398 1794 4436 non
1825 4381 2010 4437 solum
2051 4382 2239 4439 fauces
2339 4381 2622 4437 reminisci
2647 4382 2989 4454 supplicium
3012 4387 3115 4438 est.
3148 4382 3256 4436 Nos
3295 4396 3427 4436 vero
3470 4378 3718 4435 humiles
3757 4379 3967 4434 deside

600 4473 879 4545 accipiant
924 4474 1138 4546 cibum,
1172 4475 1269 4530 sed
1316 4480 1372 4530 et
1395 4490 1560 4530 aures
1589 4476 1826 4531 audiant
1853 4476 1952 4531 Dei
1978 4476 2235 4532 verbum.
2338 4490 2530 4530 ramus
2555 4475 2618 4530 in
2638 4491 2704 4530 ea
2729 4474 3062 4546 doctrinam,
3093 4475 3358 4546 formam,
3384 4474 3623 4541 vultum,
3645 4489 3966 4544 personam,

599 4568 883 4641 Quidquid
926 4573 1025 4624 aut
1059 4569 1183 4623 aliis
1216 4569 1489 4641 praecepit
1526 4573 1626 4625 aut
1674 4570 1799 4641 ipsa
1833 4570 1988 4638 fecit,
2043 4570 2312 4652 omniaD
2336 4568 2647 4637 scientiam,
2675 4568 2966 4640 pietatem,
3002 4568 3334 4639 bonitatem,
3365 4568 3721 4624 dulcedinem
3751 4584 3765 4622 :
3796 4583 3967 4639 quam

600 4668 835 4736 prepter
861 4663 1037 4719 Deum
1066 4678 1291 4734 semper
1314 4663 1899 4737 implevit.Quidquid
1922 4668 2022 4720 aut
2040 4665 2234 4736 prohi-
2338 4662 2641 4735 specialem
2666 4680 2700 4717 a
2737 4663 2974 4719 Domino
2998 4663 3149 4719 inter
3188 4668 3420 4719 caeteros
3456 4662 3716 4717 homines
3749 4662 3964 4717 habuit.

598 4757 725 4813 buit
747 4757 891 4829 ﬁeri,
917 4763 1017 4814 aut
1038 4758 1162 4830 ipsa
1188 4758 1384 4814 vitavit
1425 4758 1628 4830 facere,
1666 4758 1857 4814 omnia
1907 4759 1969 4814 in
1995 4760 2111 4815 zelo
2141 4758 2238 4814 Dei
2405 4760 2496 4813 25.
2524 4758 2703 4822 Quam
2729 4762 2923 4813 sancta
2949 4756 3057 4813 fuit
3079 4758 3197 4813 vita
3216 4758 3360 4829 ejus,
3380 4762 3499 4813 tam
3515 4773 3694 4828 purus
3710 4760 3768 4811 et
3790 4755 3963 4811 dulcis

600 4853 658 4904 et
683 4848 831 4903 nihil
860 4847 1160 4904 carnaliter
1184 4851 1285 4903 aut
1309 4848 1447 4920 egit,
1477 4851 1578 4902 aut
1606 4848 1814 4921 sapuit.
1848 4849 1915 4904 Et
1943 4848 2076 4920 quia
2094 4865 2239 4904 nun~
2335 4856 2610 4923 aspectus.
2641 4855 2786 4908 Ante
2814 4868 3031 4906 annum
3056 4851 3328 4908 transitus
3356 4851 3464 4923 sui,
3493 4850 3634 4906 vidit
3661 4850 3722 4905 in
3743 4849 3871 4906 visu
3898 4851 3964 4905 lo-

600 4958 774 5015 quam
799 4942 978 4998 otiosa
1000 4942 1070 4997 ab
1096 4956 1270 5015 Opere
1309 4942 1409 4998 Dei
1441 4958 1562 4998 esse
1588 4941 1781 5011 voluit,
1811 4941 2103 4997 insistebat
2132 4942 2238 4997 uti-
2337 4962 2470 5001 cum
2495 4945 2601 5001 sibi
2626 4950 2909 5018 paratum,
2932 4946 3197 5018 venitque
3218 4946 3291 5001 ad
3306 4945 3674 5017 eamjuvenis
3692 4945 3961 5017 praedives

600 5053 713 5109 que
738 5035 996 5108 orationi,
1026 5036 1254 5093 lectioni
1279 5040 1336 5092 et
1384 5036 1757 5109 eleemosynis
1794 5052 1858 5091 ac
1895 5036 2238 5107 praedicatio-
2336 5039 2777 5111 pulcherrimus,
2824 5045 2880 5096 et
2914 5039 3076 5112 quasi
3114 5040 3431 5112 juvenilem
3473 5040 3689 5095 habens
3727 5044 3963 5105 aetatem,

599 5131 767 5187 nibus
801 5132 1168 5201 incessanter,
1217 5130 1482 5185 omnibus
1525 5130 1749 5202 diebus,
1802 5133 1866 5186 ut
1900 5130 2053 5186 nulla
2093 5134 2239 5186 esset
2336 5133 2436 5205 qui
2463 5134 2623 5189 suavi
2646 5138 2800 5190 tactu
2824 5132 3151 5207 blandoque
3177 5134 3458 5207 colloquio
3483 5134 3623 5191 dum
3650 5150 3783 5190 cum
3810 5150 3879 5190 ea
3900 5134 3963 5189 lo-

598 5242 729 5299 quae
749 5242 808 5282 se
834 5226 903 5281 de
930 5224 1251 5298 ignorantia
1275 5228 1590 5281 excusaret.
2335 5232 2626 5300 queretur,
2650 5228 2749 5284 illa
2776 5230 2845 5285 de
2866 5246 2924 5285 se
2941 5230 3147 5299 zelans,
3169 5228 3505 5285 blanditiam
3524 5229 3846 5300 respuebat.
3868 5226 3962 5293 Qui

672 5324 762 5377 22.
788 5322 1030 5376 Tantum
1057 5319 1302 5391 denique
1330 5318 1547 5375 donum
1574 5319 1634 5374 in
1659 5335 1718 5375 se
1748 5319 2027 5392 largiente
2045 5318 2236 5375 divina
2336 5320 2479 5377 dixit
2502 5323 2557 5379 ei
2580 5340 2594 5379 :
2616 5324 2762 5388 Quid
2782 5342 2875 5381 me
2901 5325 3178 5382 desiderio
3198 5339 3431 5381 accensa
3456 5339 3589 5379 cum
3611 5323 3783 5379 tantis
3801 5323 3961 5394 lacry-

600 5415 782 5488 gratia
808 5414 1026 5484 habuit,
1056 5418 1120 5471 ut
1148 5413 1484 5469 humilitatis
1529 5413 1868 5485 magistrum
1890 5414 1990 5486 qui
2017 5414 2087 5470 de
2110 5413 2237 5469 cceli
2334 5416 2445 5471 mis
2461 5433 2646 5490 rogas,
2672 5435 2905 5490 gemens
2923 5419 3186 5491 requiris,
3215 5418 3352 5474 fusis
3372 5418 3635 5491 precibus
3646 5418 3852 5491 poscis,
3870 5431 3958 5490 pro

601 5511 737 5566 solio
761 5510 832 5565 ad
856 5514 1035 5566 terras
1065 5507 1355 5565 descendit
1380 5507 1677 5577 imitando,
1707 5507 2014 5563 Dominum
2032 5524 2229 5581 seque-
2334 5527 2427 5566 me
2453 5516 2611 5567 tanto
2634 5516 2690 5567 te
2719 5514 2969 5569 cruciatu
2992 5512 3197 5584 affligis
3220 5512 3320 5585 qui
3347 5528 3573 5585 semper
3596 5512 3702 5568 tibi
3728 5509 3958 5568 adsisto?

600 5609 760 5659 retur
777 5604 839 5658 in
859 5603 1080 5675 spiritu,
1105 5620 1444 5676 quocunque
1460 5604 1586 5659 iret.
1608 5604 1912 5673 Postquam
1928 5618 2239 5675 congrega-
2334 5605 2436 5676 Tu,
2468 5623 2698 5677 gemma
2721 5607 2985 5680 pretiosa,
3017 5605 3237 5662 noveris
3260 5611 3317 5662 te
3347 5606 3409 5661 in
3436 5606 3755 5662 diademate
3781 5604 3956 5677 capitis

599 5697 679 5753 tio
705 5713 765 5752 se
792 5697 1128 5753 recondebat
1163 5698 1287 5770 jam
1321 5698 1390 5752 ad
1428 5697 1842 5770 pensationem,
1872 5696 1987 5768 illa,
2015 5701 2081 5752 ut
2102 5713 2233 5769 per-
2334 5700 2448 5754 mei
2475 5700 2724 5772 primam
2752 5717 2871 5757 esse
2899 5717 3205 5774 gemmam.
3236 5700 3384 5756 Nulli
3412 5699 3649 5755 dubium
3670 5700 3823 5772 quod
3849 5699 3953 5772 ipse

598 5793 831 5846 noctans
858 5789 918 5844 in
949 5791 1222 5860 oratione,
1245 5808 1345 5845 sua
1362 5796 1550 5846 sancta
1572 5791 1801 5847 dextera
1821 5791 2235 5847 monasterium
2335 5809 2461 5849 eam
2486 5794 2729 5852 visitavit
2755 5796 2848 5852 cui
2875 5812 2935 5852 se
2959 5800 3078 5852 tota
3101 5794 3396 5852 devotione
3429 5794 3664 5853 tradidit
3693 5793 3884 5851 vivens
3907 5793 3954 5847 in

600 5898 706 5956 per
732 5880 962 5953 signum
990 5884 1171 5939 crucis
1198 5883 1460 5941 salvabat.
1482 5884 1734 5951 Quadam
1759 5883 1877 5941 vice
1905 5885 2041 5940 dum
2072 5884 2237 5942 beata
2334 5904 2568 5962 corpore
2593 5895 2650 5948 et
2674 5890 2918 5964 gloriam
2943 5908 3052 5965 qua
3080 5888 3326 5948 fruitura
3344 5896 3466 5947 erat
3502 5890 3555 5946 ei
3576 5890 3843 5947 ostendit.
3869 5886 3953 5946 Sed
