4006 6238
106 322 202 374 677

1399 314 1572 373 VITA.
1614 316 1813 374 LIBER
1849 315 2212 373 SECUNDUS.
3394 324 3494 376 678

106 429 252 483 hunc
290 424 489 482 visum
525 426 803 483 secretius
833 442 963 482 cum
987 424 1405 481 contestatione
1440 426 1661 481 duabus
1681 443 1766 482 sa-
1786 440 1846 513 Α
1866 427 2077 481 Flenda
2099 442 2239 498 ergo
2266 425 2432 480 nobis
2458 423 2585 479 talis
2607 441 2722 481 non
2754 428 2858 493 est,
2885 426 2985 481 sed
3000 425 3323 482 tremenda.
3345 428 3500 482 Ami-

105 522 170 576 tis
180 520 461 575 ﬁdelibus
481 519 781 589 disseruit,
806 526 869 577 ut
882 538 940 576 se
954 519 1257 592 superstite
1277 520 1416 577 nulli
1435 526 1761 577 narrarent.

169 616 239 670 Et
263 614 406 686 quia
434 617 641 671 multa
666 619 799 671 sunt
817 616 1004 671 adhuc
1025 615 1163 671 satis
1181 618 1240 670 et
1254 631 1470 685 magna
1491 631 1618 687 quae
1636 632 1765 686 pro-

106 708 227 776 pter
257 704 672 775 prolixitatem
702 705 1088 777 praeterimus,
1118 721 1190 760 ne
1226 704 1519 776 prolixitas
1566 707 1763 760 nostra

107 797 483 854 audientibus
516 799 717 871 potius
740 798 1041 854 fastidium
1055 802 1499 870 generet,quam
1513 798 1762 853 nitorem

108 893 391 947 sermonis
421 891 578 965 [Al.,
601 893 815 964 sermo]
839 894 1124 948 ostendat.
1140 894 1431 957 Quantum
1454 892 1524 947 de
1537 908 1760 963 amore,

107 986 173 1041 de
203 985 621 1055 nutrimentis,
655 988 726 1041 de
758 986 1058 1053 cbaritate,
1100 987 1171 1041 de
1210 986 1646 1057 praedicatione,
1690 986 1761 1040 de

109 1079 260 1135 omni
287 1080 556 1134 omnino
580 1086 778 1136 sancta
800 1080 924 1150 ejus
953 1080 1388 1135 conversatione
1437 1079 1761 1134 reminisci-

108 1190 249 1243 mur,
280 1175 637 1229 cruciamur
661 1178 719 1230 et
746 1174 1010 1229 dolentes
1028 1174 1208 1237 oculis
1227 1173 1493 1228 distensis
1518 1172 1761 1244 requiri-

107 1284 227 1322 mus
264 1271 513 1323 tantam
554 1268 851 1340 pietatem,
910 1267 1012 1322 sed
1066 1284 1171 1321 nec
1227 1267 1554 1322 invenimus
1606 1267 1763 1337 quod

107 1360 499 1434 perdidimus.
533 1361 581 1416 Ο
608 1366 726 1416 tam
749 1361 894 1415 dura
918 1360 1173 1416 conditio
1200 1377 1328 1432 quae
1361 1360 1527 1415 nobis
1568 1360 1758 1415 infeli-

108 1454 259 1509 cibus
286 1454 533 1509 evenitl
566 1472 600 1510 o
630 1455 861 1526 piisima
886 1455 1145 1522 domina,
1170 1455 1393 1509 utinam
1415 1454 1760 1509 obtinuisses

106 1565 229 1603 cum
254 1549 385 1603 caeli
410 1548 698 1617 Domino,
725 1552 787 1603 ut
814 1550 949 1603 ante
976 1551 1033 1603 te
1079 1565 1212 1603 oves
1259 1565 1403 1619 quas
1446 1564 1761 1619 congrega-

108 1658 265 1696 veras
318 1642 670 1697 direxissesl
726 1644 824 1710 Tu,
869 1645 1163 1713 pastorem
1217 1642 1435 1697 bonum
1490 1658 1757 1713 sequens,

109 1751 346 1807 gregem
378 1736 644 1791 Domino
672 1735 1025 1791 tradidisses.

1866 521 2041 575 simus
2074 519 2308 591 quidem
2338 519 2394 574 in
2418 520 2688 590 prmsenti
2718 521 2926 575 saeculo
2958 520 3257 576 dominam
3284 524 3342 574 et
3371 537 3493 577 ma-

1863 616 2011 669 trem
2048 630 2061 669 :
2090 614 2190 669 sed
2216 614 2276 668 in
2296 629 2543 685 regnum
2572 613 2780 669 Christi
2819 614 3204 686 prmmisimus
3240 615 3486 670 interce-

1865 707 2117 764 dentem.
2147 708 2496 763 Admirabile
2520 708 2755 780 quidem
2788 708 3065 780 gaudium
3086 709 3221 764 fecit
3240 708 3298 763 in
3320 710 3493 777 caelis,

1861 800 1919 855 in
1954 801 2120 856 terris
2150 818 2284 857 vero
2312 801 2739 857 intolerabilem
2766 802 2979 857 luctum
3007 804 3260 875 reliquit.

1936 900 2021 950 27.
2079 896 2324 960 Quando
2366 895 2490 967 ejus
2535 900 2732 951 sancta
2781 896 2975 951 anima
3021 897 3093 951 de
3144 898 3252 952 hoc
3289 899 3495 953 saeculo

1862 988 2133 1060 migravit
2162 989 2235 1044 ad
2279 989 2589 1057 Christum,
2624 1007 2739 1045 non
2785 994 2910 1045 erat
2947 990 3024 1044 ibi
3070 991 3325 1061 pontifex
3361 992 3491 1046 loci.

1860 1082 2185 1137 Ambulavit
2213 1082 2448 1137 nuntius
2476 1084 2553 1137 ad
2576 1084 2761 1138 virum
2799 1084 3176 1155 apostolicum
3215 1084 3496 1139 domuum

1863 1177 2203 1248 Gregorium
2227 1177 2522 1232 Turonicee
2556 1176 2796 1232 civitatis
2826 1177 3178 1249 episcopum,
3227 1181 3285 1232 et
3322 1179 3491 1233 adve-

1862 1271 1965 1325 nit.
2012 1272 2126 1327 Sed
2171 1275 2455 1342 quantum
2491 1287 2746 1342 praesens
2784 1271 2926 1325 vidit
2967 1273 3144 1327 oculis
3183 1277 3494 1344 antequam

1862 1381 1994 1419 eam
2021 1364 2308 1436 sepeliret,
2332 1365 2402 1419 de
2429 1365 2553 1434 ejus
2578 1365 2882 1419 virtutibus
2911 1364 2969 1419 in
3003 1365 3150 1420 libro
3188 1366 3492 1420 miraculo-

1858 1473 1988 1512 rum
2020 1458 2198 1528 (Greg.
2232 1461 2429 1513 Turon.
2453 1459 2519 1513 de
2550 1457 2634 1513 Gl.
2660 1460 2869 1525 Confes.
2922 1460 3061 1530 106),
3109 1475 3280 1529 quem
3339 1474 3494 1513 com-

1858 1551 2067 1622 posuit,
2119 1551 2378 1606 inseruit.
2422 1553 2565 1608 Cum
2612 1555 2807 1605 autem
2842 1551 3001 1605 venit
3042 1551 3115 1606 ad
3154 1553 3345 1606 locum
3395 1551 3491 1605 ubi

1859 1648 2121 1700 sanctum
2148 1661 2356 1716 corpus
2373 1645 2605 1716 jacebat
2633 1645 2810 1716 (quod
2838 1645 2958 1715 ipse
2977 1648 3175 1715 postea
3223 1661 3354 1698 cum
3403 1661 3491 1699 sa-

1861 1742 2156 1794 cramento
2191 1740 2519 1809 lacrymans
2558 1738 2806 1805 dicebat,
2852 1739 3006 1810 quod
3058 1738 3113 1792 in
3160 1738 3346 1809 specie
3388 1738 3493 1792 ho-

176 1833 261 1885 26.
292 1832 431 1885 Jam
465 1831 549 1885 ad
592 1830 905 1901 gloriosum
959 1829 1086 1899 ejus
1128 1810 1393 1884 venimus
1433 1828 1757 1898 transitum,
1781 1817 1838 1890 Β
1860 1832 2032 1887 minis
2054 1833 2381 1903 angelicum
2411 1834 2631 1887 vultum
2665 1832 2906 1903 viderat)
2952 1832 3126 1886 facies
3162 1832 3310 1885 illius
3344 1832 3498 1886 velut

108 1940 277 1995 quem
302 1924 433 1978 sine
448 1924 791 1996 profusione
816 1925 1204 1995 lacrymarum
1218 1923 1409 1979 dicere
1424 1940 1542 1978 non
1560 1940 1758 1995 possu-

112 2033 252 2072 mus.
276 2018 805 2089 Fluuntlacrymse,
831 2017 901 2073 de
919 2017 1051 2072 imis
1066 2017 1336 2072 medullis
1357 2017 1609 2088 gemitus
1626 2034 1758 2088 pro-

111 2115 410 2183 rumpunt,
430 2112 540 2167 sed
555 2112 617 2166 in
634 2112 791 2167 nullo
806 2111 1421 2168 consolationislocum
1440 2110 1757 2180 inveniunt,

115 2204 243 2260 dum
264 2206 643 2277 plangimus;
664 2206 711 2261 si
725 2206 797 2261 de
822 2206 872 2277 ej
882 2222 946 2261 us
965 2205 1123 2260 ﬁdeli
1146 2204 1453 2260 devotione
1469 2204 1665 2260 minus
1681 2205 1762 2259 di-

114 2298 312 2365 cimus,
341 2300 479 2370 plus
506 2316 834 2371 peccamus.
866 2300 1055 2371 Usque
1079 2299 1153 2354 ad
1177 2299 1334 2354 diem
1368 2299 1642 2354 transitus
1675 2300 1757 2353 sui

118 2408 438 2463 numquam
468 2393 688 2448 minuit
705 2409 934 2449 cursum
968 2393 1244 2464 implere;
1286 2396 1345 2447 et
1382 2393 1537 2464 quod
1567 2393 1757 2463 coepit,

116 2485 279 2539 corde
302 2486 591 2542 retinuit:
624 2486 761 2559 quia
784 2503 901 2541 non
924 2485 1021 2558 qui
1042 2486 1294 2557 coeperit,
1328 2486 1431 2541 sed
1446 2486 1543 2558 qui
1564 2501 1757 2557 perse-

120 2580 397 2635 veraverit
427 2598 613 2652 usque
638 2580 699 2635 in
728 2580 929 2648 ﬁnem,
958 2581 1080 2651 ipse
1108 2580 1295 2635 salvus
1324 2579 1451 2634 erit.
1490 2578 1594 2633 Ubi
1635 2579 1758 2650 jam

121 2671 187 2727 ad
206 2672 389 2728 finem
411 2675 549 2730 vitm
578 2673 735 2730 venit
754 2677 1017 2729 sanctum
1048 2673 1172 2744 ejus
1191 2674 1612 2745 corpusculum,
1640 2674 1760 2727 lon-

1861 1943 1992 1981 rosa
2014 1929 2071 1981 et
2091 1925 2273 1980 lilium
2305 1925 2592 1996 fulgebat;
2620 1925 2699 1979 ita
2725 1926 3099 1980 tremefactus
3125 1928 3210 1979 est
3233 1942 3299 1980 ac
3337 1927 3495 1979 metu

1862 2036 2189 2085 concussus,
2232 2022 2513 2090 tanquam
2545 2019 2588 2073 si
2621 2023 2754 2073 ante
2786 2018 3155 2090 praesentiam
3182 2019 3365 2073 beatae
3395 2035 3491 2090 ge-

1862 2114 2083 2168 nitricis
2127 2112 2355 2168 Domini
2395 2112 2650 2166 adstaret
2696 2113 2934 2167 devotus
2982 2112 3067 2166 vir
3108 2113 3225 2167 Deo
3267 2113 3491 2182 plenus.

1861 2207 2278 2279 Expectabatur
2302 2206 2559 2278 pontifex
2586 2206 2697 2261 loci
2727 2208 2790 2260 ut
2814 2222 2944 2261 eam
2970 2222 3101 2260 cum
3126 2205 3303 2276 digno
3330 2222 3491 2277 sepe-

1860 2301 1991 2356 liret
2010 2302 2251 2355 honore.
2266 2302 2407 2356 Tota
2427 2299 2804 2371 congregatio
2818 2299 2967 2354 circa
2988 2299 3110 2370 ejus
3128 2301 3321 2354 torum
3337 2302 3494 2353 stans

1860 2395 2169 2466 psallebat;
2194 2394 2289 2449 ubi
2319 2394 2687 2466 psallentium
2715 2394 2802 2447 vel
2825 2394 3121 2465 paululum
3144 2391 3491 2464 quiescebat,

1861 2488 2238 2543 intolerabilis
2258 2489 2523 2560 planctus
2543 2488 2763 2542 aderat.
2786 2487 2996 2541 Triduo
3044 2489 3371 2558 expectatus
3411 2488 3496 2540 est

1858 2582 2139 2655 pontifex,
2168 2581 2305 2653 quia
2330 2581 2484 2637 vicos
2515 2581 2923 2647 circumiebat;
2953 2580 3055 2635 sed
3077 2580 3209 2652 quia
3246 2597 3365 2635 non
3406 2595 3496 2634 ve-

1862 2675 1965 2743 nit,
1996 2675 2354 2747 supradictus
2377 2675 2463 2730 vir
2482 2676 2829 2747 apostolicus
2854 2675 2926 2730 de
2949 2674 3185 2730 caritate
3208 2674 3342 2728 ﬁsus
3360 2673 3495 2745 quia

122 2781 253 2836 gum
282 2768 532 2823 trahens
552 2767 896 2840 martyrium
928 2784 1031 2839 pro
1058 2783 1257 2822 amore
1276 2756 1566 2833 ‘Domini;
1605 2766 1761 2820 beati
1853 2771 2099 2841 perfecta
2123 2771 2325 2826 caritas
2348 2772 2501 2837 farus
2542 2772 2715 2825 mittit
2749 2772 2991 2824 timorem
3030 2768 3080 2839 (Ι
3106 2772 3261 2824 Joan.
3302 2767 3397 2839 IV),
3436 2766 3493 2821 in

121 2858 327 2929 [forsan
350 2861 545 2917 beatae
567 2863 629 2918 id
656 2867 733 2918 est
751 2861 1044 2932 Moniales]
1069 2878 1273 2916 omnes
1293 2860 1631 2931 congregati
1649 2861 1761 2914 luc-

124 2954 278 3009 tuose
298 2955 457 3011 circa
478 2956 604 3027 ejus
624 2957 855 3011 thorum
876 2955 1083 3010 flentes
1102 2958 1162 3010 et
1191 2954 1240 3026 ej
1249 2955 1492 3021 ulantes,
1524 2956 1759 3025 pectora

124 3045 274 3102 duris
302 3050 522 3121 pugnis
547 3054 606 3105 et
628 3049 914 3121 lapidibus
935 3050 1229 3116 ferientes,
1251 3065 1419 3104 voces
1454 3047 1527 3102 ad
1557 3048 1759 3103 caelum

127 3139 333 3198 dabant
348 3144 674 3199 clamantes
691 3159 756 3199 ac
777 3142 1034 3199 dicentes
1052 3160 1065 3198 :
1096 3141 1440 3210 Domine,ne
1458 3140 1758 3213 permittas

1861 2863 2099 2918 Basilica
2129 2867 2339 2919 sanctae
2366 2863 2553 2919 Mariae
2587 2862 2650 2933 (c)
2693 2863 2931 2917 nomine
2973 2861 3223 2928 condita,
3267 2860 3364 2915 ubi
3401 2878 3490 2916 sa-

1860 2974 1955 3012 cra
1973 2958 2264 3029 virginum
2289 2974 2532 3029 corpora
2552 2956 2622 3011 de
2645 2956 2996 3012 monasterio
3023 2972 3124 3010 suo
3143 2955 3488 3023 conduntur,

1861 3068 1989 3107 eam
2017 3068 2147 3107 cum
2169 3051 2346 3122 digno
2378 3050 2636 3122 sepelivit
2665 3051 2907 3106 honore.

1931 3149 2019 3200 28.
2055 3147 2204 3199 Dum
2236 3146 2340 3199 sub
2381 3161 2549 3200 muro
2578 3161 2708 3199 cum
2734 3143 3040 3217 psallentio
3073 3146 3334 3198 sanctum
3370 3142 3494 3213 ejus

136 3192 333 3198 ,___-
353 3192 671 3199 --κ--.ηπ
692 3192 754 3199 _-
782 3192 1031 3199 ,ηπ-,η
1053 3192 1065 3198 -
1096 3192 1437 3210 _-____-,_-
1460 3192 1487 3213 τ
1508 3192 1752 3195 me“---
1932 3192 2019 3200 π.
2055 3192 2204 3199 ---η
2236 3192 2337 3199 η..
2381 3192 2545 3200 ---_--
2581 3192 2708 3199 η...
2734 3192 3035 3217 rem"---
3073 3192 3334 3198 “mm---
3376 3192 3491 3213 ηπ

128 3250 224 3290 nos
242 3238 365 3292 tam
386 3254 565 3309 grave
581 3237 861 3293 damnum
874 3236 1017 3308 pati;
1035 3237 1231 3292 lumen
1244 3237 1508 3291 nostrum
1526 3233 1755 3305 recipis,
1779 3192 1834 3267 Ο
1858 3255 2065 3311 corpus
2102 3242 2448 3311 portaretur,
2480 3237 2612 3310 quia
2642 3237 2969 3293 instituerat
2997 3240 3060 3292 ut
3102 3237 3260 3291 nulla
3300 3237 3496 3291 vivens

128 3343 225 3384 nos
255 3346 356 3386 cur
378 3331 443 3387 in
474 3330 731 3387 tenebris
754 3330 1034 3402 relinquis
1053 3330 1081 3385 ‘I
1107 3331 1176 3384 Et
1193 3330 1325 3402 quia
1348 3329 1447 3384 illa
1477 3327 1757 3403 quidquid

128 3422 489 3492 potissimum
509 3426 700 3481 facere
722 3424 920 3494 voluit,
944 3440 1175 3497 semper
1196 3423 1289 3479 die
1304 3422 1512 3479 natalis
1531 3421 1757 3479 Domini

130 3514 309 3572 facere
346 3518 548 3591 elegit,
581 3519 864 3590 gloriosus
900 3519 1176 3574 transitus
1214 3518 1337 3589 ejus
1371 3518 1449 3572 sic
1493 3514 1755 3588 contigit,

131 3607 265 3665 Nam
292 3617 504 3684 quarta
526 3613 673 3668 feria
693 3629 868 3668 mane
893 3612 1085 3684 primo
1103 3612 1232 3667 idus
1255 3613 1561 3683 Augustas,
1603 3609 1759 3682 quod

133 3701 258 3758 fecit
276 3704 431 3762 idem
443 3706 663 3762 mensis
676 3706 798 3761 dies
814 3695 913 3761 xm
927 3706 1024 3779 (α),
1042 3705 1218 3761 clausi
1230 3708 1362 3760 sunt
1374 3705 1424 3776 ej
1435 3721 1496 3759 us
1523 3704 1673 3759 oculi
1686 3703 1756 3775 (ὁ)

137 3798 190 3850 et
209 3798 497 3856 obscurati
518 3804 651 3855 sunt
670 3800 872 3856 nostri.
902 3801 996 3855 Vae
1024 3799 1190 3855 nobis
1220 3799 1357 3872 quia
1374 3798 1754 3871 peccavimus,

138 3889 399 3950 afﬂictum
425 3898 516 3950 est
537 3894 734 3950 dolore
762 3911 861 3949 cor
878 3896 1159 3964 nostrum,
1188 3892 1448 3948 ﬂevimus
1495 3895 1552 3947 et
1592 3892 1757 3963 plan-

138 3983 331 4055 gimus,
372 3988 531 4060 quod
562 3988 774 4043 diutius
803 4004 918 4043 una
945 4005 1049 4043 nos
1078 3990 1136 4041 te
1160 3988 1375 4043 habere
1400 4006 1518 4044 non
1543 3987 1755 4043 merui-

138 4092 268 4135 mus.
286 4082 481 4153 lpsum
508 4099 683 4138 mane
704 4082 803 4137 ubi
824 4082 991 4137 nobis
1014 4085 1240 4137 tantum
1256 4083 1475 4139 malum
1494 4082 1757 4154 contigit,
1788 4157 1797 4163 ἱ

141 4170 227 4255 ubi
252 4191 362 4231 una
380 4194 510 4245 vox,
533 4194 681 4231 unus
694 4177 977 4248 planctus,
996 4193 1142 4231 unus
1155 4177 1375 4232 clamor
1395 4178 1563 4233 caelos
1574 4193 1755 4248 pene-

139 4266 347 4338 trabat;
375 4270 647 4342 lapidarii
668 4269 764 4342 qui
786 4269 846 4324 in
867 4272 1069 4325 monte
1098 4271 1508 4343 operabantur,
1537 4271 1599 4325 in
1623 4287 1758 4326 aere

141 4363 436 4422 audierunt
465 4368 738 4439 angelum
763 4367 867 4422 Dei
895 4368 1265 4438 loquentem;
1308 4385 1456 4422 unus
1498 4367 1642 4422 dixit
1687 4366 1759 4421 ad

140 4455 294 4515 alios:
324 4461 465 4533 quid
490 4460 721 4516 facitis?
754 4460 1027 4516 dimittite
1058 4478 1189 4516 eam
1225 4461 1450 4530 adhuc;
1502 4461 1638 4534 quia
1671 4461 1760 4516 htB

1858 3333 2012 3388 foras
2051 3333 2387 3389 monasterii
2402 3333 2647 3405 januam
2679 3332 3056 3405 egrederetur
3080 3331 3179 3405 (ἀ),
3210 3334 3334 3386 tota
3356 3347 3491 3387 con-

1860 3427 2122 3499 gregatio
2154 3444 2326 3499 supra
2353 3443 2586 3482 murum
2618 3428 2964 3494 lamentans,
3018 3427 3098 3481 ita
3127 3428 3191 3480 ut
3235 3426 3494 3497 planctus

1859 3536 2059 3575 earum
2095 3522 2393 3593 superaret
2436 3520 2625 3592 ipsum
2677 3520 3068 3591 psallentium,
3130 3535 3235 3590 pro
3272 3518 3494 3589 psalmo

1859 3615 2164 3686 lacrymas,
2187 3630 2291 3685 pro
2318 3614 2539 3669 cantico
2562 3614 2869 3684 mugitum,
2894 3617 2952 3668 et
2972 3612 3256 3684 gemitum
3283 3628 3389 3683 pro
3412 3612 3493 3666 al-

1858 3707 2031 3762 leluia
2052 3707 2114 3779 (e)
2128 3707 2470 3762 reddebant.
2495 3707 2864 3778 Rogaverunt
2893 3706 3193 3760 desursum
3213 3708 3280 3759 ut
3298 3704 3498 3759 subtus

1860 3803 2078 3856 turrem
2104 3803 2509 3872 repausaretur
2528 3800 2809 3854 feretrum
2828 3799 2887 3853 in
2912 3815 3025 3870 quo
3038 3798 3208 3853 beata
3222 3796 3495 3869 portaba-

1861 3901 1970 3969 tur,
2008 3900 2259 3971 graviter
2303 3898 2652 3954 sustinentes
2703 3897 2827 3968 ejus
2877 3896 3215 3952 absentiam.
3273 3895 3387 3951 Sed
3435 3899 3499 3951 ut

1860 4010 2025 4050 suam
2056 3994 2288 4048 fidelem
2317 3992 2595 4047 Dominus
2624 3992 2946 4046 declararet
2968 3991 3027 4046 in
3051 3990 3242 4046 medio
3276 3990 3493 4062 populi,

1860 4088 1941 4143 ibi
1960 4088 2100 4143 dum
2131 4091 2474 4159 pausaretur
2500 4088 2766 4142 sanctum
2796 4102 3023 4158 corpus,
3050 4100 3266 4140 caecum
3285 4082 3495 4139 illumi-

1862 4181 2041 4237 navit:
2061 4181 2159 4253 qui
2178 4180 2373 4237 multis
2396 4181 2563 4236 annis
2578 4182 2764 4236 lucem
2778 4180 2892 4235 diei
2915 4196 3032 4236 non
3045 4178 3288 4247 viderat,
3301 4179 3498 4233 lumen

1860 4275 2107 4347 recepit;
2137 4276 2234 4347 qui
2257 4276 2331 4331 ad
2353 4292 2558 4331 manus
2578 4278 2793 4331 tractus
2808 4275 3204 4345 venerat,post
3223 4275 3502 4327 feretrum

1862 4371 2017 4425 nullo
2055 4373 2411 4426 sustentante
2460 4370 2678 4438 videns,
2722 4373 3003 4441 tanquam
3050 4367 3095 4422 si
3142 4368 3361 4422 nullum
3405 4365 3503 4421 ha-

1860 4464 2076 4520 buisset
2102 4465 2361 4520 laborem
2388 4465 2707 4531 oculorum,
2751 4463 2823 4518 ad
2872 4464 3133 4518 sanctum
3174 4462 3499 4532 sepulcrum

144 4564 294 4607 voces
327 4556 401 4610 ad
446 4555 675 4612 Domini
714 4559 1102 4627 pervenerunt
1155 4572 1340 4610 aures.
1386 4555 1613 4627 Angeli,
1668 4554 1765 4626 qui
1785 4569 1845 4642 D
1868 4559 2028 4627 abiit,
2059 4562 2117 4612 et
2142 4575 2320 4629 usque
2344 4557 2522 4612 hodie
2547 4559 2698 4613 clare
2724 4556 2900 4611 videt.

145 4659 262 4701 eam
288 4649 574 4717 ferebant,
596 4650 1013 4721 respondentes
1040 4648 1306 4703 dixerunt
1335 4666 1349 4703 :
1384 4651 1511 4705 Jam
1547 4650 1763 4704 factum

148 4740 239 4794 est.
269 4742 411 4807 Quid
431 4742 752 4799 faciemus?
774 4744 933 4798 Illam
954 4742 1171 4815 recepit
1192 4742 1511 4815 paradisus,
1534 4744 1631 4799 ubi
1645 4745 1764 4814 glo-

147 4830 312 4889 riatur
335 4854 467 4893 cum
494 4838 760 4894 Domino.
788 4836 1087 4894 Credimus
1130 4836 1284 4909 quod
1314 4853 1421 4894 nos
1445 4853 1564 4892 non
1591 4838 1662 4892 de
1701 4856 1760 4894 se

150 4934 378 5001 separat,
411 4948 537 5005 quae
558 4949 618 4986 se
650 4931 704 4987 ei
728 4932 956 5003 placere
989 4931 1169 4987 voluit
1202 4948 1333 4986 cum
1382 4948 1498 5004 quo
1534 4937 1757 5004 regnat.

213 5088 281 5163 (ᾳ)
309 5093 523 5159 Quarta
560 5092 709 5148 feria
733 5092 1019 5149 Christum
1051 5094 1362 5148 Dominum
1394 5096 1597 5149 natum
1636 5112 1759 5151 esse

151 5158 421 5237 Cedrenus
439 5169 503 5237 et,
515 5165 789 5237 Maximus
817 5165 1125 5237 Monachus
1151 5182 1315 5237 aeque
1342 5166 1757 5235 existimarunt,

152 5232 206 5283 ut
222 5232 468 5308 Scaliger
495 5236 594 5291 lib.
619 5252 675 5292 v1
705 5236 776 5290 de
819 5236 1109 5292 emendat.
1149 5232 1329 5308 tefnp.
1364 5238 1460 5291 ubi
1498 5237 1567 5291 de
1604 5232 1759 5293 anno

156 5252 206 5283 ιιι
222 5252 359 5290 scan
406 5253 468 5291 er
495 5252 594 5291 un.
619 5252 675 5292 v1
705 5252 776 5290 de
819 5252 972 5292 emet

156 5305 339 5360 natalis
359 5252 609 5375 gemini,
633 5308 972 5363 observavit.

216 5375 295 5450 (ὑλ
318 5379 623 5450 Gregorius
643 5379 990 5434 Turonensis
1013 5377 1112 5450 lib.
1140 5396 1194 5436 1x
1219 5396 1267 5434 c.
1302 5382 1354 5447 '2,
1386 5380 1608 5435 obitum
1636 5398 1762 5436 san-

154 5445 244 5523 (ξὶδρ
266 5445 634 5523 Ηᾷάθέιωᾱὶε
653 5450 838 5523 illigat
864 5467 1017 5505 anno
1046 5445 1392 5507 duodecimo
1424 5451 1579 5523 regis
1605 5453 1758 5508 Chil-

159 5512 374 5596 deberti,
405 5512 503 5596 qui
534 5512 850 5596 respondet
883 5538 1037 5596 anno
1079 5523 1287 5579 Christi
1327 5540 1378 5578 ι).
1410 5512 1614 5592 fovn,
1645 5541 1758 5596 quo

158 5582 695 5649 dominica-littera'E
720 5594 1006 5649 currebat.

219 5658 365 5743 (c)}n
399 5665 563 5743 illam
602 5664 900 5743 basilicam
937 5665 1113 5721 modo
1153 5670 1363 5743 sanctae
1388 5664 1761 5743 Radegundis

160 5735 355 5812 nomini
383 5735 636 5812 dicatam
664 5736 973 5807 collegium
1003 5737 1414 5812 canonicorum
1443 5735 1713 5812 successit
1742 5756 1757 5794 :

163 5799 260 5858 ﬁlia
275 5820 401 5885 vero
424 5807 593 5885 titulo
624 5799 845 5885 sancth
869 5808 1053 5885 crucis
1080 5809 1355 5881 insignita
1400 5808 1692 5885 hodieque
1728 5828 1762 5866 a

167 5878 670 5938 sanctimonialibus
702 5879 1088 5937 Benedictinis
1108 5878 1437 5955 occupatur.

1934 4655 2021 4706 29.
2054 4653 2131 4705 Ne
2171 4650 2648 4722 praetermittatur
2692 4652 2749 4703 et
2794 4648 2949 4703 aliud
2999 4647 3361 4704 miraculum.
3397 4649 3501 4705 Ubi

1863 4762 1991 4801 eam
2031 4744 2291 4816 sepelivit
2317 4744 2679 4815 supradictus
2721 4743 3041 4815 episcopus,
3076 4742 3501 4815 coopertorium

1865 4856 1980 4895 non
2007 4838 2218 4911 posuit,
2247 4840 2562 4908 antequam
2581 4835 2842 4909 pontifex
2871 4835 2979 4891 loci
3012 4834 3253 4891 veniret.
3281 4836 3497 4892 Liberae

1865 4951 1991 5006 quae
2016 4935 2149 4988 ante
2179 4948 2308 4986 eam
2334 4947 2532 4986 cereos
2560 4934 2957 5003 portaverunt,
2985 4934 3123 4987 totae
3149 4930 3209 4986 in
3240 4948 3382 5005 gyro
3412 4948 3497 4987 se‘

1936 5094 2017 5174 (d1
2039 5095 2255 5174 Nempe
2271 5092 2433 5164 juxta
2448 5091 2725 5174 regulam
2753 5108 2927 5163 quam
2967 5095 3196 5174 sanctus
3227 5089 3503 5174 Caesarius

1860 5161 2207 5223 monialibus
2234 5161 2601 5236 praescripsit.
2628 5161 2789 5217 Nam_
2808 5162 3296 5236 recapitulationis
3327 5165 3498 5220 Artic.

1862 5255 1879 5292 ι
1922 5237 2120 5292 statuit
2156 5241 2219 5292 ut
2233 5234 2393 5291 nulla
2418 5251 2484 5290 ea:
2515 5234 2662 5289 vobis
2690 5249 2855 5305 usque
2881 5234 2959 5289 ad
2981 5240 3202 5291 mortem
3240 5251 3395 5291 suam
3437 5236 3503 5289 de

1860 5310 2184 5364 monasterio
2211 5308 2413 5378 egredi,
2442 5306 2529 5360 vel
2551 5306 2617 5361 de
2643 5307 2766 5376 ipsa
2799 5306 3023 5360 basilica
3048 5309 3107 5361 in
3144 5322 3253 5376 qua
3269 5306 3498 5378 januam

1862 5380 2092 5445 habetis,
2122 5375 2627 5451 autfpermittatur,
2657 5375 2755 5432 aut
2788 5392 2890 5448 per
2924 5375 3169 5447 seipsam’
3201 5375 3498 5448 praesumat

1861 5468 2027 5507 extre.

1936 5522 2000 5595 (ε)
2027 5523 2183 5577 Hanc
2210 5520 2422 5595 laetitiae
2452 5537 2652 5595 vocem
2672 5517 3062 5595 qtlcluiaplim
3102 5518 3161 5595 in
3204 5516 3497 5595 Exsequiis

1861 5587 2200 5666 usurpatam
2214 5593 2339 5665 jam
2363 5593 2661 5649 annotavit
2684 5588 2985 5666 Menardus
3000 5593 3197 5666 noster
3212 5587 3500 5666 inlibrum

1863 5658 2356 5722 sacramentorum
2374 5681 2387 5719 :
2405 5681 2582 5736 quam
2604 5679 2798 5720 vocem
2812 5660 3098 5736 praecipue
3120 5660 3178 5736 in
3205 5658 3500 5736 funeribus

1862 5737 2225 5866 Eaceﬁdptum
2250 5731 2665 5810 Graeci-sapius
2683 5731 3073 5810 inge—minent,
3097 5734 3161 5790 ut
3185 5731 3407 5786 constat
3432 5744 3499 5785 ex

1912 5825 1984 5866 uc
2029 5823 2062 5865 ο
2088 5824 2239 5866 omo.

1912 5823 2239 5881 ucnmogio.
