4006 6238
461 262 562 314 679
1431 256 1685 311 SANCTA
1724 255 2187 323 RADEGUNDUS,
2228 256 2476 312 REGINA
2516 255 2845 311 FRANCI/E.
3734 257 3855 309 680

459 366 639 438 pulcri
660 366 984 433 adstabant;
1008 382 1368 437 unaquaque
1391 364 1448 419 in
1473 381 1573 419 suo
1593 381 1759 419 cereo
1793 381 1957 419 suum
1982 382 2083 420 no-
2109 366 2248 451 Ain
2288 366 2442 420 beati
2483 366 2766 421 Antistitis
2801 364 3039 419 Basilica
3066 364 3466 435 vigilaverunt,
3505 367 3632 419 tota
3671 368 3855 417 nocte

459 477 597 517 men
627 460 803 516 dabat
822 461 1257 532 scriptum,totaz
1275 458 1373 513 uni
1396 475 1463 513 ex
1484 458 1713 513 famulis
1730 460 2088 530 cereosipsos
2189 460 2569 531 energumeni
2599 461 3020 525 clamaverunt;
3052 459 3203 513 inter
3228 476 3373 530 quos
3400 458 3675 513 mulieres
3700 457 3861 512 duas

455 555 620 626 juxta
640 554 1066 610 ordinationem
1096 553 1419 608 tradebant.
1454 552 1540 607 Fit
1566 553 1859 608 contentio
1896 553 1955 607 iu
1995 570 2091 624 po-

460 650 599 721 pulo
624 667 637 717 ;
658 649 753 703 alii
782 648 1053 703 dicebant
1073 664 1269 701 cereos
1288 647 1439 717 ipsos
1461 647 1518 700 in
1552 647 1675 717 ejus
1705 651 1967 702 sanctum
2001 664 2089 701 se-

461 744 723 816 pulcrum
742 742 893 797 mitti
908 742 1117 795 debere
1142 783 1157 808 ,
1187 740 1281 795 alii
1304 740 1589 809 dicebant,
1620 757 1756 796 non.
1780 741 2090 797 Dumistud

463 840 753 908 ageretur,
806 836 876 889 de
902 834 1066 905 pueri
1091 834 1326 889 brachio
1355 835 1454 905 qui
1480 838 1631 890 totos
1656 836 1913 891 tenebat.
1946 853 2094 889 unus

465 930 675 984 exilivit
702 930 760 982 in
806 929 985 981 altum
1021 945 1194 998 super
1234 945 1470 983 omnem
1502 930 1801 1000 populum,
1846 934 1902 984 et
1936 947 1994 982 se
2034 928 2093 981 in

466 1026 662 1078 sancto
686 1022 946 1092 sepulcro
975 1021 1049 1075 ad
1073 1022 1253 1092 pedes
1264 1022 1448 1077 beatae
1465 1023 1675 1093 posuit,
1691 1026 1749 1076 et
1768 1023 1921 1094 quod
1937 1022 2097 1077 haesi-

465 1117 714 1183 tabatur,
755 1113 1083 1169 declaravit.
1122 1115 1514 1186 Respicientes
1555 1116 1629 1171 ad
1670 1133 1904 1183 nomen,
1938 1117 2098 1186 cujus

467 1226 611 1277 esse,
635 1225 853 1275 cereus,
878 1208 1178 1262 inventum
1200 1212 1286 1262 est
1303 1210 1487 1264 Calvae
1506 1226 1741 1264 nomen.
1766 1212 1881 1264 Hoc
1896 1209 2099 1264 videns

468 1304 768 1375 episcopus
795 1304 880 1356 vel
911 1303 1099 1356 omnis
1119 1303 1382 1374 populus,
1430 1303 1785 1357 admirantes
1829 1304 2101 1357 virtutem

466 1398 653 1452 beata)
683 1395 1073 1465 Radegundis,
1113 1396 1357 1450 Domino
1392 1396 1830 1451 benedixerunt.
1861 1398 2100 1462 Quantas

468 1496 599 1563 post
618 1491 741 1561 ejus
772 1490 1077 1544 transitum
1105 1489 1183 1543 ibi
1219 1493 1351 1543 sunt
1390 1490 1559 1544 factae
1602 1491 1856 1558 virtutes,
1902 1489 2104 1561 quanti

472 1583 812 1639 daemoniaci
850 1583 1096 1650 liberati,
1137 1583 1337 1655 quanti
1375 1583 1769 1639 febricitantes
1806 1587 1938 1638 sunt
1972 1584 2102 1637 red-

396 1722 397 1727 η
472 1678 576 1733 diti
600 1677 852 1745 sanitati,
881 1677 1007 1748 quis
1036 1693 1381 1731 enumerare
1412 1677 1642 1731 valeat?

2190 553 2442 625 graviter
2480 553 2789 609 infestabat
2817 552 3103 621 inimicus,
3134 554 3419 625 praecipue
3455 571 3573 607 una
3609 555 3857 606 tantum

2191 647 2598 715 bacchabatur,
2613 651 2677 701 ut
2690 648 2749 701 in
2768 647 2891 718 ejus
2908 648 3142 701 fremitu
3152 650 3567 702 totatremeret
3582 645 3858 700 basilica.

2192 743 2503 812 Postquam
2517 741 2652 795 inde
2672 741 2758 795 vir
2775 741 3118 795 venerabilis
3129 741 3486 811 Arnegisilus
3500 740 3685 795 abbas
3700 738 3866 793 basi-

2195 835 2316 889 licas
2331 836 2517 889 beatae
2534 835 2751 906 reginae
2764 851 2896 889 cum
2912 834 3028 888 suis
3041 834 3333 889 Monachis
3350 834 3539 903 exivit,
3572 834 3649 887 ad
3678 849 3860 887 suam

2195 930 2411 983 vadens
2454 929 2748 984 basilicam
2778 945 3004 983 cursum
3045 929 3307 1000 implere,
3351 945 3530 999 quam
3565 928 3667 982 illa
3714 926 3868 981 satis

2199 1024 2494 1093 dilexerat,
2533 1024 2683 1094 ipsas
2704 1027 2834 1093 post
2860 1040 2921 1077 se
2947 1023 3218 1077 mulieres
3246 1022 3557 1076 audierunt
3587 1023 3863 1076 claman-

2199 1121 2304 1185 tes,
2355 1117 2573 1171 Venite.
2631 1118 2768 1181 Quae
2819 1118 3093 1187 ingressae
3134 1116 3428 1171 basilicam
3462 1116 3872 1171 vociferantes

2201 1211 2477 1265 domnam
2502 1210 2921 1280 Radegundem
2955 1214 3017 1264 ut
3041 1210 3121 1264 eis
3141 1215 3403 1281 parceret
3422 1209 3866 1280 supplicabant.

2202 1306 2326 1359 Una
2346 1322 2413 1358 ex
2443 1305 2571 1371 illis,
2600 1321 2728 1375 quae
2757 1303 2985 1375 gravius
3011 1304 3411 1371 tribulabatur,
3438 1305 3566 1375 jam
3588 1307 3679 1356 ter
3722 1302 3863 1372 qui-

2203 1416 2310 1453 nos
2334 1398 2554 1452 habens
2580 1415 2766 1451 annos
2795 1414 2862 1451 ex
2887 1414 3001 1468 quo
3030 1414 3159 1452 eam
3187 1397 3418 1467 spiritus
3449 1412 3706 1467 nequam
3748 1394 3865 1448 ﬂa-

2205 1492 2476 1562 gellabat,
2501 1508 2632 1545 cum
2659 1491 2950 1545 matutina
2976 1489 3291 1558 dicebatur,
3322 1489 3561 1545 saeviens
3582 1488 3867 1543 inimicus

2205 1602 2303 1640 vas
2332 1586 2487 1656 quod
2510 1586 2814 1652 invaserat,
2838 1584 3092 1655 reliquit.
3113 1585 3212 1639 Illa
3240 1583 3354 1638 alia
3371 1585 3445 1638 ad
3467 1584 3701 1638 tertiam
3719 1586 3865 1636 ante

2209 1678 2418 1734 ostium
2442 1679 2616 1749 ipsius
2639 1678 2885 1732 basilicae
2902 1681 2988 1731 est
3011 1677 3272 1745 liberata,
3306 1682 3364 1731 et
3393 1679 3545 1732 ultra
3566 1676 3863 1747 nequissi-

545 1775 632 1827 30.
660 1774 735 1826 De
762 1770 1094 1841 Burgundia
1128 1787 1259 1825 cum
1277 1770 1397 1825 viro
1424 1771 1736 1841 apostolico
1759 1771 2005 1826 Leifasto
2032 1770 2107 1842 (α)
2128 1751 2185 1823 Β
2209 1790 2336 1828 mus
2360 1771 2539 1827 hostis
2561 1772 2643 1826 eis
2674 1789 2881 1827 nocere
2919 1789 3035 1827 non
3059 1771 3253 1825 valuit.
3278 1772 3466 1835 Quam
3490 1773 3655 1841 larga
3685 1773 3775 1823 est
3805 1771 3869 1823 et.

474 1865 742 1938 episcopo
765 1863 1002 1918 veniens
1024 1864 1146 1935 ejus
1168 1864 1318 1918 abba
1332 1864 1567 1919 nomine
1586 1864 1768 1933 Abbo,
1798 1865 1934 1919 dum
1964 1868 2111 1918 esset

473 1959 713 2015 Pictavis
728 1958 787 2012 in
806 1958 1054 2025 civitate,
1074 1957 1514 2015 dentisincurrit
1544 1958 1797 2013 validum
1829 1959 2108 2013 dolorem.

478 2054 576 2109 Die
598 2056 889 2124 noctuque
909 2069 1021 2117 una
1042 2068 1168 2119 vox,
1192 2068 1339 2106 unus
1360 2051 1526 2106 dolor
1544 2051 1735 2106 inerat
1754 2053 1827 2120 ei,
1860 2055 2113 2107 mortem

477 2147 707 2203 evenire
736 2145 841 2217 sibi
868 2148 1074 2217 optans
1108 2148 1172 2199 ut
1192 2148 1353 2199 tanto
1376 2148 1600 2200 careret
1630 2146 1850 2201 dolore.
1881 2147 1989 2210 Qui
2032 2146 2115 2200 in-

478 2242 730 2313 spirante
758 2240 866 2295 sibi
896 2239 1090 2294 divina
1114 2239 1513 2294 misericordia
1532 2240 1757 2311 rogavit
1785 2257 1843 2294 se
1872 2240 2003 2294 duci
2044 2239 2117 2294 ad

470 2338 685 2392 sanctae
710 2334 1048 2389 basilicam:
1088 2333 1186 2387 ubi
1214 2333 1527 2403 ingressus,
1564 2350 1695 2387 cum
1726 2333 1839 2387 fide
1880 2350 1939 2387 se
1983 2336 2117 2388 ante

478 2431 741 2485 sanctum
767 2427 1091 2498 sepulcrum
1114 2428 1282 2481 terra:
1302 2427 1565 2497 projecit,
1587 2429 1837 2481 mortem
1854 2444 1972 2498 prae
1992 2443 2121 2481 ocu-

478 2523 548 2578 lis
596 2521 836 2587 habens,
885 2520 1100 2591 pallam
1154 2521 1516 2591 corporalem
1565 2520 1812 2592 desuper
1858 2524 2119 2575 sanctum

480 2614 771 2669 tumulum
797 2611 1090 2667 mordicus
1117 2613 1520 2684 apprehendit.
1545 2612 1653 2677 Qui
1674 2616 1893 2685 septem
1922 2613 2122 2667 diebus

485 2725 592 2763 nec
615 2707 806 2763 cibum
831 2710 1171 2778 sumpserat,
1203 2723 1309 2761 nec
1335 2723 1537 2762 somno
1572 2707 1729 2761 refici
1773 2710 2019 2778 poterat,
2063 2707 2122 2759 in

485 2804 595 2858 hoc
621 2818 814 2857 morsu
840 2818 1013 2872 sopor
1040 2801 1309 2869 accessit;
1351 2801 1517 2856 dolor
1548 2800 1826 2869 discessit,
1854 2818 2027 2855 sanus
2054 2800 2125 2854 ad

486 2896 800 2968 hospitium
840 2894 1030 2949 rediit.
1074 2894 1242 2959 Quod
1278 2897 1409 2966 post
1452 2894 1576 2965 ipso
1610 2896 1899 2949 referente
1935 2896 2127 2965 plures

485 2991 898 3062 cognoverunt,
940 2988 1036 3042 ubi
1064 3005 1125 3042 se
1149 2988 1441 3043 fatebatur
1467 2988 1539 3041 de
1577 2988 1780 3043 mortis
1812 2988 1995 3058 janua
2028 3004 2129 3057 per

485 3085 759 3139 virtutem
783 3083 1011 3137 domnae
1027 3081 1397 3153 Radegundis
1422 3098 1544 3136 esse
1564 3084 1914 3137 revocatum.

561 3182 648 3235 31.
677 3180 747 3232 Et
766 3178 902 3248 quia
926 3193 1054 3231 mos
1074 3175 1234 3229 estin
1256 3174 1563 3229 festivitate
1584 3176 1739 3230 beati
1769 3175 1964 3230 Hilarii
2002 3175 2132 3229 reli-

493 3272 620 3345 quis
633 3270 988 3328 Monasteriis
1007 3268 1373 3324 circumcirca
1404 3268 1696 3340 proximis,
1720 3286 1849 3340 quae
1874 3272 2008 3323 sunt
2030 3269 2127 3337 ibi,

493 3382 676 3437 usque
693 3365 752 3419 in
772 3363 1027 3419 mediam
1040 3364 1270 3418 noctem
1288 3361 1511 3433 vigilias
1526 3362 1839 3431 celebrare;
1855 3363 1926 3417 de
1937 3363 2131 3419 media

494 3464 664 3514 nocte
682 3457 1075 3529 unusquisque
1093 3456 1267 3511 abbas
1281 3473 1410 3511 cum
1424 3456 1540 3511 suis
1560 3456 1833 3511 fratribus
1864 3457 1939 3512 ad
1966 3474 2133 3512 suum

492 3552 800 3609 revertitur
815 3550 1230 3608 manasterium
1253 3566 1481 3606 cursum
1501 3551 1810 3607 celebrare.
1846 3550 2132 3615 Quamdiu

569 3723 666 3804 (ιι)⁸
691 3722 969 3804 Leifastus
982 3794 991 3804 ι
1015 3739 1119 3804 seu
1150 3722 1409 3804 Lefastus
1463 3720 2129 3804 episcopus-Eduensis,

496 3793 762 3865 d’Autun,
784 3798 916 3920 post
938 3794 1245 3876 Siagrium,
1277 3794 1373 3866 qui
1399 3793 1554 3848 anno
1575 3810 1640 3847 DC
1659 3793 1835 3860 ’obiit,
1869 3795 1932 3846 ut
1961 3793 2135 3846 sentit

497 3866 733 3923 Carolus
806 3882 836 3921 e
880 3868 1080 3923 Comte
1133 3882 1194 3919 1n
1241 3865 1448 3920 Annal.
1493 3866 1691 3919 Franc.
1750 3864 1825 3918 ad
1873 3880 1969 3919 an.
2007 3866 2131 3923 600.

542 3864 755 3922 arolus
784 3864 836 3921 Ie
880 3864 1080 3923 Cointe
1133 3865 1194 3919 in
1241 3864 1448 3920 Annal.
1493 3866 1691 3919 Franc.
1750 3864 1825 3918 ad
1873 3880 1969 3919 an.
2007 3866 2131 3929 600,

2212 1866 2368 1921 dives
2395 1865 2788 1921 misericordia
2814 1866 2914 1920 Dei
2936 1882 3063 1937 quae
3095 1883 3226 1920 suos
3260 1865 3444 1919 vereri
3465 1864 3626 1931 facit,
3648 1866 3708 1918 et
3734 1864 3868 1917 loca

2211 1959 2455 2031 requirit
2474 1960 2594 2029 ipse
2632 1958 2907 2013 virtutum
2950 1958 3189 2029 largitor
3228 1976 3295 2013 ac
3334 1958 3722 2029 dispensator,
3764 1956 3868 2009 ubi

2212 2071 2319 2127 per
2338 2071 2469 2108 suos
2498 2053 2697 2107 fideles
2726 2069 2889 2107 suam
2917 2052 3170 2107 ostendit
3205 2052 3548 2123 potentiam.
3593 2052 3678 2106 Ad
3713 2050 3873 2104 basi-

2213 2148 2387 2203 licam
2406 2147 2590 2201 sancti
2619 2146 2721 2201 viri
2745 2149 2877 2201 sunt
2907 2145 3003 2200 alii
3031 2146 3278 2214 liberati,
3305 2146 3403 2199 alii
3435 2162 3569 2199 vero
3607 2144 3868 2199 basilicae

2219 2242 2450 2297 domne:
2488 2240 2859 2311 Radegundis
2884 2242 3019 2293 sunt
3036 2240 3278 2295 directi:
3321 2243 3383 2293 ut
3419 2239 3565 2293 sicut
3610 2238 3873 2309 aequales

2220 2336 2407 2407 gratia
2432 2338 2615 2401 erant,
2646 2334 2725 2389 ita
2746 2334 2982 2406 mqualis
3002 2338 3061 2389 et
3087 2334 3265 2387 virtus
3296 2333 3720 2388 ostenderetur.

2293 2432 2378 2483 32.
2403 2428 2539 2493 Quis
2568 2429 2719 2482 male
2746 2422 2985 2496 habens,
3017 2427 3279 2499 quamvis
3299 2426 3412 2481 vita
3437 2426 3801 2497 desperatus,
3823 2423 3876 2476 si

2220 2524 2434 2596 pallam
2462 2522 2846 2577 subteriorem
2870 2525 3062 2576 custos
3078 2520 3340 2593 ejusdem
3359 2519 3504 2575 sacri
3524 2518 3773 2590 sepulcri
3785 2518 3876 2571 in-

2223 2616 2462 2670 tinxitin
2480 2615 2655 2670 calice
2671 2632 2857 2687 aquas,
2872 2620 2929 2671 et
2950 2615 3111 2670 dedit
3129 2615 3183 2669 ei
3202 2614 3550 2669 febricitanti
3570 2613 3874 2685 poculum,

2225 2727 2342 2765 non
2381 2709 2575 2765 statim
2607 2691 2851 2763 ut'bibit
2893 2713 3025 2765 ante
3073 2712 3338 2764 sanctum
3380 2709 3503 2779 ejus
3537 2708 3875 2779 sepulcrum

2219 2804 2421 2875 jacens
2452 2820 2624 2875 sopor
2653 2803 2910 2871 accessit,
2935 2804 3172 2859 morbus
3196 2803 3471 2858 recessit?
3499 2802 3724 2858 Christo
3752 2802 3877 2855 lar-

2227 2897 2421 2969 giente
2444 2897 2708 2953 omnibus
2730 2897 2931 2951 diebus
2956 2897 3014 2951 in
3033 2897 3267 2952 nomine
3290 2897 3467 2967 ipsius
3483 2895 3757 2951 DominiJ
3765 2910 3877 2949 esu

2229 2991 2436 3046 Christi
2468 2990 2545 3044 ibi
2573 2992 2770 3046 multa:
2789 2991 3025 3046 virtutes
3065 2992 3230 3059 fiunt,
3284 2992 3438 3046 unde
3470 2990 3724 3045 recessit.
3758 2989 3882 3042 Nos

2230 3101 2461 3156 quoque
2490 3084 2664 3139 etiam
2703 3085 2860 3139 ﬁdeli
2901 3084 3205 3141 devotione
3244 3089 3303 3140 et
3336 3084 3639 3140 sedulitate
3678 3082 3885 3139 debita

2230 3194 2576 3233 veneramur
2601 3177 2659 3232 in
2690 3179 2875 3247 terris,
2902 3179 3062 3250 cujus
3083 3179 3281 3234 anima
3315 3178 3680 3245 confidimus,
3729 3192 3884 3248 gau-

2232 3272 2436 3327 demus
2465 3276 2523 3326 et
2552 3273 2868 3344 gloriamur
2894 3274 3051 3345 quod
3072 3274 3417 3345 przefulgeat
3440 3273 3501 3326 in
3533 3271 3707 3339 caalis,
3746 3270 3883 3341 ipso

2231 3369 2543 3438 praestante
2580 3366 2677 3438 qui
2704 3384 2835 3421 cum
2859 3369 3026 3422 Patre
3053 3371 3111 3422 et
3138 3367 3353 3439 Spiritu
3400 3369 3599 3422 sancto
3646 3364 3783 3419 vivit
3824 3368 3885 3417 et

2232 3462 2441 3531 regnat
2463 3460 2524 3514 in
2552 3462 2762 3517 saecula
2781 3462 3138 3517 saeculorum.
3162 3464 3368 3518 Amen.

2234 3739 2392 3798 num.
2420 3728 2471 3778 7.
2502 3725 2929 3798 sammarthani
2957 3725 3286 3798 Auspicium
3314 3727 3469 3781 inter
3502 3725 3797 3798 Siagrium
3824 3731 3888 3798 et

2232 3794 2525 3849 Lefastum
2558 3797 2778 3851 locant:
2804 3797 2905 3851 sed
2932 3794 3091 3869 prior
3104 3798 3391 3853 sententia
3413 3798 3486 3852 ob
3509 3794 3885 3853 Baudoniviaz

2235 3868 2463 3921 aetatem
2493 3868 2875 3938 praeferenda.

1054 4243 1498 4319 SANCTZE
1550 4243 2268 4343 BADEGUNDIS,
2318 4247 2752 4322 REGINIE
2803 4249 3326 4325 FBANCUE.

1592 4420 1785 4545 TE
1798 4420 2418 4548 STAMEN
2425 4425 2747 4552 TUM
2775 4529 2803 4580 ,

874 4760 1881 4916 EPISTOLA“
1980 4644 2255 4941 ABE
2381 4769 3483 4924 EPISCOPOS.

577 5136 730 5192 Hanc
754 5136 917 5192 initio
946 5134 1222 5190 instituta:
1253 5135 1714 5208 congregationis
1743 5153 1859 5193 suae
1889 5156 1994 5212 pro
2024 5140 2146 5213 ejus
2172 5140 2348 5198 tutela
2378 5146 2431 5199 et
2458 5140 2754 5197 stabilitate
2782 5141 3022 5216 scripsit,
3050 5142 3399 5217 concilioque
3419 5143 3743 5203 Turonensi
3761 5165 3887 5204 con-

504 5226 846 5282 ﬁrmandam
873 5226 1076 5281 absens
1104 5225 1325 5282 obtulit.

504 5383 602 5454 Et,“
627 5383 753 5467 Non
777 5382 943 5437 video
957 5382 1360 5467 quod‘tempus
1372 5381 1506 5439 huic
1525 5385 1780 5467 epistola;
1798 5386 1988 5467 aptius
2011 5407 2146 5467 con-

507 5399 602 5454 βΐεπ
627 5399 753 5437 non
777 5399 943 5437 viaeo
957 5399 1113 5464 quod
1130 5399 1360 5509 tempus
1372 5399 1506 5439 huic
1525 5399 1780 5467 epistoue
1798 5399 1988 5459 aptius
2011 5407 2146 5446 con-

507 5457 697 5525 gruat,
729 5470 905 5525 quam
947 5455 1151 5509 concﬂi
1182 5472 1220 5510 ιι
1297 5472 1616 5512 uronensxs.
1648 5458 1792 5513 Cum
1822 5460 1977 5514 enim
2022 5462 2153 5516 scri-

504 5528 606 5596 pta
655 5524 738 5605 sit.
758 5524 845 5578 ad
881 5525 1178 5605 episcopos
1212 5527 1528 5605 illos__ipsos
1568 5529 1771 5605 (quod
1807 5531 2150 5605 ex__illorum

504 5597 782 5669 rescripto
816 5598 993 5669 patet)
1040 5597 1139 5669 qui
1180 5597 1421 5654 concilio
1460 5597 1774 5655 Turciiensi
1823 5600 2151 5669 adfuerunt,

506 5666 927 5737 verisimile’est
946 5666 1077 5723 tum
1101 5669 1175 5723 ad
1197 5686 1295 5724 eos
1335 5670 1592 5737 missam,
1633 5686 1762 5726 cum
1806 5688 1922 5726 una
1964 5666 2155 5729 essent

507 5734 571 5789 in
602 5752 671 5790 eo
694 5737 941 5816 cqncilio
958 5739 1315 5816 congregati.
1347 5734 1983 5816 Quihaneinlongiora
2007 5748 2154 5801 tem-

512 5820 655 5874 pora
680 5805 970 5875 differunt,
990 5812 1048 5861 et
1064 5805 1205 5879 post'
1224 5826 1407 5865 annos
1437 5809 1636 5881 viginti
1662 5805 1851 5882 paulo“
1864 5819 1997 5869 ante
2032 5816 2153 5871 obi-

2252 5394 2372 5445 tum
2384 5408 2417 5478 a
2430 5394 2627 5478 sancta
2639 5391 2993 5478 Rade'gunde
3006 5393 3891 5478 scriptamvoluntmraeterquam

2253 5463 2464 5544 quod-a
2485 5464 2762 5544 Gregorio
2780 5465 3101 5544 Turonensi
3117 5463 3600 5544 refellu_ntur,_qui
3618 5463 3786 5544 initio
3802 5468 3890 5521 in-

2254 5535 2466 5617 stituta;
2599 5551 2669 5590 ea
2688 5535 3175 5617 Leongregationis
3197 5536 3440 5617 ‘editam
3470 5535 3660 5617 docet,
3687 5538 3793 5617 lib._
3821 5554 3893 5603 ιι,

2254 5621 2379 5688 cap.
2404 5609 2491 5673 39,
2514 5606 2624 5661 hoc
2649 5606 2963 5663 etiam'non
2983 5607 3468 5675 animadvertunt,
3495 5609 3894 5681 Euphronium

2256 5693 2586 5732 emscooum
2613 5677 2698 5732 (ut
2724 5678 2794 5732 de
2830 5680 3053 5732 caeteris
3075 5678 3170 5732 aui
3212 5695 3327 5732 una
3372 5680 3716 5732 rescribunt.
3759 5680 3894 5732 nihil

2256 5677 2586 5758 episcopum
2613 5677 2698 5749 (ut
2724 5678 2794 5732 de
2830 5680 3053 5735 ceteris
3075 5678 3170 5761 qui
3204 5695 3327 5761 ‘una
3372 5677 3716 5747 rescribimt,
3759 5680 3895 5761 nihil

2258 5746 2463 5831 dicam)
2490 5765 2561 5831 ea
2606 5752 2869 5831 tempora
2900 5768 3018 5831 non
3052 5753 3328 5831 attigisse,
3372 5754 3613 5823 totoque
3651 5752 3895 5831 amplius

2259 5817 2541 5875 decennio
2570 5817 2778 5879 sanctae
2808 5817 3184 5894 Radegundis
3207 5820 3425 5878 obitum
3445 5817 3825 5895 prinvertisse.
