4006 6238
151 306 237 359 681
1622 295 1907 353 ΝΟΤΙΤΙΑ.

3400 305 3502 357 682

212 408 462 465 Dominis
489 408 716 475 sanctis,
739 410 797 461 et
820 406 1135 479 apostolica
1166 406 1300 461 sede
1333 404 1690 477 dignissimis
1708 405 1767 459 in
1787 418 1847 489 Α
1866 420 2064 475 prona:
2086 403 2297 458 mentis
2310 403 2497 460 studio
2520 403 2781 475 cogitans
2806 406 2983 460 etiam
3010 406 3081 460 de
3103 406 3347 462 aliarum
3368 425 3500 480 pro-

150 505 358 562 Christo
402 502 678 574 patribus,
736 501 1004 557 omnibus
1059 500 1339 572 episcopis
1397 499 1767 571 Radegundis

149 593 438 667 peccatrix.

212 691 486 758 Congruae
514 685 854 757 provisionis
876 688 1010 740 tunc
1030 683 1372 739 roboraliter
1392 681 1467 737 ad
1495 681 1764 736 effectum

150 780 317 837 tendit
336 780 652 846 exordium,
670 796 803 834 cum
819 778 1187 850 generalibus
1198 776 1478 849 patribus,
1504 774 1773 842 medicis;

149 894 205 931 ac
242 874 582 946 pastoribus,
625 873 785 928 ovilis
826 872 933 927 sibi
976 872 1266 927 commissi
1307 887 1477 925 causa
1534 869 1767 924 auribus

147 969 395 1034 traditur,
420 983 739 1038 eorumque
760 966 1019 1022 sensibus
1048 965 1765 1035 commendatur,quorum

148 1061 492 1135 participatio
524 1061 595 1115 de
618 1061 898 1115 charitate
921 1060 1249 1125 consilium,
1270 1059 1339 1113 de
1358 1060 1642 1130 potestate
1657 1056 1767 1110 suf-

146 1156 479 1227 fragium,de
503 1155 762 1210 oratione
784 1154 1112 1209 ministrare
1130 1152 1763 1225 poteritinterventum.

146 1252 201 1305 Et
227 1249 499 1321 quoniam
529 1249 665 1305 olim
692 1248 891 1303 vinclis
932 1247 1224 1302 laicalibus
1268 1247 1549 1313 absoluta,
1574 1245 1768 1301 divina

146 1343 466 1416 providente
483 1342 871 1414 etinspirante
889 1341 1221 1409 clementia,
1237 1340 1310 1396 ad
1332 1340 1626 1412 religionis
1638 1357 1769 1395 nor-

146 1455 288 1492 mam
302 1438 420 1492 visa
444 1453 575 1492 sum
600 1436 921 1492 voluntarie
950 1436 1093 1491 duce
1121 1435 1344 1491 Christo
1367 1435 1671 1501 translata;
1701 1449 1767 1489 ac

206 1583 229 1612 ⁸
252 1585 425 1640 Soror
451 1582 636 1638 sancti
657 1581 921 1637 Caesarii:
958 1584 1057 1635 aut
1083 1582 1237 1634 certe
1252 1578 1454 1649 junior
1478 1579 1679 1645 altera,
1723 1578 1767 1632 si

141 1659 275 1726 degit
291 1657 469 1726 legas.
487 1657 621 1710 Duae
639 1652 922 1726 siquidem
944 1650 1473 1726 ejusdempominis
1486 1653 1543 1703 et
1562 1666 1766 1704 mune-

142 1722 220 1781 ris
244 1722 503 1782 Cas—arise
545 1722 796 1779 fuerunt.
831 1725 954 1778 Una
982 1723 1161 1777 sancti
1190 1722 1417 1776 Caesarii
1462 1737 1765 1791 germana,

142 1816 303 1880 quam
334 1797 614 1880 Caesarius
634 1798 815 1877 frater
835 1795 1068 1880 condito
1085 1812 1118 1848 a
1139 1810 1197 1847 se
1220 1792 1574 1880 monasterio
1597 1792 1768 1872 abba-

139 1863 324 1924 tissam
344 1868 626 1941 praefecit,
661 1867 829 1938 eique
859 1867 1143 1941 regulam,
1178 1865 1283 1918 sub
1325 1881 1439 1935 qua
1483 1880 1615 1941 c_um_
1653 1863 1768 1917 suis

140 1934 364 2007 viveret,
404 1938 672 1995 instituit.
703 1934 993 1993 Posterior
1032 1938 1233 2004 altera,
1273 1951 1402 2006 quae
1442 1934 1641 2006 priori,
1682 1951 1768 1988 su-

1867 498 2135 565 fectibus,
2171 501 2234 551 ut
2265 503 2563 553 annuente
2587 498 2827 554 domino
2853 516 2984 554 mea
3003 499 3291 556 desideria
3315 502 3503 557 efﬁce-

1866 596 2068 646 rentur
2092 591 2327 663 reliquis
2342 594 2662 663 profutura,
2684 593 3020 649 instituente
3043 596 3216 666 atque
3236 612 3503 651 remune-

1866 689 2030 740 rante
2056 686 2584 756 prtecellentissimo
2612 688 2830 743 domno
2853 704 2989 760 rege
3011 689 3281 757 Clotario,
3304 706 3504 745 mona-

1867 779 2103 833 sterium
2124 780 2445 850 puellarum
2462 781 2689 836 Pictava
2710 782 2849 836 urbe
2871 782 3159 851 constitui,
3183 783 3505 839 conditum-

1867 889 1999 944 que,
2032 876 2311 944 quantum
2332 874 2889 930 mihimuniﬁcentia
2920 876 3132 947 regalis
3158 880 3245 931 est
3268 876 3499 949 largita,

1865 967 2019 1022 facta
2043 966 2357 1022 donatione
2390 967 2602 1023 dotavi.
2643 970 2879 1041 Insuper
2918 970 3353 1042 congregationi
3399 987 3502 1043 per

1868 1077 1963 1115 me
2000 1060 2223 1116 Christo
2264 1064 2569 1132 praestante
2609 1065 2861 1118 collectae
2902 1064 3160 1134 regulam
3184 1107 3198 1132 ,
3241 1065 3344 1119 sub
3388 1081 3503 1135 qua

1868 1157 2064 1209 sancta
2093 1154 2337 1210 Cmsaria
2364 1153 2619 1226 deguit‘,
2644 1160 2751 1211 etc.

1938 1250 2167 1318 Reliqua
2212 1249 2411 1303 videsis
2467 1253 2592 1303 tom.
2638 1251 2875 1319 praeced.
2918 1253 3019 1307 col.
3074 1254 3197 1316 5‘22,
3246 1252 3341 1306 ubi
3394 1252 3504 1307 haec

1868 1344 2095 1412 epistola
2123 1360 2157 1397 α
2182 1342 2436 1411 Gregorio
2468 1345 2769 1399 Turonensi
2794 1348 3051 1412 refertur.

1868 1578 2103 1650 perstite
2129 1578 2317 1633 adhuc
2343 1579 2588 1635 Ctesario
2617 1579 2921 1647 defunctae,
2950 1580 3008 1633 in
3039 1580 3340 1635 abbatissae
3375 1598 3500 1637 mu-

1870 1667 2007 1704 nere
2034 1651 2323 1717 successit,
2350 1655 2412 1705 ut
2432 1654 2630 1706 auctor
2650 1654 2736 1703 est
2755 1650 3071 1721 Cyprianus
3092 1651 3149 1705 in
3178 1652 3301 1706 Vita
3323 1655 3505 1708 sancti

1870 1722 2119 1794 Caesarii,
2146 1738 2317 1794 quam
2331 1722 2599 1794 Caesaries
2622 1722 2789 1791 hujus
2817 1726 3023 1792 rogatu
3051 1724 3391 1794 composuit.
3419 1725 3503 1778 Ab

1870 1793 1975 1847 hac
2006 1792 2212 1865 eadem
2228 1793 2600 1863 Radegundis
2625 1794 2886 1865 regulam
2898 1794 3149 1861 Caesarii,
3179 1792 3353 1865 quam
3378 1812 3501 1850 mo-

1872 1864 2118 1919 nasterio
2150 1880 2251 1919 suo
2276 1866 2550 1932 traderet,
2580 1864 2812 1935 expetit.
2839 1865 2957 1921 JAC.
2991 1866 3145 1920 Sum.

611 2162 1589 2379 DECRETUM
1726 2240 3041 2406 EPISCOPORUM,

733 2475 898 2530 QUOD
944 2474 1250 2521 SUSCEPTA
1292 2472 1510 2519 ΒΕΑΤιΕ
1550 2471 1940 2517 RADEGUNDIS
1984 2471 2287 2518 EPISTOLA
2331 2472 2893 2518 CONSCBIPSERUNT.

199 2616 461 2671 Dominae
492 2615 860 2685 beatissime,
880 2620 938 2671 et
984 2616 1044 2671 in
1093 2614 1314 2671 Christo
1354 2613 1605 2670 ecclesiae
1636 2613 1765 2669 ﬁliae
1784 2628 1842 2700 B
1865 2631 2079 2670 mensae
2099 2612 2411 2670 divinitatis
2442 2613 2739 2686 provisura
2761 2613 3041 2682 remedia,
3065 2617 3173 2669 etc.

137 2709 500 2781 Radegundi,
540 2710 931 2781 Euphronius,
982 2713 1377 2778 Praetextatus,
1420 2710 1763 2775 Germanus,

136 2804 293 2871 Felix,
308 2803 736 2872 Domitiannus,
759 2804 1038 2860 Victorius
1058 2805 1470 2872 etDomnolus,
1494 2800 1764 2874 episcopi.

198 2896 449 2953 Sollicita
468 2903 599 2953 sunt
619 2898 841 2970 jugiter
867 2898 1017 2953 circa
1058 2914 1241 2969 genus
1279 2898 1609 2954 humanum
1653 2898 1764 2953 im-

1938 2710 2167 2780 Reliqua
2192 2710 2393 2765 videsis
2424 2710 2581 2777 Greg.
2612 2700 2811 2764 Turon.
2861 2709 2955 2763 lib.
2992 2725 3066 2772 1x,
3112 2725 3232 2779 cap.
3274 2711 3363 2779 39,
3395 2709 3496 2764 col.

1870 2806 1970 2858 516
1992 2808 2116 2859 tom.
2139 2803 2377 2873 prmed.

1286 3225 1453 3272 ANNO
1500 3225 1715 3271 DOMINI
1764 3223 2331 3271 DLXXIII-DLXXVII.

528 3371 2027 3577 BENEDICTUS
2180 3370 2816 3570 PAPA
2973 3372 3121 3573 Ι.

746 3836 749 3839 ‘
829 3835 1293 3924 NOTITIA
1380 3836 1524 3923 EX
1613 3837 1951 3925 LIBRO
2042 3811 2795 3923 PONTIFICALI.

195 4111 573 4208 benedictus'
595 4116 833 4172 natione
852 4117 1146 4173 Romanus
1158 4135 1226 4174 ex
1250 4122 1413 4191 patre
1436 4118 1751 4189 Bonifacio,
1774 4132 1828 4208 ρ
1856 4116 2083 4191 eodem]
2122 4120 2382 4188 tempore
2425 4130 2570 4187 gens
2596 4112 3146 4186 Langobardorumc
3182 4112 3389 4168 invasit
3412 4117 3495 4170 to-

130 4204 266 4260 sedit
293 4224 480 4264 annos
510 4208 537 4249 ι)
562 4212 810 4281 quatuor
830 4210 927 4284 (α),
956 4228 1218 4267 mensem
1261 4229 1461 4282 unum,
1505 4213 1627 4268 dies
1668 4213 1748 4267 vi-

127 4296 261 4367 ginti
292 4305 421 4357 octo
454 4303 606 4374 [Cod.
637 4306 787 4369 Luc.,
830 4306 1084 4379 novem].
1120 4306 1389 4378 Ejusdem
1421 4305 1571 4379 [Cod.
1602 4310 1750 4370 Luc"

1852 4215 1974 4267 tam
1988 4211 2230 4281 Italiam,
2251 4210 2534 4283 simulque
2556 4212 2615 4266 et
2634 4211 2817 4265 fames
2838 4206 3035 4275 nimia,
3060 4209 3122 4261 ut
3147 4207 3322 4263 etiam
3344 4210 3491 4263 mul-

1852 4306 2037 4362 titudo
2058 4310 2378 4362 castrorum
2403 4322 2461 4362 se
2486 4305 2742 4362 traderet
2761 4301 3175 4375 Langobardis,
3194 4304 3257 4357 ut
3270 4305 3491 4374 tempe-

1413 4464 1610 4520 ΝΟΤΑΞ
1648 4463 1960 4519 SEVERINI
2002 4464 2183 4520 BINII.

183 4574 208 4605 ⁸
232 4572 370 4626 Cum
392 4572 659 4631 Romana
689 4576 855 4632 sedes
884 4578 957 4633 ob
988 4581 1267 4634 tumultus
1286 4580 1519 4637 bellicos
1551 4598 1744 4637 vacas-

122 4641 199 4724 set
234 4658 464 4724 menses
498 4645 696 4701 decem
734 4652 792 4724 et
831 4652 948 4703 tres
976 4650 1118 4720 dies,
1167 4652 1524 4721 Benedictus,
1573 4670 1747 4724 quem

122 4710 288 4799 graeci
315 4715 605 4799 Bonosum
619 4719 941 4799 nominant,
954 4710 1282 4799 creatusest
1293 4710 1550 4799 pontifex
1568 4710 1659 4779 die
1684 4728 1746 4778 16

118 4780 258 4867 μᾶίὶ,
284 4788 670 4867 a‘nno‘Christi
686 4780 1090 4867 Redemptoris
1106 4798 1228 4849 573.
1259 4780 1437 4865 Hujus
1485 4800 1748 4867 tempore

120 4850 472 4938 Langobardi
492 4860 747 4915 maxima
767 4879 833 4938 ex
854 4850 1015 4933 parte
1036 4865 1324 4920 idolorum
1342 4850 1624 4921 "cultores:
1652 4869 1751 4921 Ec-

120 4923 349 5005 clesiam
377 4928 505 4983 dira
530 4923 928 5001 persecutione
946 4940 1243 5005 vexarunt,
1268 4939 1393 4992 loca
1412 4955 1573 4993 sacra
1588 4938 1750 4993 effos-

118 5003 532 5083 eylssa'nctorum‘
544 5007 866 5083 maetyrum
888 5008 1158 5083 sepulcris
1180 5003 1577 5083 profanarunt,
1609 5009 1747 5063 acdi-

118 5064 237 5146 licia
258 5069 315 5123 in
337 5071 626 5151 suburbiis
648 5064 853 5151 Romae
873 5064 1201 5151 dir-uerunt:
1242 5084 1504 5135 sanctum
1545 5064 1750 5136 Cerbo-

121 5153 271 5225 mem
283 5148 619 5225 episcopum
632 5162 761 5201 cum
773 5148 887 5201 suis
899 5149 1117 5225 clericis
1130 5150 1188 5203 in
1202 5152 1460 5225 exsilium
1476 5153 1752 5225 fugarunt

121 5213 406 5282 octoginta
420 5213 931 5292 rusticos,quorum
946 5222 1333 5292 quadraginta
1357 5213 1681 5277 immolatiti
1690 5241 1750 5278 as

120 5295 314 5365 earnes
344 5286 672 5365 comedere,
701 5286 804 5365 alii
835 5286 1007 5365 capiit
1035 5286 1222 5363 caprae
1243 5293 1486 5348 adorare
1522 5311 1747 5349 recusa-

118 5349 285 5435 bant,
300 5356 580 5436 supplicio
606 5349 810 5436 mortis
836 5349 1171 5436 affecerunt.
1206 5365 1319 5436 Hac
1350 5366 1749 5436 persecutione

120 5437 185 5475 ea
210 5428 492 5507 miracula
531 5431 899 5507 contigerunt
924 5450 1051 5507 quae
1099 5434 1159 5488 in
1188 5428 1367 5507 libris-
1386 5437 1751 5507 dialogorum

118 5502 488 5579 recensentur
500 5501 657 5579 apud
669 5501 1303 5579 eumdem—Cregorium
1324 5507 1394 5561 de
1414 5501 1610 5562 sancto
1626 5510 1753 5564 Cer-

118 5562 600 5657 bonioepisclopb‘,
627 5574 886 5657 Santulo,
913 5562 1159 5657 aliisque
1179 5579 1551 5657 presbyteris.
1578 5562 1749 5657 Justi-

119 5651 221 5717 nus
232 5645 925 5722 imperatornnastasium
938 5645 1383 5722 Antiochenum,
1401 5650 1474 5722 ob
1487 5651 1754 5721 quaedam

120 5712 358 5765 crimina
376 5712 458 5766 illi
475 5714 700 5792 obieeta
717 5717 1062 5792 depositum,
1077 5712 1379 5792 relegavit.
1394 5712 1525 5785 Qua
1538 5739 1601 5777 re
1622 5738 1754 5777 cum

120 5786 582 5868 magnamapnd
602 5786 810 5868 Deuni—
830 5789 1113 5868 offensam
1149 5786 1358 5847 merito
1400 5794 1753 5861 incurrisset,

126 5855 318 5909 omnia
340 5855 425 5909 illi
455 5855 728 5930 deinceps
763 5859 823 5914 in
842 5861 1010 5933 pejus
1037 5878 1204 5918 ruere
1226 5868 1541 5934 coeperunt.
1570 5855 1756 5922 Persae

445 5955 718 6024 PATROL.
767 5959 1006 6025 LXXII.

1850 4598 2063 4653 magna
2104 4585 2295 4653 strage
2326 4579 2640 4653 exercitum
2675 4579 2797 4653 ejus
2828 4578 3277 4653 prostraverunt.
3311 4575 3491 4653 Cujus

1847 4654 1935 4708 rei
1954 4647 2400 4723 nuntium'dum
2422 4650 2507 4723 ad
2534 4647 2721 4721 ipsum
2750 4647 3163 4723 imperatorem
3198 4647 3490 4723 perlatum

1850 4726 2018 4791 esset,
2066 4726 2262 4777 mente
2305 4719 2666 4775 abalienatus
2713 4719 2851 4789 fuit,
2893 4719 3489 4791 dilucidisinterdum

1849 4790 2163 4850 intervallis
2186 4792 2259 4847 ad
2292 4791 2587 4845 modicum
2626 4792 2907 4846 duntaxat
2935 4790 3213 4862 temporis
3240 4791 3488 4861 spatium

1848 4865 2208 4943 resipiecens.
2251 4862 2336 4916 Ab
2364 4862 2480 4943 hoc
2521 4862 3004 4943 maloucorperis
3070 4862 3360 4943 liberatus.
3404 4866 3491 4916 est

1850 4931 2085 5009 quando
2117 4936 2190 4990 ad
2218 4931 2649 5009 coneiliandum.
2807 4931 3064 5009 divinum
3095 4950 3313 5009 numen
3346 4937 3489 4987 tem-

1849 5002 2300 5080 plumexstruxit
2322 5002 2955 5080 D‘eigenitrieiﬁMarizet
2979 5019 3104 5080 quae
3151 5004 3202 5080 ei
3256 5008 3485 5080 tantum

1850 5072 2167 5135 sanctitatis
2208 5072 2495 5148 praestitit,
2531 5078 2610 5148 _ut
2653 5074 2902 5128 dilucido
2942 5072 3242 5148 intervallo
3265 5077 3485 5148 potius,

1851 5152 2068 5206 cunctis
2096 5143 2251 5204 recte
2289 5143 2592 5217 dispositis,
2636 5148 2850 5217 statum
2888 5143 3217 5215 reipublica:
3260 5143 3319 5199 in
3361 5149 3484 5201 tuto

1851 5224 2177 5278 collocaret.
2212 5220 2318 5291 (Ea:
2342 5216 2564 5273 niiscell.
2591 5216 2760 5287 Hist.)

1924 5295 1951 5335 b
1981 5293 2161 5347 Annis
2181 5284 2448 5361 quatuor,
2474 5304 2674 5361 mense
2694 5284 2809 5361 uno
2824 5288 2883 5340 et
2901 5284 3105 5361 viginti
3132 5285 3486 5361 octo_diebus

1851 5365 2050 5443 sedem
2069 5355 2665 5443 pontiﬁciamtenuit'.’
2686 5356 2840 5443 thit
2868 5355 3023 5443 enim
3052 5372 3206 5443 anno
3244 5356 3485 5412 Redem-

1852 5436 2034 5508 ptoris
2058 5428 2241 5489 nostri
2266 5437 2388 5500 577,
2416 5430 2600 5557 pridie
2624 5428 2911 5511 Kalendas
2936 5428 3196 5508 Augusti.
3378 5496 3389 5509 .

1927 5521 1950 5548 ο
1981 5507 2104 5572 Quo
2135 5509 2392 5577 tempore
2465 5501 2789 5577 angebardi
2831 5516 2889 5553 ιη
2941 5499 3159 5577 Italiam
3197 5502 3481 5577 venerint,

1854 5569 2028 5650 supra
2049 5578 2161 5633 dixi
2185 5569 2425 5650 inf‘notis
2446 5574 2526 5650 ad
2548 5569 2738 5650 Vitam
2762 5570 3018 5650 Joannis.
3048 5570 3177 5624 Haec
3200 5569 3485 5650 Anastasii

1853 5641 2097 5706 fortasse
2126 5645 2506 5718 intelligenda
2523 5649 2656 5699 sunt
2674 5645 2743 5718 de
2766 5642 3105 5718 eorumdem
3130 5641 3486 5718 graesatione

1854 5722 1971 5789 illa,
2008 5737 2183 5792 quam
2213 5711 2442 5774 sanctus
2482 5716 2789 5788 Gregorius
2820 5714 2973 5770 inter
3013 5711 3188 5767 saevas
3219 5711 3484 5767 Ecclesia:

1855 5791 2293 5865 persecutiones
2313 5791 2638 5865 anumerat.

1932 5864 2007 5936 (a)
2034 5862 2252 5917 Eadem
2274 5861 2451 5918 habet
2468 5860 2606 5916 Cod.
2640 5875 2747 5914 ms.
2779 5858 3059 5932 Hardysil.
3090 5858 3252 5914 Lua.

3095 5960 3172 6021 22
