4006 6238
459 336 559 389 683
799 331 1154 387 BENEDICTI
1188 329 1379 385 ΡΑΡίΕ
1424 329 1447 383 l
1485 327 1577 383 AD
1613 326 2063 383 GRANDENSEM
2102 323 2582 381 PATRIARCHAM
2619 324 2959 381 EPISTOL/E
2998 323 3474 382 FRAGMENTUM.
3737 324 3842 378 684

460 458 590 496 rare
620 441 816 513 posset
843 439 1099 513 inopiam
1141 438 1329 494 famis.
1360 436 1525 501 Quod
1562 436 1694 490 dum
1734 435 2096 507 cognovisset
2116 448 2175 520 Α
2194 434 2427 489 basilica
2452 434 2605 489 beati
2636 434 2786 490 Petri
2804 431 3598 505 apostolisecretario,pridie
3621 431 3840 486 Kalen-

459 536 714 592 Justinus
736 534 884 607 [Cod.
904 530 1435 604 Luc.,Justinianus]
1458 529 1743 601 piissimus
1757 530 2091 601 imperator,
2195 529 2298 583 das
2319 528 2561 601 Augusti
2589 530 2675 600 [In
2705 529 2831 587 Cod.
2863 532 2994 585 Luc.
3018 529 3166 585 deest
3184 528 3370 601 pridie
3400 527 3694 583 Kalendas
3724 529 3845 581 Au-

464 626 1405 703 quiaRomaperielitareturfame
1423 624 1842 679 etmortalitate
1866 622 2092 696 [InCod.
2195 623 2388 696 gusti].
2423 623 2521 677 Hic
2551 623 2687 677 fecit
2729 624 3160 680 ordinationem
3201 640 3380 677 unam
3427 640 3532 694 per
3569 638 3845 676 mensem

461 727 591 780 Luc.
633 726 781 780 deest
824 726 883 777 et
932 719 1327 792 mortalitate],
1372 718 1529 773 misit
1566 718 1624 772 in
1663 719 1992 789 Egyptum,
2042 719 2099 771 et
2195 716 2583 785 decembrem,
2616 717 2980 790 presbyteros
3006 716 3362 790 quindecim,
3395 716 3677 771 diaconos
3698 719 3843 782 tres,

468 818 732 874 oneravit
758 832 932 871 naves
964 817 1277 881 frumento,
1312 816 1370 867 et
1394 812 1712 867 transmisit
1744 812 2101 865 Romam.Et
2196 811 2495 882 episcopos
2520 828 2624 883 per
2669 812 2894 871 diversa
2932 813 3058 868 loca
3096 828 3342 867 numero
3380 810 3588 881 viginti
3631 826 3846 864 unum.

464 912 542 967 sic
571 912 840 966 misertus
871 914 956 964 est
982 910 1130 963 Deus
1152 907 1345 962 ltaliaz.
1380 909 1443 962 In
1474 906 1596 961 istis
1616 906 1909 961 laboribus
1936 907 1993 959 et
2020 904 2102 959 af-
2196 906 2266 960 Et
2303 905 2543 959 cessavit
2591 888 2953 977 episcopatus
3010 923 3243 961 menses
3287 908 3423 973 tres,
3472 904 3596 960 dies
3636 904 3850 959 decem

463 1004 810 1060 ﬂictionibus
840 1003 1059 1075 positus
1094 1001 1244 1074 [ϐοά.
1268 1003 1423 1065 Luc.,
1452 1000 1541 1054 his
1569 999 1787 1073 diebus]
1821 997 2103 1054 sanctissi—
2205 997 2354 1070 [Cod.
2383 1000 2511 1055 Luc.
2534 999 2695 1055 addit
2720 999 2823 1055 sub
2850 1000 2943 1055 die
2973 1003 3041 1056 3O
3068 999 3285 1055 mensis
3303 997 3480 1072 Julii].

464 1116 593 1154 mus
613 1097 954 1153 Benedictus
965 1113 1114 1170 papa
1129 1098 1393 1152 mortuus
1412 1098 1517 1151 est.
1537 1093 1648 1160 Qui
1666 1094 1920 1165 sepultus
1937 1095 2024 1147 est
2040 1092 2103 1147 in

460 1256 3840 1294 Μ

1609 1413 1918 1485 JOANNI
1964 1412 2358 1484 DOMINICI
2402 1411 2697 1481 MANSI.

782 1577 894 1651 IN
960 1573 1700 1650 FRAGMENTUM
1767 1572 2325 1649 EPISTOLIE
2394 1571 2962 1648 BENEDICTI
3028 1570 3546 1648 CENSURA.

535 1860 938 1926 Longiusculum
962 1858 1307 1925 fragmentum
1345 1859 1577 1925 epistolae
1602 1858 1872 1911 Benedicti
1900 1873 2047 1924 papae
2080 1874 2145 1911 ex
2170 1859 2571 1926 Gratianipalea
2615 1859 2682 1910 ad
2722 1874 2840 1911 can.
2876 1863 2956 1922 18,
2992 1874 3042 1909 c.
3075 1858 3158 1920 27,
3203 1871 3255 1922 q.
3290 1861 3341 1920 2,
3385 1856 3473 1907 hic
3517 1855 3748 1907 exhibeo
3786 1854 3854 1905 ab

473 1945 715 1994 omnibus
740 1942 949 2007 quidem
985 1956 1082 1991 ceu
1106 1941 1465 2006 apocryphum
1492 1942 1767 2006 rejectum,
1794 1940 1886 1991 sed
1912 1940 2093 1991 dubito
2128 1956 2194 1992 an
2220 1942 2426 1992 merito.
2451 1943 2756 2006 Quanquam
2782 1940 2923 1992 enim
2958 1939 3267 2005 suspicionis
3293 1952 3399 1989 suae
3422 1937 3599 1988 titulus
3626 1936 3763 2001 ipse,
3801 1940 3860 1987 ut

473 2024 527 2075 in
553 2024 714 2074 Editis
736 2023 943 2087 legitur,
978 2022 1168 2072 mereri
1194 2027 1383 2087 potest,
1409 2023 1713 2087 ambiguum
1741 2026 1819 2073 est
1840 2026 2016 2073 tamen
2039 2037 2165 2073 num
2189 2024 2424 2074 sincerus
2445 2024 2674 2074 Gratiani
2705 2023 2884 2073 Codex
2929 2022 3168 2072 eumdem
3204 2020 3444 2085 prefer-at
3475 2018 3565 2083 qui
3596 2017 3653 2067 in
3693 2018 3860 2068 Editis

473 2108 705 2169 apparet.
732 2104 1008 2153 Gratianus
1034 2103 1173 2153 enim
1202 2103 1371 2153 editus
1398 2104 1670 2168 epistolam
1695 2104 1830 2154 hanc
1857 2104 2015 2154 latam
2039 2103 2255 2167 prefert'
2274 2105 2592 2155 Patriarchw
2619 2104 2889 2165 Gradensi,
2914 2104 3001 2167 qui
3035 2117 3158 2153 sane
3192 2100 3489 2166 patriarcha
3519 2099 3789 2149 Benedicti
3835 2099 3857 2146 Ι

470 2188 618 2235 atate
647 2183 815 2233 audiri
837 2182 1071 2233 nondum
1096 2189 1341 2247 coeperat.
1374 2185 1566 2234 Verum
1592 2184 1648 2234 in
1681 2199 1801 2235 meo
1829 2184 2028 2234 decreti
2070 2184 2281 2246 Codice,
2317 2185 2458 2248 quod
2495 2186 2686 2236 saeculo
2730 2185 2845 2248 ipso
2887 2184 3134 2243 Gratiani,
3182 2184 3262 2232 vel
3309 2182 3455 2231 initio
3498 2179 3861 2240 succedentis,

473 2264 725 2329 scriptum
740 2278 849 2314 non
873 2264 1015 2314 inani
1049 2265 1353 2329 conjectura
1384 2265 1643 2330 suspicor,
1669 2265 1740 2317 ita
1763 2267 1882 2330 lego
1909 2281 1923 2314 :
1956 2265 2256 2316 Benedictus
2285 2281 2460 2316 servus
2480 2281 2740 2316 servorum
2769 2268 2865 2315 Dei
2886 2267 2954 2316 N.
2980 2266 3217 2314 salutem.
3248 2265 3307 2312 In
3331 2261 3567 2325 margine
3588 2273 3719 2309 vero
3736 2259 3864 2321 alia,

476 2349 533 2396 ut
555 2344 814 2408 suspicor,
841 2345 932 2394 sed
957 2358 1104 2409 mque
1125 2346 1337 2409 antiqua
1366 2361 1523 2397 manu
1549 2346 1780 2397 additum
1804 2352 1883 2396 est
1910 2362 1923 2396 :
1952 2346 2241 2397 Graduensi
2272 2347 2607 2411 patriarcha,
2635 2351 2685 2396 et
2714 2348 2983 2397 Domim’co
3016 2347 3130 2411 ejus
3168 2344 3512 2408 eu/fraganeo.
3548 2341 3728 2391 Lectio
3762 2341 3863 2390 ista

477 2426 802 2490 praecipuum
829 2430 1192 2489 argumentum
1217 2426 1464 2477 adversus
1504 2427 1856 2477 sinceritatem
1898 2427 2052 2491 hujus
2088 2427 2319 2492 epistolae
2356 2432 2588 2478 enervat.
2633 2428 2827 2477 Verum
2866 2427 3036 2477 adhuc
3076 2428 3377 2490 perseverat
3411 2422 3659 2486 suspicio,
3703 2422 3758 2470 in
3792 2435 3862 2470 eo

477 2506 617 2571 quod
642 2504 951 2555 Benedictus
973 2520 1177 2555 servum
1203 2520 1465 2556 servorum
1497 2508 1589 2556 Dei
1613 2521 1724 2556 sese
1752 2508 1997 2571 appellat,
2022 2522 2178 2571 quem
2203 2522 2326 2558 sane
2353 2508 2558 2558 titulum
2588 2508 2809 2571 ccepisse
2842 2507 3003 2567 aiunt,
3028 2521 3059 2557 a
3094 2509 3274 2556 sancto
3310 2504 3581 2568 Gregorio.
3630 2503 3695 2552 At
3736 2515 3864 2551 cum

475 2586 620 2636 testis
645 2586 755 2649 ejus
778 2586 1108 2636 institutionis
1131 2601 1162 2635 a
1182 2592 1374 2645 ‘sancto
1406 2588 1659 2652 Gregorio
1686 2592 1870 2652 cceptae
1896 2589 2123 2638 Joannes
2165 2589 2416 2640 diaconus
2453 2590 2693 2640 atl'eratur
2735 2589 2962 2653 scriptor
2993 2589 3155 2638 multo
3197 2585 3460 2636 recentior
3500 2588 3653 2634 astate
3692 2581 3868 2632 sancti

476 2666 731 2730 Gregorii,
756 2666 912 2716 unica
937 2666 1046 2731 ejus
1071 2668 1349 2718 auctoritas
1372 2668 1500 2718 tanti
1532 2670 1836 2720 aestimanda
1862 2683 1969 2719 non
2006 2673 2102 2733 est,
2141 2674 2197 2721 ut
2236 2670 2467 2720 validum
2509 2685 2573 2720 ex
2614 2685 2677 2720 ea
2720 2673 3083 2733 argumentum
3131 2671 3314 2718 contra
3354 2666 3495 2716 illam
3547 2663 3867 2713 deducatur.

470 2749 739 2811 Utcunque
784 2759 869 2796 res
904 2747 1091 2797 habeat
1126 2762 1263 2809 sese,
1298 2763 1419 2799 cum
1453 2763 1520 2799 ex
1560 2750 1805 2799 Gratiano
1858 2750 2074 2800 minime
2111 2754 2319 2801 constet
2354 2751 2564 2801 cuinam
2604 2751 2887 2801 Benedicto
2936 2748 3214 2800 tribuenda
3255 2747 3474 2812 epistola
3513 2746 3599 2804 sit,
3647 2744 3868 2795 alterius

474 2827 691 2959 fierinam
718 2828 985 2879 Benedicti
1013 2828 1266 2894 scriptum
1291 2833 1401 2881 erat
1429 2830 1710 2883 sincerum.
1740 2830 2011 2882 Variantes
2035 2845 2152 2896 quas
2174 2832 2230 2883 in
2252 2833 2445 2885 ansulis
2469 2833 2745 2898 adscriptis
2770 2835 2910 2895 sunt,
2944 2830 3190 2881 Romanis
3229 2828 3431 2880 decreti
3469 2825 3869 2877 correctoribus

517 2923 545 2959 e
587 2914 757 2959 entur.

517 2914 757 2961 ebentur.

670 3477 1135 3560 FRAGMEN
1145 3479 1352 3562 TUM
1427 3482 1923 3566 EPISTOLZE
1997 3488 2130 3568 AD
2202 3483 2862 3568 GRANDENSEM
2932 3474 3701 3564 PATRIARCHAM.

1182 3789 1429 3848 PALEA.

556 3878 898 3937 Benedictus
924 3880 1131 3936 Servus
1163 3899 1455 3940 servorum
1480 3884 1583 3940 Dei
1600 3883 1626 3914 ⁸
1667 3886 1988 3942 Grandensi
2016 3903 2118 3959 pa-

482 3972 750 4031 triarchae
766 3974 1034 4042 salutem,
1069 3978 1178 4030 etc.

558 4067 670 4120 Lex
698 4066 903 4121 divina:
928 4068 1355 4124 constitutionis
1373 4072 1753 4142 apostolicam
1781 4073 2122 4129 cathedram

2140 3807 2198 3881 Β
2221 3796 2384 3850 umori
2409 3808 2541 3857 suae,
2567 3797 2619 3848 et
2647 3794 2809 3848 erunt
2828 3788 2936 3844 duo
2960 3789 3022 3842 in
3041 3800 3204 3841 carne
3229 3799 3341 3839 una
3367 3780 3522 3854 (Gen.
3543 3778 3626 3850 ιι).
3647 3776 3875 3842 Quibus

2220 3887 2408 3943 verbis
2437 3885 2689 3941 innotuit
2718 3900 2836 3940 non
2862 3883 3029 3937 aliter
3047 3880 3237 3935 virum
3267 3881 3325 3932 et
3356 3874 3669 3931 mulierem
3700 3886 3874 3943 posse

2222 3983 2348 4037 ﬁeri
2362 3997 2537 4036 unam
2551 3976 2924 4047 carnem,nisi
2942 3974 3158 4030 carnali
3169 3971 3375 4043 copula
3390 3969 3497 4024 sibi
3513 3967 3872 4022 cohaereant.

2224 4075 2330 4141 Qui
2344 4092 2483 4147 ergo
2498 4088 2871 4145 nequaquam
2885 4070 3088 4124 mistus
3110 4070 3196 4121 est
3208 4070 3497 4121 extraneae
3523 4058 3755 4115 mulieri
3773 4058 3876 4112 fa:-

491 4158 630 4232 [Al.,
650 4158 867 4232 sedem]
894 4160 1065 4215 totius
1084 4163 1276 4233 posuit
1296 4165 1452 4219 orbis
1471 4169 1755 4220 terrarum
1783 4167 2123 4238 magistram

492 4252 642 4325 [Cod.
669 4254 821 4317 Luc.,
846 4254 1299 4330 magistratum],
1334 4262 1397 4311 ut
1425 4258 1706 4330 quidquid
1731 4260 1939 4332 ubique
1966 4263 2122 4317 loco-

485 4363 617 4401 rum
642 4346 957 4417 dubitatur,
979 4349 1050 4403 ab
1069 4367 1137 4403 ea
1153 4350 1302 4405 ratio
1325 4352 1585 4422 ejusdem
1604 4353 1948 4424 requiratur.
1970 4356 2120 4411 Affa-

488 4446 579 4496 tus
611 4444 698 4496 est
730 4444 925 4496 autem
969 4458 1074 4497 nos
1118 4443 1234 4497 suis
1283 4444 1486 4499 litteris
1536 4446 1797 4517 ejusdem
1835 4449 2125 4504 cathedrae

488 4552 791 4603 sessorem,
820 4552 887 4589 ac
912 4540 1317 4606 percunctatus
1345 4542 1431 4593 est
1459 4540 1691 4611 quidam
1725 4544 1943 4597 vestras
1990 4543 2123 4616 [Al.,

487 4629 589 4703 vir]
624 4630 862 4684 nomine
886 4631 1158 4700 Joannes,
1187 4648 1293 4702 pro
1320 4632 1609 4688 connubio
1634 4635 1767 4689 ﬁlim
1794 4653 1909 4691 suae
1936 4654 2128 4708 super-

489 4724 662 4779 stitis:
692 4725 852 4795 cujus
865 4741 1029 4780 soror
1049 4724 1324 4780 defuncta
1346 4726 1575 4782 cuidam
1596 4728 1816 4798 juveni,
1832 4730 2125 4802 Stephano

490 4818 750 4889 nomine,
771 4818 1124 4890 simplicibus
1144 4819 1331 4875 verbis
1346 4821 1538 4876 fuerat
1558 4821 1924 4894 desponsata,
1955 4828 2012 4878 et
2032 4842 2129 4879 an-

489 4916 728 4984 tequam
775 4913 848 4967 ad
894 4912 1122 4985 nuptias
1164 4915 1512 4985 perveniret,
1555 4921 1744 4971 morte
1788 4922 2123 4989 praeventa:

491 5010 685 5061 utrum
698 5006 912 5061 scilicet
923 5023 1056 5060 cum
1070 5007 1279 5062 eodem
1286 5009 1499 5080 juvene
1512 5011 1692 5082 possit
1706 5012 2128 5068 matrimonum

491 5101 770 5156 celebrari
804 5100 1124 5171 superstitis
1154 5102 1303 5171 ﬁlim,
1335 5120 1441 5158 nec
1472 5121 1565 5159 ne.
1593 5106 1855 5177 Namque
1886 5110 2129 5162 testatus

2224 4170 2361 4224 dere
2393 4168 2655 4240 nuptiali,
2689 4183 2803 4238 quo
2829 4166 2995 4237 pacto
3021 4179 3126 4235 per
3146 4160 3304 4215 nuda
3334 4154 3662 4229 sponsionis
3691 4150 3874 4205 verba

2223 4268 2464 4335 possunt
2494 4279 2609 4317 una
2634 4278 2766 4316 caro
2788 4259 2934 4328 ﬁeri,
2977 4257 3306 4312 nullatenus
3340 4252 3601 4306 valemus
3633 4242 3869 4301 intueri.
3953 4305 3957 4308 ,

2224 4357 2631 4428 Propinquitas
2656 4356 2814 4409 enim
2837 4351 3134 4425 sanguinis
3154 4348 3342 4404 verbis
3363 4345 3588 4409 dicitur,
3607 4356 3727 4395 non
3742 4354 3871 4393 ver-

2224 4451 2312 4506 bis
2337 4451 2601 4519 efﬁcitur,
2626 4449 2727 4504 sed
2753 4448 2901 4522 [Cod.
2938 4450 3088 4509 Luc.,
3113 4460 3231 4499 non
3253 4440 3442 4496 verbis
3457 4436 3729 4497 efﬁcitur,
3745 4431 3869 4503 sed]

2226 4561 2415 4616 neque
2434 4544 2691 4599 osculum
2703 4542 2853 4614 parit
2862 4530 3538 4612 propinquitatem,quod
3567 4524 3868 4602 [A1.,quia]

2227 4639 2445 4693 nullam
2459 4638 2597 4693 facit
2613 4635 2910 4707 sanguinis
2926 4622 3718 4691 commixtionem.Quoniam
3733 4635 3873 4674 vero

2226 4734 2305 4788 ita
2332 4749 2566 4804 prorsus
2591 4748 2714 4786 sese
2738 4730 2915 4784 habet
2938 4744 3030 4783 res
3051 4724 3290 4782 Joannis
3314 4721 3497 4787 istius,
3530 4721 3596 4772 ut
3614 4715 3753 4771 velit
3780 4730 3873 4768 se-

2227 4826 2479 4882 cundam
2514 4826 2695 4880 ﬁliam
2716 4823 2825 4879 illis
2873 4820 3088 4893 nuptiis
3136 4819 3431 4889 copulare,
3479 4811 3570 4867 cui
3611 4809 3873 4882 primam

2220 4922 2347 4993 jam
2374 4921 2705 4975 decreverat
2730 4918 3101 4989 desponsare,
3135 4927 3377 4967 censura
3406 4904 3707 4980 apostolici
3744 4918 3873 4957 ma-

2229 5015 2500 5087 gistratus
2527 5013 2875 5069 mandamus
2887 5011 2995 5065 hoc
3016 5009 3232 5079 absque
3264 5005 3433 5060 ullius
3453 4999 3716 5057 criminis
3735 4996 3874 5051 vitio

2228 5126 2395 5182 posse
2416 5108 2560 5175 ﬁeri,
2583 5108 2630 5161 si
2650 5106 2947 5176 utriusque
2966 5103 3147 5175 partis
3166 5098 3380 5156 sederit
3404 5094 3709 5152 voluntati.
3727 5093 3874 5146 Nam

491 5194 1056 5269 hujusreirationem
1077 5196 1230 5267 apud
1246 5198 1557 5253 voshaberi
1579 5199 2129 5271 ambiguam.Quam
2150 5189 2206 5264 C
2232 5221 2333 5259 cur
2376 5202 2771 5274 prohibeatur,
2800 5199 2957 5271 quod
2982 5193 3413 5270 prohibendum
3437 5190 3579 5262 [Al.,
3610 5184 3870 5260 prohibi-

492 5293 609 5347 Deo
639 5290 884 5345 docente
906 5288 1204 5344 reddimus
1231 5290 1319 5345 his
1348 5292 1536 5347 verbis
1561 5294 1960 5351 certissimam.
1988 5297 2127 5352 Pro-

491 5387 771 5458 toplastus
797 5384 912 5452 ille,
944 5383 1107 5439 radix
1143 5387 1201 5438 et
1228 5385 1390 5457 origo
1419 5392 1616 5442 nostro
1649 5386 1795 5461 [Cod.
1838 5392 1993 5459 Luc.,
2022 5408 2127 5446 no-

492 5480 629 5551 stra]
661 5480 981 5534 detractam
1003 5477 1111 5533 sibi
1130 5482 1347 5535 costam
1372 5480 1431 5535 in
1450 5482 1759 5538 mulierem
1780 5483 1981 5539 videns
2018 5485 2132 5540 for-

492 5577 733 5642 matam,
749 5572 1088 5646 prophetico
1103 5572 1304 5644 spiritu
1322 5574 1474 5629 inter
1485 5576 1597 5631 alia
1613 5578 1854 5649 protulit
1873 5594 1886 5632 :
1901 5580 2129 5648 Propter

491 5669 588 5725 hoc
624 5669 895 5755 relinquet
925 5669 1077 5723 homo
1104 5672 1324 5739 patrem
1355 5674 1408 5725 et
1451 5676 1699 5740 matrem,
1735 5675 1787 5726 et
1833 5672 2133 5730 adhaerebit

566 5815 692 5886 “De
714 5813 824 5867 hoc
855 5812 1026 5886 titulo
1052 5816 1111 5866 ut
1144 5816 1228 5886 est
1251 5813 1310 5867 in
1337 5813 1545 5886 Codice
1574 5814 1834 5886 Lucensi,
1868 5821 2129 5886 superius

498 5880 630 5934 dixi.
666 5883 837 5935 Deest
852 5897 988 5935 vero
1013 5883 1073 5936 in
1105 5884 1313 5939 eodem
1336 5884 1544 5941 Codice
1586 5904 1692 5943 vox
1720 5880 1901 5959 paléa.
1935 5880 2125 5948 MANSI.

2228 5297 2375 5368 tum]
2392 5313 2689 5368 nunquam
2706 5298 2905 5350 sancta
2925 5292 3218 5363 Scriptura
3235 5288 3491 5343 declarat
3509 5283 3537 5339 ‘2
3551 5281 3671 5339 Sed
3682 5295 3873 5351 neque

2227 5392 2541 5447 mundanae
2586 5392 2762 5461 leges,
2795 5385 3230 5450 connumeratis
3272 5379 3535 5455 personis
3563 5392 3695 5449 qum
3722 5375 3877 5428 inter

2229 5503 2289 5543 se
2316 5487 2545 5559 nuptias
2575 5486 2734 5541 nonb
2765 5482 3137 5551 contrahunt,
3170 5478 3241 5534 de
3266 5471 3603 5548 hujusmodi
3651 5465 3873 5540 aliquid

2231 5583 2447 5638 dicunt.
2476 5583 2556 5636 Ne
2599 5596 2739 5652 ergo
2782 5576 3085 5649 abnegetis
3126 5573 3284 5648 quod
3326 5566 3669 5642 negandum
3718 5562 3876 5618 nulla

2228 5676 2454 5733 ratione
2482 5675 2699 5731 docetis
2731 5673 2867 5747 [Al.,
2897 5669 3280 5742 monstratis].

2301 5823 2328 5863 δ
2358 5823 2419 5876 In
2450 5821 2590 5878 Cod.
2619 5822 2751 5876 Luc.
2786 5820 2949 5893 deest
2971 5834 3104 5882 non,
3134 5819 3194 5871 et
3232 5811 3507 5893 sequitur,
3544 5803 3877 5863 contrahunt

2230 5894 2298 5948 de
2326 5910 2385 5948 re
2410 5894 2741 5961 hujusmodi.
2768 5892 2937 5946 Idem.
