4006 6238
1001 465 1995 587 BBNEDIGTI
2094 468 2621 595 PAPE
2727 470 2796 588 I

428 673 1313 816 EPISTOLAa
1408 676 1644 813 AD
1740 676 2288 815 DAVID
2384 674 3387 821 EPISCOPUM.

778 997 1019 1062 Probat
1048 1017 1133 1063 ex
1174 997 1377 1062 sacris
1405 997 1662 1074 litteris,
1698 1016 2036 1063 summam
2065 998 2452 1064 Trinitatem
2488 999 2814 1065 unitatem
2851 1019 3017 1065 esse.

278 1128 775 1185 Reverendissimo
799 1130 961 1187 fratri
988 1132 1249 1204 episcopo
1277 1131 1449 1187 David
1474 1174 1488 1202 ,
1518 1132 1851 1189 Benedictus
1873 1146 1933 1219 Α
1952 1137 2089 1189 Deus
2118 1135 2309 1197 Israel,
2344 1136 2443 1204 qui
2462 1134 2610 1189 sedes
2651 1149 2811 1205 super
2853 1136 3127 1191 cherubim
3167 1135 3297 1205 (Isa.
3336 1136 3585 1207 xxxvii)?

209 1223 453 1279 salutem
482 1224 543 1278 in
569 1224 828 1280 Domino.

280 1318 650 1389 Respondere
694 1317 896 1373 litteris
942 1318 1139 1373 vestris
1161 1318 1386 1390 plenius
1431 1319 1710 1390 cogitavi;
1755 1320 1852 1375 sed

210 1426 339 1467 cum
370 1412 481 1465 hoc
506 1412 837 1479 meditarer,
860 1414 1051 1468 tantus
1069 1429 1161 1468 me
1176 1413 1337 1468 dolor
1352 1414 1556 1484 tetigit,
1586 1419 1649 1469 ut
1672 1414 1855 1487 magis

209 1506 344 1561 ﬂere
372 1514 556 1578 quam‘
595 1506 811 1578 aliquid
852 1505 1062 1575 dicere,
1109 1506 1419 1562 delectatus
1459 1508 1585 1562 sim.
1633 1507 1739 1563 Sed
1782 1526 1853 1563 ne

208 1600 467 1655 funditus
488 1604 829 1668 remaneret,
854 1616 1033 1671 pauca
1050 1599 1209 1654 vobis
1229 1599 1534 1656 rescribere
1550 1601 1761 1668 curavi,
1783 1601 1853 1656 ad

211 1694 431 1765 potiora
459 1710 557 1748 vos
595 1697 851 1764 tempora
894 1709 1144 1764 congrue
1170 1693 1433 1748 invitans.
1476 1694 1635 1758 Quod
1659 1699 1851 1749 autem

209 1787 416 1842 litterze
463 1792 580 1842 tua:
626 1792 795 1842 testes
827 1792 979 1857 sunt,
1012 1787 1289 1859 quosdam
1315 1787 1465 1842 intra
1504 1789 1854 1860 provinciam

212 1881 481 1935 Baeticam
508 1898 651 1949 esse,
675 1880 773 1952 qui
791 1880 1066 1952 dicerent,
1087 1882 1380 1936 neminem
1406 1882 1677 1938 veraciter
1691 1900 1854 1954 posse

210 1975 474 2047 probare,
502 1974 838 2029 Trinitatem
879 1975 1155 2030 unitatem
1194 1976 1339 2045 fieri,
1368 1992 1501 2029 cum
1527 1993 1712 2047 neque
1743 1979 1855 2031 tres

210 2086 415 2139 unum,
436 2086 627 2141 neque
652 2080 836 2124 unum
861 2067 919 2122 in
947 2069 1127 2123 tribus
1153 2073 1340 2140 posset
1365 2086 1710 2141 quemquam
1729 2086 1855 2141 pro-

209 2163 333 2235 prie
357 2163 677 2235 approbare
722 2179 736 2216 :
784 2179 923 2233 quas
968 2162 1039 2216 ob
1087 2180 1300 2233 causas,
1348 2163 1704 2218 dilectissime
1752 2163 1851 2234 ﬁli,

211 2258 469 2312 consulta
515 2256 622 2311 tibi
668 2257 989 2327 apostolicze
1021 2257 1167 2311 sedis
1196 2256 1453 2311 misimus
1480 2298 1494 2327 ,
1525 2261 1591 2311 ut
1629 2261 1727 2311 aut
1765 2257 1855 2311 his

212 2367 304 2405 eos
324 2351 395 2405 ad
427 2355 644 2405 rectam
681 2349 854 2404 ﬁdem
882 2349 1129 2405 converti
1162 2350 1350 2420 facias,
1396 2354 1497 2404 aut
1523 2350 1593 2404 ab
1622 2350 1857 2405 ecclesia

211 2449 519 2516 antequam
548 2443 719 2515 pestis
747 2444 868 2499 haec
899 2444 1066 2499 latius
1091 2444 1434 2515 divulgetur,
1474 2444 1731 2515 repellas.
1760 2444 1857 2499 His

1953 1226 2007 1282 Si
2035 1227 2221 1281 unitas
2248 1243 2364 1282 non
2388 1230 2491 1296 est,
2518 1243 2692 1298 quare
2722 1246 2736 1282 :
2765 1231 2863 1298 qui
2883 1229 3051 1291 sedes,
3071 1228 3234 1297 dixit,
3258 1233 3315 1284 et
3336 1246 3453 1284 non
3482 1229 3584 1300 qui

1953 1321 2177 1387 sedetis,
2191 1325 2249 1375 et
2260 1320 2519 1392 adjunxit
2540 1320 2749 1392 [Labb.,
2771 1320 3066 1393 abstraxit]
3082 1322 3111 1376 ?
3137 1322 3193 1377 Si
3209 1322 3450 1377 Trinitas
3468 1339 3585 1378 non

1953 1420 2056 1485 θεῖ,
2087 1430 2261 1487 quare
2290 1414 2349 1470 in
2374 1416 2703 1487 Regnorum
2745 1415 2891 1469 libro
2936 1414 3160 1485 dicitur,
3206 1418 3427 1471 Domine
3450 1418 3589 1472 Deus

1953 1511 2301 1579 omnipotens,
2342 1512 2480 1564 Deus
2515 1510 2705 1572 Israel,
2741 1523 3001 1563 sermones
3045 1512 3126 1563 tui
3158 1510 3340 1578 ﬁdeles
3365 1514 3493 1565 sunt
3518 1511 3593 1580 (II

1953 1604 2082 1670 Reg.
2113 1617 2211 1669 vn,
2242 1603 2327 1657 III
2358 1605 2488 1671 Reg.
2516 1602 2673 1672 vni)?
2697 1602 2753 1657 Si
2777 1601 2962 1656 unitas
2993 1617 3109 1656 non
3135 1606 3238 1671 est,
3277 1618 3453 1673 quare
3479 1605 3584 1667 tui,

1954 1694 2179 1765 dicitur,
2210 1701 2267 1751 et
2292 1712 2430 1762 non,
2460 1695 2649 1763 vestri,
2685 1695 2874 1766 potius
2900 1695 3233 1749 intimetur?
3259 1695 3315 1750 Si
3344 1696 3587 1752 Trinitas

1953 1805 2069 1843 non
2095 1794 2194 1858 est,
2226 1805 2329 1843 cur
2355 1789 2415 1843 in
2458 1789 2678 1860 psalmo
2708 1805 2839 1844 Lvm
2875 1790 3136 1843 cantatur
3161 1805 3174 1843 :
3207 1791 3427 1845 Domine
3450 1794 3590 1847 Deus

1952 1887 2237 1946 virtutum,
2286 1886 2425 1937 Deus
2460 1883 2647 1945 Israel,
2688 1882 2906 1937 intende
2947 1882 3022 1936 ad
3062 1883 3371 1938 visitandas
3412 1898 3591 1939 omnes

1954 1979 2175 2047 gentes?
2216 1975 2271 2031 Si
2318 1976 2504 2030 unitas
2532 1992 2647 2030 non
2691 1981 2794 2044 est,
2836 1992 3011 2046 quare
3053 1977 3271 2031 intende
3296 1976 3504 2047 posuit,
3532 1982 3590 2032 et

1954 2087 2090 2139 non,
2118 2069 2413 2139 intendite,
2442 2074 2506 2123 ut
2542 2069 2877 2141 praedicatus
2904 2073 3009 2137 est,
3032 2069 3314 2123 intimavit
3332 2070 3361 2123 ?
3385 2070 3441 2124 Si
3466 2070 3585 2125 Tri-

1954 2165 2099 2219 nitas
2123 2179 2238 2217 non
2263 2168 2365 2231 est,
2394 2179 2568 2234 quare
2594 2163 2655 2217 in
2673 2161 3007 2233 Apocalypsi
3032 2161 3198 2216 tertio
3222 2162 3364 2217 dixit
3402 2179 3415 2217 :
3444 2165 3588 2220 Sana

1954 2263 2087 2321 ctus,
2100 2261 2335 2320 sanctus,
2350 2261 2586 2319 sanctus,
2604 2259 2854 2312 Dominus
2872 2260 3010 2311 Deus
3021 2258 3369 2327 omnipotens,
3383 2259 3481 2326 qui
3491 2264 3590 2323 est,

1955 2356 2006 2406 et
2019 2353 2114 2421 qui
2126 2355 2242 2405 erat
2259 2349 2444 2420 (Apoc.
2474 2350 2586 2420 iv)?
2616 2350 2669 2405 Si
2689 2349 2877 2403 unitas
2892 2365 3007 2403 non
3028 2352 3131 2415 est,
3146 2364 3320 2419 quare
3335 2365 3471 2419 non,
3490 2350 3591 2421 qui

1956 2450 2107 2512 sunt,
2136 2442 2448 2515 pluraliter,
2479 2443 2597 2511 sed,
2614 2446 2711 2513 qui
2724 2447 2861 2505 erat,
2890 2441 3246 2512 designavit?
3269 2440 3327 2497 Si
3347 2441 3589 2497 Trinitas

213 2538 428 2609 (frater)
458 2538 879 2609 Scripturarum
907 2538 1246 2592 testimoniis
1280 2539 1537 2610 (Ithacius
1574 2538 1704 2594 adv.
1742 2541 1854 2596 Va-
1874 2518 1934 2591 B
1957 2554 2075 2593 non
2105 2543 2206 2607 est,
2238 2554 2414 2608 quare
2440 2536 2499 2591 in
2534 2535 2970 2591 Deuteronomio
3000 2535 3215 2591 dictum
3243 2539 3330 2590 est
3356 2552 3370 2590 :
3406 2539 3591 2592 Domi-

212 2633 509 2702 rimadum,
541 2649 590 2686 c.
624 2632 672 2703 1)
717 2632 997 2686 unitatem
1027 2631 1311 2687 Trinitatis
1353 2649 1615 2703 agnosce,
1661 2635 1718 2687 et
1757 2632 1857 2687 de-

214 2726 332 2781 sine
382 2725 726 2781 Arianorum
776 2725 1112 2797 pravitatem
1167 2725 1366 2797 sequi,
1424 2730 1484 2781 ut
1534 2726 1604 2780 ab
1660 2726 1859 2781 eadem

215 2821 390 2891 possis
443 2825 807 2893 peccatorum
860 2819 1279 2890 indulgentiam
1328 2820 1664 2892 promereri,
1720 2820 1859 2874 Isaia

215 2915 495 2987 prOpheta
521 2915 740 2970 dicente
770 2931 783 2968 z
832 2915 971 2971 Vide
1009 2916 1295 2969 Dominum
1337 2915 1564 2969 sabaoth
1591 2915 1860 2969 sedentem

216 3024 375 3079 super
395 3012 651 3064 thronum
678 3009 962 3072 excelsum,
981 3013 1032 3063 et
1049 3009 1321 3079 seraphim
1346 3009 1565 3063 stabant
1587 3010 1644 3062 in
1660 3010 1857 3063 circui-

218 3107 275 3157 tu
302 3104 419 3173 ejus
446 3122 464 3158 :
492 3119 588 3159 sea:
612 3104 716 3157 alae
742 3106 859 3166 uni,
900 3107 949 3157 et
981 3118 1075 3157 sea:
1100 3103 1205 3157 alw
1232 3102 1415 3157 alteri.
1447 3102 1667 3157 Duabus
1709 3103 1855 3157 vela-

221 3196 347 3251 bant
369 3199 569 3265 faciem
595 3196 727 3266 ejus,
756 3196 967 3251 duabus
986 3200 1167 3251 autem
1190 3197 1443 3251 uelabant
1463 3197 1627 3267 pedes
1657 3196 1788 3265 ejus,
1811 3200 1861 3251 et

217 3290 426 3347 duabus
450 3292 730 3347 volabant.
761 3294 831 3347 Et
856 3291 1167 3346 clamabant
1200 3291 1275 3345 ad
1302 3292 1644 3353 alterutrum,
1675 3292 1857 3345 dicen-

220 3388 292 3439 tes
319 3404 336 3439 :
362 3388 620 3449 Sanctus,
645 3390 886 3449 sanctus,
906 3389 1162 3451 sanctus;
1194 3387 1450 3440 Dominus
1474 3388 1613 3441 Deus
1634 3385 1860 3439 sabaoth

219 3479 343 3549 (Isa.
388 3482 488 3552 v1).
524 3479 585 3536 Si
613 3479 854 3534 Trinitas
879 3496 994 3533 non
1024 3482 1127 3549 est,
1160 3495 1336 3550 quare
1378 3478 1566 3547 tertio,
1607 3482 1856 3549 sanctus,

219 3571 519 3628 dixerunt?
548 3575 614 3629 Et
639 3573 685 3627 si
712 3573 901 3628 unitas
926 3590 1043 3628 non
1063 3577 1165 3641 est,
1198 3589 1371 3644 quare
1400 3573 1503 3628 sub
1528 3572 1677 3627 trina
1702 3588 1861 3643 repe-

218 3667 410 3724 titione
435 3684 621 3723 unum
638 3669 816 3722 Deum
838 3684 902 3722 ac
917 3667 1223 3722 Dominum
1250 3667 1590 3723 intimarunt
1608 3667 1635 3721 ?
1662 3666 1719 3722 Si
1744 3665 1861 3720 Tri-

222 3761 363 3816 nitas
390 3779 510 3817 non
538 3766 642 3832 est,
684 3778 785 3816 cur
810 3762 871 3816 in
903 3762 1182 3816 Geneseos
1208 3761 1414 3815 dicitur
1453 3778 1466 3815 :
1521 3763 1673 3816 Ducit
1698 3764 1856 3822 Deus,

1955 2648 2056 2687 nus
2079 2636 2218 2687 Deus
2248 2636 2401 2695 tuus,
2444 2635 2582 2686 Deus
2620 2632 2920 2687 misericors
2965 2635 3062 2694 est,
3115 2634 3167 2684 et
3199 2630 3387 2685 audiet
3417 2646 3595 2688 vocem

1959 2732 2109 2781 tuam
2139 2726 2373 2795 (Deuter.
2404 2725 2515 2796 1v)?
2541 2724 2597 2780 Si
2624 2726 2809 2779 unitas
2828 2740 2947 2779 non
2971 2727 3074 2794 est,
3098 2740 3273 2794 quare
3292 2724 3481 2780 audiet
3495 2742 3593 2797 po-

1958 2819 2089 2887 suit,
2124 2821 2180 2874 et
2214 2835 2328 2873 non
2366 2819 2617 2888 audient,
2648 2816 2967 2873 intimavit?
2993 2817 3047 2872 Si
3074 2817 3314 2872 Trinitas
3342 2834 3459 2873 non
3486 2824 3592 2885 est,

1958 2930 2133 2986 quare
2155 2914 2217 2967 in
2242 2914 2370 2967 Jesu
2396 2913 2543 2968 Nave
2567 2912 2771 2967 dicitur
2796 2911 2941 2965 libro
2965 2928 2978 2965 :
3016 2914 3274 2968 Dominus
3297 2916 3437 2968 Deus
3463 2914 3591 2969 deo-

1956 3024 2079 3063 rum
2105 3012 2186 3062 est
2206 3007 2379 3077 (Josue
2404 3024 2478 3076 11;
2509 3010 2661 3062 Deut.
2692 3007 2790 3087 x)?
2823 3006 2882 3061 Si
2918 3006 3106 3060 unitas
3134 3022 3251 3060 non
3286 3011 3387 3073 est,
3416 3023 3592 3078 quare

1958 3106 2054 3165 est,
2086 3101 2249 3168 dixit,
2278 3107 2333 3156 et
2369 3119 2506 3170 non,
2552 3107 2705 3168 sunt,
2733 3116 2892 3156 more
2920 3099 3224 3155 locutionis
3249 3100 3510 3157 induxit?
3539 3102 3595 3157 Si

1957 3196 2199 3252 Trinitas
2234 3213 2351 3251 non
2391 3201 2494 3266 est,
2534 3211 2709 3267 quare
2732 3195 2877 3249 Elias
2906 3194 3117 3248 orando
3140 3193 3239 3265 (III
3257 3199 3387 3265 Reg.
3415 3196 3592 3267 xvm),

1958 3293 2199 3355 Domine,
2226 3272 2457 3355 domine,
2494 3291 2704 3345 domine
2739 3294 2876 3345 Deus
2899 3289 3088 3353 Israel,
3124 3290 3337 3345 ostende
3379 3291 3510 3360 quia
3536 3296 3597 3346 tu

1959 3401 2010 3441 es
2039 3389 2176 3441 Deus
2204 3400 2372 3448 meus,
2405 3383 2591 3440 dixit?
2618 3384 2677 3439 Si
2703 3384 2893 3439 unitas
2916 3399 3033 3437 non
3058 3388 3161 3451 est,
3190 3399 3385 3456 quare,
3415 3389 3592 3440 osten-

1958 3481 2043 3542 de,
2072 3483 2129 3533 et
2166 3496 2285 3534 non
2322 3479 2619 3547 ostendite,
2666 3456 2895 3549 posuit?
2937 3477 2991 3533 Si
3037 3477 3277 3532 Trinitas
3319 3494 3436 3533 non
3485 3482 3594 3547 est,

1958 3589 2060 3627 cur
2087 3573 2468 3627 Mardochaaus
2498 3571 2710 3626 orando
2740 3572 2965 3641 (Esther.
2995 3574 3131 3641 x111),
3161 3574 3401 3634 Domine,
3419 3572 3593 3627 domi-

1957 3682 2021 3722 ne
2041 3671 2177 3722 Deus
2195 3669 2543 3737 omnipotens,
2566 3668 2746 3721 omnia
2767 3667 2825 3719 in
2837 3668 3102 3735 potestate
3130 3669 3225 3720 tua
3247 3669 3394 3728 sunt,
3419 3665 3596 3720 dixit?

1958 3760 2013 3815 Si
2040 3760 2229 3815 unitas
2252 3776 2369 3815 non
2412 3764 2515 3829 θεῖ,
2565 3775 2740 3830 quare
2779 3760 2837 3812 in
2881 3763 2975 3812 tua
3023 3758 3231 3829 posuit,
3276 3762 3333 3813 et
3372 3775 3490 3813 non
3530 3758 3595 3813 in

221 3855 345 3922 fecit
372 3860 531 3921 Deus,
552 3860 602 3910 et
623 3856 895 3910 benedimit
912 3860 1050 3911 Deus
1078 3856 1284 3927 (Genes.
1314 3856 1390 3927 1)?
1415 3854 1470 3910 Si
1506 3870 1638 3909 vero
1671 3852 1858 3907 unitas
1878 3891 1934 3966 C
1957 3856 2160 3922 vestra,
2215 3853 2497 3925 signavit?
2550 3852 2609 3907 Si
2658 3851 2899 3921 Trinitas
2941 3868 3059 3907 non
3110 3856 3214 3921 θεῖ,
3268 3869 3370 3906 cur
3418 3852 3593 3908 etiam

222 3965 333 4005 non
362 3954 467 4020 est,
498 3966 672 4022 quare
701 3949 869 4004 tertio
898 3949 1060 4020 dixit,
1092 3951 1257 4019 Deus,
1280 3952 1338 4003 et
1362 3966 1477 4003 non
1502 3948 1634 4003 deos
1660 3947 1854 4019 plura-

223 4042 347 4099 liter
370 4043 825 4099 commendavit?
855 4044 923 4097 Et
959 4043 1006 4097 si
1038 4043 1279 4098 Trinitas
1306 4060 1421 4098 non
1449 4047 1551 4113 est,
1592 4058 1769 4114 quare
1797 4041 1857 4095 in

225 4137 407 4193 Exodo
433 4139 654 4193 dictum
693 4142 776 4193 est
800 4137 968 4191 tertio
997 4154 1011 4192 :
1062 4141 1298 4201 Domine,
1347 4138 1579 4201 domine,
1622 4136 1852 4199 domine,

224 4233 505 4288 miserator
531 4237 581 4287 et
608 4233 907 4287 misericors
951 4231 1147 4302 (Exod.
1177 4232 1393 4302 xxxrv)?
1436 4231 1493 4286 Si
1522 4229 1709 4285 unitas
1736 4245 1855 4283 non

226 4330 324 4393 est,
349 4342 528 4398 quare
554 4326 692 4381 dum
719 4325 888 4381 tertio
918 4324 1145 4393 diceret,
1171 4325 1432 4395 Domine,
1457 4329 1650 4395 postea
1676 4323 1851 4377 mise-

226 4426 377 4479 rator
399 4424 767 4496 singulariter
785 4423 949 4493 dixit,
972 4426 1030 4478 et
1052 4441 1167 4478 non
1188 4423 1563 4491 miscratores,
1582 4427 1648 4477 ut
1664 4422 1853 4494 plures

226 4518 560 4588 ostenderet,
591 4517 914 4573 intimavit?
939 4518 995 4573 Si
1010 4517 1251 4572 Trinitas
1276 4534 1396 4575 non
1421 4522 1523 4585 est,
1559 4533 1661 4571 cur
1688 4515 1859 4570 Abra-

227 4609 357 4666 ham
379 4613 451 4668 ad
480 4611 663 4668 ilicem
690 4612 937 4667 Mambre
957 4611 1177 4681 sedens,
1198 4611 1491 4683 tribusque
1534 4626 1854 4677 occurrens,

226 4706 323 4760 uni
351 4708 582 4770 domine,
613 4706 755 4761 dixit
789 4707 991 4776 (Genes.
1022 4706 1209 4777 xvm);
1250 4711 1307 4760 et
1338 4722 1454 4760 non
1495 4703 1578 4775 (ut
1620 4703 1856 4775 viderat)

227 4804 400 4859 tribus
421 4805 773 4860 salutationis
793 4804 1127 4876 obsequium
1146 4803 1433 4860 reddidit?
1459 4803 1512 4858 Si
1532 4802 1719 4857 unitas
1740 4818 1858 4856 non

229 4896 326 4961 est,
369 4912 546 4967 quare
594 4912 726 4951 cum
775 4896 911 4950 Mos.
934 4895 1127 4965 (Exod.
1160 4894 1262 4967 In),
1295 4898 1432 4949 Deus
1468 4893 1768 4955 Abraham,
1807 4895 1858 4945 et

227 4989 358 5044 Deus
390 4992 569 5054 Isaac,
601 4996 652 5046 et
695 4994 830 5045 Deus
872 4990 1057 5053 Iacob,
1099 4988 1266 5044 tertio
1303 4988 1531 5056 diceret,
1577 4986 1857 5041 unitatem

229 5084 542 5154 ostendens,
572 5086 685 5151 Hoc
707 5085 844 5138 mihi
870 5099 1065 5138 nomen
1091 5088 1187 5147 est,
1227 5082 1400 5152 dixit;
1452 5086 1510 5136 et
1546 5097 1685 5150 non,
1731 5081 1857 5133 Haec

231 5182 356 5232 sunt
378 5182 572 5233 nostra
599 5178 851 5247 nomina,
876 5176 1229 5249 designavit?
1257 5176 1313 5232 Si
1340 5175 1582 5230 Trinitas
1608 5190 1723 5229 non
1751 5176 1855 5244 est,

230 5284 397 5342 quare
424 5272 593 5327 David
622 5272 789 5328 tertio
814 5271 956 5327 dixit
1001 5289 1014 5326 :
1053 5271 1340 5328 Benedicat
1372 5285 1467 5325 nos
1513 5272 1671 5333 Deus,
1721 5271 1859 5324 Deus

231 5370 420 5432 noster,
452 5367 727 5422 benedicat
766 5382 861 5421 nos
902 5369 1040 5422 Deus
1084 5366 1303 5437 (Psalm.
1353 5363 1536 5435 xcvr)?
1574 5362 1630 5418 Si
1670 5360 1860 5417 unitas

232 5472 341 5513 non
365 5465 467 5530 est,
510 5477 685 5533 quare
721 5477 877 5531 cum,
915 5464 1054 5516 Deus
1104 5459 1271 5515 tertio
1299 5458 1667 5527 nominasset,
1702 5458 1856 5512 bene-

233 5551 392 5620 dicat,
422 5560 479 5610 et
503 5571 641 5626 non,
672 5555 1028 5625 benedicant,
1058 5553 1318 5627 adjunxit
1339 5554 1366 5608 ?
1395 5553 1451 5609 Si
1478 5550 1720 5608 Trinitas
1745 5566 1861 5604 non

236 5652 333 5720 est,
372 5665 471 5706 cur
496 5649 663 5747 Isaias
706 5650 894 5706 denuo
939 5649 1128 5706 dixit:
1169 5650 1390 5706 Domine
1434 5651 1572 5704 Deus
1613 5644 1859 5710 sabaoth,

1956 3948 2151 4004 Iudith
2179 3948 2392 4002 orando
2421 3946 2566 4002 dixit
2595 3963 2609 4001 :
2638 3949 2855 4002 Domine
2877 3949 3015 4001 Deus
3040 3948 3278 4001 omnium
3302 3948 3591 4010 virtutum,

1956 4045 2155 4114 respice
2192 4044 2251 4097 in
2290 4044 2587 4098 orationem
2634 4056 2809 4096 meam
2868 4041 3093 4111 (Iudith.
3143 4040 3256 4112 1x)?
3298 4040 3354 4095 Si
3404 4040 3595 4095 unitas

1955 4154 2073 4193 non
2100 4141 2204 4205 est,
2254 4153 2449 4209 quare,
2500 4139 2720 4207 respice,
2767 4134 2974 4207 posuit,
3022 4139 3080 4190 et
3123 4151 3260 4205 non,
3309 4133 3591 4205 respicite,

1956 4231 2307 4303 designavit?
2346 4230 2403 4286 Si
2440 4228 2679 4284 Trinitas
2720 4246 2836 4284 non
2879 4234 2983 4298 est,
3036 4244 3212 4300 quare
3249 4227 3310 4282 in
3352 4227 3596 4283 Ieremia

1956 4326 2181 4395 dicitur,
2208 4327 2466 4382 Dominus
2503 4328 2639 4380 Deus
2675 4328 2847 4380 vester
2882 4327 3019 4380 Deus
3061 4338 3231 4377 veram
3257 4326 3335 4378 est
3379 4322 3589 4392 (Jerem.

1957 4422 2047 4493 x)?
2074 4420 2129 4476 Si
2158 4420 2346 4476 unitas
2372 4435 2488 4475 non
2514 4424 2618 4489 est,
2648 4435 2842 4490 quare,
2865 4434 3034 4473 veram
3056 4421 3153 4480 est,
3185 4415 3349 4483 dixit,
3376 4420 3589 4485 etnon,

1956 4530 2201 4584 veraces,
2226 4515 2412 4586 potius
2435 4512 2761 4568 intimavit?
2790 4510 2847 4566 Si
2876 4510 3117 4565 Trinitas
3143 4524 3260 4563 non
3284 4513 3386 4577 est,
3416 4524 3594 4579 quare

1956 4609 2017 4664 in
2042 4607 2374 4679 Apocalypsi
2400 4606 2673 4679 scriptum
2699 4608 2786 4660 est
2817 4621 2829 4658 :
2868 4606 3126 4659 Dominus
3164 4605 3302 4657 Deus
3345 4606 3397 4656 et
3422 4605 3591 4672 spiri-

1959 4710 2043 4759 tus
2064 4703 2457 4774 prophetarum
2479 4702 2629 4755 misit
2652 4698 2904 4768 angelum
2920 4713 3095 4764 suum,
3129 4695 3402 4751 ostendere
3424 4698 3592 4751 servis

1954 4800 2069 4853 suis
2103 4811 2222 4866 quae
2241 4798 2446 4865 oportet
2467 4795 2589 4862 ﬁeri
2604 4796 2706 4848 cito
2734 4792 2921 4862 (Apoc.
2950 4790 3029 4863 1)?
3048 4789 3105 4846 Si
3132 4789 3316 4845 unitas
3339 4806 3457 4845 non
3486 4795 3588 4861 est,

1958 4906 2133 4963 quare
2161 4906 2291 4943 cum
2318 4889 2543 4941 Patrem
2571 4891 2626 4941 et
2650 4884 2853 4940 Filium
2874 4890 2932 4941 et
2955 4884 3228 4957 Spiritum
3248 4883 3590 4953 nominasse,

1956 4986 2105 5041 misit
2131 4984 2407 5043 Dominus,
2439 4979 2600 5050 dixit,
2629 4983 2685 5034 et
2707 4995 2843 5049 non,
2872 4978 3171 5048 miserunt,
3190 4978 3293 5032 sub
3314 4978 3595 5049 praetextu

1956 5079 2133 5135 trium
2143 5091 2512 5149 personarum
2524 5078 2580 5129 et
2592 5073 2895 5127 nominum
2904 5072 3259 5127 introduxit?
3280 5071 3336 5127 Si
3350 5070 3593 5126 Trinitas

1958 5189 2073 5227 non
2099 5176 2201 5242 θεῖ,
2235 5185 2410 5242 quare
2451 5168 2513 5222 in
2555 5165 2990 5222 Deuteronomio
3032 5165 3241 5219 dicitur
3281 5182 3295 5218 :
3339 5166 3594 5219 Dominus

1958 5270 2096 5323 Deus
2124 5269 2297 5321 vester
2320 5265 2405 5319 hic
2430 5267 2525 5327 est,
2554 5265 2689 5318 Deus
2718 5260 2893 5331 (Deut.
2920 5258 3016 5330 x)?
3050 5258 3107 5313 Si
3131 5256 3319 5312 unitas
3344 5272 3460 5310 non
3487 5259 3592 5325 est,

1959 5375 2154 5433 quare,
2182 5361 2281 5416 Hic
2307 5362 2402 5427 est,
2432 5356 2593 5426 dixit,
2621 5360 2677 5411 et
2699 5370 2835 5422 non,
2856 5352 2919 5408 hi
2941 5355 3093 5419 sunt,
3115 5347 3324 5422 plurali
3348 5364 3592 5403 numero

1960 5453 2307 5527 designavit?
2334 5452 2393 5508 Si
2419 5451 2659 5507 Trinitas
2697 5465 2818 5505 non
2845 5451 2949 5517 est,
2980 5460 3156 5517 quare
3185 5444 3247 5498 in
3278 5442 3479 5498 eodem
3502 5441 3591 5496 di-

1960 5548 2106 5604 citur
2133 5547 2275 5603 libro
2310 5563 2323 5601 :
2354 5548 2608 5603 Dominus
2633 5548 2771 5601 Deus
2803 5547 2925 5598 tuus
2946 5582 2964 5604 ,
2995 5543 3132 5595 Deus
3159 5552 3391 5606 magnus
3416 5540 3468 5591 et
3489 5550 3594 5605 po-

1962 5647 2074 5700 tens
2100 5648 2177 5700 est
2204 5641 2387 5717 (Ibid.)
2399 5641 2427 5697 ?
2444 5640 2505 5698 Si
2526 5638 2712 5697 unitas
2727 5654 2843 5695 non
2863 5639 2965 5705 est,
2985 5645 3424 5706 quare,magnus
3434 5633 3484 5686 et
3494 5642 3594 5700 po.

308 5800 333 5835 ⁸
357 5804 511 5861 Falsa
536 5810 594 5862 et
616 5804 1010 5863 commentitia
1036 5803 1107 5859 ab
1130 5804 1334 5860 eodem
1359 5805 1664 5863 Mercatore
1692 5802 1944 5875 farrago.
1965 5801 2133 5857 ιω.
