4006 6238
577 335 679 387 675

1551 329 1801 382 SANCTA
1843 323 2310 391 RADEGUNDUS,
2355 325 2600 382 REGINA
2642 325 2968 380 FRANCIA'J.

3887 317 3985 369 67+}.

575 441 734 495 cibus
771 456 969 496 earum
1007 456 1136 494 cum
1179 437 1579 492 contestatione
1621 437 1808 491 divina
1841 453 2008 491 suum
2054 453 2209 490 com-
2237 436 2454 520 Aillud
2483 437 2750 507 signaret,
2782 436 2972 506 aliqua
3007 433 3077 488 de
3115 431 3400 486 sororibus
3438 431 3578 486 vidit
3614 445 3808 500 supra
3848 443 3980 481 mu-

577 535 868 596 mendavit
895 533 1327 587 monasterium.

2314 546 2442 584 rum
2482 529 2655 584 millia
2698 529 2942 582 millium
2981 528 3308 582 daemonum
3346 527 3406 580 in
3436 525 3625 596 specie
3652 539 3984 594 caprarum

650 633 738 683 20.
773 631 900 682 Post
938 629 1041 681 hoc
1077 626 1289 680 donum
1325 623 1544 678 caeleste
1584 628 1877 695 acceptum
1905 622 2214 678 transmisit
2312 630 2493 678 astare
2534 641 2546 677 :
2593 623 2688 677 ubi
2739 628 2930 677 sancta
2986 623 3278 675 dexteram
3329 621 3552 674 beatam
3610 634 3755 672 cum
3810 616 3984 686 signa

578 722 741 776 beata
783 722 980 774 missos
1025 736 1174 784 suos,
1223 717 1609 788 supradictum
1638 718 2052 789 presbyterum,
2082 734 2213 771 cum
2314 718 2493 773 crucis
2522 717 2774 785 elevavit,
2810 715 2994 770 omnis
3026 715 3120 769 illa
3163 714 3466 769 multitudo
3497 713 3853 768 dzemonum
3887 711 3978 763 fu-

580 817 724 884 aliis,
756 817 824 869 ad
857 815 1261 884 imperatorem
1290 828 1420 865 cum
1449 811 1691 882 simplici
1715 811 2050 866 vestimento
2082 828 2210 882 gra-

582 909 688 964 tias
704 924 886 978 agere.
916 909 975 960 In
997 905 1288 960 redeundo
1317 905 1486 976 ccepit
1509 922 1668 960 mare
1697 906 1962 960 ﬂuctibus
1977 905 2090 976 agi,
2117 905 2215 959 ubi

582 1007 713 1057 sunt
746 1001 921 1055 multa
965 999 1213 1070 pericula
1239 1000 1407 1069 passi,
1441 1000 1716 1070 procellas
1746 999 1955 1054 scilicet
1986 1005 2044 1054 et
2068 1004 2212 1053 tem-

578 1100 839 1166 pestates,
870 1095 1037 1166 quale
1059 1110 1116 1148 se
1137 1109 1435 1163 nunquam
1463 1093 1666 1148 vidisse
1692 1094 2048 1161 fatebantur;
2083 1110 2218 1164 qua-

579 1189 841 1259 draginta
888 1188 1087 1242 diebus
1125 1192 1182 1242 et
1219 1187 1593 1257 quadraginta
1634 1187 1890 1241 noctibus
1932 1187 1992 1241 in
2031 1187 2218 1242 medio

581 1283 724 1338 mari
755 1283 912 1336 navis
940 1298 1138 1336 eorum
1166 1281 1416 1351 periculo
1462 1281 1808 1352 subjacebat.
1848 1283 1970 1334 lam
2001 1281 2069 1334 de
2104 1280 2220 1335 vita

582 1378 939 1447 desperantes
986 1381 1226 1429 mortem
1273 1391 1390 1445 pra:
1429 1375 1605 1428 oculis
1653 1375 1946 1443 habentes,
1977 1373 2127 1428 inter
2162 1391 2220 1428 se

580 1488 776 1543 pacem
797 1471 1080 1536 facientes,
1103 1469 1236 1539 quia
1247 1468 1368 1537 jam
1393 1485 1488 1522 eos
1515 1485 1670 1522 mare
1697 1468 1997 1522 absorbere
2023 1468 2217 1538 cupie-

582 1565 697 1633 bat,
729 1581 787 1619 se
815 1564 1066 1618 videntes
1101 1563 1160 1615 in
1201 1567 1353 1616 tanto
1395 1563 1670 1632 periculo,
1718 1579 1878 1616 voces
1905 1562 1974 1615 ad
2019 1563 2221 1615 coelum

584 1659 793 1712 dabant
819 1659 1124 1711 clamantes
1149 1673 1213 1710 ac
1239 1656 1489 1710 dicentes
1523 1673 1535 1709 ε
1563 1656 1798 1710 Domina
1837 1655 2218 1726 Radegundis,

587 1752 820 1805 subveni
865 1751 1037 1804 servis
1071 1751 1181 1804 tuis
1220 1767 1232 1803 :
1269 1751 1407 1803 dum
1440 1749 1539 1804 tibi
1579 1749 1893 1818 obedimus,
1943 1749 2223 1803 submersi

2317 817 2444 884 gata
2473 827 2754 881 nusquam
2779 810 3120 881 comparuit.

2386 910 2475 961 23.
2498 904 2676 961 Simili
2704 905 2871 958 modo
2897 904 3034 958 dum
3060 907 3190 956 ante
3221 918 3383 956 suam
3405 899 3606 954 cellam
3627 904 3808 954 nocte
3833 901 3982 951 asta-

2318 1007 2422 1068 ret,
2452 1014 2676 1070 semper
2702 999 2866 1052 corde
2894 1002 2950 1051 et
2979 997 3036 1051 in
3063 1013 3158 1050 ore
3187 1011 3416 1050 cursum
3443 995 3779 1060 decantans,
3825 992 3983 1045 intra

2317 1109 2520 1149 arcana
2547 1075 2731 1148 cordis
2761 1091 2848 1146 sui
2879 1095 3090 1145 secrete
3113 1090 3270 1160 jugis
3299 1089 3422 1142 laus
3463 1087 3558 1141 Dei
3587 1085 3979 1157 personabat.

2318 1192 2591 1242 nocturna
2629 1187 2763 1255 avis,
2795 1201 2925 1256 qua:
2967 1183 3294 1238 hominibus
3331 1187 3416 1236 est
3449 1182 3700 1252 ingrata,
3747 1179 3972 1233 vocife-

2320 1299 2450 1336 rans
2493 1282 2548 1335 in
2586 1281 2772 1335 medio
2818 1277 3161 1333 monasterio
3205 1277 3260 1330 in
3290 1276 3490 1330 arbore
3532 1291 3590 1328 se
3631 1273 3980 1329 infestabat.

2321 1376 2463 1430 Dicit
2484 1376 2554 1429 ad
2581 1392 2706 1429 eam
2736 1391 2850 1428 una
2893 1372 2960 1426 de
3012 1370 3362 1424 astantibus:
3409 1369 3644 1422 Domina
3682 1367 3882 1434 beata,
3939 1368 3980 1418 si

2314 1469 2502 1540 jubes,
2546 1469 2604 1522 in
2650 1467 2820 1522 verbo
2865 1471 2961 1520 tuo
3002 1463 3162 1534 ejicio
3204 1479 3387 1517 avem.
3434 1463 3569 1524 Quae
3617 1459 3759 1515 dicit
3785 1459 3843 1514 ei
3879 1476 3892 1512 :
3927 1460 3983 1513 Si

2320 1567 2504 1631 nocet,
2533 1561 2590 1615 in
2616 1561 2844 1614 nomine
2874 1559 3101 1614 Domini
3129 1557 3287 1625 vade,
3317 1555 3696 1610 nihilominus
3735 1553 3980 1623 signum

2322 1656 2500 1710 crucis
2525 1672 2694 1726 super
2723 1670 2850 1710 eam
2898 1652 3126 1707 faciens.
3167 1650 3491 1705 Ambulavit
3527 1649 3791 1718 dixitque
3839 1647 3930 1699 avi
3964 1663 3975 1698 :

2328 1752 2386 1803 In
2414 1750 2646 1804 nomine
2682 1747 2901 1804 Domini
2928 1745 3108 1801 nostri
3134 1746 3263 1799 Iesu
3309 1742 3518 1798 Christi
3539 1741 3707 1812 jubet
3736 1740 3978 1795 domina

586 1861 702 1898 non
728 1860 1066 1915 pereamus;
1097 1843 1274 1898 libera
1313 1859 1415 1896 nos
1453 1843 1521 1897 de
1566 1843 1763 1898 mortis
1801 1842 2051 1912 periculo
2094 1841 2226 1912 quia
2245 1823 2301 1894 B
2326 1842 2709 1914 Radegundis,
2754 1841 2801 1896 si
2849 1857 2964 1896 non
2997 1857 3066 1895 ex
3093 1839 3187 1894 Dei
3218 1841 3376 1910 parte
3415 1836 3638 1905 venisti,
3667 1840 3736 1889 ut
3766 1835 3842 1888 ab
3871 1835 3976 1888 hoc

581 1938 702 2008 jam
731 1953 885 1991 mare
923 1940 1186 2008 paratum
1217 1941 1300 1991 est
1324 1941 1388 1991 ut
1427 1953 1528 1990 nos
1557 1935 1710 1990 vivos
1737 1935 2054 1989 absorbeat.
2090 1935 2224 1990 Ubi-

590 2048 814 2103 cunque
841 2031 1097 2085 invocata
1124 2030 1283 2084 fuisti
1313 2029 1545 2084 miserta
1571 2047 1652 2094 es,
1682 2047 1832 2084 nunc
1874 2031 2077 2101 adjuva
2101 2035 2226 2084 tuos

589 2136 660 2176 ne
682 2124 935 2191 pereant.
963 2121 1045 2173 Ad
1070 2120 1170 2173 has
1196 2136 1357 2175 voces
1386 2120 1446 2174 in
1473 2120 1658 2174 medio
1685 2120 1829 2173 mari
1865 2120 2091 2175 advenit
2129 2136 2223 2173 co-

586 2215 952 2292 lumbahquae
980 2215 1284 2285 terInavem
1312 2231 1511 2268 eorum
1528 2214 1883 2284 circumiens,
1907 2214 2084 2282 tertia
2110 2214 2227 2268 vice

587 2309 648 2362 in
679 2309 910 2363 nomine
941 2307 1223 2362 Trinitatis
1257 2324 1432 2379 quam
1460 2308 1624 2362 beata
1662 2324 1883 2378 semper
1924 2309 2090 2362 corde
2137 2308 2224 2362 di-

489 2417 502 2422 “
590 2402 750 2470 lexit,
780 2418 912 2456 cum
936 2403 1165 2468 volaret,
1195 2417 1386 2455 servus
1411 2401 1589 2456 beata":
1618 2401 1831 2471 reginae
1863 2402 2092 2456 nomine
2130 2403 2225 2455 Ba-

594 2496 798 2550 nisaios
833 2495 1086 2550 extendit
1128 2511 1382 2563 manum,
1423 2495 1492 2549 de
1540 2495 1716 2549 cauda
1771 2496 1891 2566 ejus
1939 2500 2051 2550 tres
2101 2496 2229 2550 tulit

595 2605 828 2658 pennas,
857 2605 995 2660 quas
1025 2587 1167 2642 mari
1197 2589 1528 2658 intinguens
1555 2591 1949 2659 tempestatem
1971 2606 2226 2660 compes-

593 2683 709 2737 cuit
739 2689 794 2738 et
821 2683 891 2737 ad
929 2682 1338 2736 invocationem
1386 2683 1633 2736 nominis
1659 2683 1839 2738 beatas
1867 2683 2229 2755 Radegundis

596 2777 859 2831 columba
883 2793 1010 2848 qua:
1041 2777 1326 2847 apparuit,
1357 2777 1480 2847 ejus
1513 2777 1757 2831 famulos
1802 2777 1871 2830 de
1918 2777 2117 2831 mortis
2135 2777 2225 2848 ja-

596 2889 708 2927 nua
733 2871 863 2925 vitm
895 2871 1156 2936 reddidit,
1180 2873 1235 2923 et
1254 2871 1401 2924 facta
1430 2887 1488 2926 es
1532 2871 1913 2942 tranquillitas
1943 2887 2151 2942 magna
2171 2872 2231 2925 in

595 2965 780 3020 medio
809 2964 974 3019 mari.
1005 2964 1089 3018 Illi
1117 2980 1246 3018 vero
1272 2965 1380 3018 alta
1425 2981 1557 3019 voce
1594 2966 1897 3020 clamantes
1922 2965 2183 3020 dicebant
2211 2983 2225 3020 :

595 3059 900 3129 Advenisti,
933 3059 1081 3113 bona
1107 3059 1354 3125 domina,
1385 3059 1588 3129 pietate
1616 3059 1800 3130 plena,
1830 3064 1957 3114 tuos
1982 3059 2231 3130 captivos

597 3154 816 3224 eripere
846 3171 917 3208 ne
960 3153 1222 3208 ﬂuctibus
1262 3157 1681 3224 mergerentur.
1711 3153 1795 3206 Ad
1842 3153 1964 3224 ejus
2005 3153 2229 3208 invoca-

596 3247 812 3303 tionem
845 3265 959 3302 non
989 3252 1213 3302 tantum
1238 3248 1345 3318 sui,
1376 3247 1475 3301 sed
1503 3263 1700 3301 omnes
1727 3251 1861 3301 sunt
1879 3247 2098 3301 liberati
2128 3264 2232 3318 per

596 3341 867 3397 virtutem
880 3341 1056 3413 ipsius
1076 3342 1301 3396 domnae
1320 3340 1697 3411 ltadegundis.
1721 3343 1870 3412 Ipsas
1889 3357 2108 3412 pennas
2121 3342 2231 3396 huc

597 3436 923 3504 attulerant,
951 3440 1007 3489 et
1034 3434 1331 3490 fabricatas
1345 3434 1450 3505 ipsi
1481 3435 1581 3506 qui
1607 3434 1675 3489 de
1712 3441 1897 3490 morte
1923 3441 2056 3490 sunt
2090 3435 2230 3489 libe-

599 3529 724 3597 rati,
769 3546 870 3600 per
909 3530 1029 3583 loca
1063 3534 1256 3583 sancta
1309 3529 1493 3582 devoti
1536 3529 1834 3584 dederunt.
1883 3529 2232 3601 Ubicumque

599 3622 854 3678 invocata
883 3623 1073 3693 fuerit,
1102 3623 1348 3692 benigne
1375 3623 1636 3691 exaudit;
1676 3623 1720 3676 si
1759 3622 2104 3690 febricitans,
2135 3629 2234 3679 aut

596 3718 886 3790 pustulam
911 3717 1146 3786 habens,
1177 3723 1276 3771 aut
1296 3733 1330 3770 a
1357 3733 1693 3788 quacunque
1721 3722 1910 3771 tentus
1928 3717 2229 3773 inﬁrmita-

599 3817 674 3882 te,
697 3828 801 3883 pro
826 3811 1126 3882 interjecto
1151 3810 1577 3882 longinquitatis
1602 3815 1766 3866 terras
1794 3811 1974 3882 spatio
2004 3811 2072 3865 ad
2110 3827 2235 3866 eam

598 3906 790 3960 venire
826 3923 941 3960 non
987 3905 1284 3976 potuisset,
1331 3905 1564 3960 candela
1603 3905 1663 3959 in
1713 3905 1834 3976 ejus
1877 3905 2110 3959 nomine
2139 3922 2231 3960 ac-

599 4016 762 4054 censa
787 4015 1017 4054 omnem
1042 3999 1258 4054 febrem
1279 3998 1516 4070 depulit.

670 4096 730 4147 2t
747 4135 760 4148 .
794 4094 1081 4157 Quantum
1112 4109 1271 4146 suam
1297 4092 1798 4164 congregationem
1826 4093 2086 4148 dilexerit
2109 4093 2236 4164 quis

601 4191 759 4247 effari
788 4192 1004 4246 valeat?
1033 4208 1136 4247 nec
1166 4191 1212 4246 si
1236 4197 1473 4248 centeno
1499 4192 1687 4246 sonitu
1712 4191 1926 4263 linguae
1954 4192 2235 4264 plectrum

601 4291 824 4342 moveat
857 4287 962 4340 hoc
1004 4286 1229 4357 explere
1270 4287 1438 4343 valet.
1468 4286 1716 4341 Instituit
1751 4292 1832 4354 ut,
1874 4287 2010 4341 dum
2037 4287 2232 4342 refice-

599 4386 745 4450 rent,
776 4396 1001 4451 semper
1023 4380 1187 4435 lectio
1226 4381 1531 4452 legeretur,
1569 4384 1634 4435 ut
1678 4397 1791 4436 non
1823 4381 2008 4436 solum
2050 4382 2237 4436 fauces

598 4474 876 4546 accipiant
922 4475 1135 4546 cibum,
1170 4475 1267 4530 sed
1315 4481 1370 4529 et
1394 4491 1558 4530 aures
1587 4476 1824 4530 audiant
1851 4476 1949 4530 Dei
1977 4475 2233 4531 verbum.

2252 3197 2306 3272 C

2325 1938 2444 1991 loco
2470 1937 2737 2003 discedas,
2766 1940 2820 1990 et
2850 1934 3075 2005 penitus
3102 1933 3195 1986 hic
3223 1937 3450 1986 cantare
3480 1947 3594 1984 non
3622 1945 3971 2000 praesumas.

2325 2033 2617 2102 Tanquam
2651 2029 2696 2084 si
2746 2046 2815 2084 ex
2847 2045 2944 2083 ore
2976 2027 3075 2082 Dei
3101 2028 3385 2098 prolatum
3428 2025 3677 2080 audisset
3708 2022 3974 2088 verbum,

2327 2123 2481 2179 dedit
2508 2124 2756 2178 volatum
2781 2126 2838 2176 et
2865 2138 3143 2193 nusquam
3171 2118 3507 2190 comparuit.
3537 2119 3732 2172 Merito
3763 2116 3820 2172 ei
3847 2133 3978 2169 aves

2328 2223 2386 2272 et
2415 2218 2609 2273 bestias
2636 2216 2928 2282 obediunt,
2957 2215 3089 2286 quia
3120 2215 3217 2269 illa
3243 2229 3541 2284 nunquam
3565 2210 3852 2283 praeteriit
3878 2211 3978 2263 Do-

2327 2310 2465 2365 mini
2500 2310 2732 2366 obedire
2757 2312 3063 2381 praecepto.

2398 2405 2488 2459 24.
2519 2406 2586 2459 Et
2611 2404 2655 2458 si
2677 2421 2778 2475 pro
2805 2402 3134 2457 inﬁrmitate
3163 2400 3458 2472 aliquoties
3485 2398 3849 2470 requiescere
3879 2414 3968 2452 vo-

2327 2498 2543 2567 luisset,
2567 2497 2769 2569 spiritu
2796 2497 3055 2568 vigilanti
3081 2495 3321 2563 dicebat,
3353 2500 3626 2565 tanquam
3654 2493 3972 2547 admonens

2329 2609 2455 2648 eam
2493 2609 2622 2662 quas
2647 2591 2932 2663 psalmum
2958 2589 3177 2645 dicebat
3205 2606 3218 2643 :
3252 2593 3390 2660 Age,
3415 2588 3523 2642 dic.
3554 2587 3708 2642 Nulli
3729 2587 3970 2642 dubium

2329 2691 2413 2741 est
2432 2685 2585 2757 quod
2612 2685 2942 2756 spiritaliter
2967 2700 3099 2739 cum
3129 2683 3336 2738 sanctis
3372 2682 3668 2753 psallebat,
3690 2686 3791 2734 aut
3818 2687 3965 2734 certe

2333 2796 2434 2836 nec
2459 2796 2626 2850 sopor
2650 2795 2776 2833 eam
2805 2777 3122 2849 superabat.
3152 2778 3304 2830 Mens
3329 2775 3547 2830 intenta
3573 2775 3646 2828 ad
3678 2774 3969 2829 Christum

2330 2875 2659 2945 frequenter
2681 2873 2854 2928 etiam
2881 2872 2942 2926 in
2968 2887 3169 2942 sopore
3194 2871 3393 2942 posita,
3431 2870 3499 2924 de
3532 2870 3728 2923 futuro
3753 2867 3968 2938 judicio

2332 2972 2388 3024 et
2413 2968 2481 3022 de
2519 2971 2731 3022 aeterno
2758 2965 2997 3038 praemio
3023 2964 3357 3036 praedicans,
3387 2963 3786 3034 expergefacta
3809 2960 3971 3014 nobis

2332 3062 2551 3118 dicebat
2569 3079 2581 3116 :
2598 3061 2871 3134 Colligite,
2893 3059 3140 3131 colligite
3162 3059 3412 3114 triticum
3436 3057 3811 3124 dominicum,
3836 3055 3971 3127 quia

2332 3173 2459 3212 vere
2480 3156 2603 3211 dico
2633 3155 2784 3210 vobis
2802 3171 2918 3209 non
2951 3154 3051 3209 diu
3072 3153 3180 3208 erit
3203 3158 3268 3208 ut
3287 3152 3580 3224 colligatis.
3605 3151 3797 3205 Videte
3817 3150 3967 3221 quod

2331 3251 2474 3318 dico,
2529 3249 2770 3321 colligite
2830 3248 2963 3320 quia
3039 3263 3168 3302 vere
3231 3245 3556 3318 quaesitura
3621 3245 3757 3299 estis
3817 3243 3968 3297 istud

2330 3349 2582 3415 tempus;
2631 3359 2780 3412 vere,
2831 3359 2959 3398 vere
3009 3341 3331 3414 quasituraa
3385 3341 3515 3395 estis
3554 3340 3690 3394 istos
3743 3337 3860 3393 dies
3913 3343 3968 3390 et

2333 3438 2493 3492 valde
2532 3438 2954 3493 desideraturzn.
2989 3437 3150 3501 Quod
3200 3436 3304 3490 etsi
3334 3440 3472 3490 tunc
3509 3433 3736 3506 ignavia
3778 3437 3965 3486 nostra

2332 3532 2439 3586 hoc
2473 3531 2659 3604 tepide
2687 3531 3013 3603 accipiebat,
3039 3530 3163 3601 jam
3189 3533 3378 3585 tamen
3404 3545 3558 3584 nunc
3588 3527 3802 3582 venisse
3833 3543 3961 3597 pro-

2332 3626 2533 3680 bemus
2569 3625 2723 3697 quod
2759 3625 2920 3680 dixit.
2966 3625 3107 3680 Illud
3152 3624 3547 3696 propheticum
3588 3622 3649 3677 in
3675 3623 3836 3677 nobis
3865 3621 3964 3674 im-

2333 3722 2550 3792 pletum
2576 3725 2661 3775 est
2692 3737 2706 3775 :
2751 3723 2969 3776 Mittam
2995 3721 3142 3775 vobis
3165 3721 3365 3787 famem
3390 3721 3448 3772 in
3477 3723 3623 3772 terra
3650 3719 3829 3786 (Amos
3858 3726 3958 3786 vi);

2333 3815 2564 3883 famem,
2577 3813 2903 3885 inquit,non
2917 3815 3077 3885 panis
3094 3819 3151 3869 et
3162 3829 3323 3886 aquze
3342 3813 3439 3867 sed
3451 3810 3720 3867 audiendi
3735 3811 3958 3866 verbum

2335 3909 2452 3964 Dei.
2497 3908 2648 3962 Licet
2691 3908 3119 3978 praedicationes
3161 3924 3300 3979 quas
3343 3906 3587 3960 instituit
3621 3906 3957 3972 recitentur;

2335 4007 2526 4057 tamen
2571 4002 2806 4056 cessavit
2863 4002 2957 4056 illa
3004 4001 3347 4056 incessabilis
3394 4017 3529 4069 vox,
3585 3999 3959 4054 desiderabilis

2335 4096 2663 4162 admonitio,
2679 4095 2858 4150 dulcis
2878 4096 3128 4151 affectus.
3157 4095 3297 4149 Nam
3312 4094 3541 4166 qualem
3559 4094 3797 4159 vultum,
3818 4094 3955 4148 Deus

2335 4191 2640 4262 plasmator
2666 4189 2849 4245 bonel
2881 4191 3109 4262 qualem
3135 4189 3357 4259 faciem,
3401 4189 3626 4260 qualem
3665 4204 3952 4259 personam

2336 4285 2558 4354 habuit,
2586 4285 2711 4356 quis
2755 4288 2937 4356 potest
2981 4301 3236 4356 unquam
3279 4283 3603 4355 exponere?
3631 4281 3740 4337 Sed
3764 4287 3818 4337 et
3856 4282 3950 4336 hoc

2338 4379 2620 4434 reminisci
2645 4379 2986 4451 supplicium
3011 4385 3114 4434 est.
3148 4381 3255 4433 Nos
3295 4394 3425 4433 vero
3470 4376 3717 4432 humiles
3754 4377 3953 4432 deside-

2337 4489 2528 4528 ramus
2556 4473 2616 4528 in
2637 4490 2702 4528 ea
2727 4473 3060 4543 doctrinam,
3093 4473 3357 4543 formam,
3384 4471 3623 4537 vultum,
3646 4487 3950 4542 personam,
4000 4541 4001 4546 κ

597 4570 879 4642 Quidquid
924 4574 1023 4624 aut
1057 4569 1180 4623 aliis
1214 4569 1486 4640 praecepit
1524 4575 1624 4624 aut
1673 4570 1796 4640 ipsa
1833 4570 1986 4636 fecit,
2042 4569 2311 4650 omniaD
2335 4567 2645 4636 scientiam,
2674 4567 2964 4639 pietatem,
3001 4567 3334 4635 bonitatem,
3365 4565 3721 4621 dulcedinem
3749 4582 3760 4619 :
3789 4582 3951 4636 quam

599 4669 832 4736 propter
858 4665 1035 4720 Deum
1064 4679 1289 4734 semper
1313 4664 1593 4735 implevit.
1609 4664 1896 4735 Quidquid
1921 4668 2020 4718 aut
2039 4664 2232 4735 prohi-

597 4759 722 4813 buit
747 4759 888 4829 fieri,
915 4764 1014 4814 aut
1038 4759 1158 4830 ipsa
1186 4758 1382 4813 vitavit
1424 4759 1625 4829 facere,
1665 4758 1855 4813 omnia
1905 4759 1966 4812 in
1993 4759 2110 4813 zelo
2141 4758 2236 4812 Dei

599 4854 655 4904 et
683 4849 827 4903 nihil
858 4848 1157 4904 carnaliter
1183 4852 1283 4903 aut
1308 4848 1445 4920 egit,
1476 4852 1575 4902 aut
1603 4848 1812 4920 sapuit.
1846 4849 1912 4902 Et
1941 4847 2075 4918 quia
2093 4864 2237 4902 nun-

599 4959 772 5016 quam
797 4943 975 4999 otiosa
998 4943 1068 4998 ab
1095 4959 1268 5014 Opere
1308 4942 1407 4997 Dei
1441 4959 1559 4998 esse
1587 4941 1778 5010 voluit,
1809 4940 2101 4996 insistebat
2131 4941 2238 4996 uti-

598 5055 710 5110 que
736 5037 994 5108 orationi,
1025 5037 1251 5093 lectioni
1278 5041 1334 5092 et
1383 5037 1755 5109 eleemosynis
1792 5053 1855 5091 ac
1893 5035 2237 5107 praedicatio-

598 5133 764 5188 nibus
799 5133 1166 5202 incessanter,
1216 5130 1480 5186 omnibus
1524 5130 1747 5201 diebus,
1801 5134 1863 5185 ut
1899 5130 2051 5185 nulla
2091 5133 2238 5185 esset

596 5244 725 5301 quas
747 5244 805 5283 se
831 5228 900 5282 de
929 5227 1249 5298 ignorantia
1274 5229 1587 5281 excusaret.

670 5326 760 5378 ‘22.
786 5324 1028 5377 Tantum
1055 5321 1300 5392 denique
1329 5320 1544 5375 donum
1572 5320 1632 5374 in
1657 5335 1716 5375 se
1747 5319 2025 5392 largiente
2045 5319 2236 5374 divina

599 5417 779 5490 gratia
807 5416 1024 5485 habuit,
1055 5421 1118 5470 ut
1148 5415 1481 5470 humilitatis
1528 5413 1866 5486 magistrum
1889 5415 1988 5487 qui
2016 5415 2085 5470 de
2110 5413 2236 5468 coeli

599 5512 734 5567 solio
759 5512 829 5567 ad
856 5517 1033 5566 terras
1065 5509 1353 5565 descendit
1380 5509 1675 5577 imitando,
1707 5509 2012 5564 Domimun
2032 5525 2227 5580 seque-

598 5611 757 5660 retur
776 5607 836 5660 in
857 5606 1079 5676 spiritu,
1104 5621 1442 5676 quocunque
1459 5605 1584 5660 iret.
1609 5605 1911 5673 Postquam
1927 5619 2237 5674 congrega-

597 5700 677 5754 tio
703 5716 762 5754 se
789 5700 1127 5754 recondebat
1162 5700 1284 5770 jam
1319 5699 1388 5752 ad
1428 5697 1842 5769 pausationem,
1873 5697 1986 5766 illa,
2014 5701 2079 5752 ut
2102 5714 2231 5768 per-

598 5796 830 5846 noctans
858 5791 916 5846 in
947 5793 1220 5860 oratione,
1244 5810 1342 5846 sua
1360 5797 1548 5846 sancta
1571 5791 1801 5846 dextera
1822 5792 2233 5847 monasterium

601 5898 706 5954 per
732 5881 961 5952 signum
990 5885 1169 5940 crucis
1197 5885 1458 5941 salvabat.
1481 5883 1734 5950 Quadam
1760 5885 1877 5942 vice
1905 5887 2040 5942 dum
2072 5886 2234 5942 beata

2337 4663 2637 4732 specialem
2665 4679 2698 4716 a
2738 4662 2972 4716 Domino
2997 4661 3148 4717 inter
3187 4667 3420 4716 caeteros
3456 4659 3716 4714 homines
3748 4659 3948 4714 habuit.

2406 4760 2495 4811 25.
2523 4758 2702 4820 Quam
2728 4761 2921 4811 sancta
2947 4755 3056 4810 fuit
3079 4756 3196 4811 vita
3217 4756 3360 4826 ejus,
3380 4760 3497 4810 tam
3515 4770 3694 4825 purus
3711 4759 3764 4808 et
3784 4753 3948 4808 dulcis

2335 4855 2609 4921 aspectus.
2641 4855 2784 4905 Ante
2813 4866 3028 4904 annum
3055 4850 3328 4905 transitus
3356 4849 3464 4919 sui,
3493 4848 3635 4903 vidit
3663 4848 3721 4903 in
3743 4847 3854 4902 visu
3881 4848 3947 4902 lo-

2337 4961 2468 4999 cum
2494 4944 2598 4999 sibi
2627 4950 2908 5016 paratum,
2931 4945 3196 5016 venitque
3217 4944 3289 4998 ad
3307 4960 3435 4999 eam
3448 4943 3674 5014 juvenis
3695 4941 3945 5014 praedives

2337 5038 2775 5110 pulcherrimus,
2823 5043 2880 5094 et
2913 5039 3076 5110 quasi
3113 5039 3431 5110 juvenilem
3474 5038 3690 5092 habens
3727 5042 3946 5104 etatem,

2336 5133 2435 5205 qui
2464 5133 2622 5187 suavi
2647 5137 2798 5188 tactu
2825 5130 3150 5206 blandoque
3176 5133 3458 5205 colloquio
3484 5132 3624 5188 dum
3652 5148 3775 5187 cum
3800 5147 3861 5186 ea
3881 5133 3946 5186 lo

2336 5232 2625 5298 queretur,
2650 5227 2748 5282 illa
2775 5229 2845 5283 de
2866 5245 2923 5282 se
2941 5229 3145 5296 zelans,
3169 5227 3504 5282 blanditiam
3524 5227 3830 5298 respuebat.
3852 5226 3944 5290 Qui

2337 5321 2477 5376 dixit
2501 5321 2554 5376 ei
2579 5338 2592 5377 :
2615 5322 2760 5386 Quid
2782 5339 2874 5378 me
2901 5323 3178 5379 desiderio
3198 5337 3429 5377 accensa
3457 5337 3589 5376 cum
3613 5321 3776 5376 tantis
3792 5321 3944 5392 lacry-

2335 5415 2444 5470 mis
2460 5432 2644 5488 rogas,
2671 5433 2904 5488 gemens
2924 5417 3187 5488 requiris,
3217 5416 3352 5471 fusis
3373 5415 3636 5487 precibus
3649 5417 3836 5488 poscis,
3853 5432 3941 5486 pro

2334 5527 2426 5565 me
2453 5515 2608 5566 tanto
2635 5515 2688 5566 te
2718 5512 2968 5567 cruciatu
2992 5511 3198 5582 affligis
3221 5511 3321 5582 qui
3347 5527 3574 5582 semper
3598 5509 3702 5565 tibi
3727 5509 3940 5564 adsisto?

2334 5605 2434 5674 Tu,
2467 5622 2695 5677 gemma
2722 5607 2984 5677 pretiosa,
3017 5605 3237 5661 noveris
3262 5609 3318 5660 te
3349 5605 3409 5659 in
3437 5605 3749 5660 diademate
3772 5604 3938 5675 capitis

2335 5699 2446 5753 mei
2474 5699 2722 5770 primam
2751 5717 2870 5755 esse
2899 5716 3206 5773 gemmam.
3237 5699 3280 5754 Ν
3288 5699 3384 5752 ulli
3412 5698 3649 5754 dubium
3671 5698 3807 5770 quod
3834 5698 3936 5770 ipse

2334 5809 2459 5848 eam
2486 5793 2727 5850 visitavit
2753 5796 2847 5851 cui
2875 5812 2934 5851 se
2960 5799 3077 5852 tota
3102 5793 3396 5850 devotione
3430 5793 3664 5851 tradidit
3693 5793 3865 5848 vivens
3888 5793 3934 5846 in
3998 5827 3999 5854 χ

2333 5903 2566 5960 corpore
2593 5895 2648 5946 et
2674 5889 2918 5962 gloriam
2943 5908 3051 5964 qua
3082 5888 3326 5947 fruitura
3346 5895 3466 5946 erat
3503 5888 3554 5945 ei
3577 5888 3826 5944 ostendit.
3851 5888 3934 5944 Sed
3998 5888 3999 5922 δ
