4006 6238
117 326 213 380 677

1394 320 1566 378 VITA.
1608 320 1807 379 LIBER
1845 318 2207 378 SECUNDUS.

3389 326 3490 379 678

115 435 262 489 hunc
300 431 495 489 visum
527 431 798 488 secretius
827 447 957 487 cum
982 430 1400 486 contestatione
1434 431 1656 487 duabus
1676 448 1761 487 sa-
1782 445 1841 517 Α
1862 431 2073 486 Flenda
2095 447 2234 502 ergo
2262 430 2427 486 nobis
2452 429 2580 485 talis
2601 446 2717 486 non
2749 432 2853 497 est,
2879 429 2980 484 sed
2998 429 3318 485 tremenda.
3341 431 3496 485 Ami-

116 528 182 583 tis
192 526 467 583 fidelibus
486 526 775 595 disseruit,
799 530 863 582 ut
876 543 934 581 se
948 525 1251 598 superstite
1271 525 1411 581 nulli
1430 530 1757 583 narrarent.

181 622 250 676 Et
274 620 415 693 quia
442 623 635 677 multa
661 623 793 676 sunt
810 621 999 676 adhuc
1020 621 1158 676 satis
1177 624 1235 676 et
1250 636 1465 692 magna
1486 638 1613 693 quae
1632 638 1760 693 pro-

116 714 239 783 pter
269 710 667 781 prolixitatem
698 710 1082 782 prmterimus,
1113 727 1185 766 ne
1221 710 1514 781 prolixitas
1561 714 1758 766 nostra

116 803 488 861 audientibus
521 804 712 876 potius
734 804 1024 860 fastidium
1050 809 1493 876 generet,quam
1508 805 1759 859 nitorem

118 899 399 953 sermonis
428 897 573 970 [Αι.,
596 898 809 969 sermo]
834 899 1119 954 ostendat.
1135 899 1425 963 Quantum
1449 898 1519 952 de
1532 914 1755 967 amore,

116 992 183 1048 de
214 992 617 1061 nutrimentis,
651 993 721 1047 de
754 992 1054 1059 charitate,
1095 992 1165 1047 de
1205 991 1641 1063 praedicatione,
1684 992 1755 1045 de

117 1085 270 1141 omni
297 1086 554 1142 omnino
576 1092 774 1142 sancta
795 1086 919 1157 ejus
949 1085 1382 1141 conversatione
1432 1084 1755 1139 reminisci-

116 1196 259 1250 mur,
290 1180 633 1235 cruciamur
657 1185 715 1236 et
742 1180 1005 1235 dolentes
1024 1179 1202 1235 oculis
1223 1178 1488 1233 distensis
1514 1178 1755 1249 requiri-

116 1290 236 1329 mus
273 1277 516 1329 tantam
550 1274 847 1345 pietatem,
907 1273 1007 1328 sed
1062 1289 1167 1327 nec
1224 1271 1549 1327 invenimus
1602 1272 1757 1343 quod

113 1367 501 1440 perdidimus.
533 1367 576 1423 Ο
604 1371 722 1421 tam
745 1367 889 1421 dura
914 1365 1168 1421 conditio
1195 1382 1324 1437 qua:
1356 1365 1522 1420 nobis
1564 1365 1753 1420 infeli-

115 1461 268 1515 cibus
295 1460 532 1515 evenitl
562 1478 596 1516 o
627 1460 857 1532 piisima
883 1460 1141 1527 domina,
1166 1460 1387 1514 utinam
1411 1458 1755 1514 obtinuisses

113 1572 237 1610 cum
263 1555 390 1609 caeli
416 1554 693 1623 Domino,
721 1557 783 1609 ut
810 1556 944 1609 ante
974 1557 1029 1609 te
1075 1571 1208 1609 oves
1255 1570 1399 1624 quas
1442 1568 1757 1623 congrega-

113 1665 272 1703 veras
324 1648 666 1703 direxisses!
722 1649 821 1715 Tu,
867 1651 1159 1719 pastorem
1213 1648 1431 1702 bonum
1486 1663 1753 1718 sequens,

114 1758 351 1813 gregem
384 1742 641 1797 Domino
670 1741 1021 1796 tradidisses.

1861 525 2037 580 simus
2069 524 2303 595 quidem
2334 524 2389 578 in
2413 524 2683 596 praesenti
2713 524 2921 578 saecqu
2953 523 3252 579 dominam
3280 526 3337 577 et
3367 539 3489 579 ma-

1860 622 2008 673 trem
2042 635 2056 673 :
2086 618 2187 673 sed
2212 618 2272 673 in
2292 634 2538 689 regnum
2567 617 2775 673 Christi
2814 617 3200 689 praemisimus
3236 618 3481 673 interce-

1860 712 2112 768 dentem.
2142 712 2491 767 Admirabilc
2515 712 2751 783 quidem
2784 711 3061 783 gaudium
3081 711 3216 766 fecit
3236 711 3295 765 in
3317 712 3489 780 caelis,

1858 804 1916 860 in
1950 806 2116 861 terris
2146 822 2279 861 vero
2308 805 2734 860 intolerabilem
2760 806 2975 860 luctum
3002 806 3255 877 reliquit.

1933 904 2017 954 27.
2075 900 2319 965 Quando
2361 899 2486 971 ejus
2531 903 2728 954 sancta
2776 900 2971 954 anima
3018 900 3090 954 de
3142 900 3248 954 hoc
3285 900 3491 954 saeculo

1858 994 2128 1064 migravit
2156 994 2229 1048 ad
2274 994 2585 1060 Christum,
2619 1010 2735 1048 non
2782 996 2907 1047 erat
2944 993 3021 1046 ibi
3066 993 3321 1063 pontifex
3359 994 3488 1048 loci.

1856 1087 2180 1143 Ambulavit
2209 1087 2443 1141 nuntius
2472 1087 2547 1141 ad
2571 1087 2757 1142 virum
2794 1086 3171 1157 apostolicum
3211 1086 3491 1141 domnum

1858 1182 2199 1252 Gregorium
2223 1181 2517 1236 Turonicm
2551 1181 2791 1236 civitatis
2822 1180 3175 1251 episcopum,
3223 1182 3281 1234 et
3319 1181 3487 1234 adve-

1858 1276 1960 1329 nit.
2007 1276 2123 1331 Sed
2167 1278 2450 1346 quantum
2487 1291 2741 1346 praesens
2780 1274 2921 1329 vidit
2962 1275 3140 1329 oculis
3179 1279 3491 1346 antequam

1857 1385 1989 1423 eam
2017 1368 2303 1440 sepeliret,
2327 1369 2397 1423 de
2424 1368 2548 1438 ejus
2574 1368 2877 1422 virtutibus
2906 1368 2964 1421 in
2998 1368 3146 1423 libro
3185 1368 3488 1422 miraculo-

1854 1477 1984 1516 rum
2016 1462 2194 1533 (Greg.
2229 1465 2424 1516 Turon.
2448 1462 2515 1516 de
2545 1461 2629 1516 GI.
2655 1464 2864 1528 Confes.
2915 1464 3056 1532 106),
3105 1478 3277 1531 quem
3336 1476 3491 1515 com-

1854 1555 2063 1627 posuit,
2116 1555 2374 1609 inseruit.
2418 1556 2561 1611 Cum
2608 1558 2803 1609 autem
2838 1554 2996 1608 venit
3038 1554 3109 1609 ad
3151 1555 3340 1609 locum
3392 1553 3488 1608 ubi

1854 1652 2117 1704 sanctum
2144 1664 2352 1719 corpus
2368 1648 2600 1719 jacebat
2628 1648 2805 1720 (quod
2834 1648 2953 1719 ipse
2972 1652 3171 1718 postea
3220 1663 3349 1701 cum
3399 1663 3487 1701 sa-

1856 1746 2152 1798 cramento
2187 1744 2514 1813 lacrymans
2553 1742 2802 1807 dicebat,
2846 1742 3000 1813 quod
3052 1742 3108 1795 in
3156 1741 3342 1813 specie
3383 1741 3489 1795 ho-

182 1839 268 1891 26.
298 1838 434 1891 1am
468 1836 545 1891 ad
589 1835 902 1907 gloriosum
955 1835 1082 1905 ejus
1124 1816 1388 1889 venimus
1427 1833 1752 1901 transitum,
1777 1821 1834 1894 B
1857 1837 2028 1892 minis
2049 1837 2377 1908 angelicum
2407 1838 2627 1891 vultum
2661 1835 2902 1905 viderat)
2947 1835 3122 1889 facies
3158 1835 3306 1888 illius
3339 1835 3494 1889 velut

113 1945 284 2001 quem
308 1929 436 1984 sine
450 1930 787 2001 profusione
812 1930 1198 2000 lacrymarum
1214 1928 1405 1983 dicere
1422 1945 1538 1983 non
1555 1944 1753 2000 possu-

114 2039 258 2078 mus.
283 2024 801 2095 Fluuntlacrymec,
828 2023 898 2078 de
917 2023 1047 2078 imis
1063 2022 1332 2077 medullis
1353 2021 1604 2093 gemitus
1620 2038 1754 2093 pro-

113 2121 413 2189 rumpunt,
433 2118 539 2173 sed
552 2118 613 2172 in
631 2118 789 2173 nullo
803 2116 1416 2173 consolationislocum
1436 2115 1753 2184 inveniunt,

116 2211 249 2267 dum
270 2213 641 2284 plangimus;
662 2211 708 2266 si
722 2211 793 2266 de
819 2211 943 2283 ejus
960 2210 1119 2265 fideli
1142 2210 1449 2265 devotione
1465 2209 1661 2264 minus
1678 2209 1757 2264 di-

116 2306 316 2373 cimus,
345 2307 480 2378 plus
505 2322 831 2378 peccamus.
862 2305 1051 2376 Usque
1075 2304 1148 2358 ad
1173 2303 1330 2359 diem
1364 2303 1638 2359 transitus
1671 2304 1754 2357 sui

120 2416 439 2471 numquam
469 2399 683 2455 minuit
701 2415 931 2455 cursum
965 2398 1240 2470 implere;
1283 2401 1342 2452 et
1378 2397 1533 2469 quod
1563 2397 1753 2468 coepit,

118 2492 284 2547 corde
306 2493 587 2548 retinuit:
620 2492 757 2565 quia
780 2508 899 2547 non
921 2491 1017 2563 qui
1038 2491 1291 2563 coeperit,
1325 2491 1427 2545 sed
1442 2490 1538 2562 qui
1560 2506 1753 2562 perse-

121 2586 398 2641 veraverit
428 2603 609 2658 usque
635 2586 694 2641 in
725 2586 926 2654 ﬁnem,
956 2587 1077 2657 ipse
1106 2585 1292 2640 salvus
1321 2585 1447 2639 erit.
1486 2584 1590 2639 Ubi
1630 2584 1754 2654 jam

122 2678 190 2733 ad
208 2679 391 2735 finem
413 2680 547 2735 vita:
576 2679 732 2735 venit
750 2682 1013 2735 sanctum
1045 2679 1169 2750 ejus
1188 2679 1608 2750 corpusculum,
1636 2678 1756 2732 lon-

1856 1947 1988 1985 rosa
2010 1934 2068 1985 et
2086 1929 2267 1984 lilium
2301 1929 2588 2000 fulgebat;
2616 1929 2695 1983 ita
2722 1929 3095 1983 tremefactus
3121 1931 3206 1982 est
3229 1945 3294 1983 ac
3334 1930 3491 1981 metu

1857 2040 2184 2089 concussus,
2228 2027 2509 2094 tanquam
2541 2023 2585 2076 si
2617 2026 2750 2077 ante
2782 2022 3151 2094 praesentiam
3178 2021 3362 2075 beatae
3392 2038 3487 2092 ge-

1858 2117 2078 2172 nitricis
2123 2116 2351 2172 Domini
2390 2116 2647 2170 adstaret
2693 2116 2931 2170 devotus
2979 2115 3064 2168 vir
3105 2116 3222 2169 Deo
3264 2116 3488 2186 plenus.

1856 2210 2275 2283 Expectabatur
2300 2209 2555 2282 pontifex
2584 2210 2693 2265 loci
2723 2212 2787 2263 ut
2811 2225 2941 2263 eam
2967 2224 3099 2263 cum
3123 2208 3299 2279 digno
3327 2225 3488 2279 sepe-

1856 2305 1987 2360 liret
2006 2306 2248 2360 honore.
2263 2306 2403 2359 Tota
2425 2303 2801 2375 congregatio
2816 2302 2964 2357 circa
2985 2302 3107 2373 ejus
3126 2304 3317 2357 torum
3335 2305 3491 2356 stans

1858 2399 2165 2470 psallebat;
2191 2397 2285 2452 ubi
2316 2397 2683 2469 psallentium
2712 2398 2798 2451 vel
2821 2397 3119 2468 paululum
3140 2394 3488 2467 quiescebat,

1857 2492 2234 2547 intolerabilis
2255 2492 2519 2563 planctus
2539 2492 2760 2546 aderat.
2783 2490 2993 2545 Triduo
3040 2492 3368 2561 expectatus
3408 2492 3493 2543 est

1855 2586 2136 2659 pontifex,
2165 2584 2302 2656 quia
2327 2585 2481 2640 vicos
2512 2584 2920 2650 circumiebat;
2950 2582 3051 2637 sed
3073 2582 3206 2654 quia
3244 2599 3361 2637 non
3403 2597 3493 2635 ve-

1858 2680 1961 2747 nit,
1992 2678 2352 2751 supradictus
2376 2678 2461 2733 vir
2480 2678 2826 2750 apostolicus
2852 2678 2923 2732 de
2946 2677 3181 2732 caritate
3204 2677 3339 2730 fisus
3357 2675 3492 2748 quia

122 2788 255 2842 gum
286 2775 530 2828 trahens
550 2773 893 2846 martyrium
924 2789 1030 2845 pro
1056 2789 1254 2828 amore
1272 2762 1562 2837 “Domini;
1601 2770 1757 2825 beati
1849 2775 2097 2845 perfecta
2120 2775 2323 2829 caritas
2346 2775 2499 2841 farus
2540 2775 2712 2828 mittit
2746 2774 2989 2827 timorem
3027 2771 3077 2841 (Ι
3103 2774 3258 2826 Joan.
3299 2770 3395 2841 ιν),
3433 2769 3491 2824 in

121 2865 330 2935 [forsan
352 2868 543 2923 beatae
566 2868 626 2923 id
653 2872 730 2924 est
748 2867 1041 2937 Moniales]
1066 2883 1270 2922 omnes
1290 2864 1627 2936 congregati
1646 2865 1757 2918 luc-

124 2961 280 3015 tuose
302 2961 458 3017 circa
479 2961 601 3033 ejus
623 2962 853 3017 thorum
873 2961 1080 3016 ﬂentes
1099 2963 1159 3015 et
1187 2960 1489 3031 ejulantes,
1522 2961 1755 3030 pectora

124 3052 277 3108 duris
304 3056 520 3127 pugnis
545 3059 604 3111 et
627 3055 912 3127 lapidibus
933 3054 1226 3122 ferientes,
1249 3070 1416 3109 voces
1450 3052 1524 3107 ad
1553 3053 1755 3108 caelum

126 3146 335 3204 dabant
350 3150 673 3205 clamantes
688 3165 753 3204 ac
775 3148 1063 3204 dicentes:
1094 3146 1437 3215 Domine,ne
1456 3146 1755 3218 permittas

1858 2868 2096 2923 Basilica
2127 2870 2336 2922 sanctae
2364 2866 2551 2922 Mariae
2585 2866 2647 2937 (ε)
2690 2865 2929 2921 nomine
2971 2864 3221 2929 condita,
3264 2863 3359 2917 ubi
3399 2880 3488 2918 sa-

1857 2979 1954 3017 cra
1970 2962 2261 3033 virginum
2286 2977 2529 3032 corpora
2551 2961 2620 3015 de
2643 2959 2994 3015 monasterio
3022 2975 3122 3013 suo
3141 2958 3486 3025 conduntur,

1858 3072 1986 3111 eam
2014 3073 2145 3110 cum
2167 3055 2344 3127 digno
2376 3054 2634 3126 sepelivit
2663 3054 2905 3110 honore.

1928 3153 2016 3204 28.
2053 3151 2202 3204 Dum
2235 3150 2338 3203 sub
2379 3165 2546 3203 muro
2576 3164 2705 3203 cum
2732 3146 3039 3220 psallentio
3071 3149 3333 3201 sanctum
3369 3146 3492 3216 ejus

133 3197 669 3205 --ηη-...η-η-
689 3197 752 3204 --
781 3197 1029 3204 _--__--_
1050 3197 1063 3203 -
1094 3197 1433 3215 _-___-,-_-
1929 3197 2016 3204 η,
2053 3197 2202 3204 ____-
2235 3197 2334 3203 η-
2379 3197 2542 3203 ____--
2581 3197 2705 3203 -__
2732 3197 3032 3220 ,____-__-_-
3072 3197 3333 3201 ______“___
3376 3197 3487 3216 τη

126 3257 226 3296 n03
244 3245 364 3298 tam
387 3259 563 3315 grave
579 3243 859 3299 damnum
873 3241 1014 3313 pati;
1033 3242 1229 3296 lumen
1242 3243 1504 3296 nostrum
1524 3238 1751 3310 recipis,
1776 3197 1831 3272 C
1856 3259 2063 3315 corpus
2100 3245 2446 3315 portaretur,
2477 3241 2610 3314 quia
2639 3241 2966 3297 instituerat
2996 3243 3058 3295 ut
3100 3241 3258 3295 nulla
3300 3240 3493 3294 vivens

125 3351 226 3391 nos
256 3353 358 3392 cur
378 3337 444 3392 in
476 3336 730 3392 tenebris
752 3334 1032 3407 relinquis
1051 3335 1079 3389 ‘I
1105 3336 1175 3389 Et
1190 3334 1322 3407 quia
1346 3334 1444 3389 illa
1474 3331 1754 3408 quidquid
1854 3338 2011 3393 foras
2048 3336 2383 3393 monasterii
2400 3336 2643 3408 januam
2676 3335 3053 3408 egrederetur
3078 3334 3176 3406 (ἀ),
3210 3336 3332 3389 tota
3353 3350 3489 3389 con-

124 3429 487 3499 potissimum
507 3431 699 3486 facere
720 3428 919 3499 voluit,
942 3445 1174 3502 semper
1193 3428 1287 3483 die
1302 3428 1509 3484 natalis
1528 3426 1753 3483 Domini

127 3521 310 3579 facere
347 3524 547 3597 elegit,
579 3524 862 3597 gloriosus
899 3524 1175 3578 transitus
1212 3522 1335 3594 ejus
1369 3522 1447 3577 sic
1491 3519 1752 3593 contigit,

127 3615 265 3673 Nam
293 3622 502 3691 quarta
526 3619 671 3674 feria
692 3634 866 3673 mane
893 3617 1084 3690 primo
1103 3617 1230 3672 idus
1253 3618 1558 3689 Augustas,
1600 3614 1755 3687 quod

130 3709 258 3766 fecit
276 3712 434 3768 idem
447 3712 662 3768 mensis
675 3712 796 3766 dies
812 3728 911 3767 xm
926 3710 1022 3783 (a),
1041 3709 1216 3765 clausi
1228 3713 1359 3765 sunt
1372 3710 1494 3781 ejus
1520 3709 1670 3765 oculi
1683 3709 1754 3781 (ὁ)

132 3806 185 3857 et
206 3805 496 3862 obscurati
517 3809 649 3861 sunt
670 3805 870 3861 nostri.
902 3806 995 3860 Vm
1024 3804 1188 3860 nobis
1219 3804 1354 3877 quia
1372 3803 1752 3875 peccavimus,

133 3898 402 3955 afﬂictum
429 3903 515 3955 est
536 3900 733 3955 dolore
760 3916 859 3955 cor
876 3901 1158 3968 nostrum,
1186 3897 1447 3953 ﬂevimus
1493 3900 1550 3952 et
1591 3898 1754 3968 plan-

132 3990 331 4062 gimus,
372 3994 530 4066 quod
561 3993 773 4049 diutius
804 4009 917 4048 una
943 4010 1049 4048 nos
1077 3996 1134 4047 te
1160 3993 1374 4047 habere
1399 4010 1517 4048 non
1542 3993 1753 4048 merui-

133 4100 268 4142 mus.
286 4090 481 4161 lpsum
507 4104 682 4143 mane
704 4087 802 4142 ubi
824 4086 990 4143 nobis
1013 4089 1239 4141 tantum
1254 4088 1474 4142 malum
1493 4087 1755 4159 contigit,
1786 4162 1794 4169 .

134 4178 226 4265 ubi
249 4199 363 4238 una
382 4200 510 4251 vox,
532 4200 680 4237 unus
692 4182 976 4254 planctus,
994 4198 1141 4236 unus
1154 4182 1374 4236 clamor
1394 4182 1562 4236 caelos
1574 4198 1753 4252 pene-

132 4274 348 4345 trabat;
376 4276 646 4348 lapidarii
667 4275 763 4348 qui
786 4275 845 4330 in
866 4277 1068 4331 monte
1097 4274 1508 4347 operabantur,
1538 4274 1597 4328 in
1623 4291 1756 4329 aere

134 4371 437 4429 audierunt
464 4375 737 4445 angelum
762 4373 866 4428 Dei
894 4374 1264 4444 loquentem;
1309 4388 1455 4426 unus
1497 4370 1642 4426 dixit
1686 4370 1758 4424 ad

134 4463 293 4522 alios:
323 4467 464 4540 quid
490 4466 721 4522 facitis?
754 4466 1026 4522 dimittite
1058 4482 1189 4521 eam
1224 4465 1449 4534 adhuc;
1501 4464 1637 4538 quia
1670 4464 1759 4519 hae

1857 3430 2120 3503 gregatio
2152 3447 2324 3503 supra
2350 3446 2583 3485 murum
2616 3431 2962 3498 lamentans,
3014 3430 3095 3484 ita
3124 3431 3189 3483 ut
3232 3429 3491 3500 planctus

1857 3540 2057 3580 earum
2092 3526 2391 3597 superaret
2434 3523 2623 3595 ipsum
2675 3523 3066 3595 psallentium,
3128 3538 3232 3593 pro
3269 3522 3491 3592 psalmo

1857 3620 2162 3691 lacrymas,
2184 3634 2289 3690 pro
2315 3617 2537 3672 cantico
2559 3616 2867 3687 mugitum,
2891 3620 2950 3670 et
2971 3615 3253 3687 gemitum
3281 3631 3386 3686 pro
3409 3616 3490 3669 al-

1856 3712 2029 3767 leluia
2050 3712 2112 3785 (e)
2126 3711 2468 3766 reddebant.
2494 3712 2862 3781 Rogaverunt
2891 3710 3191 3764 desursum
3211 3710 3278 3762 ut
3296 3707 3495 3762 subtus

1858 3809 2077 3861 turrem
2100 3807 2508 3878 repausaretur
2527 3804 2808 3859 feretrum
2827 3802 2886 3857 in
2911 3818 3024 3874 quo
3036 3801 3206 3855 beata
3222 3799 3492 3872 portaba-

1858 3907 1968 3974 tur,
2007 3905 2257 3976 graviter
2302 3903 2651 3960 sustinentes
2702 3901 2826 3972 ejus
2875 3899 3214 3955 absentiam.
3272 3897 3385 3954 Sed
3434 3901 3497 3954 ut

1858 4016 2023 4055 suam
2053 3999 2286 4053 ﬁdelem
2317 3998 2593 4053 Dominus
2622 3996 2945 4051 declararet
2967 3995 3025 4049 in
3049 3992 3240 4049 medio
3274 3992 3492 4065 populi,

1857 4094 1939 4149 ibi
1958 4093 2099 4149 dum
2130 4097 2473 4165 pausaretur
2498 4094 2765 4147 sanctum
2794 4107 3021 4163 corpus,
3049 4104 3265 4144 cmcum
3284 4086 3493 4143 illumi-

1860 4186 2039 4242 navit:
2059 4187 2158 4258 qui
2176 4186 2371 4242 multis
2395 4187 2561 4242 annis
2575 4187 2762 4242 lucem
2776 4185 2891 4240 diei
2913 4200 3030 4240 non
3042 4182 3286 4251 viderat,
3300 4183 3494 4237 lumen

1858 4281 2105 4353 recepit;
2136 4281 2233 4352 qui
2256 4280 2330 4335 ad
2351 4298 2556 4336 manus
2578 4283 2791 4337 tractus
2806 4280 3202 4350 venerat,post
3220 4278 3499 4331 feretrum

1861 4375 2016 4428 nullo
2053 4377 2409 4430 sustentante
2459 4374 2677 4444 videns,
2720 4379 3001 4447 tanquam
3048 4371 3093 4426 si
3139 4371 3359 4426 nullum
3403 4369 3500 4424 ha-

1859 4467 2074 4523 buisset
2100 4468 2359 4523 laborem
2387 4469 2705 4537 oculorum,
2749 4469 2823 4523 ad
2870 4470 3132 4525 sanctum
3172 4465 3497 4537 sepulcrum

138 4572 293 4614 voces
327 4561 403 4617 ad
446 4561 674 4617 Domini
713 4563 1101 4633 pervenerunt
1154 4576 1340 4615 aures.
1386 4558 1613 4631 Angeli,
1668 4558 1764 4629 qui
1784 4572 1843 4646 D
1867 4561 2027 4629 abiit,
2057 4564 2115 4615 et
2141 4578 2319 4632 usque
2343 4561 2520 4615 hodie
2546 4564 2697 4617 clare
2724 4562 2899 4618 videt.

138 4667 260 4708 eam
287 4655 574 4724 ferebant,
596 4655 1013 4727 respondentes
1039 4654 1306 4709 dixerunt
1335 4669 1348 4708 :
1385 4655 1511 4708 Jam
1547 4654 1762 4708 factum

141 4749 236 4801 est.
267 4749 411 4814 Quid
433 4748 751 4804 faciemus?
774 4749 933 4803 illam
954 4747 1170 4820 recepit
1191 4746 1510 4818 paradisus,
1534 4747 1630 4801 ubi
1644 4747 1763 4817 glo-

140 4838 311 4897 riatur
336 4860 468 4899 cum
494 4843 759 4899 Domino.
788 4842 1086 4900 Credimus
1129 4840 1284 4914 quod
1315 4857 1421 4897 nos
1445 4857 1563 4895 non
1591 4840 1663 4895 de
1701 4859 1761 4897 se

142 4940 380 5006 separat,
412 4954 538 5009 quae
559 4954 618 4993 se
649 4937 703 4993 ei
730 4937 957 5009 placere
989 4936 1169 4993 voluit
1202 4952 1334 4991 cum
1382 4952 1498 5008 quo
1533 4940 1757 5007 regnat.

208 5096 279 5169 (ᾳ)
308 5099 524 5164 Quarta
561 5097 709 5153 feria
732 5097 1019 5155 Christum
1051 5100 1363 5154 Dominum
1394 5100 1598 5154 natum
1636 5116 1759 5155 esse

144 5166 423 5242 Gedrenus
440 5174 498 5225 et
516 5170 790 5242 Maximus
818 5170 1126 5226 Monachus
1151 5187 1314 5242 aeque
1342 5170 1757 5240 existimarunt,

143 5241 201 5289 ut
218 5239 470 5312 Scaliger
496 5242 595 5297 lib.
619 5258 675 5297 v1
706 5241 777 5295 de
819 5242 1111 5297 emendat.
1151 5239 1329 5312 temp.
1364 5243 1461 5296 ubi
1499 5242 1568 5297 de
1605 5239 1760 5297 anno

148 5258 201 5289 ut
218 5258 470 5367 scaliger
496 5258 595 5297 un.
619 5258 675 5297 v1
706 5258 777 5295 ue
819 5258 1050 5297 emend:

148 5313 355 5393 natalis
410 5313 609 5393 omini,
634 5313 974 5393 o_bservavit_.
1016 5382 1050 5393 η

211 5382 279 5456 (ὁ)
318 5384 623 5456 Gregorius
644 5384 992 5439 Turonensis
1016 5382 1113 5456 lib.
1142 5401 1194 5439 1x
1220 5387 1355 5456 c.A2,
1386 5385 1609 5439 obitum
1637 5403 1763 5441 san-

146 5453 241 5527 qtae
264 5453 636 5527 Radegundis
654 5456 839 5526 illigat
865 5472 1019 5511 anno
1049 5454 1394 5527 duodecimo
1426 5456 1580 5527 regis
1606 5458 1759 5513 Chil-

150 5520 376 5600 deberti,
408 5520 505 5600 qui
537 5520 852 5599 respondet
885 5542 1039 5600 anno
1081 5525 1289 5582 Christi
1328 5542 1380 5580 ι).
1412 5520 1615 5597 invn,
1647 5545 1760 5600 quo

149 5590 697 5655 dominica-littera‘E
723 5598 1008 5654 currebat.

215 5666 277 5740 (ε)
306 5671 368 5724 In
406 5670 565 5726 illam
604 5670 902 5726 basilicam
940 5667 1115 5724 modo
1154 5671 1365 5740 sanctae
1391 5667 1763 5739 Radegundis

149 5740 355 5811 nomini
385 5741 639 5797 dicatam
668 5740 975 5811 collegium
1005 5739 1415 5811 canonicoﬁrum
1446 5743 1715 5811 successit
1745 5758 1759 5797 :

153 5808 256 5867 alia
272 5828 404 5886 vero
428 5812 597 5886 titulo
627 5808 843 5886 sanctae
871 5812 1054 5886 crucis
1080 5810 1358 5886 insignita
1404 5808 1694 5886 hodieque
1730 5829 1765 5867 a

156 5884 674 5943 sanctimonialibus
705 5881 1088 5940 Benedictinis
1108 5881 1440 5956 occupatur.

1933 4658 2020 4709 29.
2052 4656 2131 4709 Ne
2172 4653 2647 4725 praetermittatur
2691 4658 2749 4709 et
2793 4655 2948 4711 aliud
2998 4655 3360 4713 miraculum.
3395 4653 3499 4710 Ubi

1863 4766 1990 4805 eam
2031 4747 2291 4820 sepelivit
2318 4747 2680 4818 supradictus
2721 4749 3041 4822 episcopus,
3076 4748 3501 4822 coopertorium

1864 4860 1981 4899 non
2007 4840 2219 4915 posuit,
2248 4844 2563 4910 antequam
2582 4840 2841 4912 pontifex
2871 4842 2980 4897 loci
3013 4842 3253 4899 veniret.
3281 4843 3496 4898 Liberae

1866 4955 1991 5011 qua:
2017 4939 2149 4992 ante
2179 4952 2309 4990 eam
2334 4949 2533 4989 cereos
2562 4936 2957 5006 portaverant,
2985 4940 3123 4991 totae
3150 4936 3208 4992 in
3240 4954 3381 5011 gyro
3411 4954 3498 4992 se-

1936 5099 2017 5177 (d)_
2038 5099 2257 5177 Nempe
2273 5096 2435 5169 juxta
2450 5094 2727 5177 regulam
2754 5110 2927 5165 quam
2968 5099 3195 5177 sanctus
3227 5094 3503 5177 Caesarius

1860 5163 2209 5242 mon'ialibus
2237 5163 2603 5242 praescripsit.
2630 5163 2790 5221 Nam'
2808 5163 3297 5242 recapitulationis
3328 5170 3499 5242 Artic.

1863 5260 1880 5297 ι
1923 5241 2122 5297 statuit
2157 5245 2220 5296 ut
2236 5238 2395 5295 hulta
2419 5238 2487 5294 ea}
2516 5238 2664 5294 vobis
2691 5253 2856 5309 usque
2882 5238 2958 5292 ad
2982 5242 3203 5293 mortem
3242 5252 3398 5309 suam
3439 5239 3506 5293 de

1860 5315 2186 5369 monasterio
2213 5312 2415 5383 egredi,
2444 5311 2530 5365 vel
2553 5310 2618 5365 de
2645 5307 2782 5381 ipsd
2801 5309 3025 5383 basilica
3050 5310 3108 5363 in
3145 5325 3255 5380 qua
3271 5307 3503 5383 januam

1863 5386 2093 5450 habetis,
2124 5389 2237 5453 aut,
2252 5382 2627 5455 permittatur,
2658 5386 2757 5437 aut
2790 5397 2893 5452 per
2926 5382 3158 5450 seipsam
3204 5382 3505 5451 praesumat

1862 5472 2028 5512 exire.

1936 5527 2001 5600 (e)
2028 5528 2185 5581 Hanc
2212 5525 2424 5600 laetitiae
2454 5541 2654 5600 vocem
2674 5521 3064 5600 qileluicrolim
3106 5522 3165 5600 in
3208 5515 3509 5600 Exsequiis

1862 5587 2202 5671 usurpatam
2217 5597 2342 5668 jam
2365 5597 2663 5653 annotavit
2685 5592 2985 5671 Menardus
3001 5598 3201 5671 noster
3216 5587 3515 5671 inlibr‘um

1864 5657 2358 5726 sacramentorum
2376 5685 2389 5723 :
2407 5684 2589 5740 quam,
2605 5682 2800 5740 vocem
2814 5664 3101 5740 praecipue
3122 5665 3181 5740 in
3208 5657 3515 5740 funeribus

1863 5740 2227 5868 igacegdptum
2253 5730 2667 5813 Greeci’seepius
2684 5730 3076 5811 inge-minent,
3100 5739 3165 5793 ut
3189 5730 3421 5791 constat
3446 5743 3516 5783 ex

1914 5828 1985 5868 uc
2030 5827 2063 5868 o
2090 5828 2242 5868 omo.

1914 5827 2242 5885 αοηοιοειο.
