4006 6238
469 296 570 348 679
1439 293 1693 349 SANCTA
1732 294 2195 362 RADEGUNDUS,
2235 295 2485 351 REGINA
2524 294 2853 351 FRANCIAE.
3748 301 3876 352 680

466 400 647 473 pulcri
669 401 991 467 adstabant;
1015 418 1375 473 unaquaeque
1400 401 1457 456 in
1480 419 1581 456 suo
1601 419 1767 457 cereo
1800 419 1964 457 suum
1988 420 2091 459 no-
2116 418 2176 491 Α
2196 405 2255 458 in
2296 405 2450 459 beati
2491 405 2773 460 Antistitis
2810 404 3048 459 Basilica
3074 404 3475 476 vigilaverunt,
3512 409 3637 461 tota
3679 410 3876 460 nocte

467 511 606 552 men
636 495 810 551 dabat
830 496 1266 567 scriptum,tota3
1283 495 1381 550 uni
1404 512 1471 549 ex
1490 496 1720 551 famulis
1737 497 2096 569 cereosipsos
2197 499 2576 570 energumeni
2607 500 3028 565 clamaverunt;
3060 498 3211 554 inter
3236 516 3381 571 quos
3407 500 3685 555 mulieres
3711 500 3879 554 duas

463 590 627 660 juxta
648 589 1072 645 ordinationem
1102 589 1426 643 tradebant.
1461 589 1547 644 Fit
1574 590 1866 646 contentio
1903 592 1963 646 in
2002 610 2099 663 po-
2197 592 2449 663 graviter
2485 592 2797 648 infestabat
2826 593 3111 661 inimicus,
3142 594 3427 666 praecipue
3464 612 3581 649 una
3616 597 3871 649 tantum

469 684 606 755 pulo
632 683 760 751 ;a]ii
790 684 1059 738 dicebant
1081 700 1276 737 cereos
1294 682 1447 754 ipsos
1468 683 1525 737 in
1560 684 1682 755 ejus
1713 689 1974 740 sanctum
2008 703 2096 739 se-
2197 686 2757 756 bacchabatur,utin
2776 688 2899 757 ejus
2914 687 3576 743 fremitutotatremeret
3590 688 3871 742 basilica.

469 778 730 850 pulcrum
750 777 899 831 mitti
915 776 1125 830 debere
1150 819 1164 844 ,
1194 776 1288 831 alii
1311 777 1596 847 dicebant,
1626 795 1763 833 non.
1788 780 2097 834 Dumistud
2198 782 2509 851 Postquam
2524 781 2659 835 inde
2681 781 2765 835 vir
2782 781 3125 836 venerabilis
3136 782 3493 853 Arnegisilus
3507 782 3695 837 abbas
3712 782 3876 836 basi-

471 874 760 942 ageretur,
813 871 883 924 de
908 870 1073 941 pueri
1097 870 1333 925 brachio
1362 872 1461 942 qui
1488 875 1638 927 totos
1662 874 1920 928 tenebat.
1954 891 2101 927 unus

472 964 681 1019 exilivit
709 964 767 1016 in
813 964 991 1017 altum
1028 980 1200 1034 super
1241 981 1477 1020 omnem
1510 968 1807 1037 populum,
1852 972 1909 1021 et
1942 984 2001 1020 se
2040 967 2099 1020 in

473 1060 669 1112 sancto
693 1058 953 1127 sepulcro
982 1057 1055 1111 ad
1081 1058 1259 1128 pedes
1270 1059 1455 1113 beata:
1471 1061 1682 1129 posuit,
1698 1064 1755 1115 et
1775 1061 1929 1132 quod
1943 1060 2104 1115 haesi-

471 1151 720 1218 tabatur,
762 1150 1088 1204 declaravit.
1128 1152 1520 1222 Respicientes
1562 1154 1635 1208 ad
1676 1171 1910 1221 nomen,
1944 1155 2104 1225 cujus

473 1261 617 1312 esse,
640 1260 859 1311 cereus,
882 1243 1184 1298 inventum
1206 1249 1291 1299 est
1309 1245 1493 1300 Calvae
1511 1263 1746 1301 nomen.
1771 1249 1887 1302 Hoc
1902 1248 2104 1302 videns

473 1338 773 1410 episcopus
800 1339 887 1391 vel
916 1338 1104 1391 omnis
1124 1340 1388 1410 populus,
1435 1340 1791 1394 admirantes
1835 1342 2105 1396 virtutem

471 1432 658 1487 beatae
688 1431 1078 1501 Radegundis,
1118 1432 1362 1487 Domino
1397 1433 1836 1488 benedixerunt.
1866 1436 2105 1499 Quantae

472 1531 603 1597 post
623 1526 746 1596 ejus
776 1525 1083 1579 transitum
1110 1525 1187 1579 ibi
1224 1529 1356 1579 sunt
1396 1526 1563 1582 facta:
1606 1528 1862 1595 virtutes,
1908 1528 2108 1598 quanti

476 1618 816 1674 daemoniaci
856 1618 1101 1685 liberati,
1142 1619 1341 1691 quanti
1380 1620 1774 1676 febricitantes
1811 1624 1943 1675 sunt
1976 1621 2106 1675 red-

477 1713 581 1768 diti
605 1712 856 1780 sanitati,
886 1712 1013 1783 quis
1041 1729 1386 1768 enumerare
1418 1715 1607 1768 valeat
1620 1715 1647 1768 ‘I

2200 874 2323 928 licaa
2338 874 2523 929 beatae
2541 875 2758 946 regina:
2771 891 2903 929 cum
2920 875 3035 929 suis
3048 876 3339 931 Monachis
3358 876 3546 944 exivit,
3581 877 3659 930 ad
3687 892 3874 930 suam

2202 969 2417 1023 vadens
2459 969 2755 1023 basilicam
2784 986 3011 1023 cursum
3051 969 3314 1041 implere,
3358 987 3535 1041 quam
3574 971 3676 1025 illa
3723 970 3875 1024 satis

2205 1063 2500 1133 dilexerat,
2537 1063 2689 1134 ipsas
2710 1066 2839 1134 post
2867 1080 2927 1117 se
2952 1064 3225 1118 mulieres
3253 1065 3565 1118 audierunt
3595 1065 3872 1119 claman-

2204 1159 2311 1225 tes,
2360 1157 2579 1211 Venite.
2636 1157 2774 1220 Quaa
2825 1158 3099 1227 ingressae
3140 1157 3435 1212 basilicam
3469 1158 3877 1213 vociferantes

2207 1250 2482 1305 domnam
2510 1250 2926 1319 Radegundcm
2960 1254 3023 1304 ut
3046 1251 3128 1304 eis
3146 1257 3409 1322 parceret
3428 1250 3873 1322 supplicabant.

2207 1345 2332 1398 Una
2352 1362 2419 1397 ex
2448 1344 2576 1411 illis,
2605 1360 2733 1414 quae
2762 1343 2990 1414 gravius
3017 1345 3417 1411 tribulabatur,
3444 1346 3570 1415 jam
3593 1348 3687 1398 ter
3730 1344 3871 1414 qui-

2208 1454 2315 1492 nos
2338 1438 2559 1491 habens
2586 1454 2771 1491 annos
2801 1454 2867 1491 ex
2892 1454 3006 1509 quo
3035 1454 3165 1492 eam
3193 1438 3423 1509 spiritus
3455 1454 3711 1509 nequam
3756 1437 3872 1490 ﬂa-

2209 1530 2481 1601 gellabat,
2506 1547 2637 1585 cum
2664 1531 2954 1585 matutina
2980 1530 3296 1599 dicebatur,
3327 1531 3566 1586 saeviens
3586 1530 3873 1585 inimicus

2209 1641 2307 1678 vas
2337 1624 2491 1695 quod
2514 1624 2819 1692 invaserat,
2843 1624 3097 1695 reliquit.
3118 1626 3216 1679 Illa
3245 1624 3360 1679 alia
3376 1626 3449 1680 ad
3471 1625 3708 1679 tertiam
3726 1628 3873 1679 ante

2213 1717 2424 1772 ostium
2445 1718 2621 1788 ipsius
2643 1718 2890 1773 basilicae
2906 1720 2992 1771 est
3015 1718 3277 1786 liberata,
3312 1723 3367 1773 et
3398 1720 3549 1773 ultra
3570 1718 3871 1789 nequissi-

549 1810 635 1861 30.
665 1809 739 1861 De
767 1805 1099 1877 Burgundia
1132 1822 1263 1861 cum
1281 1806 1402 1861 viro
1429 1808 1740 1878 apostolico
1762 1808 2009 1863 Leifasto
2035 1808 2111 1880 (a)
2132 1789 2190 1861 B
2213 1828 2340 1866 mus
2364 1810 2542 1865 hostis
2565 1811 2647 1865 eis
2678 1828 2885 1866 nocere
2923 1829 3039 1866 non
3064 1812 3257 1867 valuit.
3283 1812 3468 1876 Quam
3495 1814 3658 1884 larga
3692 1815 3784 1865 est
3813 1814 3875 1866 et

479 1900 746 1973 episcopo
769 1899 1006 1954 veniens
1028 1900 1150 1971 ejus
1172 1900 1322 1954 abba
1335 1900 1570 1955 nomine
1591 1901 1771 1970 Abbo,
1802 1902 1939 1957 dum
1968 1905 2114 1956 esset

478 1994 716 2050 Pictavis
732 1994 790 2048 in
810 1994 1057 2061 civitate,
1078 1993 1518 2051 dentisincurrit
1548 1995 1801 2050 validum
1832 1996 2112 2051 dolorem.

481 2089 580 2144 Die
604 2091 891 2159 noctuque
912 2105 1025 2153 una
1045 2104 1171 2155 vox,
1196 2104 1343 2142 unus
1363 2088 1529 2143 dolor
1547 2088 1737 2143 inerat
1757 2090 1831 2158 ei,
1863 2094 2115 2145 mortem

481 2182 711 2237 evenire
740 2181 843 2235 sibi
871 2183 1077 2253 optans
1112 2184 1175 2236 ut
1196 2184 1355 2236 tanto
1379 2186 1603 2237 careret
1633 2182 1853 2238 dolore.
1884 2184 1991 2248 Qui
2035 2184 2118 2237 in-

481 2276 734 2347 spirante
762 2275 868 2329 sibi
899 2275 1092 2329 divina
1117 2275 1516 2331 misericordia
1536 2277 1760 2348 rogavit
1788 2295 1845 2332 se
1874 2278 2004 2332 duci
2046 2277 2119 2331 ad

478 2373 689 2426 sanctae
714 2369 1050 2423 basilicam:
1089 2369 1188 2423 ubi
1217 2369 1529 2439 ingressus,
1567 2387 1697 2425 cum
1728 2370 1840 2424 fide
1882 2387 1941 2424 se
1985 2374 2119 2425 ante

481 2465 746 2519 sanctum
771 2462 1093 2533 sepulcrum
1117 2465 1285 2517 terra:
1306 2463 1568 2534 projecit,
1590 2466 1839 2518 mortem
1856 2481 1973 2535 prae
1995 2480 2123 2519 ocu-

480 2557 551 2612 lis
599 2556 840 2622 habens,
888 2556 1102 2626 pallam
1156 2558 1517 2628 corporalem
1567 2557 1814 2629 desuper
1860 2562 2122 2612 sanctum

484 2649 774 2703 tumulum
800 2647 1092 2702 mordicus
1119 2649 1522 2720 apprehendit.
1547 2649 1655 2713 Qui
1675 2653 1894 2722 septem
1923 2651 2124 2705 diebus

488 2759 594 2797 nec
618 2742 808 2798 cibum
833 2746 1173 2812 sumpserat,
1206 2759 1311 2797 nec
1337 2759 1539 2798 somno
1574 2744 1732 2798 refici
1774 2748 2020 2815 poterat,
2064 2745 2124 2797 in

487 2837 597 2893 hoc
623 2853 816 2891 morsu
842 2852 1015 2907 sopor
1042 2837 1310 2904 accessit;
1352 2837 1518 2892 dolor
1549 2837 1827 2905 discessit,
1855 2855 2028 2892 sanus
2055 2838 2127 2892 ad

488 2930 802 3002 hospitium
842 2929 1032 2984 rediit.
1076 2930 1242 2994 Quod
1280 2933 1411 3001 post
1452 2930 1577 3002 ipso
1610 2932 1899 2986 referente
1936 2934 2128 3003 plures

488 3026 900 3096 cognoverunt,
942 3023 1039 3077 ubi
1066 3040 1125 3078 se
1150 3024 1540 3079 fatebaturde
1579 3025 1781 3080 mortis
1813 3026 1994 3095 janua
2027 3043 2130 3096 per

486 3119 760 3173 virtutem
784 3117 1012 3172 domum
1028 3116 1399 3188 Radegundis
1423 3134 1544 3172 esse
1564 3122 1914 3174 revocatum.

563 3216 650 3268 31.
678 3213 749 3266 Et
767 3212 903 3283 quia
926 3228 1055 3266 mos
1074 3214 1162 3265 est
1176 3210 1235 3264 in
1256 3210 1563 3266 festivitate
1584 3212 1738 3267 beati
1768 3213 1965 3268 Hilarii
2003 3213 2132 3268 reli-

494 3306 621 3379 quis
635 3304 989 3362 Monasteriis
1008 3304 1374 3360 circumcirca
1402 3305 1695 3377 proximis,
1720 3323 1847 3377 quae
1874 3310 2008 3362 sunt
2028 3307 2127 3375 ibi,

493 3416 676 3471 usque
693 3398 753 3453 in
774 3398 1027 3453 mediam
1040 3401 1271 3453 noctem
1289 3397 1510 3469 vigilias
1526 3400 1839 3468 celebrare;
1855 3401 1925 3455 de
1938 3401 2129 3456 media

494 3498 665 3548 nocte
682 3492 1075 3564 unusquisque
1094 3492 1267 3547 abbas
1281 3509 1410 3547 cum
1425 3493 1540 3548 suis
1561 3493 1832 3548 fratribus
1863 3495 1938 3549 ad
1965 3512 2133 3550 suum

493 3587 801 3643 revertitur
816 3586 1229 3643 manasterium
1254 3602 1480 3642 cursum
1500 3587 1810 3643 celebrare.
1845 3588 2131 3653 Quamdiu

569 3757 666 3840 ςιι)Δ
690 3757 991 3840 ιθίΐειεξιιΞ.
1015 3773 1118 3839 εει).
1150 3757 1409 3840 Lefastus
1463 3757 2128 3840 episcopusthduensis,

496 3828 761 3900 d’Autun,
783 3833 914 3954 post
937 3828 1244 3910 S_iagrium,
1277 3829 1372 3901 qui
1398 3828 1553 3884 anno
1575 3828 1834 3897 oc'obiit,
1868 3833 1931 3883 ut
1960 3830 2134 3884 sentit

496 3900 732 3957 Carolus
805 3916 835 3955 e
879 3903 1080 3957 Comte
1133 3916 1192 3954 1n
1239 3901 1447 3955 Annal.
1493 3902 1690 3956 Franc.
1750 3901 1825 3955 ad
1872 3918 1968 3956 an.
2006 3904 2130 3957 600.

541 3901 732 3956 arolus
783 3901 835 3955 le
879 3901 1080 3957 Cointe
1133 3901 1192 3954 in
1239 3901 1447 3955 Annal.
1493 3902 1690 3956 Franc.
1750 3901 1825 3955 ad
1872 3918 1968 3956 an.
2006 3904 2130 3968 600,

2217 1904 2372 1959 dives
2399 1904 2792 1959 misericordia
2817 1906 2919 1960 Dei
2940 1922 3068 1977 quae
3099 1923 3230 1961 suos
3265 1907 3449 1960 vereri
3470 1906 3629 1974 facit,
3652 1909 3713 1960 et
3738 1906 3875 1959 loca

2216 1998 2458 2069 requirit
2476 1999 2597 2069 ipse
2636 1998 2910 2053 virtutum
2954 1999 3193 2069 largitor
3232 2016 3298 2054 ac
3338 2000 3727 2071 dispensator,
3767 1998 3875 2052 ubi

2216 2110 2322 2165 per
2342 2109 2473 2147 suos
2501 2092 2700 2147 ﬁdeles
2730 2109 2893 2147 suam
2920 2094 3175 2147 ostendit
3208 2093 3551 2165 potentiam.
3596 2094 3682 2148 Ad
3718 2092 3879 2146 basi-

2218 2186 2388 2241 licam
2410 2186 2593 2240 sancti
2620 2186 2725 2239 viri
2749 2188 2880 2241 sunt
2910 2186 3007 2240 alii
3034 2187 3282 2255 liberati,
3310 2187 3404 2241 alii
3437 2204 3573 2241 vero
3611 2187 3875 2241 basilicae

2222 2281 2453 2335 domum
2490 2280 2862 2350 Radegundis
2886 2283 3022 2333 sunt
3039 2280 3281 2336 directi:
3325 2284 3387 2334 ut
3423 2281 3570 2335 sicut
3614 2281 3879 2351 aequales

2223 2374 2409 2446 gratia
2435 2376 2617 2441 erant,
2650 2373 2729 2428 ita
2749 2374 2985 2445 aequalis
3006 2378 3064 2429 et
3090 2374 3269 2428 virtus
3298 2375 3724 2428 ostenderetur.

2295 2471 2381 2521 32.
2406 2467 2541 2532 Quis
2571 2468 2721 2521 male
2747 2464 2987 2536 habens,
3019 2468 3281 2539 quamvis
3302 2467 3417 2522 vita
3441 2467 3807 2539 desperatus,
3829 2468 3877 2519 si

2222 2562 2436 2634 pallam
2464 2561 2847 2615 subteriorem
2872 2566 3065 2616 custos
3081 2561 3343 2633 ejusdem
3362 2562 3507 2616 sacri
3526 2560 3778 2632 sepulcri
3791 2560 3878 2613 in-

2226 2655 2393 2709 tinxit
2405 2655 2465 2709 in
2482 2654 2657 2709 calice
2673 2672 2859 2727 aqum,
2875 2660 2932 2711 et
2953 2655 3113 2710 dedit
3132 2656 3185 2710 ei
3204 2655 3551 2711 febricitanti
3573 2655 3873 2726 poculum,

2227 2765 2344 2804 non
2382 2748 2577 2803 statim
2610 2730 2853 2803 ut'bibit
2894 2753 3027 2805 ante
3075 2754 3339 2804 sanctum
3382 2750 3505 2820 ejus
3539 2751 3873 2821 sepulcrum

2220 2844 2422 2914 jacens
2453 2860 2625 2914 sopor
2654 2843 2911 2911 accessit,
2937 2844 3173 2899 morbus
3197 2843 3473 2898 recessit?
3501 2843 3727 2900 Christo
3752 2844 3872 2896 lar-

2229 2936 2422 3007 giente
2444 2936 2710 2992 omnibus
2731 2937 2932 2991 diebus
2957 2938 3015 2991 in
3033 2938 3269 2993 nomine
3291 2938 3468 3008 ipsius
3485 2937 3758 2992 DominiJ
3766 2952 3868 2990 esu

2230 3029 2435 3085 Christi
2468 3030 2547 3084 ibi
2573 3032 2771 3086 multa
2790 3031 3025 3086 virtutes
3066 3033 3231 3101 fiunt,
3285 3032 3438 3087 unde
3470 3032 3725 3087 recessit.
3757 3032 3873 3084 Nos

2231 3139 2462 3195 quoque
2491 3124 2664 3179 etiam
2704 3125 2859 3180 ﬁdeli
2901 3125 3205 3181 devotione
3245 3130 3302 3180 et
3336 3125 3639 3181 sedulitate
3680 3123 3873 3180 debita

2230 3233 2577 3273 veneramur
2602 3218 2660 3271 in
2690 3219 2875 3287 terris,
2903 3220 3062 3291 cujus
3084 3220 3282 3275 anima
3315 3220 3681 3287 conﬁdimus,
3728 3234 3873 3289 gau-

2232 3310 2436 3366 demus
2465 3314 2524 3366 et
2552 3313 2869 3383 gloriamur
2894 3314 3050 3385 quod
3074 3316 3416 3387 praefulgeat
3438 3314 3501 3368 in
3533 3313 3707 3379 caelis,
3744 3312 3870 3383 ipso

2230 3408 2543 3477 praestante
2581 3406 2677 3477 qui
2703 3423 2835 3461 cum
2860 3409 3026 3463 Patre
3053 3412 3111 3462 et
3139 3409 3353 3481 Spiritu
3400 3412 3599 3464 sancto
3645 3405 3781 3461 vivit
3816 3410 3873 3459 et

2231 3502 2441 3570 regnat
2463 3499 2523 3553 in
2552 3502 2761 3556 saecula
2781 3502 3138 3558 saeculorum.
3162 3505 3366 3559 Amen.

2232 3767 2470 3840 numJ.
2501 3764 2927 3840 sammarthani
2956 3766 3285 3840 Auspicium
3312 3768 3466 3840 inter
3501 3768 3792 3840 Siagrium
3820 3774 3875 3823 et

2232 3833 2524 3909 Lefastum
2558 3837 2777 3909 locant:
2802 3837 2903 3892 sed
2930 3833 3091 3909 prior
3103 3839 3390 3894 sententia
3411 3839 3485 3893 ob
3508 3833 3872 3895 Baudonivia:

2234 3907 2461 3960 aetatem
2491 3908 2874 3978 praeferenda.

1052 4279 1498 4355 SANCTAE
1550 4280 2265 4380 BADEGUNDIS,
2316 4286 2749 4361 REGINZE
2800 4289 3325 4365 FRANCUE.

1591 4458 2800 4627 TESTAMENTUM,

871 4798 1878 4953 EPISTOLAa
1977 4682 2251 4979 ABE
2377 4809 3479 4965 EPISCOPOS.

573 5170 726 5227 Hanc
750 5170 912 5226 initio
943 5170 1219 5226 institutae
1250 5171 1711 5243 congregationis
1739 5190 1856 5230 suae
1886 5192 1991 5249 pro
2020 5178 2142 5250 ejus
2167 5178 2343 5236 tutela
2374 5184 2427 5238 et
2454 5180 2751 5238 stabilitate
2779 5181 3018 5257 scripsit,
3046 5185 3396 5258 concilioque
3416 5185 3731 5245 Turonensi
3749 5207 3865 5247 con-

499 5260 841 5316 ﬁrmandam
869 5260 1071 5315 absens
1100 5260 1322 5316 obtulit.

498 5418 597 5489 βηι
622 5418 746 5503 l‘ion
771 5416 938 5472 video
952 5416 1356 5503 quod‘tempus
1369 5416 1502 5475 huic
1521 5420 1775 5503 epistolae
1795 5423 1983 5503 aptius
2007 5442 2142 5503 con-

502 5433 597 5489 ﬁ,‘
622 5433 746 5472 non
771 5433 938 5472 Video
952 5433 1109 5498 quod
1125 5433 1502 5543 tempusnulc
1521 5433 1775 5503 epistolae
1795 5433 1983 5496 aptius
2007 5442 2142 5482 con-

502 5492 690 5560 gruat,
722 5505 899 5560 quam
942 5490 1147 5544 concili
1178 5506 1217 5544 ιι
1294 5506 1612 5547 υΓΟΠΘΠΒιδ.
1645 5494 1787 5549 Cum
1817 5496 1973 5551 enim
2017 5498 2147 5552 scri-

499 5558 600 5630 pta
648 5558 838 5635 sitr'ad
875 5560 1173 5635 episcopos
1209 5560 1524 5635 illosipsos
1564 5565 1740 5635 (quod
1801 5583 1870 5620 ex
1915 5567 2143 5623 illorum

498 5630 775 5705 rescripto
808 5630 987 5702 patet)
1034 5630 1417 5705 qui_concili6
1455 5630 1770 5690 Turonensi
1818 5636 2145 5705 adfuerunt,

499 5702 806 5772 verisimile
835 5705 921 5772 est
939 5702 1067 5757 tum
1096 5703 1169 5757 ad
1192 5719 1291 5758 eos
1330 5704 1589 5772 missam,
1629 5722 1757 5761 cum
1802 5724 1916 5762 una
1959 5702 2150 5764 essent

500 5769 563 5825 in
594 5787 663 5825 eo
687 5771 934 5849 concilio
952 5774 1310 5849 congregati.
1342 5774 1451 5839 Qui
1465 5769 1698 5849 hancin
1714 5777 1977 5849 longiora
2000 5784 2149 5836 tem-

507 5856 647 5909 pora
672 5841 964 5909 differunt,
984 5847 1042 5897 et
1057 5841 1199 5914 post
1219 5860 1401 5900 annos
1432 5844 1632 5917 viginti
1658 5841 1846 5917 paulo“
1859 5854 1992 5904 ante
2027 5851 2147 5907 obi-

2247 5431 2368 5519 tum
2376 5445 2413 5519 ξι
2425 5432 2622 5519 sancta
2634 5430 2989 5519 Radengunde
3001 5433 3867 5519 scriptamvoluntmraeterquam

2249 5500 2459 5579 quod-a
2480 5503 2758 5579 Gregorio
2776 5500 3097 5579 Turonensi
3112 5500 3597 5579 refellunturpqui
3614 5500 3772 5564 initio
3787 5510 3864 5564 in-

2250 5571 2457 5647 stitutae
2486 5572 2558 5647 ab
2595 5571 3170 5647 ea'congregationis
3212 5577 3427 5632 editam
3459 5571 3655 5646 docet,
3681 5580 3770 5634 lib.
3803 5598 3867 5643 II,

2249 5658 2374 5734 cap:
2399 5646 2486 5710 39,
2509 5643 2625 5734 hoc
2645 5643 2958 5734 entiam'no‘n
2978 5647 3462 5730 animadvertunt,
3489 5643 3868 5734 Euphronium

2251 5714 2582 5794 episcopum
2608 5714 2694 5786 (ut
2718 5716 2789 5771 de
2826 5718 3048 5772 caeteris
3070 5718 3167 5801 qui
3199 5736 3322 5800 una
3368 5714 3708 5790 rescribunt,
3746 5723 3869 5778 nihil

2252 5783 2457 5866 dicam)
2485 5802 2555 5866 ea
2601 5789 2864 5866 tempora
2896 5806 3014 5866 non
3048 5793 3323 5866 attigisse,
3366 5795 3608 5865 totoque
3646 5796 3869 5866 amplius

2253 5853 2536 5911 decennio
2564 5853 2773 5914 sanctae
2804 5853 3186 5933 Radeguudis
3203 5853 3421 5919 obitum
3440 5853 3809 5936 praevertisse.
