  <div class='ocr_page' id='page_1' title='image "/cluster/home/n/w/nwhite01/storage/ocr_20150623/72/uva.x000827084/488.png"; bbox 0 0 4006 6238; ppageno 0'>
   <div class='ocr_carea' id='block_1_1' title="bbox 142 293 243 344">
    <p class='ocr_par' dir='ltr' id='par_1_1' title="bbox 142 293 243 344">
     <span class='ocr_line' id='line_1_1' title="bbox 142 293 243 344; baseline 0 0"><span class='ocrx_word' id='word_1_1' title='bbox 142 293 243 344; x_wconf 75' lang='grc'>681</span> 
     </span>
    </p>
   </div>
   <div class='ocr_carea' id='block_1_2' title="bbox 1646 286 1931 343">
    <p class='ocr_par' dir='ltr' id='par_1_2' title="bbox 1646 286 1931 343">
     <span class='ocr_line' id='line_1_2' title="bbox 1646 286 1931 343; baseline -0.004 -1"><span class='ocrx_word' id='word_1_2' title='bbox 1646 286 1931 343; x_wconf 85' lang='grc' dir='ltr'>ΝΟΤῙἸἸΑ.</span> 
     </span>
    </p>
   </div>
   <div class='ocr_carea' id='block_1_3' title="bbox 3425 296 3527 348">
    <p class='ocr_par' dir='ltr' id='par_1_3' title="bbox 3425 296 3527 348">
     <span class='ocr_line' id='line_1_3' title="bbox 3425 296 3527 348; baseline 0 0"><span class='ocrx_word' id='word_1_3' title='bbox 3425 296 3527 348; x_wconf 78' lang='grc'>682</span> 
     </span>
    </p>
   </div>
   <div class='ocr_carea' id='block_1_4' title="bbox 218 393 3526 480">
    <p class='ocr_par' dir='ltr' id='par_1_4' title="bbox 218 393 3526 480">
     <span class='ocr_line' id='line_1_4' title="bbox 218 393 3526 480; baseline 0.001 -29"><span class='ocrx_word' id='word_1_4' title='bbox 218 396 485 452; x_wconf 86' lang='lat' dir='ltr'>Dominis</span> <span class='ocrx_word' id='word_1_5' title='bbox 512 397 741 465; x_wconf 82' lang='lat' dir='ltr'>sanctis,</span> <span class='ocrx_word' id='word_1_6' title='bbox 764 400 821 451; x_wconf 90' lang='lat' dir='ltr'>et</span> <span class='ocrx_word' id='word_1_7' title='bbox 844 397 1159 468; x_wconf 87' lang='lat' dir='ltr'>apostolica</span> <span class='ocrx_word' id='word_1_8' title='bbox 1190 396 1324 451; x_wconf 89' lang='lat' dir='ltr'>sede</span> <span class='ocrx_word' id='word_1_9' title='bbox 1357 395 1715 467; x_wconf 83' lang='lat' dir='ltr'>dignissimis</span> <span class='ocrx_word' id='word_1_10' title='bbox 1732 395 1791 449; x_wconf 88' lang='lat' dir='ltr'>in</span> <span class='ocrx_word' id='word_1_11' title='bbox 1811 408 1872 480; x_wconf 78' lang='grc' dir='ltr'><strong>Α</strong></span> <span class='ocrx_word' id='word_1_12' title='bbox 1892 411 2089 467; x_wconf 69' lang='lat' dir='ltr'>prome</span> <span class='ocrx_word' id='word_1_13' title='bbox 2111 395 2323 449; x_wconf 90' lang='lat' dir='ltr'>mentis</span> <span class='ocrx_word' id='word_1_14' title='bbox 2336 393 2523 450; x_wconf 89' lang='lat' dir='ltr'>studio</span> <span class='ocrx_word' id='word_1_15' title='bbox 2545 394 2807 466; x_wconf 84' lang='lat' dir='ltr'>cogitans</span> <span class='ocrx_word' id='word_1_16' title='bbox 2831 396 3008 450; x_wconf 87' lang='lat' dir='ltr'>etiam</span> <span class='ocrx_word' id='word_1_17' title='bbox 3036 396 3106 450; x_wconf 90' lang='lat' dir='ltr'>de</span> <span class='ocrx_word' id='word_1_18' title='bbox 3128 397 3371 454; x_wconf 88' lang='lat' dir='ltr'>aliarum</span> <span class='ocrx_word' id='word_1_19' title='bbox 3392 417 3526 471; x_wconf 87' lang='lat' dir='ltr'>pro-</span> 
     </span>
    </p>
   </div>
   <div class='ocr_carea' id='block_1_5' title="bbox 141 489 1792 563">
    <p class='ocr_par' dir='ltr' id='par_1_5' title="bbox 141 489 1792 563">
     <span class='ocr_line' id='line_1_5' title="bbox 141 489 1792 563; baseline -0.002 -16"><span class='ocrx_word' id='word_1_20' title='bbox 141 492 378 547; x_wconf 87' lang='lat' dir='ltr'>Christo</span> <span class='ocrx_word' id='word_1_21' title='bbox 424 491 702 563; x_wconf 87' lang='lat' dir='ltr'>patribus,</span> <span class='ocrx_word' id='word_1_22' title='bbox 761 492 1029 546; x_wconf 90' lang='lat' dir='ltr'>omnibus</span> <span class='ocrx_word' id='word_1_23' title='bbox 1084 490 1364 562; x_wconf 86' lang='lat' dir='ltr'>episcopis</span> <span class='ocrx_word' id='word_1_24' title='bbox 1421 489 1792 561; x_wconf 80' lang='lat' dir='ltr'>Radegundis</span> 
     </span>
    </p>
   </div>
   <div class='ocr_carea' id='block_1_6' title="bbox 187 581 461 636">
    <p class='ocr_par' dir='ltr' id='par_1_6' title="bbox 187 581 461 636">
     <span class='ocr_line' id='line_1_6' title="bbox 187 581 461 636; baseline -0.004 0"><span class='ocrx_word' id='word_1_25' title='bbox 187 581 461 636; x_wconf 84' lang='lat' dir='ltr'>eecatrix.</span> 
     </span>
    </p>
   </div>
   <div class='ocr_carea' id='block_1_7' title="bbox 140 598 1789 746">
    <p class='ocr_par' dir='ltr' id='par_1_7' title="bbox 140 598 1789 746">
     <span class='ocr_line' id='line_1_7' title="bbox 140 598 461 652; baseline -0.003 -16"><span class='ocrx_word' id='word_1_26' title='bbox 140 598 461 652; x_wconf 70' lang='lat' dir='ltr'>peccatrix.</span> 
     </span>
     <span class='ocr_line' id='line_1_8' title="bbox 220 671 1789 746; baseline -0.004 -15"><span class='ocrx_word' id='word_1_27' title='bbox 220 678 510 746; x_wconf 67' lang='lat' dir='ltr'>Congrum</span> <span class='ocrx_word' id='word_1_28' title='bbox 540 674 879 746; x_wconf 90' lang='lat' dir='ltr'>provisionis</span> <span class='ocrx_word' id='word_1_29' title='bbox 898 678 1034 729; x_wconf 81' lang='lat' dir='ltr'>tunc</span> <span class='ocrx_word' id='word_1_30' title='bbox 1054 673 1397 729; x_wconf 90' lang='lat' dir='ltr'>roboraliter</span> <span class='ocrx_word' id='word_1_31' title='bbox 1416 672 1491 727; x_wconf 89' lang='lat' dir='ltr'>ad</span> <span class='ocrx_word' id='word_1_32' title='bbox 1519 671 1789 727; x_wconf 82' lang='lat' dir='ltr'>effectum</span> 
     </span>
    </p>
   </div>
   <div class='ocr_carea' id='block_1_8' title="bbox 142 765 1797 840">
    <p class='ocr_par' dir='ltr' id='par_1_8' title="bbox 142 765 1797 840">
     <span class='ocr_line' id='line_1_9' title="bbox 142 765 1797 840; baseline -0.002 -17"><span class='ocrx_word' id='word_1_33' title='bbox 142 769 339 824; x_wconf 88' lang='lat' dir='ltr'>tendit</span> <span class='ocrx_word' id='word_1_34' title='bbox 359 769 677 835; x_wconf 80' lang='lat' dir='ltr'>exordium,</span> <span class='ocrx_word' id='word_1_35' title='bbox 694 786 826 824; x_wconf 90' lang='lat' dir='ltr'>cum</span> <span class='ocrx_word' id='word_1_36' title='bbox 843 768 1211 840; x_wconf 81' lang='lat' dir='ltr'>generalibus</span> <span class='ocrx_word' id='word_1_37' title='bbox 1223 767 1502 839; x_wconf 87' lang='lat' dir='ltr'>patribus,</span> <span class='ocrx_word' id='word_1_38' title='bbox 1528 765 1797 832; x_wconf 61' lang='lat' dir='ltr'>medicis;</span> 
     </span>
    </p>
   </div>
   <div class='ocr_carea' id='block_1_9' title="bbox 142 860 1791 935">
    <p class='ocr_par' dir='ltr' id='par_1_9' title="bbox 142 860 1791 935">
     <span class='ocr_line' id='line_1_10' title="bbox 142 860 1791 935; baseline -0.004 -17"><span class='ocrx_word' id='word_1_39' title='bbox 142 881 215 918; x_wconf 86' lang='lat' dir='ltr'>ac</span> <span class='ocrx_word' id='word_1_40' title='bbox 259 864 606 935; x_wconf 80' lang='lat' dir='ltr'>pastoribus,</span> <span class='ocrx_word' id='word_1_41' title='bbox 649 863 809 918; x_wconf 80' lang='lat' dir='ltr'>ovilis</span> <span class='ocrx_word' id='word_1_42' title='bbox 850 863 955 917; x_wconf 86' lang='lat' dir='ltr'>sibi</span> <span class='ocrx_word' id='word_1_43' title='bbox 1000 861 1291 916; x_wconf 89' lang='lat' dir='ltr'>commissi</span> <span class='ocrx_word' id='word_1_44' title='bbox 1331 877 1501 916; x_wconf 88' lang='lat' dir='ltr'>causa</span> <span class='ocrx_word' id='word_1_45' title='bbox 1558 860 1791 913; x_wconf 84' lang='lat' dir='ltr'>auribus</span> 
     </span>
    </p>
   </div>
   <div class='ocr_carea' id='block_1_10' title="bbox 144 955 1788 1028">
    <p class='ocr_par' dir='ltr' id='par_1_10' title="bbox 144 955 1788 1028">
     <span class='ocr_line' id='line_1_11' title="bbox 144 955 1788 1028; baseline -0.003 -17"><span class='ocrx_word' id='word_1_46' title='bbox 144 958 420 1023; x_wconf 79' lang='lat' dir='ltr'>traditur,</span> <span class='ocrx_word' id='word_1_47' title='bbox 445 973 763 1028; x_wconf 88' lang='lat' dir='ltr'>eorumque</span> <span class='ocrx_word' id='word_1_48' title='bbox 786 956 1043 1011; x_wconf 86' lang='lat' dir='ltr'>sensibus</span> <span class='ocrx_word' id='word_1_49' title='bbox 1072 955 1788 1025; x_wconf 87' lang='lat' dir='ltr'>commendatur,quorum</span> 
     </span>
    </p>
   </div>
   <div class='ocr_carea' id='block_1_11' title="bbox 142 1047 1791 1123">
    <p class='ocr_par' dir='ltr' id='par_1_11' title="bbox 142 1047 1791 1123">
     <span class='ocr_line' id='line_1_12' title="bbox 142 1047 1791 1123; baseline -0.004 -17"><span class='ocrx_word' id='word_1_50' title='bbox 142 1051 516 1123; x_wconf 86' lang='lat' dir='ltr'>participatio</span> <span class='ocrx_word' id='word_1_51' title='bbox 548 1051 620 1105; x_wconf 87' lang='lat' dir='ltr'>de</span> <span class='ocrx_word' id='word_1_52' title='bbox 642 1051 921 1105; x_wconf 87' lang='lat' dir='ltr'>charitate</span> <span class='ocrx_word' id='word_1_53' title='bbox 945 1050 1271 1115; x_wconf 89' lang='lat' dir='ltr'>consilium,</span> <span class='ocrx_word' id='word_1_54' title='bbox 1294 1050 1363 1103; x_wconf 93' lang='lat' dir='ltr'>de</span> <span class='ocrx_word' id='word_1_55' title='bbox 1382 1050 1667 1120; x_wconf 83' lang='lat' dir='ltr'>potestate</span> <span class='ocrx_word' id='word_1_56' title='bbox 1681 1047 1791 1101; x_wconf 87' lang='lat' dir='ltr'>suf-</span> 
     </span>
    </p>
   </div>
   <div class='ocr_carea' id='block_1_12' title="bbox 144 1142 1787 1217">
    <p class='ocr_par' dir='ltr' id='par_1_12' title="bbox 144 1142 1787 1217">
     <span class='ocr_line' id='line_1_13' title="bbox 144 1142 1787 1217; baseline -0.004 -17"><span class='ocrx_word' id='word_1_57' title='bbox 144 1145 504 1217; x_wconf 87' lang='lat' dir='ltr'>fragium,de</span> <span class='ocrx_word' id='word_1_58' title='bbox 526 1144 786 1201; x_wconf 88' lang='lat' dir='ltr'>oratione</span> <span class='ocrx_word' id='word_1_59' title='bbox 810 1145 1136 1199; x_wconf 86' lang='lat' dir='ltr'>ministrare</span> <span class='ocrx_word' id='word_1_60' title='bbox 1154 1142 1787 1215; x_wconf 89' lang='lat' dir='ltr'>poteritinterventum.</span> 
     </span>
    </p>
   </div>
   <div class='ocr_carea' id='block_1_13' title="bbox 142 1236 1792 1311">
    <p class='ocr_par' dir='ltr' id='par_1_13' title="bbox 142 1236 1792 1311">
     <span class='ocr_line' id='line_1_14' title="bbox 142 1236 1792 1311; baseline -0.002 -17"><span class='ocrx_word' id='word_1_61' title='bbox 142 1241 217 1294; x_wconf 87' lang='lat' dir='ltr'>Et</span> <span class='ocrx_word' id='word_1_62' title='bbox 244 1239 522 1311; x_wconf 88' lang='lat' dir='ltr'>quoniam</span> <span class='ocrx_word' id='word_1_63' title='bbox 552 1238 689 1294; x_wconf 89' lang='lat' dir='ltr'>olim</span> <span class='ocrx_word' id='word_1_64' title='bbox 715 1238 913 1293; x_wconf 85' lang='lat' dir='ltr'>vinclis</span> <span class='ocrx_word' id='word_1_65' title='bbox 955 1237 1247 1292; x_wconf 90' lang='lat' dir='ltr'>laicalibus</span> <span class='ocrx_word' id='word_1_66' title='bbox 1292 1237 1573 1304; x_wconf 89' lang='lat' dir='ltr'>absoluta,</span> <span class='ocrx_word' id='word_1_67' title='bbox 1598 1236 1792 1291; x_wconf 87' lang='lat' dir='ltr'>divina</span> 
     </span>
    </p>
   </div>
   <div class='ocr_carea' id='block_1_14' title="bbox 145 1330 1794 1405">
    <p class='ocr_par' dir='ltr' id='par_1_14' title="bbox 145 1330 1794 1405">
     <span class='ocr_line' id='line_1_15' title="bbox 145 1330 1794 1405; baseline -0.001 -18"><span class='ocrx_word' id='word_1_68' title='bbox 145 1333 491 1405; x_wconf 83' lang='lat' dir='ltr'>providente</span> <span class='ocrx_word' id='word_1_69' title='bbox 507 1332 894 1404; x_wconf 89' lang='lat' dir='ltr'>etinspirante</span> <span class='ocrx_word' id='word_1_70' title='bbox 913 1332 1244 1400; x_wconf 89' lang='lat' dir='ltr'>clementia,</span> <span class='ocrx_word' id='word_1_71' title='bbox 1260 1331 1336 1386; x_wconf 89' lang='lat' dir='ltr'>ad</span> <span class='ocrx_word' id='word_1_72' title='bbox 1356 1330 1650 1402; x_wconf 85' lang='lat' dir='ltr'>religionis</span> <span class='ocrx_word' id='word_1_73' title='bbox 1664 1347 1794 1385; x_wconf 90' lang='lat' dir='ltr'>nor-</span> 
     </span>
    </p>
   </div>
   <div class='ocr_carea' id='block_1_15' title="bbox 146 1425 1791 1491">
    <p class='ocr_par' dir='ltr' id='par_1_15' title="bbox 146 1425 1791 1491">
     <span class='ocr_line' id='line_1_16' title="bbox 146 1425 1791 1491; baseline -0.002 -10"><span class='ocrx_word' id='word_1_74' title='bbox 146 1444 312 1482; x_wconf 88' lang='lat' dir='ltr'>mam</span> <span class='ocrx_word' id='word_1_75' title='bbox 328 1428 446 1482; x_wconf 80' lang='lat' dir='ltr'>visa</span> <span class='ocrx_word' id='word_1_76' title='bbox 469 1444 597 1482; x_wconf 91' lang='lat' dir='ltr'>sum</span> <span class='ocrx_word' id='word_1_77' title='bbox 624 1426 945 1483; x_wconf 83' lang='lat' dir='ltr'>voluntarie</span> <span class='ocrx_word' id='word_1_78' title='bbox 974 1426 1117 1481; x_wconf 93' lang='lat' dir='ltr'>duce</span> <span class='ocrx_word' id='word_1_79' title='bbox 1145 1425 1368 1481; x_wconf 85' lang='lat' dir='ltr'>Christo</span> <span class='ocrx_word' id='word_1_80' title='bbox 1391 1426 1695 1491; x_wconf 87' lang='lat' dir='ltr'>translata;</span> <span class='ocrx_word' id='word_1_81' title='bbox 1725 1440 1791 1479; x_wconf 87' lang='lat' dir='ltr'>ac</span> 
     </span>
    </p>
   </div>
   <div class='ocr_carea' id='block_1_16' title="bbox 221 1569 1790 1639">
    <p class='ocr_par' dir='ltr' id='par_1_16' title="bbox 221 1569 1790 1639">
     <span class='ocr_line' id='line_1_17' title="bbox 221 1569 1790 1639; baseline -0.004 -10"><span class='ocrx_word' id='word_1_82' title='bbox 221 1573 248 1602; x_wconf 81' lang='grc'><strong>⁸</strong></span> <span class='ocrx_word' id='word_1_83' title='bbox 275 1575 451 1630; x_wconf 89' lang='lat' dir='ltr'>Soror</span> <span class='ocrx_word' id='word_1_84' title='bbox 477 1572 661 1628; x_wconf 87' lang='lat' dir='ltr'>sancti</span> <span class='ocrx_word' id='word_1_85' title='bbox 680 1570 944 1627; x_wconf 68' lang='lat' dir='ltr'>Ctesarii:</span> <span class='ocrx_word' id='word_1_86' title='bbox 981 1573 1080 1625; x_wconf 89' lang='lat' dir='ltr'>aut</span> <span class='ocrx_word' id='word_1_87' title='bbox 1108 1572 1261 1624; x_wconf 89' lang='lat' dir='ltr'>certe</span> <span class='ocrx_word' id='word_1_88' title='bbox 1276 1569 1477 1639; x_wconf 89' lang='lat' dir='ltr'>junior</span> <span class='ocrx_word' id='word_1_89' title='bbox 1501 1570 1703 1635; x_wconf 87' lang='lat' dir='ltr'>altera,</span> <span class='ocrx_word' id='word_1_90' title='bbox 1747 1569 1790 1623; x_wconf 89' lang='lat' dir='ltr'>si</span> 
     </span>
    </p>
   </div>
   <div class='ocr_carea' id='block_1_17' title="bbox 142 1640 1790 1716">
    <p class='ocr_par' dir='ltr' id='par_1_17' title="bbox 142 1640 1790 1716">
     <span class='ocr_line' id='line_1_18' title="bbox 142 1640 1790 1716; baseline -0.004 -15"><span class='ocrx_word' id='word_1_91' title='bbox 142 1648 299 1716; x_wconf 82' lang='lat' dir='ltr'>degit</span> <span class='ocrx_word' id='word_1_92' title='bbox 318 1648 494 1715; x_wconf 83' lang='lat' dir='ltr'>legas.</span> <span class='ocrx_word' id='word_1_93' title='bbox 512 1646 644 1699; x_wconf 66' lang='lat' dir='ltr'>Duae</span> <span class='ocrx_word' id='word_1_94' title='bbox 662 1642 945 1716; x_wconf 89' lang='lat' dir='ltr'>siquidem</span> <span class='ocrx_word' id='word_1_95' title='bbox 967 1640 1496 1716; x_wconf 71' lang='lat' dir='ltr'>ejusdemnominis</span> <span class='ocrx_word' id='word_1_96' title='bbox 1510 1644 1568 1694; x_wconf 92' lang='lat' dir='ltr'>et</span> <span class='ocrx_word' id='word_1_97' title='bbox 1586 1657 1790 1695; x_wconf 91' lang='lat' dir='ltr'>mune-</span> 
     </span>
    </p>
   </div>
   <div class='ocr_carea' id='block_1_18' title="bbox 147 1712 1789 1780">
    <p class='ocr_par' dir='ltr' id='par_1_18' title="bbox 147 1712 1789 1780">
     <span class='ocr_line' id='line_1_19' title="bbox 147 1712 1789 1780; baseline -0.005 -8"><span class='ocrx_word' id='word_1_98' title='bbox 147 1712 237 1772; x_wconf 75' lang='lat' dir='ltr'>ris</span> <span class='ocrx_word' id='word_1_99' title='bbox 266 1712 527 1772; x_wconf 45' lang='lat' dir='ltr'>Caes—arias</span> <span class='ocrx_word' id='word_1_100' title='bbox 568 1712 819 1769; x_wconf 73' lang='lat' dir='ltr'>fuerunt.</span> <span class='ocrx_word' id='word_1_101' title='bbox 854 1715 977 1768; x_wconf 89' lang='lat' dir='ltr'>Una</span> <span class='ocrx_word' id='word_1_102' title='bbox 1005 1712 1185 1767; x_wconf 88' lang='lat' dir='ltr'>sancti</span> <span class='ocrx_word' id='word_1_103' title='bbox 1213 1712 1441 1767; x_wconf 81' lang='lat' dir='ltr'>Caesarii</span> <span class='ocrx_word' id='word_1_104' title='bbox 1486 1727 1789 1780; x_wconf 84' lang='lat' dir='ltr'>germana,</span> 
     </span>
    </p>
   </div>
   <div class='ocr_carea' id='block_1_19' title="bbox 144 1782 1792 1870">
    <p class='ocr_par' dir='ltr' id='par_1_19' title="bbox 144 1782 1792 1870">
     <span class='ocr_line' id='line_1_20' title="bbox 144 1782 1792 1870; baseline -0.004 -27"><span class='ocrx_word' id='word_1_105' title='bbox 144 1806 329 1870; x_wconf 80' lang='lat' dir='ltr'>quam</span> <span class='ocrx_word' id='word_1_106' title='bbox 360 1787 638 1870; x_wconf 70' lang='lat' dir='ltr'>Caesarius</span> <span class='ocrx_word' id='word_1_107' title='bbox 659 1788 838 1866; x_wconf 77' lang='lat' dir='ltr'>frater</span> <span class='ocrx_word' id='word_1_108' title='bbox 858 1784 1091 1870; x_wconf 72' lang='lat' dir='ltr'>condito</span> <span class='ocrx_word' id='word_1_109' title='bbox 1109 1802 1141 1838; x_wconf 89' lang='lat' dir='ltr'>a</span> <span class='ocrx_word' id='word_1_110' title='bbox 1162 1801 1221 1837; x_wconf 86' lang='lat' dir='ltr'>se</span> <span class='ocrx_word' id='word_1_111' title='bbox 1244 1782 1598 1870; x_wconf 78' lang='lat' dir='ltr'>monasterio</span> <span class='ocrx_word' id='word_1_112' title='bbox 1621 1783 1792 1863; x_wconf 80' lang='lat' dir='ltr'>abba-</span> 
     </span>
    </p>
   </div>
   <div class='ocr_carea' id='block_1_20' title="bbox 144 1854 1793 1934">
    <p class='ocr_par' dir='ltr' id='par_1_20' title="bbox 144 1854 1793 1934">
     <span class='ocr_line' id='line_1_21' title="bbox 144 1854 1793 1934; baseline -0.005 -20"><span class='ocrx_word' id='word_1_113' title='bbox 144 1854 349 1934; x_wconf 83' lang='lat' dir='ltr'>tissam</span> <span class='ocrx_word' id='word_1_114' title='bbox 372 1857 851 1934; x_wconf 65' lang='lat' dir='ltr'>praafecit,ei_que</span> <span class='ocrx_word' id='word_1_115' title='bbox 881 1857 1166 1934; x_wconf 76' lang='lat' dir='ltr'>regulam,</span> <span class='ocrx_word' id='word_1_116' title='bbox 1203 1854 1306 1909; x_wconf 92' lang='lat' dir='ltr'>sub</span> <span class='ocrx_word' id='word_1_117' title='bbox 1348 1871 1461 1925; x_wconf 90' lang='lat' dir='ltr'>qua</span> <span class='ocrx_word' id='word_1_118' title='bbox 1506 1870 1639 1934; x_wconf 80' lang='lat' dir='ltr'>c_um_</span> <span class='ocrx_word' id='word_1_119' title='bbox 1676 1854 1793 1907; x_wconf 88' lang='lat' dir='ltr'>suis</span> 
     </span>
    </p>
   </div>
   <div class='ocr_carea' id='block_1_21' title="bbox 146 1925 1792 1999">
    <p class='ocr_par' dir='ltr' id='par_1_21' title="bbox 146 1925 1792 1999">
     <span class='ocr_line' id='line_1_22' title="bbox 146 1925 1792 1999; baseline -0.004 -15"><span class='ocrx_word' id='word_1_120' title='bbox 146 1925 389 1999; x_wconf 65' lang='lat' dir='ltr'>viveret,</span> <span class='ocrx_word' id='word_1_121' title='bbox 430 1928 695 1985; x_wconf 88' lang='lat' dir='ltr'>instituit.</span> <span class='ocrx_word' id='word_1_122' title='bbox 726 1925 1016 1983; x_wconf 72' lang='lat' dir='ltr'>Posterior</span> <span class='ocrx_word' id='word_1_123' title='bbox 1055 1928 1257 1995; x_wconf 88' lang='lat' dir='ltr'>altera,</span> <span class='ocrx_word' id='word_1_124' title='bbox 1297 1942 1425 1996; x_wconf 67' lang='lat' dir='ltr'>quae</span> <span class='ocrx_word' id='word_1_125' title='bbox 1465 1925 1665 1996; x_wconf 88' lang='lat' dir='ltr'>priori,</span> <span class='ocrx_word' id='word_1_126' title='bbox 1705 1942 1792 1978; x_wconf 88' lang='lat' dir='ltr'>su-</span> 
     </span>
    </p>
   </div>
   <div class='ocr_carea' id='block_1_22' title="bbox 1892 488 3527 557">
    <p class='ocr_par' dir='ltr' id='par_1_22' title="bbox 1892 488 3527 557">
     <span class='ocr_line' id='line_1_23' title="bbox 1892 488 3527 557; baseline 0.004 -15"><span class='ocrx_word' id='word_1_127' title='bbox 1892 488 2161 557; x_wconf 83' lang='lat' dir='ltr'>fectibus,</span> <span class='ocrx_word' id='word_1_128' title='bbox 2196 492 2259 541; x_wconf 92' lang='lat' dir='ltr'>ut</span> <span class='ocrx_word' id='word_1_129' title='bbox 2290 493 2588 542; x_wconf 85' lang='lat' dir='ltr'>annuente</span> <span class='ocrx_word' id='word_1_130' title='bbox 2613 489 2853 544; x_wconf 89' lang='lat' dir='ltr'>domino</span> <span class='ocrx_word' id='word_1_131' title='bbox 2878 506 3010 544; x_wconf 89' lang='lat' dir='ltr'>mea</span> <span class='ocrx_word' id='word_1_132' title='bbox 3028 490 3315 547; x_wconf 88' lang='lat' dir='ltr'>desideria</span> <span class='ocrx_word' id='word_1_133' title='bbox 3340 494 3527 549; x_wconf 86' lang='lat' dir='ltr'>efﬁce-</span> 
     </span>
    </p>
   </div>
   <div class='ocr_carea' id='block_1_23' title="bbox 1891 582 3528 656">
    <p class='ocr_par' dir='ltr' id='par_1_23' title="bbox 1891 582 3528 656">
     <span class='ocr_line' id='line_1_24' title="bbox 1891 582 3528 656; baseline 0.004 -21"><span class='ocrx_word' id='word_1_134' title='bbox 1891 586 2093 636; x_wconf 87' lang='lat' dir='ltr'>rentur</span> <span class='ocrx_word' id='word_1_135' title='bbox 2118 582 2353 653; x_wconf 86' lang='lat' dir='ltr'>reliquis</span> <span class='ocrx_word' id='word_1_136' title='bbox 2367 583 2687 653; x_wconf 85' lang='lat' dir='ltr'>profutura,</span> <span class='ocrx_word' id='word_1_137' title='bbox 2710 584 3045 639; x_wconf 87' lang='lat' dir='ltr'>instituente</span> <span class='ocrx_word' id='word_1_138' title='bbox 3068 588 3241 656; x_wconf 88' lang='lat' dir='ltr'>atque</span> <span class='ocrx_word' id='word_1_139' title='bbox 3262 603 3528 642; x_wconf 90' lang='lat' dir='ltr'>remune-</span> 
     </span>
    </p>
   </div>
   <div class='ocr_carea' id='block_1_24' title="bbox 1890 677 3529 749">
    <p class='ocr_par' dir='ltr' id='par_1_24' title="bbox 1890 677 3529 749">
     <span class='ocr_line' id='line_1_25' title="bbox 1890 677 3529 749; baseline 0.004 -19"><span class='ocrx_word' id='word_1_140' title='bbox 1890 679 2054 730; x_wconf 88' lang='lat' dir='ltr'>rante</span> <span class='ocrx_word' id='word_1_141' title='bbox 2082 677 2610 746; x_wconf 65' lang='lat' dir='ltr'>praecellentissimo</span> <span class='ocrx_word' id='word_1_142' title='bbox 2637 678 2855 733; x_wconf 91' lang='lat' dir='ltr'>domno</span> <span class='ocrx_word' id='word_1_143' title='bbox 2878 695 3015 749; x_wconf 86' lang='lat' dir='ltr'>rege</span> <span class='ocrx_word' id='word_1_144' title='bbox 3035 679 3305 747; x_wconf 86' lang='lat' dir='ltr'>Clotario,</span> <span class='ocrx_word' id='word_1_145' title='bbox 3329 697 3529 736; x_wconf 89' lang='lat' dir='ltr'>mona-</span> 
     </span>
    </p>
   </div>
   <div class='ocr_carea' id='block_1_25' title="bbox 1891 769 3530 841">
    <p class='ocr_par' dir='ltr' id='par_1_25' title="bbox 1891 769 3530 841">
     <span class='ocr_line' id='line_1_26' title="bbox 1891 769 3530 841; baseline 0.004 -18"><span class='ocrx_word' id='word_1_146' title='bbox 1891 769 2128 824; x_wconf 89' lang='lat' dir='ltr'>sterium</span> <span class='ocrx_word' id='word_1_147' title='bbox 2149 770 2470 840; x_wconf 89' lang='lat' dir='ltr'>puellarum</span> <span class='ocrx_word' id='word_1_148' title='bbox 2487 771 2714 826; x_wconf 87' lang='lat' dir='ltr'>Pictava</span> <span class='ocrx_word' id='word_1_149' title='bbox 2734 772 2874 826; x_wconf 87' lang='lat' dir='ltr'>urbe</span> <span class='ocrx_word' id='word_1_150' title='bbox 2896 772 3184 841; x_wconf 88' lang='lat' dir='ltr'>constitui,</span> <span class='ocrx_word' id='word_1_151' title='bbox 3208 774 3530 829; x_wconf 84' lang='lat' dir='ltr'>conditum-</span> 
     </span>
    </p>
   </div>
   <div class='ocr_carea' id='block_1_26' title="bbox 1892 864 3523 939">
    <p class='ocr_par' dir='ltr' id='par_1_26' title="bbox 1892 864 3523 939">
     <span class='ocr_line' id='line_1_27' title="bbox 1892 864 3523 939; baseline 0.003 -22"><span class='ocrx_word' id='word_1_152' title='bbox 1892 880 2023 935; x_wconf 87' lang='lat' dir='ltr'>que,</span> <span class='ocrx_word' id='word_1_153' title='bbox 2056 866 2336 934; x_wconf 89' lang='lat' dir='ltr'>quantum</span> <span class='ocrx_word' id='word_1_154' title='bbox 2357 864 2913 920; x_wconf 82' lang='lat' dir='ltr'>mihimuniﬁcentia</span> <span class='ocrx_word' id='word_1_155' title='bbox 2943 866 3156 937; x_wconf 80' lang='lat' dir='ltr'>regalis</span> <span class='ocrx_word' id='word_1_156' title='bbox 3183 870 3270 921; x_wconf 88' lang='lat' dir='ltr'>est</span> <span class='ocrx_word' id='word_1_157' title='bbox 3292 867 3523 939; x_wconf 85' lang='lat' dir='ltr'>largita,</span> 
     </span>
    </p>
   </div>
   <div class='ocr_carea' id='block_1_27' title="bbox 1890 957 3527 1033">
    <p class='ocr_par' dir='ltr' id='par_1_27' title="bbox 1890 957 3527 1033">
     <span class='ocr_line' id='line_1_28' title="bbox 1890 957 3527 1033; baseline 0.001 -20"><span class='ocrx_word' id='word_1_158' title='bbox 1890 959 2043 1013; x_wconf 83' lang='lat' dir='ltr'>facta</span> <span class='ocrx_word' id='word_1_159' title='bbox 2068 957 2381 1012; x_wconf 86' lang='lat' dir='ltr'>donatione</span> <span class='ocrx_word' id='word_1_160' title='bbox 2415 958 2627 1013; x_wconf 85' lang='lat' dir='ltr'>dotavi.</span> <span class='ocrx_word' id='word_1_161' title='bbox 2668 960 2903 1031; x_wconf 85' lang='lat' dir='ltr'>Insuper</span> <span class='ocrx_word' id='word_1_162' title='bbox 2941 960 3380 1032; x_wconf 81' lang='lat' dir='ltr'>congregationi</span> <span class='ocrx_word' id='word_1_163' title='bbox 3423 978 3527 1033; x_wconf 90' lang='lat' dir='ltr'>per</span> 
     </span>
    </p>
   </div>
   <div class='ocr_carea' id='block_1_28' title="bbox 1892 1051 3527 1127">
    <p class='ocr_par' dir='ltr' id='par_1_28' title="bbox 1892 1051 3527 1127">
     <span class='ocr_line' id='line_1_29' title="bbox 1892 1051 3527 1127; baseline 0.003 -22"><span class='ocrx_word' id='word_1_164' title='bbox 1892 1068 1988 1105; x_wconf 92' lang='lat' dir='ltr'>me</span> <span class='ocrx_word' id='word_1_165' title='bbox 2025 1051 2248 1107; x_wconf 85' lang='lat' dir='ltr'>Christo</span> <span class='ocrx_word' id='word_1_166' title='bbox 2290 1055 2594 1123; x_wconf 84' lang='lat' dir='ltr'>praestante</span> <span class='ocrx_word' id='word_1_167' title='bbox 2633 1054 2885 1108; x_wconf 64' lang='lat' dir='ltr'>collecta:</span> <span class='ocrx_word' id='word_1_168' title='bbox 2926 1055 3184 1125; x_wconf 88' lang='lat' dir='ltr'>regulam</span> <span class='ocrx_word' id='word_1_169' title='bbox 3208 1098 3222 1123; x_wconf 93' lang='lat'>,</span> <span class='ocrx_word' id='word_1_170' title='bbox 3266 1055 3369 1110; x_wconf 89' lang='lat' dir='ltr'>sub</span> <span class='ocrx_word' id='word_1_171' title='bbox 3414 1072 3527 1127; x_wconf 86' lang='lat' dir='ltr'>qua</span> 
     </span>
    </p>
   </div>
   <div class='ocr_carea' id='block_1_29' title="bbox 1892 1144 2776 1215">
    <p class='ocr_par' dir='ltr' id='par_1_29' title="bbox 1892 1144 2776 1215">
     <span class='ocr_line' id='line_1_30' title="bbox 1892 1144 2776 1215; baseline 0.002 -16"><span class='ocrx_word' id='word_1_172' title='bbox 1892 1148 2089 1200; x_wconf 88' lang='lat' dir='ltr'>sancta</span> <span class='ocrx_word' id='word_1_173' title='bbox 2117 1146 2362 1201; x_wconf 72' lang='lat' dir='ltr'>Czesaria</span> <span class='ocrx_word' id='word_1_174' title='bbox 2389 1144 2644 1215; x_wconf 75' lang='lat' dir='ltr'>deguit‘,</span> <span class='ocrx_word' id='word_1_175' title='bbox 2669 1150 2776 1201; x_wconf 88' lang='lat' dir='ltr'>etc.</span> 
     </span>
    </p>
   </div>
   <div class='ocr_carea' id='block_1_30' title="bbox 1962 1240 3528 1310">
    <p class='ocr_par' dir='ltr' id='par_1_30' title="bbox 1962 1240 3528 1310">
     <span class='ocr_line' id='line_1_31' title="bbox 1962 1240 3528 1310; baseline 0.001 -16"><span class='ocrx_word' id='word_1_176' title='bbox 1962 1241 2192 1309; x_wconf 79' lang='lat' dir='ltr'>Reliqua</span> <span class='ocrx_word' id='word_1_177' title='bbox 2236 1240 2437 1294; x_wconf 77' lang='lat' dir='ltr'>videsis</span> <span class='ocrx_word' id='word_1_178' title='bbox 2492 1245 2616 1294; x_wconf 86' lang='lat' dir='ltr'>tom.</span> <span class='ocrx_word' id='word_1_179' title='bbox 2662 1242 2899 1310; x_wconf 71' lang='lat' dir='ltr'>praeced.</span> <span class='ocrx_word' id='word_1_180' title='bbox 2942 1244 3043 1297; x_wconf 83' lang='lat' dir='ltr'>col.</span> <span class='ocrx_word' id='word_1_181' title='bbox 3098 1245 3222 1306; x_wconf 80' lang='lat'>522,</span> <span class='ocrx_word' id='word_1_182' title='bbox 3270 1243 3366 1297; x_wconf 79' lang='lat' dir='ltr'>ubi</span> <span class='ocrx_word' id='word_1_183' title='bbox 3418 1243 3528 1298; x_wconf 70' lang='lat' dir='ltr'>haec</span> 
     </span>
    </p>
   </div>
   <div class='ocr_carea' id='block_1_31' title="bbox 1892 1332 3075 1403">
    <p class='ocr_par' dir='ltr' id='par_1_31' title="bbox 1892 1332 3075 1403">
     <span class='ocr_line' id='line_1_32' title="bbox 1892 1332 3075 1403; baseline 0.001 -15"><span class='ocrx_word' id='word_1_184' title='bbox 1892 1334 2119 1403; x_wconf 77' lang='lat' dir='ltr'>epistola</span> <span class='ocrx_word' id='word_1_185' title='bbox 2148 1350 2183 1387; x_wconf 89' lang='lat' dir='ltr'>a</span> <span class='ocrx_word' id='word_1_186' title='bbox 2207 1332 2461 1401; x_wconf 79' lang='lat' dir='ltr'>Gregorio</span> <span class='ocrx_word' id='word_1_187' title='bbox 2492 1336 2793 1389; x_wconf 81' lang='lat' dir='ltr'>Turonensi</span> <span class='ocrx_word' id='word_1_188' title='bbox 2816 1338 3075 1402; x_wconf 73' lang='lat' dir='ltr'>refertur.</span> 
     </span>
    </p>
   </div>
   <div class='ocr_carea' id='block_1_32' title="bbox 1893 1568 3524 1641">
    <p class='ocr_par' dir='ltr' id='par_1_32' title="bbox 1893 1568 3524 1641">
     <span class='ocr_line' id='line_1_33' title="bbox 1893 1568 3524 1641; baseline 0.003 -18"><span class='ocrx_word' id='word_1_189' title='bbox 1893 1568 2127 1641; x_wconf 88' lang='lat' dir='ltr'>perstite</span> <span class='ocrx_word' id='word_1_190' title='bbox 2154 1569 2341 1624; x_wconf 89' lang='lat' dir='ltr'>adhuc</span> <span class='ocrx_word' id='word_1_191' title='bbox 2367 1569 2611 1627; x_wconf 68' lang='lat' dir='ltr'>Cassario</span> <span class='ocrx_word' id='word_1_192' title='bbox 2640 1570 2945 1638; x_wconf 62' lang='lat' dir='ltr'>defunctae,</span> <span class='ocrx_word' id='word_1_193' title='bbox 2975 1571 3033 1624; x_wconf 91' lang='lat' dir='ltr'>in</span> <span class='ocrx_word' id='word_1_194' title='bbox 3062 1571 3363 1626; x_wconf 56' lang='lat' dir='ltr'>abbatissa</span> <span class='ocrx_word' id='word_1_195' title='bbox 3398 1589 3524 1628; x_wconf 91' lang='lat' dir='ltr'>mu-</span> 
     </span>
    </p>
   </div>
   <div class='ocr_carea' id='block_1_33' title="bbox 1894 1642 3529 1713">
    <p class='ocr_par' dir='ltr' id='par_1_33' title="bbox 1894 1642 3529 1713">
     <span class='ocr_line' id='line_1_34' title="bbox 1894 1642 3529 1713; baseline 0.003 -19"><span class='ocrx_word' id='word_1_196' title='bbox 1894 1657 2031 1695; x_wconf 88' lang='lat' dir='ltr'>nere</span> <span class='ocrx_word' id='word_1_197' title='bbox 2059 1642 2347 1708; x_wconf 88' lang='lat' dir='ltr'>successit,</span> <span class='ocrx_word' id='word_1_198' title='bbox 2373 1646 2436 1696; x_wconf 91' lang='lat' dir='ltr'>ut</span> <span class='ocrx_word' id='word_1_199' title='bbox 2456 1645 2654 1697; x_wconf 87' lang='lat' dir='ltr'>auctor</span> <span class='ocrx_word' id='word_1_200' title='bbox 2674 1645 2759 1695; x_wconf 90' lang='lat' dir='ltr'>est</span> <span class='ocrx_word' id='word_1_201' title='bbox 2779 1642 3094 1713; x_wconf 78' lang='lat' dir='ltr'>Cyprianus</span> <span class='ocrx_word' id='word_1_202' title='bbox 3116 1642 3174 1696; x_wconf 90' lang='lat' dir='ltr'>in</span> <span class='ocrx_word' id='word_1_203' title='bbox 3200 1644 3325 1698; x_wconf 90' lang='lat' dir='ltr'>Vita</span> <span class='ocrx_word' id='word_1_204' title='bbox 3346 1645 3529 1699; x_wconf 91' lang='lat' dir='ltr'>sancti</span> 
     </span>
    </p>
   </div>
   <div class='ocr_carea' id='block_1_34' title="bbox 1894 1713 3527 1786">
    <p class='ocr_par' dir='ltr' id='par_1_34' title="bbox 1894 1713 3527 1786">
     <span class='ocr_line' id='line_1_35' title="bbox 1894 1713 3527 1786; baseline 0.002 -20"><span class='ocrx_word' id='word_1_205' title='bbox 1894 1713 2143 1786; x_wconf 78' lang='lat' dir='ltr'>Caesarii,</span> <span class='ocrx_word' id='word_1_206' title='bbox 2170 1714 2623 1786; x_wconf 65' lang='lat' dir='ltr'>quamCaasariaz</span> <span class='ocrx_word' id='word_1_207' title='bbox 2644 1713 2812 1783; x_wconf 88' lang='lat' dir='ltr'>hujus</span> <span class='ocrx_word' id='word_1_208' title='bbox 2839 1717 3046 1784; x_wconf 87' lang='lat' dir='ltr'>rogatu</span> <span class='ocrx_word' id='word_1_209' title='bbox 3074 1716 3414 1786; x_wconf 88' lang='lat' dir='ltr'>composuit.</span> <span class='ocrx_word' id='word_1_210' title='bbox 3442 1716 3527 1770; x_wconf 84' lang='lat' dir='ltr'>Ab</span> 
     </span>
    </p>
   </div>
   <div class='ocr_carea' id='block_1_35' title="bbox 1894 1783 3524 1857">
    <p class='ocr_par' dir='ltr' id='par_1_35' title="bbox 1894 1783 3524 1857">
     <span class='ocr_line' id='line_1_36' title="bbox 1894 1783 3524 1857; baseline 0.004 -21"><span class='ocrx_word' id='word_1_211' title='bbox 1894 1783 1999 1837; x_wconf 86' lang='lat' dir='ltr'>hac</span> <span class='ocrx_word' id='word_1_212' title='bbox 2030 1784 2236 1857; x_wconf 85' lang='lat' dir='ltr'>eadem</span> <span class='ocrx_word' id='word_1_213' title='bbox 2252 1784 2624 1857; x_wconf 82' lang='lat' dir='ltr'>Radegundis</span> <span class='ocrx_word' id='word_1_214' title='bbox 2648 1785 2910 1857; x_wconf 88' lang='lat' dir='ltr'>regulam</span> <span class='ocrx_word' id='word_1_215' title='bbox 2922 1783 3172 1857; x_wconf 63' lang='lat' dir='ltr'>Caesarii,</span> <span class='ocrx_word' id='word_1_216' title='bbox 3202 1783 3377 1857; x_wconf 76' lang='lat' dir='ltr'>quam</span> <span class='ocrx_word' id='word_1_217' title='bbox 3401 1804 3524 1841; x_wconf 91' lang='lat' dir='ltr'>mo-</span> 
     </span>
    </p>
   </div>
   <div class='ocr_carea' id='block_1_36' title="bbox 1895 1855 3168 1926">
    <p class='ocr_par' dir='ltr' id='par_1_36' title="bbox 1895 1855 3168 1926">
     <span class='ocr_line' id='line_1_37' title="bbox 1895 1855 3168 1926; baseline 0.002 -18"><span class='ocrx_word' id='word_1_218' title='bbox 1895 1855 2142 1910; x_wconf 90' lang='lat' dir='ltr'>nasterio</span> <span class='ocrx_word' id='word_1_219' title='bbox 2174 1872 2276 1910; x_wconf 88' lang='lat' dir='ltr'>suo</span> <span class='ocrx_word' id='word_1_220' title='bbox 2300 1856 2574 1923; x_wconf 86' lang='lat' dir='ltr'>traderet,</span> <span class='ocrx_word' id='word_1_221' title='bbox 2604 1855 2836 1926; x_wconf 81' lang='lat' dir='ltr'>expetit.</span> <span class='ocrx_word' id='word_1_222' title='bbox 2862 1857 2980 1912; x_wconf 74' lang='lat' dir='ltr'>JAC.</span> <span class='ocrx_word' id='word_1_223' title='bbox 3015 1856 3168 1912; x_wconf 71' lang='lat' dir='ltr'>Sum.</span> 
     </span>
    </p>
   </div>
   <div class='ocr_carea' id='block_1_37' title="bbox 636 2231 3064 2397">
    <p class='ocr_par' dir='ltr' id='par_1_37' title="bbox 636 2231 3064 2397">
     <span class='ocr_line' id='line_1_38' title="bbox 636 2231 3064 2397; baseline -0 -30"><span class='ocrx_word' id='word_1_224' title='bbox 636 2239 1613 2369; x_wconf 79' lang='lat' dir='ltr'>DECRETUM</span> <span class='ocrx_word' id='word_1_225' title='bbox 1750 2231 3064 2397; x_wconf 79' lang='lat' dir='ltr'>EPISCOPORUM,</span> 
     </span>
    </p>
   </div>
   <div class='ocr_carea' id='block_1_38' title="bbox 756 2462 2916 2519">
    <p class='ocr_par' dir='ltr' id='par_1_38' title="bbox 756 2462 2916 2519">
     <span class='ocr_line' id='line_1_39' title="bbox 756 2462 2916 2519; baseline -0.002 -9"><span class='ocrx_word' id='word_1_226' title='bbox 756 2465 920 2519; x_wconf 84' lang='lat' dir='ltr'>QUOD</span> <span class='ocrx_word' id='word_1_227' title='bbox 966 2464 1274 2511; x_wconf 80' lang='lat' dir='ltr'>SUSCEPTA</span> <span class='ocrx_word' id='word_1_228' title='bbox 1317 2463 1534 2509; x_wconf 73' lang='lat' dir='ltr'>BEATE</span> <span class='ocrx_word' id='word_1_229' title='bbox 1573 2462 1963 2508; x_wconf 77' lang='lat' dir='ltr'>RADEGUNDIS</span> <span class='ocrx_word' id='word_1_230' title='bbox 2006 2462 2309 2509; x_wconf 77' lang='lat' dir='ltr'>EPISTOLA</span> <span class='ocrx_word' id='word_1_231' title='bbox 2354 2462 2916 2509; x_wconf 82' lang='lat' dir='ltr'>CONSCRlPSERUNT.</span> 
     </span>
    </p>
   </div>
   <div class='ocr_carea' id='block_1_39' title="bbox 219 2603 3196 2690">
    <p class='ocr_par' dir='ltr' id='par_1_39' title="bbox 219 2603 3196 2690">
     <span class='ocr_line' id='line_1_40' title="bbox 219 2603 3196 2690; baseline -0 -29"><span class='ocrx_word' id='word_1_232' title='bbox 219 2605 483 2661; x_wconf 65' lang='lat' dir='ltr'>Domina:</span> <span class='ocrx_word' id='word_1_233' title='bbox 516 2605 882 2675; x_wconf 76' lang='lat' dir='ltr'>beatissimae,</span> <span class='ocrx_word' id='word_1_234' title='bbox 903 2610 961 2661; x_wconf 93' lang='lat' dir='ltr'>et</span> <span class='ocrx_word' id='word_1_235' title='bbox 1007 2607 1067 2661; x_wconf 90' lang='lat' dir='ltr'>in</span> <span class='ocrx_word' id='word_1_236' title='bbox 1116 2605 1338 2661; x_wconf 88' lang='lat' dir='ltr'>Christo</span> <span class='ocrx_word' id='word_1_237' title='bbox 1378 2603 1629 2660; x_wconf 81' lang='lat' dir='ltr'>ecclesiae</span> <span class='ocrx_word' id='word_1_238' title='bbox 1659 2603 1789 2659; x_wconf 69' lang='lat' dir='ltr'>filia:</span> <span class='ocrx_word' id='word_1_239' title='bbox 1809 2618 1866 2690; x_wconf 79' lang='grc' dir='ltr'><strong>Β</strong></span> <span class='ocrx_word' id='word_1_240' title='bbox 1889 2621 2102 2660; x_wconf 60' lang='lat' dir='ltr'>mensa;</span> <span class='ocrx_word' id='word_1_241' title='bbox 2123 2604 2434 2661; x_wconf 89' lang='lat' dir='ltr'>divinitatis</span> <span class='ocrx_word' id='word_1_242' title='bbox 2465 2603 2761 2676; x_wconf 88' lang='lat' dir='ltr'>provisura</span> <span class='ocrx_word' id='word_1_243' title='bbox 2784 2604 3064 2672; x_wconf 89' lang='lat' dir='ltr'>remedia,</span> <span class='ocrx_word' id='word_1_244' title='bbox 3089 2607 3196 2660; x_wconf 88' lang='lat' dir='ltr'>etc.</span> 
     </span>
    </p>
   </div>
   <div class='ocr_carea' id='block_1_40' title="bbox 148 2700 1787 2771">
    <p class='ocr_par' dir='ltr' id='par_1_40' title="bbox 148 2700 1787 2771">
     <span class='ocr_line' id='line_1_41' title="bbox 148 2700 1787 2771; baseline -0.001 -17"><span class='ocrx_word' id='word_1_245' title='bbox 148 2700 525 2771; x_wconf 81' lang='lat' dir='ltr'>Radegundi,</span> <span class='ocrx_word' id='word_1_246' title='bbox 564 2701 954 2771; x_wconf 87' lang='lat' dir='ltr'>Euphronius,</span> <span class='ocrx_word' id='word_1_247' title='bbox 1006 2703 1401 2768; x_wconf 74' lang='lat' dir='ltr'>Przetextatus,</span> <span class='ocrx_word' id='word_1_248' title='bbox 1443 2700 1787 2765; x_wconf 89' lang='lat' dir='ltr'>Germanus,</span> 
     </span>
    </p>
   </div>
   <div class='ocr_carea' id='block_1_41' title="bbox 147 2790 1787 2864">
    <p class='ocr_par' dir='ltr' id='par_1_41' title="bbox 147 2790 1787 2864">
     <span class='ocr_line' id='line_1_42' title="bbox 147 2790 1787 2864; baseline -0.001 -17"><span class='ocrx_word' id='word_1_249' title='bbox 147 2794 317 2861; x_wconf 85' lang='lat' dir='ltr'>Felix,</span> <span class='ocrx_word' id='word_1_250' title='bbox 334 2793 759 2862; x_wconf 87' lang='lat' dir='ltr'>Domitiannus,</span> <span class='ocrx_word' id='word_1_251' title='bbox 782 2794 1061 2850; x_wconf 87' lang='lat' dir='ltr'>Victorius</span> <span class='ocrx_word' id='word_1_252' title='bbox 1082 2798 1140 2849; x_wconf 90' lang='lat' dir='ltr'>et</span> <span class='ocrx_word' id='word_1_253' title='bbox 1154 2795 1493 2862; x_wconf 89' lang='lat' dir='ltr'>Domnolus,</span> <span class='ocrx_word' id='word_1_254' title='bbox 1517 2790 1787 2864; x_wconf 89' lang='lat' dir='ltr'>episcopi.</span> 
     </span>
    </p>
   </div>
   <div class='ocr_carea' id='block_1_42' title="bbox 214 2886 1788 2959">
    <p class='ocr_par' dir='ltr' id='par_1_42' title="bbox 214 2886 1788 2959">
     <span class='ocr_line' id='line_1_43' title="bbox 214 2886 1788 2959; baseline 0.001 -18"><span class='ocrx_word' id='word_1_255' title='bbox 214 2886 475 2942; x_wconf 88' lang='lat' dir='ltr'>Sollicita</span> <span class='ocrx_word' id='word_1_256' title='bbox 492 2888 863 2959; x_wconf 88' lang='lat' dir='ltr'>suntjugiter</span> <span class='ocrx_word' id='word_1_257' title='bbox 889 2888 1040 2943; x_wconf 89' lang='lat' dir='ltr'>circa</span> <span class='ocrx_word' id='word_1_258' title='bbox 1081 2905 1263 2959; x_wconf 86' lang='lat' dir='ltr'>genus</span> <span class='ocrx_word' id='word_1_259' title='bbox 1303 2888 1631 2944; x_wconf 91' lang='lat' dir='ltr'>humanum</span> <span class='ocrx_word' id='word_1_260' title='bbox 1677 2889 1788 2943; x_wconf 91' lang='lat' dir='ltr'>im-</span> 
     </span>
    </p>
   </div>
   <div class='ocr_carea' id='block_1_43' title="bbox 1960 2690 3519 2770">
    <p class='ocr_par' dir='ltr' id='par_1_43' title="bbox 1960 2690 3519 2770">
     <span class='ocr_line' id='line_1_44' title="bbox 1960 2690 3519 2770; baseline -0.001 -15"><span class='ocrx_word' id='word_1_261' title='bbox 1960 2701 2190 2770; x_wconf 79' lang='lat' dir='ltr'>Reliqua</span> <span class='ocrx_word' id='word_1_262' title='bbox 2216 2700 2416 2755; x_wconf 76' lang='lat' dir='ltr'>videsz&#39;s</span> <span class='ocrx_word' id='word_1_263' title='bbox 2447 2701 2603 2767; x_wconf 82' lang='lat' dir='ltr'>Greg.</span> <span class='ocrx_word' id='word_1_264' title='bbox 2634 2690 2835 2755; x_wconf 73' lang='lat' dir='ltr'>Turon.</span> <span class='ocrx_word' id='word_1_265' title='bbox 2884 2699 2979 2753; x_wconf 84' lang='lat' dir='ltr'>lib.</span> <span class='ocrx_word' id='word_1_266' title='bbox 3015 2715 3090 2763; x_wconf 82' lang='lat' dir='ltr'>1x,</span> <span class='ocrx_word' id='word_1_267' title='bbox 3135 2716 3255 2770; x_wconf 82' lang='lat' dir='ltr'>cap.</span> <span class='ocrx_word' id='word_1_268' title='bbox 3297 2702 3387 2769; x_wconf 86' lang='lat'>39,</span> <span class='ocrx_word' id='word_1_269' title='bbox 3418 2700 3519 2755; x_wconf 83' lang='lat' dir='ltr'>col.</span> 
     </span>
    </p>
   </div>
   <div class='ocr_carea' id='block_1_44' title="bbox 1893 2793 2400 2864">
    <p class='ocr_par' dir='ltr' id='par_1_44' title="bbox 1893 2793 2400 2864">
     <span class='ocr_line' id='line_1_45' title="bbox 1893 2793 2400 2864; baseline 0.004 -17"><span class='ocrx_word' id='word_1_270' title='bbox 1893 2796 1993 2848; x_wconf 78' lang='grc'>516</span> <span class='ocrx_word' id='word_1_271' title='bbox 2015 2798 2140 2849; x_wconf 81' lang='lat' dir='ltr'>tom.</span> <span class='ocrx_word' id='word_1_272' title='bbox 2163 2793 2400 2864; x_wconf 68' lang='lat' dir='ltr'>praeced.</span> 
     </span>
    </p>
   </div>
   <div class='ocr_carea' id='block_1_45' title="bbox 1309 3214 2355 3262">
    <p class='ocr_par' dir='ltr' id='par_1_45' title="bbox 1309 3214 2355 3262">
     <span class='ocr_line' id='line_1_46' title="bbox 1309 3214 2355 3262; baseline -0.001 0"><span class='ocrx_word' id='word_1_273' title='bbox 1309 3216 1477 3262; x_wconf 76' lang='lat' dir='ltr'><strong>ANNO</strong></span> <span class='ocrx_word' id='word_1_274' title='bbox 1524 3216 1739 3261; x_wconf 81' lang='lat' dir='ltr'>DOMINI</span> <span class='ocrx_word' id='word_1_275' title='bbox 1787 3214 2355 3261; x_wconf 77' lang='lat' dir='ltr'>DLXXIII-DLXXVII.</span> 
     </span>
    </p>
   </div>
   <div class='ocr_carea' id='block_1_46' title="bbox 552 3361 3142 3568">
    <p class='ocr_par' dir='ltr' id='par_1_46' title="bbox 552 3361 3142 3568">
     <span class='ocr_line' id='line_1_47' title="bbox 552 3361 3142 3568; baseline 0.002 -9"><span class='ocrx_word' id='word_1_276' title='bbox 552 3361 2051 3568; x_wconf 86' lang='lat' dir='ltr'>BENEDICTUS</span> <span class='ocrx_word' id='word_1_277' title='bbox 2204 3361 2839 3561; x_wconf 85' lang='lat' dir='ltr'><strong>PAPA</strong></span> <span class='ocrx_word' id='word_1_278' title='bbox 2996 3364 3142 3564; x_wconf 93' lang='grc' dir='ltr'>Ι.</span> 
     </span>
    </p>
   </div>
   <div class='ocr_carea' id='block_1_47' title="bbox 768 3802 2818 3915">
    <p class='ocr_par' dir='ltr' id='par_1_47' title="bbox 768 3802 2818 3915">
     <span class='ocr_line' id='line_1_48' title="bbox 768 3802 2818 3915; baseline -0.001 -3"><span class='ocrx_word' id='word_1_279' title='bbox 768 3825 772 3828; x_wconf 68' lang='lat'><strong><em>‘</em></strong></span> <span class='ocrx_word' id='word_1_280' title='bbox 852 3824 1315 3914; x_wconf 89' lang='lat' dir='ltr'>NOTITIA</span> <span class='ocrx_word' id='word_1_281' title='bbox 1402 3827 1547 3914; x_wconf 88' lang='lat' dir='ltr'>EX</span> <span class='ocrx_word' id='word_1_282' title='bbox 1635 3828 1974 3915; x_wconf 84' lang='lat' dir='ltr'>LIBRO</span> <span class='ocrx_word' id='word_1_283' title='bbox 2064 3802 2818 3913; x_wconf 87' lang='lat' dir='ltr'>PONTIFICALI.</span> 
     </span>
    </p>
   </div>
   <div class='ocr_carea' id='block_1_48' title="bbox 210 4102 3517 4199">
    <p class='ocr_par' dir='ltr' id='par_1_48' title="bbox 210 4102 3517 4199">
     <span class='ocr_line' id='line_1_49' title="bbox 210 4102 3517 4199; baseline 0.001 -42"><span class='ocrx_word' id='word_1_284' title='bbox 210 4102 596 4199; x_wconf 67' lang='lat' dir='ltr'>Eenedictus&#39;</span> <span class='ocrx_word' id='word_1_285' title='bbox 620 4104 855 4161; x_wconf 89' lang='lat' dir='ltr'>natione</span> <span class='ocrx_word' id='word_1_286' title='bbox 875 4107 1169 4163; x_wconf 81' lang='lat' dir='ltr'>Romanus</span> <span class='ocrx_word' id='word_1_287' title='bbox 1180 4125 1247 4164; x_wconf 87' lang='lat' dir='ltr'>ex</span> <span class='ocrx_word' id='word_1_288' title='bbox 1272 4112 1436 4181; x_wconf 85' lang='lat' dir='ltr'>patre</span> <span class='ocrx_word' id='word_1_289' title='bbox 1459 4109 1774 4179; x_wconf 87' lang='lat' dir='ltr'>Bonifacio,</span> <span class='ocrx_word' id='word_1_290' title='bbox 1797 4122 1851 4199; x_wconf 71' lang='grc' dir='ltr'><strong>ρ</strong></span> <span class='ocrx_word' id='word_1_291' title='bbox 1879 4107 2106 4181; x_wconf 86' lang='lat' dir='ltr'>eodem]</span> <span class='ocrx_word' id='word_1_292' title='bbox 2145 4111 2405 4180; x_wconf 90' lang='lat' dir='ltr'>tempore</span> <span class='ocrx_word' id='word_1_293' title='bbox 2448 4122 2592 4178; x_wconf 91' lang='lat' dir='ltr'>gens</span> <span class='ocrx_word' id='word_1_294' title='bbox 2618 4103 3168 4177; x_wconf 81' lang='lat' dir='ltr'>Langobardorumc</span> <span class='ocrx_word' id='word_1_295' title='bbox 3204 4102 3411 4159; x_wconf 82' lang='lat' dir='ltr'>invasit</span> <span class='ocrx_word' id='word_1_296' title='bbox 3435 4108 3517 4160; x_wconf 89' lang='lat' dir='ltr'>to-</span> 
     </span>
    </p>
   </div>
   <div class='ocr_carea' id='block_1_49' title="bbox 133 4194 1771 4273">
    <p class='ocr_par' dir='ltr' id='par_1_49' title="bbox 133 4194 1771 4273">
     <span class='ocr_line' id='line_1_50' title="bbox 133 4194 1771 4273; baseline 0.006 -25"><span class='ocrx_word' id='word_1_297' title='bbox 133 4194 292 4250; x_wconf 89' lang='lat' dir='ltr'>sedit</span> <span class='ocrx_word' id='word_1_298' title='bbox 319 4213 505 4252; x_wconf 90' lang='lat' dir='ltr'>annos</span> <span class='ocrx_word' id='word_1_299' title='bbox 532 4198 561 4239; x_wconf 71' lang='lat' dir='ltr'>b</span> <span class='ocrx_word' id='word_1_300' title='bbox 586 4202 833 4270; x_wconf 86' lang='lat' dir='ltr'>quatuor</span> <span class='ocrx_word' id='word_1_301' title='bbox 853 4201 950 4273; x_wconf 88' lang='lat' dir='ltr'>(a),</span> <span class='ocrx_word' id='word_1_302' title='bbox 978 4218 1241 4257; x_wconf 91' lang='lat' dir='ltr'>mensem</span> <span class='ocrx_word' id='word_1_303' title='bbox 1285 4220 1484 4272; x_wconf 90' lang='lat' dir='ltr'>unum,</span> <span class='ocrx_word' id='word_1_304' title='bbox 1529 4204 1650 4258; x_wconf 91' lang='lat' dir='ltr'>dies</span> <span class='ocrx_word' id='word_1_305' title='bbox 1692 4203 1771 4258; x_wconf 85' lang='lat' dir='ltr'>vi-</span> 
     </span>
    </p>
   </div>
   <div class='ocr_carea' id='block_1_50' title="bbox 132 4288 1773 4370">
    <p class='ocr_par' dir='ltr' id='par_1_50' title="bbox 132 4288 1773 4370">
     <span class='ocr_line' id='line_1_51' title="bbox 132 4288 1773 4370; baseline 0.007 -28"><span class='ocrx_word' id='word_1_306' title='bbox 132 4288 286 4359; x_wconf 89' lang='lat' dir='ltr'>ginti</span> <span class='ocrx_word' id='word_1_307' title='bbox 319 4294 447 4345; x_wconf 88' lang='lat' dir='ltr'>octo</span> <span class='ocrx_word' id='word_1_308' title='bbox 480 4291 629 4362; x_wconf 88' lang='lat' dir='ltr'>[Cod.</span> <span class='ocrx_word' id='word_1_309' title='bbox 661 4296 810 4359; x_wconf 83' lang='lat' dir='ltr'>Luc.,</span> <span class='ocrx_word' id='word_1_310' title='bbox 852 4295 1107 4369; x_wconf 78' lang='lat' dir='ltr'>novem].</span> <span class='ocrx_word' id='word_1_311' title='bbox 1141 4296 1411 4368; x_wconf 88' lang='lat' dir='ltr'>Ejusdem</span> <span class='ocrx_word' id='word_1_312' title='bbox 1444 4296 1594 4370; x_wconf 85' lang='lat' dir='ltr'>[Cod.</span> <span class='ocrx_word' id='word_1_313' title='bbox 1624 4301 1773 4361; x_wconf 85' lang='lat' dir='ltr'>Luc.,</span> 
     </span>
    </p>
   </div>
   <div class='ocr_carea' id='block_1_51' title="bbox 1875 4198 3513 4274">
    <p class='ocr_par' dir='ltr' id='par_1_51' title="bbox 1875 4198 3513 4274">
     <span class='ocr_line' id='line_1_52' title="bbox 1875 4198 3513 4274; baseline -0.003 -16"><span class='ocrx_word' id='word_1_314' title='bbox 1875 4201 2252 4272; x_wconf 87' lang='lat' dir='ltr'>tamltaliam,</span> <span class='ocrx_word' id='word_1_315' title='bbox 2274 4201 2556 4274; x_wconf 90' lang='lat' dir='ltr'>simulque</span> <span class='ocrx_word' id='word_1_316' title='bbox 2578 4203 2637 4257; x_wconf 88' lang='lat' dir='ltr'>et</span> <span class='ocrx_word' id='word_1_317' title='bbox 2656 4202 2839 4256; x_wconf 85' lang='lat' dir='ltr'>fames</span> <span class='ocrx_word' id='word_1_318' title='bbox 2860 4198 3058 4267; x_wconf 90' lang='lat' dir='ltr'>nimia,</span> <span class='ocrx_word' id='word_1_319' title='bbox 3083 4200 3146 4253; x_wconf 89' lang='lat' dir='ltr'>ut</span> <span class='ocrx_word' id='word_1_320' title='bbox 3169 4198 3344 4254; x_wconf 90' lang='lat' dir='ltr'>etiam</span> <span class='ocrx_word' id='word_1_321' title='bbox 3366 4200 3513 4255; x_wconf 89' lang='lat' dir='ltr'>mul-</span> 
     </span>
    </p>
   </div>
   <div class='ocr_carea' id='block_1_52' title="bbox 1876 4292 3512 4367">
    <p class='ocr_par' dir='ltr' id='par_1_52' title="bbox 1876 4292 3512 4367">
     <span class='ocr_line' id='line_1_53' title="bbox 1876 4292 3512 4367; baseline -0.002 -16"><span class='ocrx_word' id='word_1_322' title='bbox 1876 4297 2060 4352; x_wconf 89' lang='lat' dir='ltr'>titudo</span> <span class='ocrx_word' id='word_1_323' title='bbox 2081 4300 2400 4354; x_wconf 88' lang='lat' dir='ltr'>castrorum</span> <span class='ocrx_word' id='word_1_324' title='bbox 2425 4313 2483 4352; x_wconf 86' lang='lat' dir='ltr'>se</span> <span class='ocrx_word' id='word_1_325' title='bbox 2509 4295 2765 4353; x_wconf 87' lang='lat' dir='ltr'>traderet</span> <span class='ocrx_word' id='word_1_326' title='bbox 2783 4292 3196 4367; x_wconf 89' lang='lat' dir='ltr'>Langobardis,</span> <span class='ocrx_word' id='word_1_327' title='bbox 3217 4296 3281 4348; x_wconf 90' lang='lat' dir='ltr'>ut</span> <span class='ocrx_word' id='word_1_328' title='bbox 3294 4296 3512 4365; x_wconf 88' lang='lat' dir='ltr'>tempe-</span> 
     </span>
    </p>
   </div>
   <div class='ocr_carea' id='block_1_53' title="bbox 1436 4454 2205 4510">
    <p class='ocr_par' dir='ltr' id='par_1_53' title="bbox 1436 4454 2205 4510">
     <span class='ocr_line' id='line_1_54' title="bbox 1436 4454 2205 4510; baseline -0.003 -1"><span class='ocrx_word' id='word_1_329' title='bbox 1436 4454 1633 4510; x_wconf 61' lang='lat' dir='ltr'>NOTZE</span> <span class='ocrx_word' id='word_1_330' title='bbox 1671 4454 1983 4510; x_wconf 84' lang='lat' dir='ltr'>SEVEBJNI</span> <span class='ocrx_word' id='word_1_331' title='bbox 2025 4454 2205 4510; x_wconf 87' lang='lat' dir='ltr'>BINII.</span> 
     </span>
    </p>
   </div>
   <div class='ocr_carea' id='block_1_54' title="bbox 200 4560 1766 4628">
    <p class='ocr_par' dir='ltr' id='par_1_54' title="bbox 200 4560 1766 4628">
     <span class='ocr_line' id='line_1_55' title="bbox 200 4560 1766 4628; baseline 0.008 -13"><span class='ocrx_word' id='word_1_332' title='bbox 200 4564 227 4595; x_wconf 79' lang='grc'><strong><em>⁸</em></strong></span> <span class='ocrx_word' id='word_1_333' title='bbox 255 4562 399 4616; x_wconf 92' lang='lat' dir='ltr'>Cum</span> <span class='ocrx_word' id='word_1_334' title='bbox 420 4560 680 4620; x_wconf 85' lang='lat' dir='ltr'>Romana</span> <span class='ocrx_word' id='word_1_335' title='bbox 711 4565 877 4621; x_wconf 89' lang='lat' dir='ltr'>sedes</span> <span class='ocrx_word' id='word_1_336' title='bbox 907 4567 980 4623; x_wconf 89' lang='lat' dir='ltr'>ob</span> <span class='ocrx_word' id='word_1_337' title='bbox 1010 4571 1290 4624; x_wconf 86' lang='lat' dir='ltr'>tumultus</span> <span class='ocrx_word' id='word_1_338' title='bbox 1310 4570 1542 4627; x_wconf 91' lang='lat' dir='ltr'>bellicos</span> <span class='ocrx_word' id='word_1_339' title='bbox 1576 4588 1766 4628; x_wconf 83' lang='lat' dir='ltr'>vacas-</span> 
     </span>
    </p>
   </div>
   <div class='ocr_carea' id='block_1_55' title="bbox 126 4633 1770 4717">
    <p class='ocr_par' dir='ltr' id='par_1_55' title="bbox 126 4633 1770 4717">
     <span class='ocr_line' id='line_1_56' title="bbox 126 4633 1770 4717; baseline 0.013 -37"><span class='ocrx_word' id='word_1_340' title='bbox 126 4633 220 4717; x_wconf 70' lang='lat' dir='ltr'>set</span> <span class='ocrx_word' id='word_1_341' title='bbox 258 4648 489 4717; x_wconf 70' lang='lat' dir='ltr'>menses</span> <span class='ocrx_word' id='word_1_342' title='bbox 521 4635 719 4690; x_wconf 89' lang='lat' dir='ltr'>decem</span> <span class='ocrx_word' id='word_1_343' title='bbox 757 4642 815 4717; x_wconf 74' lang='lat' dir='ltr'>et</span> <span class='ocrx_word' id='word_1_344' title='bbox 855 4642 970 4717; x_wconf 86' lang='lat' dir='ltr'>tres</span> <span class='ocrx_word' id='word_1_345' title='bbox 999 4640 1141 4717; x_wconf 82' lang='lat' dir='ltr'>dies,</span> <span class='ocrx_word' id='word_1_346' title='bbox 1189 4643 1547 4717; x_wconf 80' lang='lat' dir='ltr'>Benedictus,</span> <span class='ocrx_word' id='word_1_347' title='bbox 1596 4660 1770 4717; x_wconf 82' lang='lat' dir='ltr'>quem</span> 
     </span>
    </p>
   </div>
   <div class='ocr_carea' id='block_1_56' title="bbox 127 4702 1769 4785">
    <p class='ocr_par' dir='ltr' id='par_1_56' title="bbox 127 4702 1769 4785">
     <span class='ocr_line' id='line_1_57' title="bbox 127 4702 1769 4785; baseline 0.01 -31"><span class='ocrx_word' id='word_1_348' title='bbox 127 4702 314 4785; x_wconf 54' lang='lat' dir='ltr'>graeci</span> <span class='ocrx_word' id='word_1_349' title='bbox 342 4704 627 4785; x_wconf 76' lang='lat' dir='ltr'>Bonosum</span> <span class='ocrx_word' id='word_1_350' title='bbox 641 4708 964 4785; x_wconf 64' lang='lat' dir='ltr'>nominant,</span> <span class='ocrx_word' id='word_1_351' title='bbox 980 4702 1204 4785; x_wconf 77' lang='lat' dir='ltr'>creatus</span> <span class='ocrx_word' id='word_1_352' title='bbox 1218 4717 1304 4767; x_wconf 89' lang='lat' dir='ltr'>est</span> <span class='ocrx_word' id='word_1_353' title='bbox 1317 4702 1572 4785; x_wconf 75' lang='lat' dir='ltr'>pontifex</span> <span class='ocrx_word' id='word_1_354' title='bbox 1590 4702 1681 4769; x_wconf 74' lang='lat' dir='ltr'>die</span> <span class='ocrx_word' id='word_1_355' title='bbox 1706 4719 1769 4769; x_wconf 86' lang='lat' dir='ltr'>l6</span> 
     </span>
    </p>
   </div>
   <div class='ocr_carea' id='block_1_57' title="bbox 123 4773 1770 4858">
    <p class='ocr_par' dir='ltr' id='par_1_57' title="bbox 123 4773 1770 4858">
     <span class='ocr_line' id='line_1_58' title="bbox 123 4773 1770 4858; baseline 0.01 -33"><span class='ocrx_word' id='word_1_356' title='bbox 123 4773 283 4858; x_wconf 46' lang='grc' dir='ltr'>φθῆ,</span> <span class='ocrx_word' id='word_1_357' title='bbox 310 4777 692 4858; x_wconf 41' lang='lat' dir='ltr'>a‘nno‘Christi</span> <span class='ocrx_word' id='word_1_358' title='bbox 710 4773 1113 4858; x_wconf 78' lang='lat' dir='ltr'>Redemptoris</span> <span class='ocrx_word' id='word_1_359' title='bbox 1129 4788 1251 4858; x_wconf 83' lang='lat'>573.</span> <span class='ocrx_word' id='word_1_360' title='bbox 1283 4773 1460 4856; x_wconf 73' lang='lat' dir='ltr'>Hujus</span> <span class='ocrx_word' id='word_1_361' title='bbox 1508 4790 1770 4858; x_wconf 89' lang='lat' dir='ltr'>tempore</span> 
     </span>
    </p>
   </div>
   <div class='ocr_carea' id='block_1_58' title="bbox 123 4844 1773 4927">
    <p class='ocr_par' dir='ltr' id='par_1_58' title="bbox 123 4844 1773 4927">
     <span class='ocr_line' id='line_1_59' title="bbox 123 4844 1773 4927; baseline 0.008 -30"><span class='ocrx_word' id='word_1_362' title='bbox 123 4844 495 4927; x_wconf 63' lang='lat' dir='ltr'>Langobardi</span> <span class='ocrx_word' id='word_1_363' title='bbox 515 4851 769 4905; x_wconf 88' lang='lat' dir='ltr'>maxima</span> <span class='ocrx_word' id='word_1_364' title='bbox 790 4869 853 4927; x_wconf 76' lang='lat' dir='ltr'>ex</span> <span class='ocrx_word' id='word_1_365' title='bbox 876 4844 1037 4923; x_wconf 75' lang='lat' dir='ltr'>parte</span> <span class='ocrx_word' id='word_1_366' title='bbox 1059 4854 1347 4910; x_wconf 89' lang='lat' dir='ltr'>idolorum</span> <span class='ocrx_word' id='word_1_367' title='bbox 1364 4844 1647 4912; x_wconf 55' lang='lat' dir='ltr'>cultores:</span> <span class='ocrx_word' id='word_1_368' title='bbox 1674 4859 1773 4913; x_wconf 85' lang='lat' dir='ltr'>Ee-</span> 
     </span>
    </p>
   </div>
   <div class='ocr_carea' id='block_1_59' title="bbox 125 4916 1773 4996">
    <p class='ocr_par' dir='ltr' id='par_1_59' title="bbox 125 4916 1773 4996">
     <span class='ocr_line' id='line_1_60' title="bbox 125 4916 1773 4996; baseline 0.008 -28"><span class='ocrx_word' id='word_1_369' title='bbox 125 4916 375 4996; x_wconf 34' lang='lat' dir='ltr'>clesiam‘</span> <span class='ocrx_word' id='word_1_370' title='bbox 402 4918 527 4973; x_wconf 88' lang='lat' dir='ltr'>dira</span> <span class='ocrx_word' id='word_1_371' title='bbox 552 4916 950 4992; x_wconf 76' lang='lat' dir='ltr'>persecutione</span> <span class='ocrx_word' id='word_1_372' title='bbox 967 4930 1266 4996; x_wconf 84' lang='lat' dir='ltr'>vexarunt,</span> <span class='ocrx_word' id='word_1_373' title='bbox 1290 4928 1415 4983; x_wconf 88' lang='lat' dir='ltr'>loca</span> <span class='ocrx_word' id='word_1_374' title='bbox 1435 4946 1595 4984; x_wconf 89' lang='lat' dir='ltr'>sacra</span> <span class='ocrx_word' id='word_1_375' title='bbox 1610 4929 1773 4983; x_wconf 77' lang='lat' dir='ltr'>effos-</span> 
     </span>
    </p>
   </div>
   <div class='ocr_carea' id='block_1_60' title="bbox 122 4986 1769 5070">
    <p class='ocr_par' dir='ltr' id='par_1_60' title="bbox 122 4986 1769 5070">
     <span class='ocr_line' id='line_1_61' title="bbox 122 4986 1769 5070; baseline 0.009 -31"><span class='ocrx_word' id='word_1_376' title='bbox 122 4986 889 5070; x_wconf 54' lang='lat' dir='ltr'>sjssanctorum&#39;martyrum</span> <span class='ocrx_word' id='word_1_377' title='bbox 910 4998 1181 5070; x_wconf 84' lang='lat' dir='ltr'>sepulcris</span> <span class='ocrx_word' id='word_1_378' title='bbox 1201 4986 1599 5070; x_wconf 78' lang='lat' dir='ltr'>profanarunt,</span> <span class='ocrx_word' id='word_1_379' title='bbox 1630 5000 1769 5054; x_wconf 66' lang='lat' dir='ltr'>mdi-</span> 
     </span>
    </p>
   </div>
   <div class='ocr_carea' id='block_1_61' title="bbox 124 5058 1772 5140">
    <p class='ocr_par' dir='ltr' id='par_1_61' title="bbox 124 5058 1772 5140">
     <span class='ocr_line' id='line_1_62' title="bbox 124 5058 1772 5140; baseline 0.008 -28"><span class='ocrx_word' id='word_1_380' title='bbox 124 5058 260 5138; x_wconf 76' lang='lat' dir='ltr'>ﬁcia</span> <span class='ocrx_word' id='word_1_381' title='bbox 282 5059 341 5113; x_wconf 91' lang='lat' dir='ltr'>in</span> <span class='ocrx_word' id='word_1_382' title='bbox 363 5061 648 5140; x_wconf 79' lang='lat' dir='ltr'>suburbiis</span> <span class='ocrx_word' id='word_1_383' title='bbox 669 5058 875 5140; x_wconf 67' lang='lat' dir='ltr'>Romae</span> <span class='ocrx_word' id='word_1_384' title='bbox 895 5058 1223 5137; x_wconf 59' lang='lat' dir='ltr'>dii-uerunt,</span> <span class='ocrx_word' id='word_1_385' title='bbox 1265 5075 1526 5125; x_wconf 90' lang='lat' dir='ltr'>sanctum</span> <span class='ocrx_word' id='word_1_386' title='bbox 1567 5058 1772 5127; x_wconf 82' lang='lat' dir='ltr'>Cerbe-</span> 
     </span>
    </p>
   </div>
   <div class='ocr_carea' id='block_1_62' title="bbox 128 5138 1774 5215">
    <p class='ocr_par' dir='ltr' id='par_1_62' title="bbox 128 5138 1774 5215">
     <span class='ocr_line' id='line_1_63' title="bbox 128 5138 1774 5215; baseline 0.01 -33"><span class='ocrx_word' id='word_1_387' title='bbox 128 5146 295 5215; x_wconf 80' lang='lat' dir='ltr'>mum</span> <span class='ocrx_word' id='word_1_388' title='bbox 308 5138 642 5215; x_wconf 72' lang='lat' dir='ltr'>episcopum</span> <span class='ocrx_word' id='word_1_389' title='bbox 653 5152 783 5191; x_wconf 88' lang='lat' dir='ltr'>cum</span> <span class='ocrx_word' id='word_1_390' title='bbox 795 5138 909 5192; x_wconf 90' lang='lat' dir='ltr'>suis</span> <span class='ocrx_word' id='word_1_391' title='bbox 921 5140 1140 5215; x_wconf 76' lang='lat' dir='ltr'>clericis</span> <span class='ocrx_word' id='word_1_392' title='bbox 1153 5140 1211 5194; x_wconf 90' lang='lat' dir='ltr'>in</span> <span class='ocrx_word' id='word_1_393' title='bbox 1225 5142 1482 5215; x_wconf 82' lang='lat' dir='ltr'>exsilium</span> <span class='ocrx_word' id='word_1_394' title='bbox 1498 5144 1774 5214; x_wconf 86' lang='lat' dir='ltr'>fugarunt</span> 
     </span>
    </p>
   </div>
   <div class='ocr_carea' id='block_1_63' title="bbox 127 5204 1772 5283">
    <p class='ocr_par' dir='ltr' id='par_1_63' title="bbox 127 5204 1772 5283">
     <span class='ocr_line' id='line_1_64' title="bbox 127 5204 1772 5283; baseline 0.01 -30"><span class='ocrx_word' id='word_1_395' title='bbox 127 5204 431 5272; x_wconf 83' lang='lat' dir='ltr'>octoginta</span> <span class='ocrx_word' id='word_1_396' title='bbox 443 5205 953 5283; x_wconf 83' lang='lat' dir='ltr'>rust_icos,quo_rum</span> <span class='ocrx_word' id='word_1_397' title='bbox 968 5212 1355 5283; x_wconf 83' lang='lat' dir='ltr'>quadraginta</span> <span class='ocrx_word' id='word_1_398' title='bbox 1379 5204 1772 5269; x_wconf 65' lang='lat' dir='ltr'>immolatitias</span> 
     </span>
    </p>
   </div>
   <div class='ocr_carea' id='block_1_64' title="bbox 126 5276 1769 5365">
    <p class='ocr_par' dir='ltr' id='par_1_64' title="bbox 126 5276 1769 5365">
     <span class='ocr_line' id='line_1_65' title="bbox 126 5276 1769 5365; baseline 0.009 -38"><span class='ocrx_word' id='word_1_399' title='bbox 126 5289 338 5365; x_wconf 63' lang='lat' dir='ltr'>Earnes</span> <span class='ocrx_word' id='word_1_400' title='bbox 369 5276 695 5365; x_wconf 74' lang='lat' dir='ltr'>comedere,</span> <span class='ocrx_word' id='word_1_401' title='bbox 724 5276 827 5365; x_wconf 74' lang='lat' dir='ltr'>alii</span> <span class='ocrx_word' id='word_1_402' title='bbox 857 5276 1030 5365; x_wconf 63' lang='lat' dir='ltr'>caput</span> <span class='ocrx_word' id='word_1_403' title='bbox 1057 5276 1508 5365; x_wconf 42' lang='lat' dir='ltr'>capraz&#39;adorare</span> <span class='ocrx_word' id='word_1_404' title='bbox 1544 5302 1769 5365; x_wconf 80' lang='lat' dir='ltr'>recusa-</span> 
     </span>
    </p>
   </div>
   <div class='ocr_carea' id='block_1_65' title="bbox 124 5343 1771 5427">
    <p class='ocr_par' dir='ltr' id='par_1_65' title="bbox 124 5343 1771 5427">
     <span class='ocr_line' id='line_1_66' title="bbox 124 5343 1771 5427; baseline 0.008 -30"><span class='ocrx_word' id='word_1_405' title='bbox 124 5343 308 5425; x_wconf 47' lang='lat' dir='ltr'>bant,</span> <span class='ocrx_word' id='word_1_406' title='bbox 324 5346 603 5427; x_wconf 72' lang='lat' dir='ltr'>supplicio</span> <span class='ocrx_word' id='word_1_407' title='bbox 630 5350 833 5427; x_wconf 82' lang='lat' dir='ltr'>mortis</span> <span class='ocrx_word' id='word_1_408' title='bbox 858 5343 1193 5427; x_wconf 53' lang='lat' dir='ltr'>aﬁ’ecerunt.</span> <span class='ocrx_word' id='word_1_409' title='bbox 1228 5356 1341 5409; x_wconf 91' lang='lat' dir='ltr'>Hac</span> <span class='ocrx_word' id='word_1_410' title='bbox 1370 5357 1771 5427; x_wconf 89' lang='lat' dir='ltr'>persecutione</span> 
     </span>
    </p>
   </div>
   <div class='ocr_carea' id='block_1_66' title="bbox 125 5418 1772 5498">
    <p class='ocr_par' dir='ltr' id='par_1_66' title="bbox 125 5418 1772 5498">
     <span class='ocr_line' id='line_1_67' title="bbox 125 5418 1772 5498; baseline 0.008 -31"><span class='ocrx_word' id='word_1_411' title='bbox 125 5432 199 5468; x_wconf 89' lang='lat' dir='ltr'>ea</span> <span class='ocrx_word' id='word_1_412' title='bbox 229 5418 513 5498; x_wconf 80' lang='lat' dir='ltr'>miracula</span> <span class='ocrx_word' id='word_1_413' title='bbox 552 5421 921 5498; x_wconf 73' lang='lat' dir='ltr'>contigerunt</span> <span class='ocrx_word' id='word_1_414' title='bbox 943 5441 1074 5498; x_wconf 80' lang='lat' dir='ltr'>quae</span> <span class='ocrx_word' id='word_1_415' title='bbox 1121 5425 1180 5479; x_wconf 91' lang='lat' dir='ltr'>in</span> <span class='ocrx_word' id='word_1_416' title='bbox 1210 5418 1390 5498; x_wconf 13' lang='lat' dir='ltr'>libris?</span> <span class='ocrx_word' id='word_1_417' title='bbox 1409 5428 1772 5498; x_wconf 90' lang='lat' dir='ltr'>dialogorum</span> 
     </span>
    </p>
   </div>
   <div class='ocr_carea' id='block_1_67' title="bbox 122 5491 1775 5569">
    <p class='ocr_par' dir='ltr' id='par_1_67' title="bbox 122 5491 1775 5569">
     <span class='ocr_line' id='line_1_68' title="bbox 122 5491 1775 5569; baseline 0.007 -30"><span class='ocrx_word' id='word_1_418' title='bbox 122 5491 510 5569; x_wconf 68' lang='lat' dir='ltr'>recensentur</span> <span class='ocrx_word' id='word_1_419' title='bbox 522 5491 680 5569; x_wconf 76' lang='lat' dir='ltr'>apud</span> <span class='ocrx_word' id='word_1_420' title='bbox 692 5491 1327 5569; x_wconf 51' lang='lat' dir='ltr'>eumdem—Cregorium</span> <span class='ocrx_word' id='word_1_421' title='bbox 1347 5497 1417 5552; x_wconf 91' lang='lat' dir='ltr'>de</span> <span class='ocrx_word' id='word_1_422' title='bbox 1436 5491 1631 5553; x_wconf 71' lang='lat' dir='ltr'>sancto</span> <span class='ocrx_word' id='word_1_423' title='bbox 1648 5501 1775 5554; x_wconf 91' lang='lat' dir='ltr'>Cer-</span> 
     </span>
    </p>
   </div>
   <div class='ocr_carea' id='block_1_68' title="bbox 123 5557 1770 5648">
    <p class='ocr_par' dir='ltr' id='par_1_68' title="bbox 123 5557 1770 5648">
     <span class='ocr_line' id='line_1_69' title="bbox 123 5557 1770 5648; baseline 0.007 -37"><span class='ocrx_word' id='word_1_424' title='bbox 123 5557 622 5648; x_wconf 13' lang='lat' dir='ltr'>bonioiepisc‘op&#39;o,</span> <span class='ocrx_word' id='word_1_425' title='bbox 649 5564 908 5648; x_wconf 63' lang='lat' dir='ltr'>Santuio,</span> <span class='ocrx_word' id='word_1_426' title='bbox 935 5557 1181 5648; x_wconf 74' lang='lat' dir='ltr'>aliisqu</span> <span class='ocrx_word' id='word_1_427' title='bbox 1200 5569 1572 5648; x_wconf 78' lang='lat' dir='ltr'>presbyteris.</span> <span class='ocrx_word' id='word_1_428' title='bbox 1600 5569 1770 5648; x_wconf 80' lang='lat' dir='ltr'>Justi-</span> 
     </span>
    </p>
   </div>
   <div class='ocr_carea' id='block_1_69' title="bbox 122 5635 1776 5712">
    <p class='ocr_par' dir='ltr' id='par_1_69' title="bbox 122 5635 1776 5712">
     <span class='ocr_line' id='line_1_70' title="bbox 122 5635 1776 5712; baseline 0.007 -30"><span class='ocrx_word' id='word_1_429' title='bbox 122 5646 237 5711; x_wconf 80' lang='lat' dir='ltr'>nus</span> <span class='ocrx_word' id='word_1_430' title='bbox 249 5635 947 5712; x_wconf 68' lang='lat' dir='ltr'>imperato_r_Anast_asium</span> <span class='ocrx_word' id='word_1_431' title='bbox 961 5635 1405 5712; x_wconf 53' lang='lat' dir='ltr'>Antioch&#39;enum,</span> <span class='ocrx_word' id='word_1_432' title='bbox 1423 5641 1496 5712; x_wconf 88' lang='lat' dir='ltr'>ob</span> <span class='ocrx_word' id='word_1_433' title='bbox 1508 5641 1776 5712; x_wconf 63' lang='lat' dir='ltr'>quaedam</span> 
     </span>
    </p>
   </div>
   <div class='ocr_carea' id='block_1_70' title="bbox 123 5703 1775 5782">
    <p class='ocr_par' dir='ltr' id='par_1_70' title="bbox 123 5703 1775 5782">
     <span class='ocr_line' id='line_1_71' title="bbox 123 5703 1775 5782; baseline 0.007 -28"><span class='ocrx_word' id='word_1_434' title='bbox 123 5703 379 5757; x_wconf 91' lang='lat' dir='ltr'>crimina</span> <span class='ocrx_word' id='word_1_435' title='bbox 399 5703 479 5757; x_wconf 91' lang='lat' dir='ltr'>illi</span> <span class='ocrx_word' id='word_1_436' title='bbox 497 5705 721 5782; x_wconf 65' lang='lat' dir='ltr'>objeeta</span> <span class='ocrx_word' id='word_1_437' title='bbox 739 5707 1084 5782; x_wconf 80' lang='lat' dir='ltr'>depositum,</span> <span class='ocrx_word' id='word_1_438' title='bbox 1100 5703 1399 5782; x_wconf 69' lang='lat' dir='ltr'>relegavit.</span> <span class='ocrx_word' id='word_1_439' title='bbox 1416 5703 1546 5775; x_wconf 70' lang='lat' dir='ltr'>Qua</span> <span class='ocrx_word' id='word_1_440' title='bbox 1559 5729 1622 5767; x_wconf 89' lang='lat' dir='ltr'>re</span> <span class='ocrx_word' id='word_1_441' title='bbox 1643 5729 1775 5766; x_wconf 91' lang='lat' dir='ltr'>cum</span> 
     </span>
    </p>
   </div>
   <div class='ocr_carea' id='block_1_71' title="bbox 122 5776 1774 5859">
    <p class='ocr_par' dir='ltr' id='par_1_71' title="bbox 122 5776 1774 5859">
     <span class='ocr_line' id='line_1_72' title="bbox 122 5776 1774 5859; baseline 0.007 -31"><span class='ocrx_word' id='word_1_442' title='bbox 122 5776 603 5859; x_wconf 60' lang='lat' dir='ltr'>magnamapud</span> <span class='ocrx_word' id='word_1_443' title='bbox 623 5776 833 5859; x_wconf 41' lang='lat' dir='ltr'>Demn—</span> <span class='ocrx_word' id='word_1_444' title='bbox 853 5776 1136 5859; x_wconf 76' lang='lat' dir='ltr'>offensam</span> <span class='ocrx_word' id='word_1_445' title='bbox 1172 5776 1380 5838; x_wconf 69' lang='lat' dir='ltr'>merito</span> <span class='ocrx_word' id='word_1_446' title='bbox 1422 5783 1774 5859; x_wconf 68' lang='lat' dir='ltr'>incurrisset,</span> 
     </span>
    </p>
   </div>
   <div class='ocr_carea' id='block_1_72' title="bbox 128 5847 1777 5925">
    <p class='ocr_par' dir='ltr' id='par_1_72' title="bbox 128 5847 1777 5925">
     <span class='ocr_line' id='line_1_73' title="bbox 128 5847 1777 5925; baseline 0.005 -25"><span class='ocrx_word' id='word_1_447' title='bbox 128 5847 337 5903; x_wconf 89' lang='lat' dir='ltr'>omnia</span> <span class='ocrx_word' id='word_1_448' title='bbox 360 5847 443 5903; x_wconf 89' lang='lat' dir='ltr'>illi</span> <span class='ocrx_word' id='word_1_449' title='bbox 476 5847 749 5921; x_wconf 88' lang='lat' dir='ltr'>deinceps</span> <span class='ocrx_word' id='word_1_450' title='bbox 785 5850 845 5905; x_wconf 89' lang='lat' dir='ltr'>in</span> <span class='ocrx_word' id='word_1_451' title='bbox 865 5852 1032 5923; x_wconf 87' lang='lat' dir='ltr'>pejus</span> <span class='ocrx_word' id='word_1_452' title='bbox 1058 5870 1226 5909; x_wconf 89' lang='lat' dir='ltr'>ruere</span> <span class='ocrx_word' id='word_1_453' title='bbox 1247 5857 1562 5925; x_wconf 58' lang='lat' dir='ltr'>casperunt.</span> <span class='ocrx_word' id='word_1_454' title='bbox 1592 5847 1777 5911; x_wconf 68' lang='lat' dir='ltr'>Persa:</span> 
     </span>
    </p>
   </div>
   <div class='ocr_carea' id='block_1_73' title="bbox 464 5946 1028 6016">
    <p class='ocr_par' dir='ltr' id='par_1_73' title="bbox 464 5946 1028 6016">
     <span class='ocr_line' id='line_1_74' title="bbox 464 5946 1028 6016; baseline 0.002 -2"><span class='ocrx_word' id='word_1_455' title='bbox 464 5946 739 6015; x_wconf 78' lang='lat' dir='ltr'>PATROL.</span> <span class='ocrx_word' id='word_1_456' title='bbox 790 5949 1028 6016; x_wconf 82' lang='lat' dir='ltr'>LXXII.</span> 
     </span>
    </p>
   </div>
   <div class='ocr_carea' id='block_1_74' title="bbox 1871 4566 3514 4643">
    <p class='ocr_par' dir='ltr' id='par_1_74' title="bbox 1871 4566 3514 4643">
     <span class='ocr_line' id='line_1_75' title="bbox 1871 4566 3514 4643; baseline -0.004 -15"><span class='ocrx_word' id='word_1_457' title='bbox 1871 4589 2086 4643; x_wconf 88' lang='lat' dir='ltr'>magna</span> <span class='ocrx_word' id='word_1_458' title='bbox 2126 4575 2318 4643; x_wconf 84' lang='lat' dir='ltr'>strage</span> <span class='ocrx_word' id='word_1_459' title='bbox 2348 4569 2661 4643; x_wconf 77' lang='lat' dir='ltr'>exercitum</span> <span class='ocrx_word' id='word_1_460' title='bbox 2698 4571 2819 4642; x_wconf 91' lang='lat' dir='ltr'>ejus</span> <span class='ocrx_word' id='word_1_461' title='bbox 2850 4568 3300 4641; x_wconf 87' lang='lat' dir='ltr'>prostraverunt.</span> <span class='ocrx_word' id='word_1_462' title='bbox 3334 4566 3514 4643; x_wconf 80' lang='lat' dir='ltr'>Cujus</span> 
     </span>
    </p>
   </div>
   <div class='ocr_carea' id='block_1_75' title="bbox 1870 4639 3512 4719">
    <p class='ocr_par' dir='ltr' id='par_1_75' title="bbox 1870 4639 3512 4719">
     <span class='ocr_line' id='line_1_76' title="bbox 1870 4639 3512 4719; baseline -0.003 -21"><span class='ocrx_word' id='word_1_463' title='bbox 1870 4644 1956 4698; x_wconf 90' lang='lat' dir='ltr'>rei</span> <span class='ocrx_word' id='word_1_464' title='bbox 1977 4639 2422 4719; x_wconf 56' lang='lat' dir='ltr'>nuntium&#39;dum</span> <span class='ocrx_word' id='word_1_465' title='bbox 2440 4641 2530 4719; x_wconf 62' lang='lat' dir='ltr'>ad</span> <span class='ocrx_word' id='word_1_466' title='bbox 2556 4639 3183 4719; x_wconf 73' lang='lat' dir='ltr'>ipsum_imper_atorem</span> <span class='ocrx_word' id='word_1_467' title='bbox 3221 4639 3512 4719; x_wconf 77' lang='lat' dir='ltr'>perlatum</span> 
     </span>
    </p>
   </div>
   <div class='ocr_carea' id='block_1_76' title="bbox 1872 4710 3511 4782">
    <p class='ocr_par' dir='ltr' id='par_1_76' title="bbox 1872 4710 3511 4782">
     <span class='ocr_line' id='line_1_77' title="bbox 1872 4710 3511 4782; baseline -0.003 -13"><span class='ocrx_word' id='word_1_468' title='bbox 1872 4718 2041 4782; x_wconf 88' lang='lat' dir='ltr'>esset,</span> <span class='ocrx_word' id='word_1_469' title='bbox 2088 4715 2284 4768; x_wconf 88' lang='lat' dir='ltr'>mente</span> <span class='ocrx_word' id='word_1_470' title='bbox 2327 4710 2688 4766; x_wconf 80' lang='lat' dir='ltr'>abalienatns</span> <span class='ocrx_word' id='word_1_471' title='bbox 2736 4710 2872 4779; x_wconf 66' lang='lat' dir='ltr'>fuit,</span> <span class='ocrx_word' id='word_1_472' title='bbox 2916 4710 3511 4782; x_wconf 87' lang='lat' dir='ltr'>dilucidisinterdum</span> 
     </span>
    </p>
   </div>
   <div class='ocr_carea' id='block_1_77' title="bbox 1871 4781 3511 4853">
    <p class='ocr_par' dir='ltr' id='par_1_77' title="bbox 1871 4781 3511 4853">
     <span class='ocr_line' id='line_1_78' title="bbox 1871 4781 3511 4853; baseline -0.002 -13"><span class='ocrx_word' id='word_1_473' title='bbox 1871 4786 2185 4840; x_wconf 87' lang='lat' dir='ltr'>intervallis</span> <span class='ocrx_word' id='word_1_474' title='bbox 2208 4783 2283 4838; x_wconf 91' lang='lat' dir='ltr'>ad</span> <span class='ocrx_word' id='word_1_475' title='bbox 2314 4782 2607 4836; x_wconf 90' lang='lat' dir='ltr'>modicum</span> <span class='ocrx_word' id='word_1_476' title='bbox 2648 4782 2929 4837; x_wconf 80' lang='lat' dir='ltr'>duntaxat</span> <span class='ocrx_word' id='word_1_477' title='bbox 2958 4781 3236 4853; x_wconf 87' lang='lat' dir='ltr'>temporis</span> <span class='ocrx_word' id='word_1_478' title='bbox 3262 4783 3511 4853; x_wconf 90' lang='lat' dir='ltr'>spatium</span> 
     </span>
    </p>
   </div>
   <div class='ocr_carea' id='block_1_78' title="bbox 1871 4853 3513 4933">
    <p class='ocr_par' dir='ltr' id='par_1_78' title="bbox 1871 4853 3513 4933">
     <span class='ocr_line' id='line_1_79' title="bbox 1871 4853 3513 4933; baseline -0.002 -22"><span class='ocrx_word' id='word_1_479' title='bbox 1871 4856 2230 4933; x_wconf 76' lang='lat' dir='ltr'>resipiscens.</span> <span class='ocrx_word' id='word_1_480' title='bbox 2274 4853 2358 4908; x_wconf 86' lang='lat' dir='ltr'>Ab</span> <span class='ocrx_word' id='word_1_481' title='bbox 2386 4853 2503 4933; x_wconf 63' lang='lat' dir='ltr'>hoc</span> <span class='ocrx_word' id='word_1_482' title='bbox 2542 4854 3026 4933; x_wconf 42' lang='lat' dir='ltr'>‘maloueorporis</span> <span class='ocrx_word' id='word_1_483' title='bbox 3092 4853 3383 4933; x_wconf 81' lang='lat' dir='ltr'>liberatus</span> <span class='ocrx_word' id='word_1_484' title='bbox 3427 4857 3513 4908; x_wconf 90' lang='lat' dir='ltr'>est</span> 
     </span>
    </p>
   </div>
   <div class='ocr_carea' id='block_1_79' title="bbox 1872 4922 3511 5000">
    <p class='ocr_par' dir='ltr' id='par_1_79' title="bbox 1872 4922 3511 5000">
     <span class='ocr_line' id='line_1_80' title="bbox 1872 4922 3511 5000; baseline -0.002 -18"><span class='ocrx_word' id='word_1_485' title='bbox 1872 4922 2107 5000; x_wconf 74' lang='lat' dir='ltr'>quando</span> <span class='ocrx_word' id='word_1_486' title='bbox 2139 4926 2213 4981; x_wconf 89' lang='lat' dir='ltr'>ad</span> <span class='ocrx_word' id='word_1_487' title='bbox 2240 4922 2671 5000; x_wconf 57' lang='lat' dir='ltr'>consiliandum</span> <span class='ocrx_word' id='word_1_488' title='bbox 2696 4923 2804 5000; x_wconf 74' lang='lat' dir='ltr'>sibi</span> <span class='ocrx_word' id='word_1_489' title='bbox 2830 4922 3088 5000; x_wconf 78' lang='lat' dir='ltr'>divinum</span> <span class='ocrx_word' id='word_1_490' title='bbox 3119 4941 3336 5000; x_wconf 87' lang='lat' dir='ltr'>numen</span> <span class='ocrx_word' id='word_1_491' title='bbox 3369 4929 3511 4979; x_wconf 89' lang='lat' dir='ltr'>tem-</span> 
     </span>
    </p>
   </div>
   <div class='ocr_carea' id='block_1_80' title="bbox 1871 4994 3507 5071">
    <p class='ocr_par' dir='ltr' id='par_1_80' title="bbox 1871 4994 3507 5071">
     <span class='ocr_line' id='line_1_81' title="bbox 1871 4994 3507 5071; baseline -0.003 -17"><span class='ocrx_word' id='word_1_492' title='bbox 1871 4994 2323 5071; x_wconf 76' lang='lat' dir='ltr'>plumexstruxit</span> <span class='ocrx_word' id='word_1_493' title='bbox 2344 4994 3127 5071; x_wconf 37' lang='lat' dir='ltr'>DeigenitrieiuMariaa,qua:</span> <span class='ocrx_word' id='word_1_494' title='bbox 3174 4995 3225 5071; x_wconf 78' lang='lat' dir='ltr'>ei</span> <span class='ocrx_word' id='word_1_495' title='bbox 3277 4999 3507 5071; x_wconf 81' lang='lat' dir='ltr'>tantum</span> 
     </span>
    </p>
   </div>
   <div class='ocr_carea' id='block_1_81' title="bbox 1873 5064 3507 5140">
    <p class='ocr_par' dir='ltr' id='par_1_81' title="bbox 1873 5064 3507 5140">
     <span class='ocr_line' id='line_1_82' title="bbox 1873 5064 3507 5140; baseline -0.004 -14"><span class='ocrx_word' id='word_1_496' title='bbox 1873 5064 2189 5126; x_wconf 73' lang='lat' dir='ltr'>sanctitatis</span> <span class='ocrx_word' id='word_1_497' title='bbox 2230 5064 2518 5140; x_wconf 64' lang='lat' dir='ltr'>praestitit,</span> <span class='ocrx_word' id='word_1_498' title='bbox 2552 5068 2633 5140; x_wconf 32' lang='lat' dir='ltr'>‘ut</span> <span class='ocrx_word' id='word_1_499' title='bbox 2675 5064 2925 5140; x_wconf 86' lang='lat' dir='ltr'>dilucido</span> <span class='ocrx_word' id='word_1_500' title='bbox 2964 5064 3265 5140; x_wconf 63' lang='lat' dir='ltr'>intervallo</span> <span class='ocrx_word' id='word_1_501' title='bbox 3288 5068 3507 5140; x_wconf 82' lang='lat' dir='ltr'>potius,</span> 
     </span>
    </p>
   </div>
   <div class='ocr_carea' id='block_1_82' title="bbox 1873 5134 3507 5208">
    <p class='ocr_par' dir='ltr' id='par_1_82' title="bbox 1873 5134 3507 5208">
     <span class='ocr_line' id='line_1_83' title="bbox 1873 5134 3507 5208; baseline -0.004 -11"><span class='ocrx_word' id='word_1_502' title='bbox 1873 5142 2090 5197; x_wconf 88' lang='lat' dir='ltr'>cunctis</span> <span class='ocrx_word' id='word_1_503' title='bbox 2118 5134 2273 5194; x_wconf 73' lang='lat' dir='ltr'>recte</span> <span class='ocrx_word' id='word_1_504' title='bbox 2311 5134 2615 5208; x_wconf 90' lang='lat' dir='ltr'>dispositis,</span> <span class='ocrx_word' id='word_1_505' title='bbox 2659 5138 2871 5190; x_wconf 90' lang='lat' dir='ltr'>statum</span> <span class='ocrx_word' id='word_1_506' title='bbox 2911 5134 3240 5205; x_wconf 74' lang='lat' dir='ltr'>reipublicae</span> <span class='ocrx_word' id='word_1_507' title='bbox 3282 5134 3342 5190; x_wconf 71' lang='lat' dir='ltr'>in</span> <span class='ocrx_word' id='word_1_508' title='bbox 3385 5140 3507 5191; x_wconf 91' lang='lat' dir='ltr'>tuto</span> 
     </span>
    </p>
   </div>
   <div class='ocr_carea' id='block_1_83' title="bbox 1873 5208 3123 5285">
    <p class='ocr_par' dir='ltr' id='par_1_83' title="bbox 1873 5208 3123 5285">
     <span class='ocr_line' id='line_1_84' title="bbox 1873 5208 3123 5285; baseline -0.002 -17"><span class='ocrx_word' id='word_1_509' title='bbox 1873 5215 2199 5285; x_wconf 87' lang='lat' dir='ltr'>collocaret.</span> <span class='ocrx_word' id='word_1_510' title='bbox 2233 5211 2340 5281; x_wconf 69' lang='lat' dir='ltr'>(Ea:</span> <span class='ocrx_word' id='word_1_511' title='bbox 2363 5208 2783 5278; x_wconf 74' lang='lat' dir='ltr'>miscell.Hist.)</span> <span class='ocrx_word' id='word_1_512' title='bbox 2886 5280 2896 5285; x_wconf 84' lang='lat'>_</span> <span class='ocrx_word' id='word_1_513' title='bbox 2964 5276 2974 5285; x_wconf 43' lang='lat'><em>.</em></span> <span class='ocrx_word' id='word_1_514' title='bbox 3023 5276 3033 5285; x_wconf 85' lang='lat'><strong>_</strong></span> <span class='ocrx_word' id='word_1_515' title='bbox 3088 5274 3123 5285; x_wconf 44' lang='grc' dir='ltr'>η</span> 
     </span>
    </p>
   </div>
   <div class='ocr_carea' id='block_1_84' title="bbox 1946 5276 3508 5352">
    <p class='ocr_par' dir='ltr' id='par_1_84' title="bbox 1946 5276 3508 5352">
     <span class='ocr_line' id='line_1_85' title="bbox 1946 5276 3508 5352; baseline -0.005 -14"><span class='ocrx_word' id='word_1_516' title='bbox 1946 5286 1972 5326; x_wconf 82' lang='lat' dir='ltr'>b</span> <span class='ocrx_word' id='word_1_517' title='bbox 2003 5284 2183 5337; x_wconf 84' lang='lat' dir='ltr'>Annis</span> <span class='ocrx_word' id='word_1_518' title='bbox 2203 5276 2469 5352; x_wconf 84' lang='lat' dir='ltr'>quatuor,</span> <span class='ocrx_word' id='word_1_519' title='bbox 2496 5296 2697 5352; x_wconf 88' lang='lat' dir='ltr'>mense</span> <span class='ocrx_word' id='word_1_520' title='bbox 2716 5276 2831 5352; x_wconf 77' lang='lat' dir='ltr'>uno</span> <span class='ocrx_word' id='word_1_521' title='bbox 2847 5280 2906 5332; x_wconf 89' lang='lat' dir='ltr'>et</span> <span class='ocrx_word' id='word_1_522' title='bbox 2922 5276 3128 5352; x_wconf 78' lang='lat' dir='ltr'>viginti</span> <span class='ocrx_word' id='word_1_523' title='bbox 3154 5276 3508 5352; x_wconf 79' lang='lat' dir='ltr'>octo_diebus</span> 
     </span>
    </p>
   </div>
   <div class='ocr_carea' id='block_1_85' title="bbox 1873 5347 3508 5433">
    <p class='ocr_par' dir='ltr' id='par_1_85' title="bbox 1873 5347 3508 5433">
     <span class='ocr_line' id='line_1_86' title="bbox 1873 5347 3508 5433; baseline -0.006 -22"><span class='ocrx_word' id='word_1_524' title='bbox 1873 5357 2071 5433; x_wconf 75' lang='lat' dir='ltr'>sedem</span> <span class='ocrx_word' id='word_1_525' title='bbox 2090 5347 2687 5433; x_wconf 41' lang='lat' dir='ltr'>pontiﬁciamtenuit...</span> <span class='ocrx_word' id='word_1_526' title='bbox 2708 5348 2862 5433; x_wconf 70' lang='lat' dir='ltr'>Qbiit</span> <span class='ocrx_word' id='word_1_527' title='bbox 2891 5348 3045 5433; x_wconf 76' lang='lat' dir='ltr'>enim</span> <span class='ocrx_word' id='word_1_528' title='bbox 3075 5363 3229 5433; x_wconf 67' lang='lat' dir='ltr'>anno</span> <span class='ocrx_word' id='word_1_529' title='bbox 3267 5347 3508 5403; x_wconf 85' lang='lat' dir='ltr'>Redem-</span> 
     </span>
    </p>
   </div>
   <div class='ocr_carea' id='block_1_86' title="bbox 1872 5420 3506 5570">
    <p class='ocr_par' dir='ltr' id='par_1_86' title="bbox 1872 5420 3506 5570">
     <span class='ocr_line' id='line_1_87' title="bbox 1872 5420 3413 5549; baseline -0.006 -67"><span class='ocrx_word' id='word_1_530' title='bbox 1872 5428 2055 5499; x_wconf 88' lang='lat' dir='ltr'>ptoris</span> <span class='ocrx_word' id='word_1_531' title='bbox 2080 5420 2263 5481; x_wconf 80' lang='lat' dir='ltr'>nostri</span> <span class='ocrx_word' id='word_1_532' title='bbox 2288 5429 2409 5491; x_wconf 82' lang='lat'>577,</span> <span class='ocrx_word' id='word_1_533' title='bbox 2438 5422 2623 5549; x_wconf 44' lang='lat' dir='ltr'>pridie</span> <span class='ocrx_word' id='word_1_534' title='bbox 2646 5420 2933 5503; x_wconf 81' lang='lat' dir='ltr'>Kalendas</span> <span class='ocrx_word' id='word_1_535' title='bbox 2958 5420 3219 5499; x_wconf 80' lang='lat' dir='ltr'>Augusti.</span> <span class='ocrx_word' id='word_1_536' title='bbox 3403 5487 3413 5499; x_wconf 41' lang='lat'><strong>.</strong></span> 
     </span>
     <span class='ocr_line' id='line_1_88' title="bbox 1948 5491 3506 5570; baseline -0.008 -16"><span class='ocrx_word' id='word_1_537' title='bbox 1948 5512 1971 5540; x_wconf 83' lang='grc' dir='ltr'><strong>ο</strong></span> <span class='ocrx_word' id='word_1_538' title='bbox 2003 5499 2125 5564; x_wconf 89' lang='lat' dir='ltr'>Quo</span> <span class='ocrx_word' id='word_1_539' title='bbox 2155 5501 2414 5570; x_wconf 84' lang='lat' dir='ltr'>tempore</span> <span class='ocrx_word' id='word_1_540' title='bbox 2488 5493 2809 5570; x_wconf 64' lang='lat' dir='ltr'>angebardi</span> <span class='ocrx_word' id='word_1_541' title='bbox 2853 5508 2911 5545; x_wconf 87' lang='lat' dir='ltr'>1n</span> <span class='ocrx_word' id='word_1_542' title='bbox 2962 5491 3182 5570; x_wconf 63' lang='lat' dir='ltr'>Italiam</span> <span class='ocrx_word' id='word_1_543' title='bbox 3220 5492 3506 5570; x_wconf 66' lang='lat' dir='ltr'>venerint,</span> 
     </span>
    </p>
   </div>
   <div class='ocr_carea' id='block_1_87' title="bbox 1875 5562 3510 5642">
    <p class='ocr_par' dir='ltr' id='par_1_87' title="bbox 1875 5562 3510 5642">
     <span class='ocr_line' id='line_1_89' title="bbox 1875 5562 3510 5642; baseline -0.008 -16"><span class='ocrx_word' id='word_1_544' title='bbox 1875 5562 2048 5642; x_wconf 83' lang='lat' dir='ltr'>supra</span> <span class='ocrx_word' id='word_1_545' title='bbox 2070 5569 2183 5642; x_wconf 89' lang='lat' dir='ltr'>dixi</span> <span class='ocrx_word' id='word_1_546' title='bbox 2207 5562 2447 5642; x_wconf 37' lang='lat' dir='ltr'>ininotis</span> <span class='ocrx_word' id='word_1_547' title='bbox 2468 5565 2548 5642; x_wconf 88' lang='lat' dir='ltr'>_ad</span> <span class='ocrx_word' id='word_1_548' title='bbox 2570 5562 2758 5642; x_wconf 73' lang='lat' dir='ltr'>Vitam</span> <span class='ocrx_word' id='word_1_549' title='bbox 2785 5562 3040 5642; x_wconf 81' lang='lat' dir='ltr'>Joannis.</span> <span class='ocrx_word' id='word_1_550' title='bbox 3070 5562 3201 5617; x_wconf 55' lang='lat' dir='ltr'>Haec</span> <span class='ocrx_word' id='word_1_551' title='bbox 3224 5562 3510 5642; x_wconf 77' lang='lat' dir='ltr'>Anastasii</span> 
     </span>
    </p>
   </div>
   <div class='ocr_carea' id='block_1_88' title="bbox 1874 5633 3510 5711">
    <p class='ocr_par' dir='ltr' id='par_1_88' title="bbox 1874 5633 3510 5711">
     <span class='ocr_line' id='line_1_90' title="bbox 1874 5633 3510 5711; baseline -0.009 -14"><span class='ocrx_word' id='word_1_552' title='bbox 1874 5633 2118 5697; x_wconf 72' lang='lat' dir='ltr'>fortasse</span> <span class='ocrx_word' id='word_1_553' title='bbox 2149 5637 2539 5711; x_wconf 69' lang='lat' dir='ltr'>intelligenda</span> <span class='ocrx_word' id='word_1_554' title='bbox 2545 5640 2679 5691; x_wconf 87' lang='lat' dir='ltr'>sunt</span> <span class='ocrx_word' id='word_1_555' title='bbox 2695 5637 2765 5711; x_wconf 84' lang='lat' dir='ltr'>de</span> <span class='ocrx_word' id='word_1_556' title='bbox 2787 5633 3126 5711; x_wconf 71' lang='lat' dir='ltr'>earumdem</span> <span class='ocrx_word' id='word_1_557' title='bbox 3153 5633 3510 5711; x_wconf 65' lang='lat' dir='ltr'>grassatione</span> 
     </span>
    </p>
   </div>
   <div class='ocr_carea' id='block_1_89' title="bbox 1874 5701 3509 5784">
    <p class='ocr_par' dir='ltr' id='par_1_89' title="bbox 1874 5701 3509 5784">
     <span class='ocr_line' id='line_1_91' title="bbox 1874 5701 3509 5784; baseline -0.011 -16"><span class='ocrx_word' id='word_1_558' title='bbox 1874 5714 1993 5781; x_wconf 91' lang='lat' dir='ltr'>illa,</span> <span class='ocrx_word' id='word_1_559' title='bbox 2028 5729 2205 5784; x_wconf 86' lang='lat' dir='ltr'>quam</span> <span class='ocrx_word' id='word_1_560' title='bbox 2234 5701 2464 5766; x_wconf 65' lang='lat' dir='ltr'>sanctus</span> <span class='ocrx_word' id='word_1_561' title='bbox 2503 5707 2811 5784; x_wconf 87' lang='lat' dir='ltr'>Gregorius</span> <span class='ocrx_word' id='word_1_562' title='bbox 2842 5706 2993 5761; x_wconf 90' lang='lat' dir='ltr'>inter</span> <span class='ocrx_word' id='word_1_563' title='bbox 3033 5701 3210 5760; x_wconf 59' lang='lat' dir='ltr'>san/as</span> <span class='ocrx_word' id='word_1_564' title='bbox 3242 5701 3509 5758; x_wconf 70' lang='lat' dir='ltr'>Ecclesia:</span> 
     </span>
    </p>
   </div>
   <div class='ocr_carea' id='block_1_90' title="bbox 1876 5783 2660 5855">
    <p class='ocr_par' dir='ltr' id='par_1_90' title="bbox 1876 5783 2660 5855">
     <span class='ocr_line' id='line_1_92' title="bbox 1876 5783 2660 5855; baseline -0.008 -16"><span class='ocrx_word' id='word_1_565' title='bbox 1876 5783 2308 5855; x_wconf 79' lang='lat' dir='ltr'>persecutiones</span> <span class='ocrx_word' id='word_1_566' title='bbox 2335 5783 2660 5855; x_wconf 76' lang='lat' dir='ltr'>anumerat.</span> 
     </span>
    </p>
   </div>
   <div class='ocr_carea' id='block_1_91' title="bbox 1952 5847 3277 5926">
    <p class='ocr_par' dir='ltr' id='par_1_91' title="bbox 1952 5847 3277 5926">
     <span class='ocr_line' id='line_1_93' title="bbox 1952 5847 3277 5926; baseline -0.006 -17"><span class='ocrx_word' id='word_1_567' title='bbox 1952 5856 2028 5926; x_wconf 88' lang='lat' dir='ltr'>(a)</span> <span class='ocrx_word' id='word_1_568' title='bbox 2054 5854 2273 5909; x_wconf 88' lang='lat' dir='ltr'>Eadem</span> <span class='ocrx_word' id='word_1_569' title='bbox 2296 5852 2472 5908; x_wconf 87' lang='lat' dir='ltr'>habet</span> <span class='ocrx_word' id='word_1_570' title='bbox 2489 5850 2628 5906; x_wconf 90' lang='lat' dir='ltr'>Cod.</span> <span class='ocrx_word' id='word_1_571' title='bbox 2661 5866 2768 5905; x_wconf 90' lang='lat' dir='ltr'>ms.</span> <span class='ocrx_word' id='word_1_572' title='bbox 2801 5847 3079 5922; x_wconf 83' lang='lat' dir='ltr'>Hardysil.</span> <span class='ocrx_word' id='word_1_573' title='bbox 3111 5850 3277 5907; x_wconf 74' lang='lat' dir='ltr'>LABB.</span> 
     </span>
    </p>
   </div>
   <div class='ocr_carea' id='block_1_92' title="bbox 3117 5953 3195 6014">
    <p class='ocr_par' dir='ltr' id='par_1_92' title="bbox 3117 5953 3195 6014">
     <span class='ocr_line' id='line_1_94' title="bbox 3117 5953 3195 6014; baseline -0.013 0"><span class='ocrx_word' id='word_1_574' title='bbox 3117 5953 3195 6014; x_wconf 71' lang='lat'>2‘2</span> 
     </span>
    </p>
   </div>
  </div>
