4006 6238
459 338 560 391 683

800 331 1154 388 BENEDICTI
1188 331 1379 387 PAPrE
1425 330 1448 385 l
1486 328 1578 385 AD
1613 327 2064 385 GRANDENSEM
2103 325 2583 384 PATBIARCHAM
2621 326 2960 383 EPISTOLE
2998 325 3473 384 FRAGMENTUM.

3738 326 3841 381 684

460 459 590 498 rare
621 443 816 514 posset
844 440 1100 513 inopiam
1140 439 1329 495 famis.
1361 437 1526 503 Quod
1562 438 1695 492 dum
1735 437 2098 508 cognovisset
2118 449 2177 522 Α
2196 436 2428 492 basilica
2453 436 2607 491 beati
2637 436 2788 492 Petri
2806 434 3050 508 apostoli
3067 433 3600 507 secretario,pridie
3621 434 3837 489 Kalen-

459 538 714 593 Justinus
736 535 884 608 fCod.
904 538 1029 591 Luc.
1042 532 1436 605 ,Justinianus]
1456 530 1744 603 piissimus
1756 531 2091 603 imperator,

464 632 601 703 quia
616 632 798 685 Roma
812 630 1239 702 periclitaretur
1251 628 1405 682 fame
1423 625 1843 680 etmortalitate
1867 624 1950 698 [In
1965 625 2093 681 Cod.

461 728 592 782 Luc.
634 726 781 780 deest
824 727 883 777 ct
932 721 1327 793 mortalitate],
1372 719 1529 775 misit
1566 720 1626 774 in
1664 721 1992 791 Egyptum,
2043 721 2100 773 et

2196 530 2299 585 das
2320 530 2562 603 Augusti
2590 531 2677 602 [In
2706 531 2832 589 Cod.
2864 534 2995 587 Luc.
3019 532 3168 587 deest
3186 531 3372 603 pridie
3400 529 3695 585 Kalendas
3725 531 3842 584 Au-

2196 625 2389 699 gusti].
2425 625 2522 679 Hic
2551 625 2689 679 fecit
2730 626 3161 682 ordinationem
3203 642 3382 679 unam
3429 642 3532 697 per
3569 641 3841 679 mensem

2196 718 2584 787 deeembrem,
2618 718 2981 791 presbyteros
3007 719 3362 792 quindecim,
3396 719 3677 774 diaconos
3699 721 3839 785 tres,

468 819 731 874 oneravit
757 833 931 872 naves
964 817 1277 882 frumento,
1313 818 1371 869 et
1394 813 1713 869 transmisit
1743 815 2012 868 Romam.
2031 813 2101 866 Et

465 913 543 968 sic
570 913 840 967 misertus
870 915 955 965 est
981 912 1130 964 Deus
1152 908 1346 963 Italiae.
1381 911 1444 963 In
1474 908 1596 963 istis
1616 908 1909 962 laboribus
1937 910 1994 961 et
2021 907 2103 961 af-

462 1005 808 1061 ﬂictionibus
839 1004 1058 1075 positus
1094 1002 1244 1075 [ϐοά.
1268 1005 1424 1067 Luc.,
1453 1002 1541 1056 his
1570 1001 1787 1075 diebus]
1821 999 2104 1056 sanctissi-

463 1117 593 1154 mus
613 1098 953 1153 Benedictus
963 1114 1115 1171 papa
1130 1100 1394 1153 mortuus
1413 1100 1518 1153 est.
1538 1095 1649 1162 Qui
1666 1096 1921 1167 sepultus
1937 1098 2024 1150 est
2042 1094 2103 1149 in

2197 812 2496 884 episcopos
2522 830 2625 885 per
2670 813 2895 875 diversa
2934 816 3059 870 loca
3097 830 3343 869 numero
3380 813 3588 884 viginti
3633 830 3842 867 unum.

2196 908 2267 961 Et
2304 907 2545 961 cessavit
2592 908 2954 979 episcopatus
3011 925 3243 963 menses
3286 910 3423 977 tres,
3472 907 3597 962 dies
3637 907 3845 962 decem

2206 999 2354 1072 [Cod
2384 1002 2511 1057 Luc.
2534 1001 2694 1058 addit
2720 1002 2825 1056 sub
2852 1002 2944 1057 die
2973 1005 3042 1058 3O
3070 1002 3285 1058 mensis
3304 1000 3480 1075 Julii].

460 1259 3837 1295 Μ

1609 1416 1918 1486 JOANNI
1964 1414 2359 1485 DOMINICI
2402 1414 2698 1484 MANSI.

781 1578 893 1651 IN
960 1574 1700 1652 FRAGMENTUM
1766 1575 2325 1651 EPISTOLfE
2395 1574 2962 1651 BENEDICTI
3028 1573 3546 1651 CENSURA.

534 1861 938 1928 Longinsculum
962 1860 1308 1926 fragmentum
1345 1861 1577 1926 epistolas
1602 1861 1871 1912 Benedicti
1899 1875 2047 1926 papae
2080 1876 2145 1913 ex
2170 1862 2571 1928 Gratianipalea
2616 1862 2683 1913 ad
2722 1877 2840 1914 can.
2877 1865 2957 1924 18,
2992 1876 3042 1912 c.
3076 1861 3159 1923 27,
3203 1874 3256 1924 q.
3290 1864 3342 1923 2,
3386 1859 3472 1910 hic
3517 1859 3744 1909 exhibeo
3783 1858 3852 1909 ab

472 1945 714 1995 omnibus
738 1943 949 2009 quidem
985 1957 1082 1993 ceu
1106 1943 1465 2007 apocryphum
1492 1943 1767 2008 rejectum,
1794 1942 1887 1993 sed
1911 1943 2093 1993 dubito
2128 1958 2194 1994 an
2220 1944 2426 1995 merito.
2452 1945 2757 2008 Quanquam
2782 1943 2923 1994 enim
2958 1941 3268 2008 suspicionis
3292 1955 3399 1992 suas
3422 1941 3601 1991 titulus
3627 1939 3759 2005 ipse,
3799 1945 3859 1991 ut

472 2025 526 2076 in
552 2025 712 2075 Editis
734 2025 943 2089 legitur,
977 2023 1168 2073 mereri
1194 2028 1383 2088 potest,
1408 2025 1713 2088 ambiguum
1740 2028 1819 2075 est
1840 2028 2017 2075 tamen
2038 2038 2164 2075 num
2189 2026 2424 2077 sincerus
2446 2026 2675 2076 Gratiani
2706 2025 2885 2076 Codex
2928 2025 3169 2075 eumdem
3203 2023 3443 2087 praeferat
3476 2021 3565 2086 qui
3597 2021 3652 2071 in
3693 2022 3858 2071 Editis

472 2110 704 2170 apparet.
731 2105 1008 2154 Gratianus
1034 2104 1173 2154 enim
1202 2105 1371 2155 editus
1398 2105 1669 2170 epistolam
1694 2106 1831 2156 hanc
1857 2106 2015 2156 latam
2038 2105 2592 2170 praefert'Patrz’archw
2619 2107 2889 2168 Gradensi,
2914 2106 3002 2170 qui
3035 2120 3159 2156 sane
3192 2103 3490 2169 patriarcha
3519 2102 3787 2152 Benedicti
3833 2102 3855 2151 Ι

469 2189 617 2235 (etate
646 2184 814 2235 audiri
836 2184 1071 2235 nondum
1096 2190 1341 2249 caperet.
1372 2187 1566 2236 Verum
1592 2185 1647 2236 in
1681 2200 1801 2237 meo
1829 2185 2028 2237 decreti
2070 2186 2282 2249 Codice,
2317 2188 2458 2251 quod
2494 2189 2686 2238 saeculo
2730 2187 2845 2251 ipso
2887 2187 3134 2246 Gratiani,
3182 2186 3263 2234 vel
3310 2184 3456 2234 initio
3498 2183 3858 2243 succedentis,

472 2266 724 2329 scriptum
739 2280 848 2316 non
872 2266 1015 2315 inani
1048 2267 1353 2331 conjectura
1383 2268 1644 2331 suspicor,
1670 2267 1741 2318 ita
1762 2269 1882 2332 lego
1908 2283 1922 2317 :
1955 2268 2256 2318 Benedictus
2285 2283 2459 2318 servus
2480 2283 2740 2319 servorum
2770 2270 2865 2318 Dei
2885 2269 2954 2318 N.
2980 2269 3218 2316 salutem.
3248 2268 3308 2315 In
3331 2264 3568 2328 margine
3590 2277 3719 2312 vero
3734 2263 3859 2324 alia,

475 2351 533 2397 ut
555 2346 814 2410 suspicor,
840 2346 931 2396 sed
956 2360 1103 2410 asque
1125 2348 1336 2411 antiqua
1365 2362 1523 2399 manu
1549 2348 1781 2398 additum
1803 2353 1882 2398 est
1910 2363 1923 2398 :
1952 2348 2240 2399 Graduensz'
2273 2350 2607 2414 patriarcha,
2635 2354 2685 2399 et
2714 2351 2983 2399 Domim’co
3016 2350 3130 2413 ejus
3168 2347 3513 2411 suffraganeo.
3550 2343 3726 2394 Lectio
3762 2344 3860 2393 ista

475 2426 802 2491 praecipuum
828 2431 1191 2491 argumentum
1216 2428 1464 2479 adversus
1504 2429 1856 2479 sinceritatem
1898 2429 2052 2493 hujus
2087 2429 2318 2494 epistolas
2355 2434 2587 2481 enervat.
2633 2431 2825 2480 Verum
2865 2430 3036 2479 adhuc
3076 2430 3377 2493 perseverat
3411 2425 3660 2489 suspicio,
3704 2424 3758 2473 in
3794 2437 3858 2473 eo

476 2508 617 2571 quod
640 2507 950 2557 Benedictus
972 2522 1176 2557 servum
1202 2522 1465 2558 servorum
1497 2510 1588 2558 Dei
1613 2523 1724 2559 sese
1752 2510 1996 2573 appellat,
2022 2524 2177 2574 quem
2202 2525 2326 2561 sane
2352 2510 2558 2561 titulum
2588 2511 2807 2574 coepisse
2841 2510 3003 2570 aiunt,
3028 2524 3058 2559 a
3095 2512 3274 2559 sancto
3311 2506 3583 2571 Gregorio.
3629 2507 3696 2555 At
3736 2518 3860 2554 cum

473 2588 619 2637 testis
643 2588 754 2652 ejus
777 2587 1108 2637 institutionis
1131 2602 1161 2638 a
1182 2594 1374 2647 \sancto
1406 2590 1658 2653 Gregorio
1686 2594 1870 2654 emptae
1896 2591 2123 2641 Joannes
2164 2592 2416 2642 diaconus
2452 2592 2692 2643 ail‘eratur
2735 2591 2961 2655 scriptor
2993 2591 3155 2640 multo
3197 2588 3460 2640 recentior
3500 2590 3652 2636 astate
3691 2583 3863 2635 sancti

475 2668 731 2731 Gregorii,
755 2668 911 2717 unica
936 2668 1046 2732 ejus
1071 2669 1348 2720 auctoritas
1371 2670 1501 2720 tanti
1531 2672 1835 2721 aestimanda
1861 2685 1968 2721 non
2005 2676 2101 2736 est,
2141 2676 2197 2723 ut
2235 2673 2465 2723 validum
2508 2687 2571 2723 ex
2613 2687 2676 2722 ea
2719 2676 3083 2736 argumentum
3131 2674 3314 2721 contra
3354 2669 3495 2718 illam
3546 2666 3863 2716 deducatur.

470 2750 738 2812 Utcunque
783 2761 868 2798 res
903 2748 1090 2799 habeat
1125 2764 1263 2811 sese,
1298 2765 1419 2801 cum
1453 2765 1519 2801 ex
1559 2752 1804 2802 Gratiano
1857 2752 2074 2803 minime
2110 2758 2318 2804 constet
2354 2754 2562 2804 cuinam
2603 2753 2886 2803 Benedicto
2936 2751 3214 2803 tribuenda
3254 2749 3474 2814 epistola
3514 2748 3599 2806 sit,
3647 2747 3865 2797 alterius

474 2829 690 2879 fortasse
717 2829 985 2880 Benedicti
1012 2830 1266 2896 scriptum
1291 2834 1401 2882 erat
1428 2832 1710 2885 sincerum.
1740 2833 2010 2885 Variantes
2035 2848 2151 2898 quas
2174 2835 2229 2886 in
2251 2836 2444 2887 ansulis
2467 2835 2744 2900 adscripta
2769 2838 2909 2897 sunt,
2943 2832 3190 2884 Romanis
3229 2831 3430 2882 decreti
3469 2828 3865 2880 correctoribus

479 2910 756 2961 debentur.

516 2916 756 2962 ebentur.

669 3479 1133 3563 FRAGMEN
1144 3481 1351 3564 TUM
1425 3484 1922 3567 EPISTOL/E
1996 3489 2129 3569 AD
2201 3487 2860 3570 GRANDENSEM
2932 3477 3700 3566 PATRIARCHAM.

1180 3790 1427 3850 PALEA.
2139 3809 2197 3883 B
2220 3798 2383 3852 uxori
2408 3810 2539 3859 sua,
2566 3800 2617 3850 et
2645 3797 2807 3851 erunt
2825 3791 2935 3847 duo
2959 3792 3020 3844 in
3039 3803 3202 3845 carne
3227 3801 3340 3841 una
3365 3783 3519 3883 (Gen.
3541 3780 3623 3852 ιι).
3645 3778 3875 3844 Quibus

554 3879 897 3938 Benedictus
923 3882 1130 3938 Servus
1161 3901 1452 3942 servorum
1478 3884 1624 3942 Dei'
1666 3887 1986 3943 Grandensi
2015 3904 2117 3960 pa-

480 3974 749 4031 triarchae
765 3975 1033 4044 salutem,
1068 3979 1176 4033 etc.

556 4069 667 4122 Lex
697 4067 902 4122 divinae
927 4070 1353 4127 constitutionis
1371 4073 1752 4144 apostolicam
1780 4075 2122 4131 cathedram

490 4160 629 4234 [Al.,
649 4160 866 4235 sedem]
891 4162 1063 4217 totius
1083 4165 1274 4235 posuit
1294 4166 1449 4221 orbis
1468 4170 1753 4222 terrarum
1781 4168 2121 4240 magistram

491 4254 641 4327 [Cod.
667 4256 820 4318 Luc.,
843 4256 1297 4331 magistratum],
1332 4264 1394 4313 ut
1422 4260 1704 4332 quidquid
1728 4262 1938 4333 ubique
1965 4265 2121 4319 loco-

484 4365 615 4403 rum
640 4347 955 4418 dubitatur,
977 4350 1047 4404 ab
1067 4368 1135 4404 ea
1151 4352 1299 4406 ratio
1323 4353 1583 4423 ejusdem
1602 4356 1946 4426 requiratur.
1968 4358 2119 4413 Affa-

486 4448 577 4498 tns
609 4447 697 4498 est
729 4447 923 4498 autem
966 4461 1072 4499 nos
1115 4445 1231 4499 suis
1279 4445 1483 4501 litteris
1533 4448 1794 4519 ejusdem
1833 4451 2124 4507 cathedrae

486 4554 789 4605 sessorem,
818 4553 884 4590 ac
910 4542 1316 4607 percunctatus
1343 4544 1430 4595 est
1456 4542 1689 4612 quidam
1724 4547 1941 4600 vestras
1988 4545 2122 4619 [Al.,

486 4630 587 4703 vir]
622 4631 859 4686 nomine
884 4634 1156 4700 Joannes,
1186 4649 1291 4704 pro
1318 4635 1606 4691 connubio
1633 4638 1765 4692 ﬁliae
1792 4655 1907 4693 suae
1935 4656 2127 4711 super-

486 4725 661 4780 stitis:
690 4726 850 4797 cujus
863 4742 1027 4781 soror
1047 4726 1322 4783 defuncta
1344 4728 1572 4784 cuidam
1594 4730 1814 4801 juveni,
1829 4732 2122 4804 Stephano

488 4820 749 4891 nomine,
769 4820 1122 4891 simplicibus
1142 4821 1329 4876 verbis
1344 4823 1536 4878 fuerat
1555 4824 1922 4897 desponsata,
1952 4830 2011 4881 et
2029 4845 2127 4882 an-

488 4918 726 4986 tequam
773 4914 847 4969 ad
892 4914 1119 4985 nuptias
1161 4916 1511 4987 perveniret,
1554 4924 1742 4974 morte
1785 4924 2121 4991 praeventa:

489 5013 683 5064 utrum
696 5007 911 5063 scilicet
922 5024 1054 5062 cum
1068 5009 1276 5064 eodem
1284 5010 1307 5082 j
1318 5028 1497 5067 uvene
1510 5013 1691 5084 possit
1705 5014 2126 5070 matrimonum

489 5103 768 5158 celebrari
802 5102 1122 5173 superstitis
1151 5104 1302 5172 ﬁliae,
1332 5122 1439 5160 nec
1469 5123 1564 5161 ne.
1592 5108 1852 5180 Namque
1884 5112 2127 5165 testatus

2219 3889 2407 3945 verbis
2436 3888 2688 3943 innotuit
2716 3902 2833 3942 non
2859 3885 3027 3940 aliter
3044 3883 3234 3937 virum
3265 3883 3323 3935 et
3354 3877 3667 3934 mulierem
3696 3888 3873 3945 posse

2220 3984 2348 4039 ﬁeri
2361 4000 2536 4038 unam
2551 3979 2922 4049 carnem,nisi
2941 3976 3156 4032 carnali
3167 3974 3373 4046 copula
3388 3971 3495 4026 sibi
3511 3968 3872 4025 cohaereant.

2223 4078 2330 4143 Qui
2343 4094 2482 4149 ergo
2498 4091 2869 4148 nequaquam
2882 4072 3086 4127 mistus
3107 4074 3193 4124 est
3205 4072 3495 4123 extranea),
3520 4060 3750 4117 mulieri
3772 4060 3877 4114 fa:-

2224 4172 2361 4227 dere
2392 4170 2654 4243 nuptiali,
2688 4185 2801 4240 quo
2828 4169 2993 4239 pacto
3018 4182 3124 4237 per
3144 4163 3301 4218 nuda
3330 4155 3660 4232 sponsionis
3688 4153 3875 4208 verba

2223 4270 2463 4337 possunt
2492 4281 2608 4319 una
2632 4280 2763 4319 caro
2786 4261 2933 4331 ﬁeri,
2975 4259 3303 4314 nullatenus
3336 4255 3597 4309 valemus
3630 4245 3870 4304 intueri.

2223 4359 2630 4431 Propinquitas
2654 4357 2812 4411 enim
2835 4354 3131 4427 sanguinis
3151 4350 3338 4406 verbis
3360 4347 3584 4411 dicitur,
3602 4359 3722 4398 non
3738 4358 3871 4396 ver-

2222 4453 2311 4508 bis
2336 4453 2600 4522 efﬁeitur,
2624 4451 2726 4506 sed
2751 4450 2899 4523 [Cod
2935 4452 3086 4513 Luc.,
3110 4463 3229 4502 non
3250 4442 3439 4499 verbis
3455 4438 3725 4501 efﬁcitur,
3742 4434 3868 4506 sed]

2225 4563 2414 4618 neque
2433 4546 2689 4600 osculum
2699 4544 2851 4616 parit
2861 4532 3537 4615 propinquitatem,quod
3564 4527 3867 4604 [Αλυίῐηὶᾶ]

2225 4642 2444 4695 nullam
2458 4640 2596 4695 facit
2611 4638 2909 4711 sanguinis
2925 4624 3710 4693 commixtionem.Quoniam
3728 4638 3873 4677 vero

2225 4735 2304 4789 ita
2330 4751 2564 4807 prorsus
2589 4750 2713 4789 sese
2735 4733 2913 4788 habet
2936 4747 3028 4786 res
3049 4727 3286 4786 Joannis
3311 4724 3494 4791 istius,
3528 4723 3591 4775 ut
3608 4718 3749 4773 velit
3777 4732 3873 4771 se-

2225 4829 2477 4884 cundam
2513 4829 2693 4883 ﬁliam
2714 4827 2824 4881 illis
2871 4823 3085 4897 nuptiis
3134 4821 3427 4893 copulare,
3476 4814 3565 4870 cui
3606 4812 3871 4885 primam

2218 4924 2345 4996 jam
2372 4923 2703 4978 decreverat
2728 4922 3099 4992 desponsare,
3133 4929 3374 4970 censura
3402 4906 3700 4983 apostolici
3739 4921 3873 4958 ma-

2227 5018 2499 5089 gistratus
2525 5015 2872 5071 mandamus
2883 5014 2992 5068 hoc
3013 5011 3229 5081 absque
3260 5006 3429 5063 ullius
3450 5001 3708 5060 criminis
3728 4997 3874 5053 vitio

2226 5128 2393 5184 posse
2412 5110 2558 5178 ﬁeri,
2581 5111 2626 5164 si
2648 5109 2943 5179 utriusque
2964 5105 3143 5178 partis
3162 5100 3377 5158 sederit
3401 5095 3701 5154 voluntati.
3720 5094 3871 5148 Nam

488 5199 659 5271 hujus
672 5195 1053 5251 reirationem
1075 5198 1229 5269 apud
1244 5200 1555 5255 voshaberi
1578 5202 2127 5275 ambiguam.Quam
2148 5191 2203 5266 C
2229 5223 2330 5260 cur
2374 5204 2769 5277 prohibeatur,
2798 5200 2953 5273 quod
2978 5196 3409 5272 prohibendum
3434 5193 3574 5264 [Al.,
3604 5185 3871 5261 prohibi-

490 5295 608 5349 Deo
638 5292 883 5347 docente
904 5291 1202 5346 reddimus
1230 5292 1317 5347 his
1348 5294 1534 5349 verbis
1559 5296 1957 5355 certissimam.
1986 5301 2125 5355 Pro-

489 5389 769 5460 toplastus
795 5385 910 5454 ille,
941 5386 1105 5442 radix
1141 5390 1198 5440 et
1226 5387 1388 5459 origo
1418 5393 1613 5444 nostro
1646 5389 1793 5462 [Cod
1835 5395 1991 5462 Luc.,
2019 5410 2124 5448 no-

490 5482 627 5553 stra]
659 5482 979 5536 detractam
1000 5479 1109 5535 sibi
1127 5484 1344 5536 costam
1370 5481 1428 5536 in
1448 5484 1756 5540 mulierem
1777 5486 1978 5541 videns
2016 5487 2129 5542 for-

490 5580 731 5643 matam,
747 5576 1085 5647 prophetico
1101 5574 1302 5646 spiritu
1319 5576 1472 5631 inter
1482 5578 1595 5634 alia
1611 5580 1852 5651 protulit
1871 5597 1883 5634 :
1898 5582 2127 5651 Propter

489 5671 585 5726 hoc
621 5671 892 5757 relinquet
923 5671 1075 5725 homo
1101 5675 1321 5741 patrem
1353 5676 1405 5727 et
1449 5678 1697 5742 matrem,
1733 5678 1786 5728 et
1830 5674 2129 5732 adhaerebit

564 5817 694 5888 "De
713 5814 824 5888 hoc
855 5813 1024 5888 titulo
1050 5818 1110 5867 ut
1142 5818 1227 5888 est
1250 5814 1307 5869 in
1336 5816 1543 5888 Codice
1571 5818 1831 5888 Lucensi,
1865 5822 2127 5888 superius

495 5882 628 5936 dixi.
664 5884 836 5936 Deest
850 5899 986 5936 vero
1011 5884 1072 5937 in
1103 5886 1310 5940 eodem
1334 5887 1542 5942 Codice
1584 5906 1689 5945 vox
1718 5882 1899 5961 palea.
1932 5882 2122 5949 MANSI.

2225 5300 2373 5370 tum]
2388 5314 2688 5370 nunquam
2704 5301 2903 5351 sancta
2922 5294 3215 5365 Scriptura
3231 5290 3486 5345 declarat
3505 5285 3533 5341 Ῥ
3546 5283 3664 5340 Sed
3674 5296 3873 5352 neque

2224 5394 2539 5449 mundanae
2582 5394 2760 5463 leges,
2792 5387 3227 5451 connumeratis
3268 5380 3530 5457 personis
3558 5393 3687 5451 quas
3714 5376 3879 5429 inter

2227 5505 2286 5545 se
2314 5489 2542 5561 nuptias
2572 5487 2731 5542 nonb
2762 5484 3133 5553 contrahunt,
3166 5480 3237 5536 de
3262 5472 3598 5549 hujusmodi
3646 5468 3877 5541 aliquid

2227 5585 2444 5640 dicunt.
2474 5585 2553 5638 Ne
2596 5598 2736 5654 ergo
2781 5578 3080 5651 abnegetis
3123 5574 3280 5648 quod
3322 5567 3663 5643 negandum
3712 5563 3877 5619 nulla

2225 5679 2451 5735 ratione
2479 5677 2696 5733 docetis
2728 5674 2865 5749 [Al.,
2894 5669 3276 5742 monstratis].

2298 5825 2325 5865 δ
2354 5826 2415 5878 In
2447 5823 2586 5880 Cod.
2616 5824 2749 5878 Luc.
2782 5821 2945 5877 deest
2967 5834 3100 5883 non,
3130 5820 3189 5872 et
3226 5812 3503 5892 sequitur,
3541 5806 3881 5865 contrahunt

2226 5896 2294 5950 de
2322 5912 2381 5949 re
2406 5896 2738 5963 hujusmodi.
2766 5894 2933 5948 Idem.
