4006 6238
232 313 3588 341 m

230 332 3589 360 W

1009 472 2004 595 BENEDIGTI
2103 477 2630 604 PAPE
2736 480 2805 599 Ῑ

438 678 1321 821 EPISTOLA“
1416 683 1652 821 AD
1748 684 2296 824 DAVID
2392 685 3395 833 EPISCOPUM.

786 1002 1026 1068 Probat
1055 1023 1140 1069 ex
1182 1004 1384 1069 sacris
1411 1004 1669 1082 litteris,
1705 1024 2042 1071 summam
2072 1007 2459 1073 Trinitatem
2495 1010 2822 1076 unitatem
2858 1030 3024 1076 esse.

287 1133 781 1191 Reverendissimo
805 1135 967 1193 fratri
994 1138 1256 1210 episcopo
1284 1137 1456 1193 David
1480 1181 1494 1209 ,
1525 1139 1858 1197 Benedictus
1880 1154 1940 1227 Α
1959 1146 2096 1197 Deus
2125 1144 2317 1206 Israel,
2351 1146 2449 1213 qui
2469 1144 2617 1199 sedes
2658 1160 2819 1215 super
2860 1147 3133 1202 cherubim
3173 1146 3303 1216 (Isa.
3343 1149 3591 1219 xxxvii)?

218 1227 462 1283 salutem
491 1228 550 1284 in
577 1230 834 1285 Domino.

288 1323 657 1393 Respondere
700 1323 902 1379 litteris
949 1324 1145 1379 vestris
1168 1325 1392 1396 plenius
1437 1327 1716 1397 cogitavi;
1762 1328 1859 1383 sed

217 1432 347 1471 cum
378 1416 489 1470 hoc
513 1417 843 1485 meditarer,
866 1420 1057 1473 tantus
1075 1435 1167 1474 me
1182 1419 1343 1474 dolor
1359 1420 1562 1492 tetigit,
1592 1426 1655 1476 ut
1679 1422 1861 1495 magis

217 1510 352 1565 ﬂere
380 1520 562 1582 quam‘
601 1511 818 1582 aliquid
857 1511 1068 1581 dicere,
1114 1512 1424 1568 delectatus
1464 1515 1591 1570 sim.
1640 1515 1745 1570 Sed
1788 1533 1859 1571 ne

216 1604 474 1658 funditus
495 1609 834 1673 remaneret,
858 1622 1039 1676 pauca
1056 1606 1216 1660 vobis
1234 1607 1540 1663 rescribere
1555 1608 1767 1676 curavi,
1788 1609 1859 1663 ad

218 1697 437 1769 potiora
466 1714 563 1752 vos
600 1700 857 1768 tempora
899 1715 1149 1769 congrue
1178 1698 1438 1755 invitans.
1482 1702 1641 1766 Quod
1664 1708 1858 1758 autem

217 1791 422 1846 litterae
470 1796 585 1846 tuae
631 1796 800 1847 testes
833 1797 985 1863 sunt,
1018 1794 1295 1864 quosdam
1320 1794 1469 1849 intra
1509 1796 1859 1867 provinciam

218 1884 487 1939 Baeticam
515 1902 656 1954 esse,
680 1885 778 1957 qui
796 1885 1071 1958 dicerent,
1092 1888 1385 1942 neminem
1410 1889 1682 1945 veraciter
1697 1907 1859 1961 posse

216 1979 480 2050 probare,
509 1978 843 2034 Trinitatem
883 1980 1160 2035 unitatem
1199 1981 1343 2051 fieri,
1373 1998 1504 2036 cum
1531 1999 1717 2054 neque
1748 1987 1860 2038 tres

216 2090 420 2144 unum,
442 2090 632 2146 neque
657 2086 840 2129 unum
866 2073 923 2128 in
952 2075 1131 2129 tribus
1158 2080 1344 2146 posset
1370 2093 1715 2148 quemquam
1732 2094 1859 2149 pro-

215 2167 339 2238 prie
362 2167 681 2239 approbare
727 2184 741 2221 :
789 2184 927 2239 quas
973 2168 1043 2222 ob
1092 2186 1305 2239 causas,
1352 2168 1708 2226 dilectissime
1756 2171 1855 2242 ﬁli,

218 2262 474 2315 consulta
520 2261 626 2316 tibi
672 2262 993 2332 apostolica:
1025 2262 1171 2317 sedis
1200 2263 1457 2317 misimus
1484 2305 1498 2333 ,
1530 2269 1595 2319 ut
1632 2269 1731 2319 aut
1768 2265 1859 2319 his

218 2370 310 2409 eos
329 2355 400 2409 ad
432 2359 648 2410 rectam
685 2354 857 2410 ﬁdem
885 2356 1132 2410 converti
1166 2356 1354 2427 facias,
1400 2361 1501 2411 aut
1527 2357 1597 2411 ab
1626 2358 1860 2413 ecclesia

217 2452 523 2520 antequam
552 2448 722 2520 pestis
750 2449 871 2504 haec
902 2449 1069 2503 latius
1095 2450 1437 2522 divulgetur,
1478 2452 1735 2522 repellas.
1764 2452 1860 2506 His

1960 1235 2014 1289 Si
2042 1236 2228 1290 unitas
2254 1252 2370 1291 non
2394 1239 2497 1305 est,
2524 1253 2699 1308 quare
2729 1256 2743 1292 :
2772 1242 2870 1308 qui
2889 1240 3057 1302 sedes,
3078 1240 3240 1307 dixit,
3264 1244 3321 1295 et
3342 1257 3458 1296 non
3489 1241 3590 1313 qui

1960 1329 2183 1396 sedetis,
2198 1334 2255 1384 et
2267 1330 2525 1401 adjunxit
2546 1330 2756 1402 [Labb.,
2777 1332 3072 1404 abstruxit]
3089 1334 3117 1387 ?
3144 1332 3199 1388 Si
3216 1333 3455 1389 Trinitas
3474 1351 3591 1391 non

1959 1428 2062 1493 est,
2094 1440 2267 1495 quare
2296 1423 2355 1478 in
2380 1425 2709 1497 Regnorum
2752 1425 2898 1479 libro
2942 1425 3166 1495 dicitur,
3214 1430 3432 1483 Domine
3456 1431 3594 1485 Deus

1960 1519 2307 1587 omnipotens,
2348 1522 2487 1573 Deus
2522 1520 2712 1582 Israel,
2747 1534 3008 1574 sermones
3050 1522 3132 1574 tui
3164 1521 3346 1589 ﬁdeles
3371 1526 3499 1576 sunt
3523 1524 3599 1591 (II

1958 1612 2087 1678 Reg.
2120 1626 2217 1677 vn,
2247 1612 2333 1666 III
2364 1615 2494 1681 Reg.
2522 1612 2678 1682 vui)?
2703 1612 2759 1667 Si
2784 1612 2969 1666 unitas
2999 1628 3114 1666 non
3141 1617 3243 1682 est,
3282 1630 3458 1684 quare
3485 1617 3589 1679 tui,

1959 1702 2184 1774 dicitur,
2216 1709 2272 1759 et
2298 1721 2436 1770 non,
2466 1705 2655 1773 vestri,
2692 1705 2879 1776 potius
2905 1705 3238 1760 intimatur?
3264 1706 3320 1761 Si
3349 1708 3591 1763 Trinitas

1958 1813 2073 1851 non
2099 1802 2199 1866 est,
2231 1814 2335 1852 cur
2361 1798 2420 1852 in
2464 1798 2683 1869 psalmo
2714 1814 2844 1854 Lvm
2881 1802 3179 1854 cantatur:
3213 1803 3431 1856 Domine
3455 1805 3595 1859 Deus

1956 1895 2242 1955 virtutum,
2292 1894 2430 1946 Deus
2465 1893 2653 1954 Israel,
2694 1892 2911 1947 intende
2951 1893 3028 1947 ad
3067 1894 3375 1949 visitandas
3417 1910 3594 1952 omnes

1959 1988 2180 2055 gentes?
2221 1984 2277 2040 Si
2323 1985 2509 2039 unitas
2537 2002 2653 2039 non
2696 1991 2800 2055 est,
2841 2002 3016 2057 quare
3058 1988 3275 2042 intende
3301 1989 3509 2059 posuit,
3537 1995 3595 2044 et

1958 2095 2095 2148 non,
2123 2077 2418 2148 intendite,
2446 2083 2511 2133 ut
2546 2079 2881 2150 praedicatus
2909 2084 3013 2148 est,
3038 2079 3319 2135 intimavit
3337 2082 3365 2135 ?
3390 2082 3445 2137 Si
3470 2083 3589 2137 Tri-

1958 2173 2103 2227 nitas
2128 2188 2243 2226 non
2268 2177 2370 2239 est,
2398 2189 2573 2244 quare
2599 2173 2659 2226 in
2678 2172 3012 2243 Apocalypsi
3036 2172 3202 2227 tertio
3226 2173 3369 2228 dixit
3406 2191 3420 2229 :
3448 2177 3592 2232 Sana

1958 2272 2092 2330 ctus,
2104 2270 2339 2329 sanctus,
2354 2270 2590 2329 sanctus,
2608 2269 2857 2322 Dominus
2878 2269 3014 2321 Deus
3025 2268 3373 2338 omnipotens,
3388 2271 3486 2337 qui
3495 2275 3594 2334 est,

1959 2364 2010 2414 et
2022 2362 2118 2429 qui
2130 2365 2245 2414 erat
2262 2358 2448 2430 (Apoc.
2478 2360 2590 2431 1v)?
2620 2359 2674 2415 Si
2693 2358 2881 2413 unitas
2896 2375 3011 2413 non
3032 2363 3135 2426 est,
3150 2376 3324 2431 quare
3339 2377 3475 2430 non,
3495 2363 3595 2433 qui

1960 2458 2110 2521 sunt,
2140 2452 2452 2524 pluraliter,
2482 2452 2601 2519 sed,
2618 2456 2865 2522 quierat,
2894 2452 3250 2522 designavit?
3273 2452 3331 2508 Si
3350 2454 3592 2510 Trinitas

219 2542 432 2613 (frater)
463 2543 883 2614 Scripturarum
909 2543 1249 2598 testimoniis
1284 2544 1540 2616 (Ithacius
1578 2546 1707 2602 adv.
1744 2549 1857 2603 Va-
1877 2526 1937 2598 Β
1960 2563 2078 2602 non
2109 2551 2209 2615 est,
2241 2563 2417 2617 quare
2443 2546 2503 2600 in
2538 2545 2973 2601 Deuteronomio
3004 2546 3218 2601 dictum
3247 2550 3334 2602 est
3360 2564 3373 2602 :
3409 2552 3593 2604 Domi-

218 2637 513 2706 rimadum,
543 2654 593 2691 c.
626 2637 674 2708 1)
719 2637 1000 2692 unitatem
1031 2637 1313 2692 Trinitatis
1356 2656 1618 2710 agnosce,
1664 2643 1721 2694 et
1760 2640 1859 2695 de-

220 2729 336 2784 sine
386 2730 728 2784 Arianorum
778 2730 1114 2802 pravitatem
1170 2732 1369 2803 sequi,
1427 2737 1487 2787 ut
1537 2733 1607 2787 ab
1663 2734 1862 2788 eadem

220 2825 394 2894 possis
448 2829 810 2897 peccatorum
862 2824 1282 2896 indulgentiam
1329 2827 1667 2899 promereri,
1723 2827 1862 2881 Isaia

220 2919 498 2990 propheta
522 2919 742 2975 dicente
771 2936 784 2973 :
834 2920 972 2976 Vide
1012 2922 1297 2975 Dominum
1339 2921 1565 2975 sabaoth
1593 2922 1861 2976 sedentem

220 3026 379 3081 super
397 3015 653 3068 thronum
680 3014 963 3077 excelsum,
983 3018 1033 3068 et
1051 3016 1324 3084 seraphim
1348 3015 1567 3069 stabant
1588 3018 1647 3069 in
1662 3017 1858 3070 circui-

222 3110 279 3159 tu
306 3106 421 3176 ejus
450 3126 468 3161 :
495 3123 589 3162 sea:
613 3108 717 3162 alae
742 3110 860 3171 uni,
900 3112 951 3162 et
982 3123 1077 3163 sea:
1103 3109 1207 3162 ala
1234 3108 1417 3163 alteri.
1448 3109 1669 3164 Duabus
1710 3110 1857 3163 vela-

226 3198 350 3254 bant
372 3203 572 3268 faciem
596 3201 727 3270 ejus,
756 3201 967 3256 duabus
987 3206 1168 3256 autem
1192 3203 1445 3257 uelabant
1464 3204 1629 3273 pedes
1658 3203 1790 3272 ejus,
1812 3208 1863 3258 et

221 3293 427 3350 duabus
454 3296 731 3352 volabant.
762 3299 832 3352 Et
856 3296 1169 3351 clamabant
1202 3298 1277 3351 ad
1304 3298 1645 3361 alterutrum,
1676 3298 1859 3352 dicen-

223 3391 295 3442 tes
322 3407 338 3443 :
364 3391 621 3453 Sanctus,
646 3394 886 3453 sanctus,
906 3395 1163 3456 sanctus;
1196 3394 1451 3447 Dominus
1476 3395 1614 3447 Deus
1635 3392 1862 3447 sabaoth

223 3482 345 3551 (Isa.
391 3484 489 3555 v1).
525 3484 585 3539 Si
614 3483 855 3538 Trinitas
879 3500 994 3538 non
1024 3487 1128 3554 est,
1161 3500 1336 3556 quare
1378 3484 1567 3553 tertio,
1608 3490 1856 3556 sanctus,

223 3574 520 3632 dixerunt?
548 3579 615 3632 Et
639 3577 685 3632 si
713 3577 900 3635 unitas
925 3594 1044 3632 non
1063 3582 1166 3646 est,
1198 3594 1372 3650 quare
1400 3579 1503 3633 sub
1530 3580 1678 3634 trina
1703 3595 1861 3651 repe-

220 3669 410 3727 titione
438 3688 621 3726 unum
639 3673 818 3727 Deum
838 3688 901 3726 ac
916 3672 1224 3727 Dominum
1251 3673 1636 3729 intimarunt?
1663 3674 1719 3729 Si
1745 3674 1860 3728 Tri-

224 3764 363 3819 nitas
391 3782 510 3820 non
539 3770 642 3836 est,
683 3782 786 3820 cur
808 3766 871 3820 in
903 3766 1182 3821 Geneseos
1208 3767 1415 3822 dicitur
1454 3785 1467 3822 :
1522 3771 1673 3823 Dimit
1698 3772 1857 3830 Deus,

1958 2656 2059 2695 nus
2082 2644 2221 2696 Deus
2252 2646 2404 2703 tuus,
2448 2644 2585 2696 Deus
2622 2642 2923 2696 misericors
2968 2646 3065 2704 est,
3118 2645 3171 2695 et
3202 2642 3391 2696 audiet
3420 2658 3597 2699 vocem

1960 2740 2111 2789 tuam
2142 2734 2375 2805 (Deuter.
2407 2734 2518 2805 1v)?
2544 2734 2599 2789 Si
2628 2734 2812 2789 unitas
2832 2750 2951 2788 non
2974 2737 3077 2804 est,
3100 2751 3276 2805 quare
3295 2736 3483 2791 audiet
3498 2754 3596 2808 po.-

1960 2828 2091 2895 suit,
2126 2830 2183 2882 et
2216 2844 2331 2882 non
2368 2828 2619 2898 audient,
2651 2827 2970 2883 intimavit?
2997 2828 3050 2883 Si
3077 2828 3317 2883 Trinitas
3344 2846 3461 2885 non
3488 2837 3595 2897 est,

1960 2938 2135 2993 quare
2158 2922 2218 2975 in
2244 2922 2372 2976 Jesu
2397 2922 2544 2977 Nave
2569 2922 2774 2977 dicitur
2798 2922 2944 2976 libro
2968 2938 2981 2976 :
3020 2925 3276 2979 Dominus
3300 2927 3439 2980 Deus
3465 2926 3593 2981 deo-

1958 3032 2081 3071 rum
2107 3020 2186 3071 est
2208 3015 2380 3087 (Iosue
2406 3033 2480 3085 11;
2510 3020 2664 3072 Deut.
2694 3017 2792 3097 x)?
2826 3016 2883 3071 Si
2921 3016 3108 3070 unitas
3136 3032 3253 3071 non
3288 3022 3390 3084 est,
3419 3035 3594 3090 quare

1960 3115 2056 3174 est,
2087 3109 2250 3177 dixit,
2280 3114 2335 3165 et
2371 3128 2508 3179 non,
2553 3116 2707 3179 sunt,
2736 3127 2893 3165 more
2923 3110 3226 3165 locutionis
3251 3111 3513 3169 induxit?
3541 3114 3597 3170 Si

1959 3204 2200 3260 Trinitas
2236 3222 2353 3260 non
2393 3210 2495 3275 est,
2535 3221 2710 3277 quare
2733 3206 2879 3259 Elias
2907 3205 3119 3260 orando
3142 3205 3242 3277 (llI
3259 3210 3389 3277 Reg.
3416 3208 3593 3279 xvm),

1960 3301 2200 3363 Domine,
2228 3282 2458 3363 domine,
2495 3301 2705 3355 domine
2741 3304 2877 3356 Deus
2900 3300 3090 3364 Israel,
3125 3302 3339 3357 ostende
3381 3303 3512 3372 quia
3538 3308 3598 3358 tu

1960 3409 2011 3449 es
2040 3397 2177 3449 Deus
2205 3409 2373 3457 meus,
2407 3393 2592 3450 dixit?
2619 3394 2678 3449 Si
2704 3394 2894 3449 unitas
2917 3410 3033 3449 non
3059 3399 3162 3463 est,
3191 3411 3386 3468 quare,
3416 3400 3593 3452 osten-

1959 3489 2044 3551 de,
2073 3491 2130 3541 et
2167 3504 2285 3542 non
2323 3488 2620 3557 ostendite,
2667 3468 2895 3558 posuit?
2937 3489 2990 3544 Si
3038 3489 3278 3544 Trinitas
3320 3506 3437 3544 non
3486 3494 3594 3559 est,

1959 3598 2061 3636 cur
2088 3581 2469 3636 Mardochzeus
2499 3581 2710 3635 orando
2740 3582 2965 3651 (Esther.
2996 3585 3132 3654 xm),
3161 3586 3402 3646 Domine,
3419 3584 3593 3639 domi-

1957 3691 2022 3730 ne
2041 3680 2178 3731 Deus
2195 3678 2544 3746 omnipotens,
2567 3678 2747 3731 omnia
2768 3677 2825 3729 in
2838 3680 3102 3745 potestate
3130 3680 3225 3731 tua
3247 3681 3395 3740 sunt,
3419 3677 3596 3732 dixit?

1958 3769 2013 3824 Si
2040 3768 2229 3824 unitas
2251 3785 2369 3824 non
2411 3774 2515 3838 est,
2565 3785 2740 3839 quare
2778 3770 2838 3822 in
2881 3773 2975 3823 tua
3024 3769 3231 3839 posuit,
3276 3774 3333 3824 et
3372 3786 3490 3825 non
3530 3770 3595 3825 in

222 3858 346 3924 fecit
370 3863 532 3924 Deus,
553 3864 603 3915 et
624 3860 894 3915 benedixit
912 3864 1050 3916 Deus
1078 3861 1285 3933 (Genes.
1314 3864 1391 3934 1)?
1415 3861 1470 3917 Si
1506 3878 1638 3916 vero
1671 3860 1858 3915 unitas
1878 3898 1933 3974 Ο
1956 3865 2159 3931 vestra,
2215 3862 2498 3935 signavit?
2550 3862 2609 3917 Si
2658 3861 2899 3931 Trinitas
2941 3879 3058 3917 non
3110 3867 3214 3932 est,
3268 3880 3370 3917 cur
3418 3864 3593 3920 etiam

223 3967 333 4007 non
362 3957 467 4023 est,
497 3970 671 4025 quare
702 3953 868 4009 tertio
898 3954 1060 4025 dixit,
1092 3957 1256 4025 Deus,
1281 3959 1338 4010 et
1362 3972 1477 4009 non
1502 3954 1634 4010 deos
1660 3955 1854 4025 plura-

224 4044 347 4101 liter
370 4048 825 4103 commendavit?
855 4050 923 4103 Et
958 4048 1005 4102 si
1038 4048 1278 4104 Trinitas
1305 4065 1421 4103 non
1449 4053 1551 4119 est,
1591 4065 1769 4121 quare
1797 4049 1856 4102 in

227 4139 407 4196 Exodo
432 4143 653 4198 dictum
693 4146 776 4198 est
801 4142 1011 4197 tertio:
1061 4146 1298 4206 Domine,
1346 4144 1578 4207 domine,
1622 4144 1852 4206 domine,

226 4236 505 4291 miserator
530 4241 580 4291 et
608 4238 907 4292 misericors
950 4237 1145 4307 (Exod.
1176 4238 1392 4309 xxxrv)?
1435 4237 1492 4292 Si
1520 4236 1708 4291 unitas
1735 4253 1855 4291 non

229 4331 324 4395 est,
350 4346 527 4401 quare
554 4330 692 4385 dum
718 4330 887 4385 tertio
917 4329 1144 4398 diceret,
1169 4331 1431 4400 Domine,
1456 4335 1649 4402 postea
1674 4330 1850 4384 mise-

228 4405 381 4482 rator
399 4428 765 4500 singulariter
783 4428 947 4498 dixit,
971 4431 1029 4483 et
1050 4446 1166 4483 non
1186 4429 1562 4497 miscratores,
1581 4434 1646 4484 ut
1663 4430 1852 4500 plures

227 4523 559 4593 ostenderet,
589 4521 913 4577 intimavit?
938 4523 993 4577 Si
1008 4522 1249 4578 Trinitas
1274 4540 1394 4581 non
1419 4528 1522 4590 est,
1557 4539 1660 4577 cur
1686 4522 1858 4577 Abra-

227 4611 356 4670 ham
379 4616 449 4672 ad
476 4615 662 4671 ilicem
688 4617 935 4671 Mambre
955 4617 1175 4687 sedens,
1196 4618 1490 4689 tribusque
1532 4632 1852 4685 occurrens,

227 4709 325 4762 uni
350 4712 581 4774 domine,
612 4710 753 4766 dixit
787 4712 988 4781 (Genes.
1020 4711 1207 4782 xvni);
1248 4718 1304 4766 et
1335 4728 1452 4766 non
1492 4709 1576 4782 (ut
1618 4710 1854 4782 viderat)

228 4805 399 4863 tribus
419 4810 770 4864 salutationis
790 4810 1124 4882 obsequium
1145 4809 1430 4865 reddidit?
1455 4809 1510 4864 Si
1529 4809 1717 4864 unitas
1738 4826 1855 4864 non

229 4898 325 4963 est,
368 4915 543 4971 quare
591 4917 724 4955 cum
771 4901 907 4955 Mos.
932 4900 1124 4970 (Brod.
1159 4900 1259 4972 ιιι),
1292 4904 1429 4955 Deus
1465 4900 1766 4961 Abraham,
1805 4902 1855 4953 et

228 4989 357 5047 Deus
389 4995 567 5058 Isaac,
598 5000 649 5049 et
691 4998 827 5049 Deus
869 4995 1054 5057 Iacob,
1097 4994 1263 5049 tertio
1300 4994 1529 5063 diceret,
1574 4993 1855 5048 unitatem

229 5087 539 5157 ostendens,
570 5089 681 5143 Hoc
704 5089 840 5143 mihi
867 5104 1062 5142 nomen
1087 5093 1183 5153 est,
1224 5088 1397 5158 dixit;
1449 5093 1506 5143 et
1543 5103 1682 5157 non,
1728 5088 1855 5141 Haec

231 5184 354 5235 sunt
376 5186 568 5237 nostra
595 5182 848 5253 nomina,
872 5182 1226 5254 designavit?
1253 5182 1310 5238 Si
1337 5181 1579 5237 Trinitas
1604 5198 1720 5236 non
1748 5183 1852 5252 est,

230 5285 394 5342 quare
420 5276 589 5331 David
619 5276 785 5332 tertio
809 5276 953 5332 dixit
997 5294 1010 5332 :
1050 5277 1336 5334 Benedicat
1368 5292 1464 5331 nos
1508 5280 1667 5339 Deus,
1719 5278 1856 5331 Deus

230 5372 416 5435 noster,
448 5371 722 5426 benedicat
762 5387 857 5427 nos
898 5375 1036 5427 Deus
1079 5372 1298 5442 (Psalm.
1348 5371 1532 5441 xcvr)?
1570 5370 1627 5425 Si
1666 5368 1857 5424 unitas

231 5473 339 5516 non
362 5469 463 5533 est,
505 5481 680 5538 quare
716 5482 873 5535 cum,
910 5470 1050 5522 Deus
1100 5466 1267 5521 tertio
1295 5464 1663 5534 nominasset,
1698 5464 1853 5519 bene-

232 5552 389 5622 dicat,
418 5564 475 5613 et
498 5575 636 5630 non,
667 5559 1023 5631 benedicant,
1053 5559 1313 5633 adjunxit
1334 5560 1361 5614 ?
1391 5559 1447 5615 Si
1473 5557 1715 5615 Trinitas
1740 5574 1856 5612 non

234 5654 330 5722 est,
368 5668 467 5710 cur
492 5653 658 5751 Isaias
701 5654 888 5711 denuo
934 5655 1123 5712 dixit:
1164 5657 1385 5712 Domine
1429 5657 1568 5711 Deus
1608 5652 1855 5718 sabaoth,

1955 3957 2150 4012 Judith
2179 3957 2392 4012 orando
2421 3956 2566 4011 dixit
2595 3973 2608 4011 :
2638 3960 2855 4012 Domine
2877 3959 3015 4012 Deus
3040 3959 3277 4012 omnium
3301 3959 3591 4021 virtutum,

1956 4054 2153 4122 respice
2192 4053 2251 4105 in
2289 4054 2586 4106 orationem
2633 4066 2809 4106 meam
2868 4052 3093 4122 (Iudith.
3143 4051 3255 4122 1x)?
3297 4051 3355 4107 Si
3404 4052 3595 4106 unitas

1954 4163 2072 4201 non
2100 4149 2203 4213 est,
2252 4162 2449 4218 quare,
2499 4148 2719 4217 respice,
2766 4145 2974 4216 posuit,
3021 4149 3079 4200 et
3123 4162 3259 4216 non,
3308 4144 3590 4218 respicite,

1955 4239 2306 4311 designavit?
2345 4239 2402 4295 Si
2439 4238 2679 4294 Trinitas
2718 4256 2835 4294 non
2878 4244 2981 4308 est,
3035 4255 3211 4311 quare
3248 4239 3309 4294 in
3351 4240 3595 4295 Ieremia

1955 4334 2180 4404 dicitur,
2206 4336 2464 4389 Dominus
2500 4338 2638 4390 Deus
2674 4338 2846 4390 vester
2880 4337 3018 4390 Deus
3060 4350 3229 4389 veram
3256 4338 3334 4389 est
3378 4334 3588 4403 (Jerem.

1956 4429 2046 4500 x)?
2072 4428 2127 4484 Si
2156 4428 2344 4484 unitas
2370 4444 2487 4483 non
2513 4433 2616 4498 est,
2646 4444 2841 4499 quare,
2863 4444 3032 4483 veras:
3054 4432 3151 4491 est,
3183 4426 3347 4495 dixit,
3375 4432 3431 4483 et
3450 4444 3587 4498 non,

1955 4538 2199 4592 veraces,
2224 4524 2410 4594 potius
2434 4521 2759 4577 intimavit?
2789 4521 2845 4576 Si
2875 4521 3115 4575 Trinitas
3141 4536 3258 4575 non
3282 4525 3384 4589 est,
3415 4536 3591 4592 quare

1955 4616 2016 4671 in
2040 4616 2372 4687 Apocalypsi
2397 4616 2671 4687 scriptum
2698 4618 2785 4670 est
2814 4631 2827 4668 :
2866 4617 3125 4670 Dominus
3161 4617 3300 4670 Deus
3343 4618 3395 4668 et
3420 4617 3588 4684 spiri-

1957 4717 2042 4767 tus
2062 4711 2454 4782 prophetarum
2477 4712 2627 4764 misit
2649 4708 2903 4779 angelum
2919 4724 3093 4775 suum,
3127 4707 3399 4763 ostendere
3422 4711 3589 4763 servis

1952 4808 2067 4861 suis
2101 4819 2220 4874 qua
2238 4807 2444 4874 oportet
2465 4805 2587 4871 ﬁeri
2602 4807 2703 4858 cito
2732 4803 2920 4873 (Apoc.
2948 4801 3027 4874 1)?
3047 4801 3102 4858 Si
3129 4801 3314 4856 unitas
3337 4818 3454 4857 non
3483 4807 3585 4873 est,

1955 4914 2130 4971 quare
2158 4914 2289 4952 cum
2317 4898 2541 4951 Patrem
2568 4901 2624 4951 et
2647 4895 2851 4950 Filium
2872 4901 2930 4952 et
2953 4895 3226 4968 Spiritum
3245 4895 3586 4965 nominasse,

1953 4996 2102 5050 misit
2128 4993 2404 5054 Dominus,
2437 4988 2598 5061 dixit,
2627 4994 2683 5045 et
2704 5006 2840 5059 non,
2871 4990 3168 5060 miserunt,
3186 4989 3290 5043 sub
3312 4991 3591 5060 praetextu

1953 5088 2129 5143 trium
2140 5101 2510 5158 personarum
2521 5088 2577 5138 et
2590 5082 2893 5138 nominum
2903 5083 3219 5138 introduxit
3229 5083 3257 5137 ?
3277 5082 3332 5137 Si
3347 5082 3590 5137 Trinitas

1954 5198 2069 5236 non
2096 5185 2199 5249 est,
2231 5195 2406 5251 quare
2448 5178 2509 5232 in
2553 5176 2988 5232 Deuteronomio
3029 5175 3238 5229 dicitur
3277 5192 3291 5228 :
3335 5177 3591 5230 Dominus

1955 5279 2093 5331 Deus
2120 5278 2293 5330 vester
2317 5275 2402 5328 hic
2426 5276 2522 5335 est,
2551 5275 2685 5327 Deus
2715 5269 2890 5340 (Deut.
2918 5269 3013 5339 x)?
3047 5267 3103 5323 Si
3126 5266 3315 5321 unitas
3339 5282 3456 5321 non
3483 5272 3589 5338 est,

1956 5384 2150 5441 quare,
2177 5371 2278 5425 Hic
2303 5372 2399 5436 est,
2428 5365 2589 5435 dixit,
2617 5369 2831 5432 etnon,
2854 5363 2916 5417 hi
2938 5364 3089 5429 sunt,
3111 5358 3320 5431 plurali
3344 5374 3589 5416 numero

1956 5462 2303 5535 designavit?
2329 5461 2387 5516 Si
2415 5459 2655 5516 Trinitas
2693 5473 2814 5512 non
2842 5461 2945 5527 est,
2976 5469 3151 5526 quare
3181 5453 3244 5507 in
3273 5451 3475 5507 eodem
3499 5453 3589 5509 di-

1956 5556 2102 5612 citur
2128 5556 2271 5611 libro
2305 5571 2318 5610 :
2350 5556 2603 5612 Dominus
2628 5556 2767 5609 Deus
2798 5554 2920 5606 tuus
2941 5591 2959 5613 ,
2992 5551 3127 5603 Deus
3154 5560 3386 5615 magnus
3411 5550 3464 5600 et
3486 5561 3593 5618 po-

1958 5656 2069 5708 tens
2095 5656 2172 5708 est
2200 5650 2382 5724 (Ibid.)
2394 5649 2422 5705 ‘l
2438 5648 2499 5705 Si
2520 5647 2707 5705 unitas
2722 5661 2838 5701 non
2857 5647 2960 5712 est,
2979 5654 3419 5713 quare,magnus
3428 5643 3480 5696 et
3490 5654 3593 5711 poa

307 5802 330 5837 "
353 5806 507 5865 Falsa
532 5814 589 5865 et
610 5809 1004 5867 commentitia
1029 5810 1101 5866 ab
1125 5811 1330 5868 eodem
1354 5811 1660 5869 Mercatore
1687 5810 1939 5883 farrago.
1960 5808 2127 5864 ιω.
