4006 6238
433 337 534 389 683
773 331 1127 388 BENEDICTI
1162 330 1353 386 PApr
1399 330 1422 384 l
1459 328 1551 384 AD
1587 327 2037 384 GRANDENSEM
2076 324 2557 383 PATRIABCHAM
2595 325 2934 382 EPISTOLE
2972 325 3447 384 FRAGMENTUM.
3707 326 3812 381 684

434 458 564 497 rare
594 442 790 513 posset
817 439 1073 512 inopiam
1114 439 1303 494 famis.
1334 436 1499 502 Quod
1536 437 1669 491 dum
1709 435 2071 507 cognovisset
2091 448 2149 521 Α
2169 435 2403 491 basilica
2428 435 2581 490 beati
2611 436 2761 491 Petri
2780 434 3022 507 apostoli
3040 432 3572 507 secretario,pridie
3593 433 3810 488 Kalen-

434 537 688 592 Justinns
710 535 858 607 [Cod.
878 531 1409 604 Luc.,Justinianus]
1432 530 1717 601 piissimus
1732 530 2066 601 imperator,
2170 530 2272 585 das
2294 530 2535 602 Augusti
2564 530 2650 601 [In
2680 531 2806 588 Cod.
2838 534 2968 587 Luc.
2992 531 3140 586 deest
3158 530 3345 602 pridie
3372 529 3665 584 Kalendas
3694 532 3815 584 Au-

438 627 1378 702 quiaRomapericlitareturfame
1397 623 2066 697 etmortalitate[InCod.
2170 624 2363 698 gusti].
2398 625 2496 678 Hic
2526 623 2662 679 fecit
2704 625 3135 681 ordinationem
3175 641 3353 679 unam
3401 641 3506 696 per
3541 640 3815 679 mensem

435 727 565 781 Luc.
608 726 755 779 deest
798 727 856 777 et
905 720 1301 792 mortalitate],
1346 718 1503 773 misit
1540 718 1599 773 in
1638 720 1966 790 Egyptum,
2016 720 2075 772 et
2170 717 2558 786 decembrem,
2592 718 2954 791 presbyteros
2981 718 3335 791 quindecim,
3368 718 3648 773 diaconos
3671 720 3813 785 tres,

442 818 705 873 oneravit
731 832 905 871 naves
938 816 1250 881 frumento,
1287 816 1344 867 et
1368 812 1687 868 transmisit
1717 813 2076 867 Romam.Et
2172 812 2470 883 episcopos
2495 828 2599 884 per
2644 813 2869 869 diversa
2906 815 3033 870 loca
3070 830 3316 869 numero
3353 812 3561 883 viginti
3604 828 3813 867 unum.

439 912 517 967 sic
544 912 814 965 misertus
844 914 929 964 est
955 911 1104 963 Deus
1126 907 1320 962 Italiae.
1356 910 1417 962 1n
1448 907 1570 962 istis
1590 907 1883 961 laboribus
1911 910 1968 960 et
1995 906 2077 960 af-
2169 907 2241 960 Et
2278 907 2519 961 cessavit
2566 890 2929 979 episcopatus
2984 924 3216 962 menses
3260 910 3396 975 tres,
3446 907 3569 961 dies
3609 906 3815 962 decem

436 1003 782 1060 ﬂictionibus
814 1002 1033 1075 positus
1068 1002 1218 1075 [ϐοά.
1241 1004 1397 1066 Luc.,
1426 1001 1515 1055 his
1543 1000 1761 1074 diebus]
1796 999 2077 1055 sanctissi-
2179 998 2328 1071 [Cod.
2357 1002 2485 1057 Luc.
2508 1000 2669 1056 addit
2694 1001 2798 1055 sub
2824 1001 2917 1057 die
2947 1004 3015 1057 3O
3043 1001 3259 1057 mensis
3277 1000 3454 1074 Julii].

437 1116 567 1153 mus
586 1097 927 1153 Benedictus
938 1113 1088 1169 papa
1104 1100 1367 1151 mortuus
1387 1099 1491 1152 est.
1512 1094 1621 1161 Qui
1640 1095 1894 1167 sepultus
1910 1096 1998 1149 est
2016 1093 2077 1148 in

434 1258 3805 1295 ψ

1582 1414 1892 1485 JOANNI
1938 1413 2332 1485 DOMINICI
2376 1412 2672 1483 MANSI.

754 1577 867 1651 IN
934 1573 1674 1651 FRAGMENTUM
1739 1573 2299 1650 EPISTOLIE
2369 1573 2936 1649 BENEDICTI
3001 1572 3518 1650 CENSURA.

509 1861 911 1927 Longiusculum
936 1860 1281 1926 fragmentum
1318 1860 1551 1925 epistolae
1577 1860 1845 1911 Benedicti
1872 1874 2021 1925 papae
2054 1875 2118 1912 ex
2143 1860 2544 1927 Gratianipalea
2589 1861 2655 1912 ad
2696 1876 2814 1912 can.
2850 1864 2930 1923 18,
2966 1875 3016 1911 c.
3049 1860 3132 1922 27,
3176 1873 3230 1924 q.
3264 1863 3315 1923 2,
3359 1858 3444 1909 hic
3487 1857 3715 1908 exhibeo
3754 1857 3826 1908 ab

446 1945 687 1994 omnibus
713 1942 923 2008 quidem
958 1956 1056 1992 ceu
1080 1942 1439 2006 apocryphum
1466 1942 1740 2007 rejectum,
1768 1941 1859 1992 sed
1885 1942 2067 1993 dubito
2102 1957 2167 1993 an
2194 1943 2400 1994 merito.
2426 1944 2731 2007 Quanquam
2756 1942 2896 1994 enim
2932 1941 3241 2007 suspicionis
3266 1954 3372 1991 suae
3394 1940 3571 1990 titulus
3596 1939 3731 2004 ipse,
3768 1944 3832 1990 ut

446 2025 499 2075 in
526 2024 686 2074 Editis
708 2024 916 2087 legitur,
951 2023 1142 2072 mereri
1167 2026 1357 2087 potest,
1382 2024 1687 2088 ambiguum
1714 2027 1792 2074 est
1814 2026 1989 2074 tamen
2012 2037 2139 2074 num
2162 2026 2398 2075 sincerus
2420 2025 2648 2075 Gratiani
2679 2024 2856 2074 Codex
2902 2024 3142 2074 eumdem
3178 2022 3417 2087 praeferat
3448 2020 3537 2085 qui
3568 2020 3623 2069 in
3664 2020 3831 2071 Editis

445 2110 678 2169 apparet.
706 2104 981 2154 Gratianus
1008 2103 1147 2153 enim
1176 2104 1345 2154 editus
1371 2104 1643 2169 epistolam
1668 2105 1803 2155 hanc
1830 2105 1989 2155 latam
2012 2104 2222 2169 praefert
2247 2106 2566 2156 Patriarcha:
2592 2105 2862 2167 Gradensz‘,
2888 2105 2975 2169 qui
3009 2118 3132 2154 sane
3165 2102 3462 2168 patriarcha
3490 2101 3759 2151 Benedicti
3806 2101 3828 2149 Ι

443 2188 592 2235 etate
620 2183 787 2234 audiri
810 2183 1045 2234 nondum
1070 2188 1315 2248 ceperat.
1347 2186 1540 2235 Verum
1565 2185 1621 2235 in
1655 2199 1774 2236 meo
1803 2185 2001 2236 decreti
2044 2185 2255 2248 Codice,
2290 2186 2433 2250 quod
2469 2187 2660 2237 szeculo
2704 2186 2819 2250 ipso
2861 2186 3108 2246 Gratiani,
3155 2186 3236 2234 vel
3282 2184 3428 2233 initio
3471 2182 3832 2243 succedentis,

446 2265 699 2329 scriptum
713 2278 822 2315 non
846 2264 988 2315 inani
1022 2266 1326 2329 conjectura
1357 2266 1616 2330 suspicor,
1643 2266 1714 2317 ita
1736 2268 1855 2331 lego
1882 2282 1896 2316 :
1928 2267 2229 2317 Benedictus
2259 2282 2434 2317 servus
2454 2283 2714 2318 servorum
2744 2269 2838 2317 Dei
2859 2269 2927 2317 N.
2953 2268 3191 2316 salutem.
3221 2267 3281 2314 In
3304 2263 3540 2328 margine
3562 2276 3691 2312 vero
3706 2262 3835 2323 alia,

448 2349 506 2396 ut
528 2345 788 2409 suspicor,
814 2345 905 2395 sed
929 2359 1077 2409 usque
1099 2347 1310 2410 antiqua
1339 2361 1497 2397 manu
1522 2346 1755 2397 additum
1777 2352 1856 2398 est
1883 2362 1897 2397 :
1925 2347 2215 2398 Graduemz'
2246 2349 2580 2413 patriarchae,
2608 2353 2659 2398 et
2688 2350 2957 2398 Domim'co
2990 2349 3103 2413 ejus
3141 2346 3484 2411 suﬁraganeo.
3522 2343 3699 2393 Lectio
3733 2343 3834 2392 ista

449 2426 776 2491 praecipuum
802 2430 1164 2490 argumentum
1190 2427 1438 2477 adversus
1477 2428 1829 2478 sinceritatem
1871 2428 2026 2493 hujus
2061 2429 2292 2493 epistolas
2329 2434 2561 2480 enervat.
2607 2430 2799 2479 Verum
2840 2429 3010 2478 adhuc
3049 2430 3350 2492 perseverat
3384 2424 3632 2488 suspicio,
3675 2424 3729 2473 in
3764 2437 3833 2472 eo

450 2506 590 2571 quod
614 2506 924 2555 Benedictus
946 2521 1150 2556 servum
1176 2521 1439 2557 servorum
1470 2509 1562 2557 Dei
1586 2522 1698 2558 sese
1725 2509 1970 2573 appellat,
1995 2523 2151 2573 quem
2177 2524 2299 2560 sane
2326 2509 2532 2560 titulum
2561 2510 2781 2573 ccepisse
2816 2509 2977 2570 aiunt,
3002 2523 3033 2559 a
3068 2511 3247 2559 sancto
3284 2505 3555 2570 Gregorio.
3602 2505 3667 2554 At
3708 2517 3835 2553 cum

448 2587 593 2636 testis
617 2586 727 2651 ejus
750 2586 1081 2637 institutionis
1104 2602 1134 2637 a
1160 2593 1347 2645 sancto
1379 2589 1632 2652 Gregorio
1659 2593 1844 2653 cceptus
1869 2591 2097 2640 Joannes
2138 2591 2390 2641 diaconus
2426 2592 2666 2642 efferatur
2708 2590 2935 2654 scriptor
2967 2590 3128 2639 multo
3170 2588 3432 2639 recentior
3472 2590 3624 2636 aetate
3663 2583 3838 2635 sancti

449 2667 704 2730 Gregorii,
729 2667 884 2716 unica
910 2667 1019 2731 ejus
1044 2668 1321 2719 auctoritas
1344 2669 1474 2719 tanti
1505 2671 1809 2720 aestimanda
1835 2684 1942 2720 non
1979 2675 2075 2735 est,
2114 2675 2171 2722 ut
2210 2672 2439 2722 validum
2482 2686 2547 2722 ex
2587 2686 2650 2722 ea
2693 2675 3056 2735 argumentum
3104 2673 3287 2720 contra
3327 2668 3467 2718 illam
3520 2665 3838 2715 deducatur.

443 2749 712 2811 Utcunque
757 2760 842 2797 res
877 2748 1063 2798 habeat
1099 2763 1237 2810 sese,
1271 2764 1392 2800 cum
1426 2764 1493 2800 ex
1533 2752 1778 2801 Gratiano
1831 2751 2047 2801 minime
2084 2756 2291 2803 constet
2327 2753 2537 2803 cuinam
2576 2752 2860 2803 Benedicto
2911 2750 3187 2802 tribuenda
3229 2749 3447 2813 epistola
3486 2747 3571 2805 sit,
3618 2746 3840 2796 alterius

448 2828 665 2878 fortasse
691 2828 958 2879 Benedicti
986 2829 1239 2895 scriptum
1265 2834 1374 2881 erat
1402 2831 1683 2884 sincerum.
1714 2832 1983 2884 Variantes
2008 2847 2124 2898 quin
2147 2834 2203 2885 in
2225 2835 2417 2886 ansulis
2441 2835 2718 2899 adscriptae
2743 2837 2883 2897 sunt,
2916 2832 3163 2883 Romanis
3203 2830 3403 2881 decreti
3442 2827 3840 2879 correctoribus

453 2909 729 2961 debentur.

643 3478 1106 3561 FRAGMEN
1117 3480 1325 3563 TUM
1399 3483 1896 3566 EPISTOL/E
1970 3488 2102 3569 AD
2174 3485 2833 3569 GRANDENSEM
2905 3475 3670 3565 PATRIARCHAM.

1154 3790 1401 3849 PALEA-
2113 3808 2170 3882 B
2193 3797 2356 3851 umori
2382 3810 2513 3859 suae,
2539 3799 2591 3849 et
2619 3797 2780 3850 erunt
2799 3790 2908 3845 duo
2933 3791 2993 3844 in
3012 3803 3175 3844 came
3201 3801 3313 3841 una
3340 3782 3492 3882 (Gen.
3513 3779 3597 3852 II).
3617 3777 3847 3843 Quibus

529 3878 870 3947 Benedictus
896 3880 1103 3937 Servus
1135 3900 1427 3941 servorum
1452 3883 1598 3941 Dei'
1639 3886 1960 3943 Grandensi
1988 3903 2091 3960 pa-

454 3972 723 4029 triarchas
739 3974 1007 4042 salutem,
1041 3978 1151 4031 etc.

530 4067 641 4120 Lex
671 4066 875 4121 divina:
900 4068 1327 4125 constitutionis
1345 4072 1725 4142 apostolicam
1753 4074 2094 4130 cathedram

464 4158 603 4232 [Al.,
622 4158 839 4233 sedem]
864 4161 1037 4216 totius
1056 4164 1248 4234 posuit
1269 4164 1423 4219 orbis
1443 4169 1727 4221 terrarum
1754 4167 2095 4239 magistram

465 4252 614 4325 [ϐοά.
641 4254 793 4316 Luc.,
818 4255 1271 4329 magistratum],
1306 4261 1369 4312 ut
1396 4259 1678 4331 quidquid
1702 4261 1911 4333 ubique
1939 4264 2094 4318 loco-

458 4363 589 4401 rum
613 4346 928 4417 dubitatur,
951 4349 1022 4403 ab
1041 4366 1110 4403 ea
1126 4350 1273 4405 ratio
1297 4352 1557 4422 ejusdem
1574 4355 1919 4425 requiratur.
1942 4358 2092 4412 Affa-

459 4446 551 4496 tus
583 4445 671 4496 est
702 4445 898 4497 autem
940 4459 1046 4497 nos
1089 4443 1205 4497 suis
1254 4444 1457 4500 litteris
1507 4447 1767 4518 ejusdem
1807 4451 2097 4506 cathedra:

460 4552 763 4604 sessorem,
792 4551 858 4589 ac
884 4540 1290 4605 percunctatus
1317 4543 1403 4594 est
1431 4541 1664 4611 quidam
1697 4546 1914 4598 vestras
1962 4544 2096 4617 [Al.,

460 4628 561 4703 vir]
594 4629 834 4684 nomine
858 4631 1130 4699 Joannes,
1160 4648 1265 4703 pro
1293 4633 1580 4690 connubio
1606 4636 1739 4690 ﬁliae
1766 4654 1881 4693 sua:
1908 4655 2101 4709 snper-

461 4723 635 4779 stitis:
664 4724 824 4794 cujus
836 4741 1001 4780 soror
1021 4724 1296 4781 defuncta
1318 4727 1547 4783 cuidam
1568 4728 1788 4799 juveni,
1803 4732 2097 4804 Stephano

462 4818 723 4887 nomine,
744 4818 1097 4890 simplicibus
1116 4820 1303 4875 verbis
1318 4821 1510 4877 fuerat
1528 4823 1895 4895 desponsata,
1927 4830 1984 4880 et
2003 4844 2100 4880 an-

462 4916 700 4983 tequam
748 4912 821 4966 ad
866 4913 1094 4985 nuptias
1135 4915 1484 4985 perveniret,
1526 4922 1716 4972 morte
1760 4922 2094 4990 praeventa:

464 5010 657 5061 utrum
671 5005 884 5061 scilicet
895 5024 1028 5061 cum
1042 5007 1251 5063 eodem
1258 5009 1471 5080 juvene
1484 5012 1664 5082 possit
1678 5013 2099 5069 matrimonum

464 5101 742 5155 celebrari
776 5101 1096 5172 superstitis
1125 5102 1276 5172 ﬁlias,
1307 5120 1413 5158 nec
1444 5122 1537 5160 ne.
1566 5107 1826 5178 Namque
1858 5110 2100 5163 testatus

2194 3889 2381 3944 verbis
2409 3887 2661 3943 innotuit
2690 3902 2807 3941 non
2833 3884 3000 3939 aliter
3018 3882 3208 3937 virum
3239 3883 3296 3934 et
3327 3876 3639 3933 mulierem
3670 3887 3847 3944 posse

2194 3984 2321 4038 ﬁeri
2333 3999 2510 4038 unam
2524 3997 2758 4037 carnem
2768 3978 2895 4047 ,nisi
2914 3975 3130 4032 carnali
3141 3974 3346 4045 copula
3361 3971 3467 4025 sibi
3483 3968 3844 4024 cohasreant.

2197 4077 2302 4142 Qui
2317 4094 2456 4148 ergo
2471 4090 2843 4147 nequaquam
2856 4072 3060 4127 mistus
3081 4072 3167 4123 est
3179 4072 3467 4123 extraneas
3494 4060 3721 4117 mulieri
3743 4059 3848 4114 fos-

2197 4172 2333 4226 dere
2366 4170 2627 4242 nuptiali,
2662 4184 2775 4240 quo
2801 4169 2967 4238 pacto
2992 4181 3098 4237 per
3117 4162 3275 4217 nuda
3304 4156 3633 4231 sponsionis
3663 4153 3846 4208 verba

2196 4269 2436 4337 possunt
2466 4280 2581 4319 una
2605 4279 2737 4318 caro
2758 4260 2906 4329 ﬁeri,
2948 4259 3277 4313 nullatenus
3310 4254 3571 4308 valemus
3604 4245 3842 4303 intueri.

2196 4358 2603 4430 Propinquitas
2627 4357 2785 4411 enim
2808 4353 3105 4426 sanguinis
3125 4350 3312 4405 verbis
3334 4347 3557 4411 dicitur,
3576 4359 3697 4398 non
3713 4357 3843 4395 ver-

2196 4453 2284 4507 bis
2309 4452 2573 4520 efﬁcitur,
2597 4450 2698 4504 sed
2724 4449 2873 4523 [Cod.
2908 4451 3060 4510 Luc.,
3084 4462 3201 4500 non
3223 4442 3411 4498 verbis
3428 4438 3701 4501 efﬁcitur,
3717 4433 3840 4506 sed]

2199 4562 2387 4617 neque
2406 4545 2661 4599 osculum
2673 4543 2825 4615 parit
2835 4532 3509 4614 prepinquitatem,quod
3537 4527 3840 4603 [A1.,quia]

2199 4641 2418 4694 nullam
2429 4638 2568 4693 facit
2584 4636 2882 4709 sanguinis
2898 4624 3687 4692 commixtionem.Quoniam
3703 4637 3843 4676 vero

2198 4734 2277 4789 ita
2303 4750 2536 4805 prorsus
2563 4748 2686 4787 sese
2708 4731 2886 4786 habet
2909 4746 3001 4784 res
3023 4725 3260 4784 Joannis
3285 4722 3467 4789 istius,
3500 4722 3566 4774 ut
3583 4716 3724 4772 velit
3753 4731 3844 4769 se—

2198 4827 2451 4883 cundam
2486 4827 2666 4881 filiam
2688 4824 2796 4879 illis
2845 4822 3058 4895 nuptiis
3106 4819 3401 4891 copulare,
3449 4812 3541 4868 cui
3581 4811 3843 4884 primam

2192 4923 2319 4994 jam
2345 4921 2677 4976 decreverat
2700 4920 3072 4990 desponsare,
3106 4928 3347 4969 censura
3376 4905 3678 4981 apostolici
3716 4920 3844 4958 ma-

2200 5016 2472 5088 gistratus
2499 5014 2846 5069 mandamus
2856 5013 2965 5066 hoc
2987 5010 3202 5080 absque
3234 5006 3403 5061 ullius
3424 5000 3686 5058 criminis
3705 4997 3845 5052 vitio

2198 5126 2365 5182 posse
2386 5109 2532 5177 ﬁeri,
2554 5108 2600 5162 si
2621 5107 2917 5177 utriusque
2938 5104 3116 5177 partis
3135 5100 3351 5156 sederit
3374 5094 3678 5153 voluntati.
3698 5094 3845 5147 Nam

464 5194 1027 5268 hujusreirationem
1048 5195 1203 5267 apud
1219 5198 1529 5253 voshaberi
1551 5200 2100 5272 ambiguam.Quam
2122 5189 2176 5263 C
2203 5221 2303 5259 cur
2348 5202 2742 5275 prohibeatur,
2771 5199 2927 5272 quod
2953 5194 3383 5271 prohibendum
3407 5192 3549 5263 [Al.,
3578 5184 3840 5260 prohibi-

464 5293 581 5347 Deo
612 5290 856 5345 docente
877 5289 1175 5344 reddimus
1202 5291 1291 5345 bis
1320 5292 1508 5347 verbis
1534 5294 1930 5353 certissimam.
1959 5299 2098 5352 Pro-

464 5387 744 5458 t0plastus
768 5384 884 5453 ille,
915 5384 1079 5440 radix
1114 5388 1172 5439 et
1199 5386 1362 5457 origo
1391 5391 1588 5442 nostro
1620 5386 1766 5460 [ϐοά.
1809 5393 1964 5459 Luc.,
1992 5408 2097 5446 no-

464 5480 601 5551 stra]
633 5480 953 5535 detractam
974 5478 1081 5533 sibi
1101 5483 1319 5534 costam
1343 5479 1402 5535 in
1421 5482 1731 5538 mulierem
1752 5483 1951 5539 videns
1988 5486 2102 5540 for-

464 5579 705 5641 matam,
720 5573 1058 5645 prophetico
1074 5572 1276 5645 spiritu
1293 5574 1445 5630 inter
1456 5576 1567 5631 alia
1585 5577 1825 5648 protulit
1844 5595 1857 5632 :
1872 5580 2100 5649 Propter

463 5670 559 5725 hoc
595 5670 867 5755 relinquet
896 5668 1048 5723 homo
1075 5672 1295 5739 patrem
1327 5673 1379 5725 et
1422 5676 1671 5740 matrem,
1706 5676 1759 5726 et
1804 5672 2103 5730 adhaerebit

537 5816 669 5888 {De
686 5812 797 5888 hoc
828 5811 997 5888 titulo
1023 5816 1082 5866 ut
1113 5813 1280 5888 estin
1308 5814 1517 5888 Codice
1546 5816 1805 5888 Lucensi,
1838 5821 2100 5888 superius

468 5881 601 5935 dixi.
636 5884 808 5936 Deest
824 5897 959 5935 vero
984 5883 1043 5937 in
1075 5885 1284 5940 eodem
1306 5885 1515 5941 Codice
1557 5905 1662 5944 vox
1691 5881 1871 5960 palea.
1904 5881 2095 5948 MANSI.

2200 5297 2346 5368 tum]
2363 5312 2662 5369 nunquam
2677 5312 2777 5350 san
2786 5299 2876 5350 cta
2896 5293 3189 5364 Scriptura
3204 5289 3461 5344 declarat
3478 5284 3506 5339 ‘2
3520 5282 3638 5339 Sed
3652 5295 3843 5351 neque

2197 5392 2513 5447 mundanae
2556 5393 2733 5462 leges,
2766 5386 3200 5450 connumeratis
3242 5378 3504 5455 personis
3532 5393 3663 5449 quas
3689 5376 3847 5430 inter

2200 5503 2260 5543 se
2287 5487 2515 5559 nuptias
2544 5486 2705 5541 nonb
2736 5483 3106 5553 contrahunt,
3140 5479 3210 5534 de
3237 5472 3571 5548 hujusmodi
3620 5466 3842 5540 aliquid

2201 5583 2417 5638 dicunt.
2447 5584 2527 5637 Ne
2569 5597 2710 5653 ergo
2753 5577 3054 5649 abnegetis
3096 5574 3254 5647 quod
3295 5566 3635 5643 negandum
3684 5561 3843 5618 nulla

2198 5677 2425 5733 ratione
2452 5675 2669 5732 docetis
2701 5673 2838 5748 [Al.,
2867 5668 3250 5743 monstratis].
3354 5734 3355 5737 η

2271 5823 2299 5864 b
2328 5824 2389 5877 In
2420 5823 2559 5879 Cod.
2588 5823 2722 5877 Luc.
2756 5820 2919 5875 deest
2940 5833 3073 5882 non,
3103 5819 3163 5871 et
3201 5811 3475 5893 sequitur,
3513 5802 3842 5862 contrahunt

2200 5895 2267 5949 de
2296 5911 2354 5948 re
2380 5895 2712 5963 hujusmodi.
2738 5893 2906 5946 Idem.
