4006 6238
992 481 1987 603 BENEDIGTI
2086 483 2613 610 PAPE
2719 483 2787 601 I

422 689 1305 832 EPISTOLA“
1400 691 1636 829 AD
1732 692 2280 830 DAVID
2376 688 3379 834 EPISCOPUM.

771 1014 1012 1078 Probat
1041 1033 1125 1079 ex
1167 1013 1370 1078 sacris
1397 1013 1654 1090 litteris,
1691 1031 2028 1079 summam
2056 1013 2444 1078 Trinitatem
2480 1014 2806 1079 unitatem
2842 1032 3008 1078 esse.

273 1146 767 1202 Reverendissimo
792 1147 954 1203 fratri
981 1148 1242 1220 episcopo
1270 1146 1442 1202 David
1467 1190 1480 1218 ,
1510 1147 1844 1204 Benedictus
1866 1160 1926 1234 Α
1944 1152 2082 1203 Deus
2110 1149 2302 1211 Israel,
2335 1151 2434 1218 qui
2454 1149 2602 1203 sedes
2643 1163 2802 1218 super
2845 1149 3118 1204 cherubim
3158 1147 3287 1217 (Isa.
3327 1148 3576 1219 xxxvn)?

206 1240 448 1296 salutem
478 1241 536 1295 in
562 1241 821 1296 Domino.

276 1334 643 1406 Respondere
686 1334 889 1390 litteris
935 1334 1131 1389 vestris
1154 1334 1379 1405 plenius
1424 1334 1702 1406 cogitavi;
1748 1334 1845 1390 sed

206 1444 334 1483 cum
365 1429 476 1483 hoc
500 1429 831 1495 meditarer,
852 1431 1043 1483 tantus
1061 1445 1153 1484 me
1168 1428 1330 1483 dolor
1345 1430 1549 1500 tetigit,
1580 1433 1642 1484 ut
1664 1429 1847 1502 magis

207 1523 339 1578 ﬂere
368 1532 549 1595 quam‘
588 1522 804 1594 aliquid
844 1521 1055 1591 dicere,
1101 1522 1411 1577 delectatus
1452 1523 1579 1578 sim.
1627 1522 1733 1578 Sed
1776 1540 1846 1579 ne

206 1617 462 1671 funditus
483 1619 821 1684 remaneret,
845 1632 1026 1687 pauca
1042 1615 1203 1669 vobis
1222 1615 1528 1671 rescribere
1543 1616 1754 1683 curavi,
1776 1616 1847 1671 ad

208 1711 426 1782 potiora
455 1726 551 1764 vos
588 1713 844 1780 tempora
887 1725 1137 1780 congrue
1164 1708 1426 1763 invitans.
1469 1709 1629 1774 Quod
1653 1715 1846 1765 autem

207 1804 412 1859 litteras
458 1809 574 1858 tum
619 1808 788 1859 testes
821 1807 973 1873 sunt,
1005 1802 1282 1874 quosdam
1308 1803 1458 1857 intra
1498 1803 1847 1875 provinciam

208 1898 476 1953 Baeticam
502 1914 644 1966 esse,
668 1896 767 1968 qui
785 1896 1060 1968 dicerent,
1082 1897 1373 1951 neminem
1401 1897 1671 1953 veraciter
1686 1914 1847 1969 posse

207 1992 469 2064 probare,
496 1991 832 2046 Trinitatem
872 1990 1149 2045 unitatem
1190 1990 1332 2061 ﬁeri,
1362 2006 1495 2045 cum
1521 2007 1706 2062 neque
1737 1994 1849 2045 tres

207 2103 410 2156 unum,
432 2101 621 2158 neque
646 2096 830 2140 tinum
854 2083 913 2138 in
939 2084 1121 2138 tribus
1147 2088 1334 2155 posset
1359 2101 1704 2156 quemquam
1723 2101 1848 2155 pro-

206 2179 329 2250 prie
353 2179 670 2252 approbare
716 2195 730 2232 :
778 2195 916 2249 quas
962 2178 1033 2232 ob
1081 2195 1294 2248 causas,
1342 2177 1698 2233 dilectissime
1745 2178 1844 2249 fili,

208 2274 464 2328 consulta
512 2272 615 2328 tibi
661 2272 982 2343 apostolicae
1015 2272 1161 2326 sedis
1190 2272 1447 2326 misimus
1473 2313 1488 2341 ,
1520 2276 1585 2327 ut
1622 2277 1721 2326 aut
1759 2272 1848 2325 his

209 2383 300 2421 eos
320 2367 391 2422 ad
422 2370 637 2421 rectam
675 2366 847 2421 ﬁdem
875 2365 1123 2420 converti
1155 2365 1344 2435 facias,
1391 2369 1491 2419 aut
1517 2365 1587 2419 ab
1616 2365 1851 2420 ecclesia

209 2466 513 2533 antequam
542 2460 713 2531 pestis
741 2460 861 2514 haec
892 2460 1060 2514 latius
1085 2459 1428 2531 divulgetur,
1467 2459 1725 2530 repellas.
1754 2459 1850 2513 His

211 2555 423 2626 (frater)
454 2554 873 2625 Scripturarum
900 2553 1240 2608 testimoniis
1275 2554 1531 2624 (Ithacius
1568 2554 1698 2609 adv.
1736 2556 1848 2610 Va-
1868 2532 1928 2605 B

210 2650 504 2718 rimadum,
534 2665 584 2703 c.
618 2650 665 2720 1)
712 2648 991 2702 unitatem
1022 2647 1305 2702 Trinitatis
1347 2664 1610 2718 agnosce,
1655 2650 1712 2702 et
1751 2648 1851 2702 de-

212 2742 329 2797 sine
378 2742 721 2797 Arianorum
771 2741 1105 2813 pravitatem
1162 2741 1360 2812 sequi,
1418 2745 1479 2795 ut
1529 2741 1598 2795 ab
1655 2741 1853 2795 eadem

212 2837 386 2907 possis
439 2841 803 2909 peccatorum
854 2834 1274 2906 indulgentiam
1322 2834 1659 2907 promereri,
1714 2834 1855 2888 Isaia

212 2932 491 3003 prepheta
515 2931 735 2986 dicente
764 2948 777 2984 :
828 2930 965 2986 Vide
1003 2932 1289 2985 Dominum
1331 2929 1559 2984 sabaoth
1586 2929 1854 2983 sedentem

212 3040 371 3095 super
390 3027 646 3080 thronum
673 3025 957 3088 excelsum,
976 3029 1026 3079 et
1043 3025 1316 3094 seraphim
1341 3024 1561 3079 stabant
1582 3024 1640 3077 in
1655 3025 1851 3077 circui-

214 3124 272 3173 tu
298 3120 415 3190 ejus
442 3138 460 3174 :
488 3135 583 3174 sea:
606 3120 710 3174 alae
736 3121 853 3182 uni,
894 3123 944 3172 et
975 3134 1069 3173 sem
1096 3118 1200 3172 alae
1227 3118 1409 3173 alte-ri.
1442 3118 1663 3173 Duabus
1704 3117 1850 3171 vela-

218 3212 343 3267 bant
366 3215 565 3281 faciem
590 3213 721 3281 ejus,
750 3212 961 3267 duabus
981 3216 1162 3266 autem
1185 3212 1437 3266 uelabant
1458 3212 1622 3282 pedes
1652 3210 1783 3279 ejus,
1806 3215 1856 3265 et

214 3307 421 3363 duabus
446 3308 725 3363 volabant.
756 3310 826 3364 Et
850 3307 1163 3361 clamabant
1196 3307 1270 3361 ad
1297 3308 1639 3369 alterutrum,
1670 3306 1853 3360 dicen-

216 3405 288 3456 tes
315 3421 331 3456 :
359 3404 615 3465 Sanctus,
640 3406 880 3464 sanctus,
901 3405 1157 3467 sanctus;
1190 3402 1445 3456 Dominus
1470 3404 1608 3456 Deus
1629 3400 1857 3455 sabaoth

216 3495 339 3565 (Isa.
385 3497 484 3569 vi).
519 3496 580 3552 Si
609 3495 849 3550 Trinitas
874 3511 990 3549 non
1020 3497 1123 3565 est,
1155 3510 1331 3566 quare
1372 3493 1561 3562 tertio,
1602 3497 1851 3563 sanctus,

215 3588 515 3645 dixerunt?
544 3591 610 3645 Et
634 3589 680 3643 si
707 3589 896 3644 unitas
920 3605 1038 3643 non
1058 3592 1161 3656 est,
1193 3604 1366 3659 quare
1395 3588 1498 3643 sub
1525 3588 1673 3642 trina
1698 3602 1856 3658 repe-

214 3683 405 3741 titione
432 3700 617 3739 unum
633 3685 812 3739 Deum
834 3699 897 3737 ac
913 3682 1219 3737 Dominum
1246 3683 1585 3738 iutimarunt
1604 3682 1630 3736 ?
1658 3681 1714 3737 Si
1739 3680 1856 3735 Tri-

216 3778 358 3833 nitas
385 3795 506 3833 non
535 3782 638 3848 est,
679 3794 781 3832 cur
805 3778 866 3831 in
899 3778 1177 3832 Geneseos
1204 3777 1410 3831 dicitur
1448 3792 1461 3831 :
1517 3778 1668 3831 Discit
1694 3778 1852 3837 Deus,

216 3873 340 3939 fecit
366 3876 527 3936 Deus,
549 3876 598 3926 et
620 3871 890 3927 benedixit
908 3875 1045 3926 Deus
1074 3871 1280 3943 (Genes.
1310 3871 1386 3941 1)?
1410 3869 1465 3925 Si
1501 3885 1634 3923 vero
1666 3866 1853 3922 unitas
1874 3905 1929 3980 Ο

217 3981 328 4021 non
357 3969 465 4035 est,
494 3982 668 4037 quare
699 3964 864 4019 tertio
893 3964 1056 4035 dixit,
1088 3966 1253 4034 Deus,
1277 3967 1334 4019 et
1358 3980 1473 4017 non
1497 3962 1629 4017 deos
1657 3961 1850 4033 plura-

217 4058 342 4114 liter
366 4059 821 4115 commendavit?
852 4059 919 4113 Et
955 4058 1002 4112 si
1034 4058 1275 4113 Trinitas
1302 4074 1417 4112 non
1445 4061 1547 4127 est,
1588 4072 1765 4129 quare
1794 4055 1853 4109 in

220 4154 402 4209 Exodo
431 4155 651 4210 dictum
690 4157 773 4209 est
797 4152 965 4207 tertio
994 4169 1008 4207 :
1058 4156 1294 4216 Domine,
1343 4153 1575 4214 domine,
1619 4151 1848 4213 domine,

218 4250 502 4304 miserator
527 4253 577 4303 et
606 4248 903 4302 misericors
948 4247 1143 4317 (Exod.
1172 4246 1389 4317 xxxxv)?
1432 4245 1489 4301 Si
1517 4243 1705 4299 unitas
1731 4260 1851 4298 non

222 4346 318 4410 est,
344 4358 524 4414 quare
552 4342 688 4396 dum
716 4340 884 4396 tertio
915 4339 1142 4408 diceret,
1168 4340 1428 4409 Domine,
1453 4343 1646 4411 postea
1670 4338 1848 4392 mise-

221 4418 375 4495 rator
394 4439 764 4512 singulariter
782 4438 946 4508 dixit,
969 4442 1027 4493 et
1048 4456 1164 4493 non
1184 4439 1560 4507 miscratores,
1578 4442 1644 4492 ut
1660 4437 1849 4509 plures

221 4535 557 4603 ostenderet,
588 4532 911 4588 intimavit?
937 4532 992 4587 Si
1007 4532 1247 4587 Trinitas
1273 4549 1392 4589 non
1418 4537 1520 4599 est,
1556 4547 1658 4586 cur
1685 4530 1856 4585 Abra-

221 4625 353 4683 ham
375 4628 448 4683 ad
476 4627 661 4683 ilicem
688 4626 934 4682 Mambre
954 4626 1175 4696 sedens,
1195 4626 1488 4698 tribusque
1531 4640 1851 4693 occurrens,

221 4723 319 4776 uni
346 4724 579 4786 domine,
610 4721 753 4777 dixit
786 4721 989 4791 (Genes.
1019 4720 1206 4792 xvui);
1247 4727 1303 4775 et
1335 4737 1451 4775 non
1491 4718 1575 4789 (ut
1620 4717 1853 4789 viderat)

222 4820 397 4876 tribus
419 4820 770 4875 salutationis
790 4819 1125 4891 obsequium
1144 4819 1430 4874 reddidit?
1455 4818 1511 4873 Si
1529 4818 1717 4871 unitas
1737 4832 1855 4871 non

224 4912 321 4977 est,
364 4928 543 4983 quare
591 4928 724 4966 cum
772 4912 908 4966 Mos.
932 4910 1125 4980 (Emod.
1160 4908 1260 4981 ui),
1293 4913 1429 4964 Deus
1464 4908 1765 4969 Abraham,
1804 4909 1855 4959 et

223 5005 353 5060 Deus
387 5007 566 5070 Isaac,
598 5012 650 5061 et
692 5009 828 5061 Deus
870 5005 1055 5068 Iacob,
1097 5003 1264 5059 tertio
1301 5003 1530 5070 diceret,
1574 5001 1854 5056 unitatem

224 5100 539 5171 ostendens,
570 5102 682 5165 Hoc
705 5101 842 5155 mihi
868 5115 1064 5154 nomen
1089 5103 1184 5162 est,
1225 5096 1397 5167 dixit;
1450 5101 1507 5151 et
1544 5111 1683 5165 non,
1729 5095 1854 5148 Haec

227 5198 352 5249 sunt
375 5199 569 5250 nostra
596 5193 850 5265 nomina,
874 5192 1227 5265 designavit?
1254 5190 1310 5246 Si
1338 5189 1580 5245 Trinitas
1605 5205 1720 5244 non
1748 5190 1853 5257 est,

228 5302 393 5359 quare
420 5289 590 5344 David
620 5288 787 5345 tertio
812 5287 954 5343 dixit
998 5304 1012 5342 :
1052 5287 1337 5343 Benedicat
1369 5300 1465 5339 nos
1510 5287 1668 5347 Deus,
1720 5286 1857 5337 Deus

228 5388 417 5449 noster,
450 5384 725 5439 benedicat
764 5398 859 5437 nos
900 5385 1038 5438 Deus
1082 5381 1301 5451 (Psalm.
1350 5378 1534 5449 xcvr)?
1572 5377 1628 5432 Si
1667 5375 1857 5431 unitas

230 5490 339 5530 non
363 5483 465 5546 est,
508 5493 684 5550 quare
719 5492 875 5546 cum,
913 5480 1052 5532 Deus
1102 5475 1269 5530 tertio
1297 5472 1664 5541 nominasset,
1699 5472 1854 5526 bene-

231 5568 390 5637 dicat,
419 5577 477 5626 et
501 5587 639 5641 non,
671 5570 1026 5640 benedicant,
1056 5568 1316 5641 adjunxit
1337 5569 1364 5623 ?
1393 5567 1449 5624 Si
1476 5564 1717 5623 Trinitas
1742 5580 1858 5618 non

233 5669 331 5737 est,
369 5682 470 5723 cur
495 5666 662 5763 Isaias
704 5666 891 5722 denuo
937 5665 1126 5722 dixit:
1167 5666 1388 5721 Domine
1432 5665 1570 5719 Deus
1610 5659 1856 5725 sabaoth,

1946 1242 2000 1297 Si
2027 1242 2213 1296 unitas
2241 1258 2357 1297 non
2380 1244 2483 1311 est,
2510 1257 2684 1313 quare
2714 1259 2728 1295 :
2757 1244 2854 1311 qui
2874 1243 3042 1304 sedes,
3063 1240 3225 1309 dixit,
3248 1245 3306 1296 et
3328 1258 3443 1297 non
3474 1241 3575 1312 qui

1946 1335 2169 1403 sedetis,
2184 1340 2242 1390 et
2253 1335 2511 1407 adjunxit
2532 1333 2741 1407 [Labb.,
2763 1333 3058 1407 obstruxit]
3073 1335 3102 1389 ?
3129 1334 3184 1390 Si
3201 1334 3440 1389 Trinitas
3458 1351 3577 1390 non

1946 1434 2048 1499 est,
2080 1445 2254 1501 quare
2283 1428 2341 1483 in
2367 1430 2694 1501 Regnorum
2738 1429 2884 1483 libro
2928 1427 3152 1497 dicitur,
3199 1431 3418 1483 Domine
3441 1431 3581 1485 Deus

1946 1525 2294 1593 omnipotens,
2334 1526 2472 1578 Deus
2508 1524 2698 1586 Israel,
2733 1537 2994 1577 sermones
3037 1524 3118 1576 tui
3150 1522 3332 1591 ﬁdeles
3357 1527 3486 1577 sunt
3509 1522 3585 1592 (11

1947 1619 2074 1685 Reg.
2106 1632 2204 1684 vn,
2234 1617 2320 1671 ΙΙΙ
2351 1619 2480 1685 Reg.
2508 1616 2665 1687 vni)?
2690 1615 2745 1671 Si
2770 1614 2955 1669 unitas
2986 1631 3101 1668 non
3128 1620 3231 1684 est,
3269 1631 3445 1685 quare
3472 1617 3576 1679 tui,

1947 1709 2172 1779 dicitur,
2203 1715 2260 1764 et
2285 1726 2423 1776 non,
2452 1709 2642 1776 vestri,
2680 1708 2867 1779 potius
2893 1708 3225 1762 intimetur?
3252 1707 3307 1763 Si
3336 1709 3578 1764 Trinitas

1945 1819 2063 1857 non
2088 1809 2187 1871 est,
2219 1819 2322 1857 cur
2348 1803 2407 1857 in
2450 1803 2671 1873 psalmo
2702 1818 2833 1857 Lvm
2869 1803 3167 1856 cantatur:
3200 1803 3419 1857 Domine
3444 1806 3583 1859 Deus

1946 1900 2230 1960 virtutum,
2280 1899 2418 1951 Deus
2453 1896 2641 1959 Israel,
2682 1895 2899 1950 intende
2940 1896 3016 1949 ad
3055 1896 3363 1950 visitandas
3406 1911 3583 1952 omnes

1948 1993 2169 2061 gentes?
2209 1989 2266 2045 Si
2310 1990 2497 2044 unitas
2524 2006 2640 2043 non
2684 1994 2788 2059 est,
2829 2005 3004 2060 quare
3046 1990 3263 2043 intende
3289 1989 3497 2059 posuit,
3525 1994 3583 2044 et

1947 2101 2083 2154 non,
2111 2082 2407 2153 intendite,
2435 2088 2499 2137 ut
2534 2082 2870 2154 praedicatus
2898 2086 3002 2150 est,
3026 2081 3307 2136 intimavit
3325 2083 3353 2137 ?
3379 2082 3433 2137 Si
3458 2082 3577 2137 Tri-

1947 2178 2092 2233 nitas
2117 2194 2232 2231 non
2257 2182 2358 2244 est,
2387 2192 2561 2248 quare
2588 2176 2647 2230 in
2666 2174 3000 2247 Apocalypsi
3025 2174 3191 2229 tertio
3214 2175 3357 2229 dixit
3395 2192 3408 2229 :
3437 2178 3581 2233 Sane

1947 2278 2081 2336 ctus,
2094 2275 2329 2334 sanctus,
2344 2275 2579 2333 sanctus,
2596 2273 2846 2325 Dominus
2866 2273 3003 2324 Deus
3013 2271 3362 2339 omnipotens,
3376 2272 3474 2339 qui
3484 2276 3583 2335 est,

1948 2370 1999 2420 et
2013 2367 2108 2435 qui
2119 2370 2235 2419 erat
2253 2363 2438 2434 (Apoc.
2468 2364 2579 2433 1v)?
2609 2363 2663 2419 Si
2683 2362 2871 2417 unitas
2885 2378 3000 2416 non
3021 2365 3124 2428 est,
3139 2377 3313 2432 quare
3328 2378 3464 2431 non,
3484 2363 3585 2434 qui

1950 2464 2101 2527 sunt,
2130 2456 2442 2529 pluraliter,
2473 2456 2591 2523 sed,
2608 2459 2855 2526 quierat,
2884 2454 3240 2525 designavit?
3262 2453 3321 2510 Si
3340 2455 3582 2510 Trinitas

1950 2569 2070 2608 non
2100 2557 2200 2621 est,
2232 2567 2408 2623 quare
2434 2550 2494 2605 in
2528 2548 2964 2605 Deuteronomio
2995 2549 3209 2603 dictum
3237 2552 3324 2603 est
3350 2565 3363 2603 :
3400 2552 3585 2605 Domi-

1950 2662 2050 2702 nus
2074 2650 2212 2702 Deus
2243 2650 2396 2708 tuus,
2439 2648 2577 2700 Deus
2614 2646 2914 2700 misericors
2959 2648 3056 2707 est,
3109 2647 3161 2697 et
3193 2643 3381 2697 audiet
3411 2659 3589 2699 vocem

1952 2746 2103 2796 tuam
2133 2740 2366 2810 (Deuter.
2398 2738 2510 2809 iv)?
2536 2738 2591 2793 Si
2620 2738 2804 2793 unitas
2824 2754 2943 2791 non
2965 2740 3068 2806 est,
3092 2753 3267 2808 quare
3286 2738 3474 2792 audiet
3490 2754 3587 2809 po-

1952 2834 2083 2901 suit,
2118 2837 2175 2888 et
2208 2849 2323 2887 non
2360 2832 2612 2902 audient,
2642 2830 2962 2887 intimavit?
2987 2831 3041 2885 Si
3068 2830 3308 2885 Trinitas
3336 2848 3452 2886 non
3479 2837 3586 2897 est,

1952 2944 2128 3000 quare
2150 2927 2211 2981 in
2236 2928 2365 2981 Jesu
2390 2927 2537 2981 Nave
2562 2926 2766 2980 dicitur
2790 2925 2936 2979 libro
2960 2942 2973 2979 :
3011 2927 3267 2981 Dominus
3291 2928 3431 2981 Deus
3457 2926 3585 2981 deo-

1951 3038 2073 3078 rum
2099 3026 2180 3077 est
2201 3020 2373 3092 (Iosue
2399 3038 2473 3089 11;
2502 3024 2657 3076 Deut.
2686 3020 2785 3099 x)?
2818 3019 2875 3074 Si
2914 3018 3100 3073 unitas
3129 3035 3245 3073 non
3280 3023 3381 3086 est,
3410 3036 3586 3090 quare

1953 3121 2049 3179 est,
2080 3115 2244 3182 dixit,
2273 3120 2328 3170 et
2364 3133 2501 3183 non,
2547 3120 2700 3182 sunt,
2729 3130 2886 3169 more
2916 3112 3218 3168 locutionis
3243 3112 3505 3169 induxit?
3533 3114 3589 3170 Si

1952 3210 2194 3266 Trinitas
2230 3228 2346 3265 non
2386 3214 2489 3279 est,
2529 3225 2704 3280 quare
2726 3209 2873 3262 Elias
2901 3207 3112 3262 orando
3134 3206 3234 3277 (ΠΙ
3252 3211 3382 3277 Reg.
3408 3208 3586 3280 xvm),

1953 3308 2194 3369 Domine,
2221 3286 2453 3368 domine,
2490 3305 2700 3359 domine
2734 3307 2871 3359 Deus
2894 3302 3083 3365 Israel,
3119 3302 3332 3358 ostende
3374 3304 3504 3372 quia
3531 3308 3591 3358 tu

1954 3415 2005 3455 es
2034 3403 2171 3455 Deus
2198 3414 2368 3462 meus,
2401 3397 2587 3454 dixit?
2614 3397 2672 3452 Si
2699 3397 2888 3451 unitas
2911 3412 3028 3450 non
3053 3400 3156 3464 est,
3185 3412 3380 3468 quare,
3410 3401 3587 3453 osten-

1953 3495 2038 3557 de,
2068 3498 2125 3547 et
2162 3510 2281 3547 non
2318 3492 2615 3560 ostendite,
2662 3470 2890 3562 posuit?
2932 3490 2986 3545 Si
3033 3489 3273 3545 Trinitas
3315 3506 3432 3545 non
3481 3494 3589 3559 est,

1954 3604 2055 3641 cur
2082 3586 2464 3642 Mardochzeus
2494 3584 2705 3639 orando
2735 3584 2960 3653 (Esther.
2990 3586 3127 3655 xm),
3156 3586 3397 3647 Domine,
3414 3584 3588 3639 domi-

1952 3697 2017 3736 ne
2037 3685 2173 3737 Deus
2190 3683 2539 3750 omnipotens,
2562 3681 2742 3735 omnia
2762 3680 2821 3731 in
2832 3682 3097 3748 potestate
3126 3682 3221 3732 tua
3242 3682 3390 3740 sunt,
3414 3677 3591 3732 dixit?

1953 3774 2008 3830 Si
2037 3774 2225 3829 unitas
2247 3790 2365 3828 non
2407 3778 2511 3842 est,
2560 3788 2735 3844 quare
2774 3773 2833 3825 in
2876 3775 2971 3825 tua
3019 3770 3227 3841 posuit,
3272 3774 3329 3825 et
3368 3787 3486 3825 non
3526 3770 3590 3825 in

1953 3870 2155 3936 vestra,
2211 3866 2493 3939 signavit?
2546 3865 2605 3921 Si
2654 3864 2895 3919 Trinitas
2937 3881 3053 3919 non
3105 3869 3209 3934 est,
3264 3880 3365 3918 cur
3414 3864 3589 3920 etiam

1952 3962 2147 4018 Judith
2175 3962 2388 4016 orando
2417 3959 2563 4015 dixit
2591 3977 2604 4015 :
2634 3962 2851 4015 Domine
2873 3962 3011 4014 Deus
3036 3960 3273 4014 omnium
3298 3960 3587 4022 virtutum,

1952 4060 2150 4128 respice
2188 4058 2247 4110 in
2286 4058 2582 4111 orationem
2629 4070 2805 4110 meam
2865 4054 3090 4124 (Iudith.
3139 4053 3251 4123 Ix)?
3294 4052 3351 4108 Si
3401 4052 3591 4107 unitas

1952 4168 2069 4207 non
2097 4155 2200 4218 est,
2250 4167 2445 4223 quare,
2496 4152 2717 4221 respice,
2763 4147 2971 4220 posuit,
3018 4151 3076 4203 et
3120 4164 3257 4217 non,
3304 4145 3587 4217 respicite,

1953 4245 2304 4317 designavit?
2343 4244 2400 4300 Si
2436 4242 2676 4298 Trinitas
2716 4259 2832 4297 non
2876 4247 2980 4311 est,
3032 4256 3209 4313 quare
3246 4240 3306 4295 in
3348 4239 3593 4296 Ieremia

1952 4340 2178 4409 dicitur,
2205 4341 2462 4395 Dominus
2500 4342 2636 4394 Deus
2672 4341 2844 4393 vester
2879 4340 3015 4392 Deus
3058 4351 3228 4390 veram
3254 4338 3332 4389 est
3376 4334 3586 4403 (Jerem.

1954 4436 2044 4507 x)?
2071 4434 2126 4490 Si
2154 4433 2344 4490 unitas
2369 4449 2486 4488 non
2511 4437 2614 4502 est,
2644 4448 2838 4503 quare,
2861 4446 3031 4485 veram
3053 4434 3149 4492 est,
3182 4427 3346 4495 dixit,
3373 4432 3429 4482 et
3448 4444 3586 4497 non,

1953 4545 2198 4598 veraces,
2224 4529 2409 4600 potius
2434 4524 2757 4581 intimavit?
2787 4523 2843 4579 Si
2873 4522 3113 4577 Trinitas
3139 4536 3256 4575 non
3280 4525 3383 4589 est,
3413 4536 3591 4591 quare

1954 4623 2015 4678 in
2039 4621 2371 4693 Apocalypsi
2397 4620 2670 4691 scriptum
2697 4621 2783 4673 est
2813 4634 2826 4671 :
2864 4618 3123 4672 Dominus
3159 4617 3299 4670 Deus
3342 4618 3393 4669 et
3418 4616 3587 4684 spiri-

1955 4723 2040 4774 tus
2061 4716 2454 4787 prophetarum
2476 4714 2626 4768 misit
2648 4711 2901 4781 angelum
2917 4726 3092 4776 suum,
3126 4708 3399 4763 ostendere
3421 4710 3589 4763 servis

1951 4814 2067 4867 suis
2100 4825 2220 4879 qua
2238 4812 2443 4879 Oportet
2464 4809 2586 4876 ﬁeri
2601 4809 2702 4861 cito
2731 4804 2918 4875 (Apoc.
2946 4803 3026 4875 1)?
3046 4802 3102 4859 Si
3128 4802 3313 4857 unitas
3336 4818 3454 4857 non
3483 4806 3585 4872 est,

1954 4920 2130 4977 quare
2158 4919 2288 4957 cum
2316 4903 2541 4955 Patrem
2567 4903 2623 4954 et
2647 4897 2849 4953 Filium
2871 4902 2929 4953 et
2952 4896 3226 4969 Spiritum
3245 4896 3586 4963 nominasse,

1953 5001 2102 5055 misit
2129 4998 2404 5057 Dominus,
2436 4991 2598 5063 dixit,
2626 4996 2840 5061 etnon,
2870 4990 3168 5061 miserunt,
3187 4990 3290 5044 sub
3312 4990 3592 5062 praetextu

1952 5093 2130 5149 trium
2139 5104 2510 5162 personarum
2521 5091 2577 5141 et
2589 5085 2892 5140 nominum
2903 5068 3257 5141 introduxit?
3278 5083 3333 5139 Si
3347 5082 3591 5138 Trinitas

1954 5202 2069 5241 non
2096 5190 2198 5255 est,
2232 5198 2407 5255 quare
2449 5180 2510 5235 in
2554 5178 2988 5235 Deuteronomio
3030 5177 3238 5232 dicitur
3279 5194 3292 5230 :
3336 5177 3591 5231 Dominus

1956 5284 2094 5336 Deus
2121 5283 2293 5334 vester
2317 5278 2402 5332 hic
2427 5280 2523 5339 est,
2552 5278 2686 5331 Deus
2716 5273 2890 5344 (Deut.
2918 5271 3014 5343 x)?
3048 5270 3104 5326 Si
3128 5268 3316 5324 unitas
3341 5284 3458 5322 non
3484 5270 3589 5337 est,

1956 5389 2151 5446 quare,
2178 5375 2278 5429 Hic
2304 5375 2399 5441 est,
2429 5369 2591 5438 dixit,
2619 5373 2832 5435 etnon,
2855 5365 2916 5421 hi
2939 5368 3091 5432 sunt,
3113 5360 3322 5435 plurali
3346 5376 3589 5416 numero

1958 5466 2304 5541 designavit?
2331 5465 2389 5521 Si
2417 5464 2658 5521 Trinitas
2696 5477 2815 5517 non
2844 5464 2947 5530 est,
2978 5472 3154 5531 quare
3183 5455 3245 5509 in
3275 5455 3476 5511 eodem
3500 5453 3588 5509 di-

1957 5562 2104 5617 citur
2130 5561 2273 5617 libro
2307 5577 2321 5615 :
2352 5561 2607 5617 Dominus
2632 5561 2770 5614 Deus
2801 5559 2922 5611 tuus
2944 5595 2961 5617 ,
2994 5556 3130 5608 Deus
3157 5564 3388 5620 magnus
3413 5553 3465 5604 et
3487 5562 3592 5619 po-

1960 5661 2071 5714 tens
2098 5661 2175 5714 est
2202 5655 2424 5730 (Ibid)?
2441 5653 2502 5711 Si
2524 5651 2711 5710 unitas
2726 5666 2842 5707 non
2861 5652 2964 5718 est,
2983 5658 3421 5719 quare,magnus
3431 5646 3481 5700 et
3491 5655 3592 5714 po.

307 5817 331 5849 '
355 5820 510 5878 Falsa
535 5826 592 5878 et
614 5820 1008 5880 commentitia
1033 5819 1105 5875 ab
1128 5819 1333 5876 eodem
1357 5819 1662 5876 Mercatore
1690 5817 1941 5890 farrago.
1963 5816 2131 5872 ιω.
