4006 6238
442 338 542 391 683
781 332 1135 389 BENEDICTI
1170 331 1361 387 PAPE
1406 331 1429 385 1
1468 329 1559 385 AD
1595 328 2046 385 GRANDENSEM
2085 324 2565 383 PATRIARCHAM
2604 326 2942 383 EPISTOLz’E
2981 325 3456 385 FRAGMENTUM.
3713 327 3819 381 684

442 459 573 498 rare
603 444 797 514 posset
826 441 1081 514 inopiam
1122 440 1310 495 famis.
1342 438 1507 503 Quod
1544 438 1677 493 dum
1716 437 2079 508 cognovisset
2100 450 2158 522 Α
2177 436 2410 491 basilica
2436 436 2590 491 beati
2618 436 2770 492 Petri
2788 434 3031 508 apostoli
3049 433 3579 507 secretario,pridie
3601 434 3816 490 Kalen-

442 537 695 593 Justinus
718 536 866 609 [Cod.
884 531 1418 605 Luc.,Justinianus]
1438 532 1725 603 piissimus
1738 532 2074 603 imperator,
2178 530 2281 586 das
2302 531 2542 603 Augusti
2572 532 2659 602 [In
2688 532 2814 589 Cod.
2847 534 2976 587 Luc.
3001 532 3149 587 deest
3167 530 3353 603 pridie
3382 529 3673 585 Kalendas
3701 532 3821 585 Au-

446 629 1387 704 quiaRomapericlitareturfame
1405 625 1825 681 etmortalitate
1849 624 2075 698 [InCod.
2178 625 2371 699 gusti].
2407 625 2504 679 Hic
2535 625 2670 680 fecit
2712 626 3143 683 ordinationem
3183 642 3364 679 unam
3410 642 3515 696 per
3550 641 3822 680 mensem

444 728 574 782 Luc.
616 727 764 781 deest
806 728 865 779 et
913 722 1309 794 mortalitate],
1354 719 1511 775 misit
1548 720 1605 774 in
1645 722 1975 791 Egyptum,
2025 722 2082 774 et
2178 718 2566 787 decembrem,
2600 719 2962 792 presbyteros
2989 719 3344 792 quindecim,
3377 718 3656 774 diaconos
3678 722 3820 786 tres,

451 819 714 875 oneravit
740 834 913 872 naves
946 817 1259 882 frumento,
1294 818 1352 869 et
1377 814 1695 870 transmisit
1724 814 2083 868 Romam.Et
2179 813 2478 885 episcopos
2504 829 2608 885 per
2653 813 2877 873 diversa
2915 815 3041 870 loca
3078 830 3325 869 numero
3363 813 3569 884 viginti
3613 830 3823 867 unum.

447 914 525 969 sic
553 914 823 967 misertus
852 915 937 965 est
962 912 1112 964 Deus
1135 909 1328 964 Italiae.
1364 911 1425 964 In
1456 908 1578 963 istis
1599 908 1891 963 laboribus
1919 911 1976 962 et
2003 907 2085 961 af-
2178 908 2249 962 Et
2286 907 2527 962 cessavit
2574 892 2937 980 episcopatus
2993 925 3224 964 menses
3268 911 3405 976 tres,
3455 907 3578 962 dies
3617 907 3827 963 decem

444 1005 791 1062 ﬂictionibus
822 1004 1040 1075 positus
1076 1003 1226 1076 [ϐοά.
1249 1005 1406 1068 Luc.,
1434 1003 1524 1057 his
1552 1001 1769 1076 diebus]
1804 1000 2085 1057 sanctissi-
2188 1000 2336 1073 [Cod.
2366 1003 2494 1058 Luc.
2516 1001 2677 1058 addit
2702 1002 2806 1057 sub
2833 1002 2925 1058 die
2955 1006 3024 1059 30
3050 1002 3267 1058 mensis
3286 1001 3463 1075 Julii].

446 1117 575 1155 mus
594 1098 935 1154 Benedictus
945 1114 1097 1170 papa
1112 1100 1375 1153 mortuus
1395 1100 1499 1153 est.
1520 1095 1630 1162 Qui
1648 1096 1903 1168 sepultus
1919 1098 2006 1150 est
2024 1095 2085 1150 in

442 1259 3818 1295 Μ

1590 1416 1901 1486 JOANNI
1946 1414 2341 1486 DOMINICI
2385 1414 2680 1484 MANSI.

762 1578 876 1652 IN
941 1574 1682 1652 FRAGMENTUM
1748 1575 2308 1651 EPISTOLZE
2377 1574 2944 1650 BENEDICTI
3010 1573 3527 1651 CENSUBA.

517 1863 920 1928 Longiusculum
944 1862 1290 1928 fragmentum
1327 1861 1558 1927 epistola
1585 1860 1853 1912 Benedicti
1881 1876 2029 1926 papae
2063 1876 2128 1913 ex
2152 1862 2553 1928 Gratianipalea
2597 1862 2664 1913 ad
2704 1877 2822 1913 can.
2858 1865 2938 1924 18,
2974 1876 3025 1912 c.
3058 1861 3140 1923 27,
3185 1874 3238 1924 q.
3272 1864 3323 1922 2,
3369 1859 3453 1909 hic
3497 1859 3723 1909 exhibeo
3762 1858 3833 1908 ab

454 1946 696 1996 omnibus
720 1944 931 2009 quidem
966 1958 1064 1994 ceu
1088 1943 1447 2008 apocryphum
1474 1943 1748 2008 rejectum,
1776 1942 1868 1993 sed
1894 1943 2076 1994 dubito
2111 1959 2176 1994 an
2203 1944 2408 1995 merito.
2434 1945 2739 2008 Quanquam
2764 1943 2905 1994 enim
2940 1941 3250 2007 suspicionis
3274 1954 3381 1991 sua:
3404 1940 3580 1991 titulus
3606 1940 3739 2004 ipse,
3778 1944 3839 1991 ut

454 2026 507 2076 in
533 2026 695 2075 Editis
716 2025 925 2089 legitur,
959 2025 1150 2074 mereri
1175 2028 1365 2089 potest,
1390 2026 1695 2089 ambiguum
1723 2029 1801 2076 est
1823 2028 1999 2075 tamen
2021 2039 2147 2075 num
2171 2027 2406 2076 sincerus
2428 2026 2656 2076 Gratiani
2688 2025 2865 2075 Codex
2910 2024 3150 2074 eumdem
3186 2023 3425 2087 praeferat
3458 2021 3546 2086 qui
3576 2020 3633 2070 in
3672 2020 3839 2071 Editis

454 2110 686 2170 apparet.
714 2105 990 2155 Gratianus
1017 2105 1154 2155 enim
1184 2106 1352 2155 editus
1380 2106 1651 2171 epistolam
1676 2106 1812 2157 hanc
1838 2106 1998 2157 latam
2021 2106 2231 2170 praefert
2256 2108 2574 2158 Patriam/iw
2600 2106 2871 2168 Gradensi,
2896 2106 2983 2170 qui
3017 2119 3140 2156 sane
3174 2103 3471 2169 patriarcha
3501 2101 3765 2151 Benedicti
3813 2102 3836 2150 Ι

452 2189 600 2236 etate
629 2184 796 2236 audiri
818 2184 1053 2235 nondum
1078 2191 1323 2249 coeperat.
1354 2187 1548 2237 Verum
1573 2186 1630 2237 in
1662 2200 1783 2237 meo
1811 2186 2010 2237 decreti
2052 2186 2263 2249 Codice,
2299 2188 2441 2251 quod
2476 2189 2669 2238 saeculo
2713 2187 2826 2251 ipso
2869 2187 3116 2246 Gratiani,
3163 2186 3244 2235 vel
3290 2184 3438 2234 initio
3480 2182 3839 2243 succedentis,

455 2266 707 2330 scriptum
722 2279 831 2316 non
855 2266 997 2316 inani
1030 2267 1334 2331 conjectura
1364 2268 1625 2332 suspicor,
1651 2268 1722 2319 ita
1744 2269 1864 2332 lego
1891 2284 1904 2318 :
1937 2268 2238 2318 Benedictus
2267 2284 2442 2318 seruus
2462 2283 2722 2319 servorum
2750 2270 2846 2318 Dei
2867 2270 2935 2318 N.
2961 2269 3199 2317 salutem.
3231 2268 3290 2315 In
3312 2263 3548 2328 margine
3571 2277 3698 2312 vero
3714 2263 3841 2324 alia,

457 2351 515 2397 ut
537 2346 796 2411 suspicor,
823 2347 914 2397 sed
938 2360 1085 2411 mque
1107 2348 1318 2411 antiqua
1347 2363 1505 2399 manu
1530 2348 1763 2399 additum
1785 2354 1865 2399 est
1892 2364 1905 2399 :
1934 2349 2223 2399 Graduemz'
2254 2350 2588 2414 patriarchae,
2617 2354 2668 2399 et
2696 2351 2965 2399 Domim‘co
2998 2350 3111 2414 ejus
3150 2347 3495 2410 su/f‘raganeo.
3530 2344 3706 2394 Lectio
3741 2343 3842 2393 ista

458 2427 784 2492 praecipuum
811 2432 1173 2491 argumentum
1198 2429 1446 2479 adversus
1486 2430 1837 2480 sinceritatem
1880 2430 2034 2494 hujus
2069 2430 2301 2495 epistola
2338 2435 2569 2481 enervat.
2614 2431 2808 2479 Verum
2847 2430 3017 2479 adhuc
3057 2430 3358 2493 perseverat
3392 2424 3640 2489 suspicio,
3683 2425 3736 2473 in
3772 2437 3841 2473 eo

458 2508 599 2572 quod
623 2507 932 2557 Benedictus
955 2522 1158 2558 servum
1184 2523 1447 2558 servorum
1478 2511 1570 2559 Dei
1595 2523 1706 2559 sese
1733 2511 1978 2574 appellat,
2004 2525 2159 2575 quem
2184 2525 2308 2561 sane
2335 2511 2540 2561 titulum
2569 2511 2790 2574 coepisse
2823 2510 2985 2570 aiunt,
3010 2524 3040 2559 a
3076 2513 3256 2559 sancto
3292 2506 3563 2571 Gregorio.
3610 2506 3675 2555 At
3715 2518 3843 2554 cum

456 2588 601 2638 testis
626 2589 736 2652 ejus
759 2588 1090 2639 institutionis
1113 2603 1143 2638 a
1164 2594 1356 2647 \sancto
1387 2591 1639 2654 Gregorio
1667 2595 1852 2655 cceptas
1878 2592 2105 2641 Joannes
2146 2592 2398 2643 diaconus
2434 2593 2674 2643 atl'eratur
2716 2592 2943 2656 scriptor
2974 2591 3137 2641 multo
3180 2589 3441 2639 recentior
3481 2589 3632 2637 astate
3671 2583 3845 2635 sancti

458 2669 713 2732 Gregorii,
738 2669 893 2718 unica
919 2669 1028 2733 ejus
1052 2670 1330 2720 auctoritas
1353 2671 1482 2721 tanti
1513 2672 1817 2722 aestimanda
1844 2686 1951 2722 non
1987 2677 2083 2737 est,
2122 2677 2179 2724 ut
2218 2673 2447 2724 validum
2491 2688 2555 2723 ex
2595 2688 2657 2723 ea
2701 2677 3064 2736 argumentum
3112 2674 3296 2721 contra
3336 2669 3477 2719 illam
3528 2666 3846 2716 deducatur.

452 2751 721 2813 Utcunque
766 2762 851 2798 res
886 2749 1072 2800 habeat
1107 2764 1245 2811 sese,
1279 2766 1400 2801 cum
1434 2765 1501 2801 ex
1542 2753 1786 2802 Gratiano
1840 2753 2056 2803 minime
2092 2758 2299 2804 constet
2336 2755 2545 2804 cuinam
2584 2754 2868 2804 Benedicto
2918 2752 3195 2803 tribuenda
3236 2749 3456 2815 epistola
3495 2748 3579 2807 sit,
3626 2746 3847 2797 alterius

456 2830 674 2880 fortasse
698 2830 967 2881 Benedicti
995 2831 1248 2897 scriptum
1273 2835 1383 2883 erat
1410 2832 1692 2885 sincerum.
1722 2834 1992 2885 Variantes
2017 2848 2133 2899 quas
2156 2836 2212 2886 in
2234 2836 2426 2887 ansulis
2449 2835 2726 2900 adscriptae
2751 2838 2891 2898 sunt,
2924 2833 3172 2884 Romanis
3210 2831 3411 2882 decreti
3450 2828 3848 2881 correctoribus

462 2911 738 2963 debentur.

651 3480 1333 3565 FRAGMENTUM
1408 3485 1903 3568 EPISTOL/E
1978 3489 2110 3570 AD
2182 3487 2842 3571 GRANDENSEM
2913 3476 3677 3566 PATRIARCHAM.

1162 3791 1410 3851 PALEA.

538 3880 879 3949 Benedictus
905 3883 1112 3939 Servus
1143 3902 1435 3943 servorum
1460 3884 1607 3943 Dei‘
1647 3887 1968 3944 Grandensi
1997 3905 2099 3961 pa-

462 3975 732 4033 triarchae
748 3976 1015 4046 salutem,
1050 3980 1159 4033 etc.

539 4070 650 4122 Lex
679 4068 884 4123 divina:
909 4071 1336 4127 constitutionis
1354 4073 1733 4144 apostolicam
1762 4075 2103 4131 cathedram

2120 3810 2178 3884 Β
2202 3799 2364 3853 umori
2390 3811 2521 3860 sua,
2548 3800 2599 3851 et
2627 3797 2789 3851 erunt
2807 3791 2916 3847 duo
2940 3792 3001 3845 in
3021 3804 3184 3844 carne
3209 3802 3322 3842 una
3347 3783 3500 3884 (Gen.
3520 3780 3603 3853 ιι).
3624 3778 3853 3844 Quibus

2202 3890 2389 3945 verbis
2418 3888 2669 3944 innotuit
2698 3903 2816 3942 non
2842 3885 3009 3941 aliter
3026 3883 3216 3937 virum
3247 3883 3306 3935 et
3336 3876 3646 3933 mulierem
3674 3888 3852 3945 posse

2202 3985 2329 4039 ﬁeri
2342 4000 2518 4039 unam
2532 3979 2904 4049 carnem,nisi
2922 3976 3138 4033 carnali
3149 3974 3355 4046 copula
3370 3971 3477 4027 sibi
3491 3969 3850 4025 cohaereant.

2205 4078 2310 4143 Qui
2324 4094 2463 4149 ergo
2478 4091 2850 4147 nequaquam
2865 4072 3069 4127 mistus
3090 4073 3176 4124 est
3188 4072 3475 4123 extraneas
3500 4061 3727 4118 mulieri
3747 4060 3855 4114 fce-

473 4160 611 4235 [Al.,
631 4161 847 4236 sedem]
874 4164 1044 4218 totius
1064 4166 1256 4236 posuit
1276 4166 1432 4220 orbis
1452 4170 1735 4222 terrarum
1762 4169 2103 4240 magistram

473 4255 623 4329 [Cod
649 4257 801 4320 Luc.,
824 4257 1280 4331 magistratum],
1315 4263 1377 4313 ut
1405 4260 1686 4331 quidquid
1710 4262 1920 4333 ubique
1947 4264 2103 4319 loco-

466 4366 597 4405 rum
622 4349 937 4419 dubitatur,
959 4351 1030 4405 ab
1049 4368 1117 4405 ea
1133 4352 1281 4407 ratio
1305 4353 1565 4423 ejusdem
1583 4356 1928 4426 requiratur.
1950 4358 2101 4413 Affa-

467 4448 559 4499 tus
592 4448 678 4499 est
710 4448 905 4499 autem
949 4461 1055 4499 nos
1098 4445 1213 4499 suis
1261 4446 1465 4502 litteris
1515 4448 1775 4520 ejusdem
1815 4452 2105 4507 cathedrae

469 4555 771 4606 sessorem,
801 4554 867 4591 ac
894 4542 1298 4608 percunctatus
1325 4545 1411 4596 est
1438 4542 1671 4613 quidam
1705 4546 1923 4599 vestras
1970 4546 2104 4619 [Al.,

468 4631 569 4705 vir]
604 4632 842 4687 nomine
867 4634 1138 4702 Joannes,
1167 4650 1272 4705 pro
1300 4635 1588 4692 connubio
1614 4638 1747 4692 filize
1774 4655 1889 4694 sua:
1917 4656 2109 4711 super-

470 4726 643 4781 stitis:
673 4727 833 4797 cujus
845 4743 1010 4782 soror
1029 4726 1305 4783 defuncta
1326 4728 1555 4785 cuidam
1576 4730 2106 4805 juveni,Stephano

471 4820 731 4891 nomine,
752 4820 1105 4892 simplicibus
1123 4821 1311 4876 verbis
1327 4823 1518 4879 fuerat
1537 4824 1904 4896 desponsata,
1935 4831 1993 4881 et
2012 4844 2109 4882 an-

470 4919 709 4986 tequam
756 4914 829 4968 ad
874 4915 1101 4986 nuptias
1143 4917 1493 4987 perveniret,
1535 4923 1724 4974 morte
1768 4925 2104 4991 praeventa:

472 5012 665 5063 utrum
679 5008 891 5063 scilicet
903 5026 1036 5063 cum
1050 5010 1259 5065 eodem
1267 5011 1480 5082 juvene
1493 5013 1673 5084 possit
1686 5014 2004 5071 matrimon
2013 5032 2109 5071 um

472 5102 751 5158 celebrari
784 5103 1104 5173 superstitis
1134 5104 1284 5173 ﬁliae,
1315 5122 1422 5160 nec
1452 5123 1546 5162 ne.
1574 5108 1835 5180 Namque
1867 5112 2109 5165 testatus

2205 4172 2341 4226 dere
2374 4170 2636 4242 nuptiali,
2670 4184 2783 4241 quo
2810 4170 2975 4239 pacto
3000 4182 3106 4237 per
3126 4163 3283 4218 nuda
3313 4156 3640 4233 sponsionis
3668 4153 3853 4208 verba

2204 4270 2444 4337 possunt
2474 4281 2589 4319 una
2614 4280 2746 4319 caro
2766 4262 2914 4331 fieri,
2957 4260 3286 4315 nullatenus
3319 4255 3578 4309 valemus
3612 4245 3849 4304 intueri.

2205 4359 2611 4430 Propinquitas
2636 4358 2793 4412 enim
2817 4354 3114 4427 sanguinis
3134 4351 3321 4407 verbis
3342 4347 3566 4411 dicitur,
3584 4360 3701 4398 non
3717 4357 3849 4395 ver-

2205 4453 2293 4508 bis
2317 4453 2582 4521 efﬁcitur,
2606 4452 2708 4507 sed
2733 4450 2881 4524 [Cod.
2916 4453 3068 4511 Luc.,
3092 4463 3210 4501 non
3232 4442 3421 4499 verbis
3437 4438 3705 4502 efﬁcitur,
3721 4434 3847 4506 sed]

2207 4564 2396 4619 neque
2415 4547 2671 4601 osculum
2682 4545 2833 4616 parit
2842 4533 3519 4615 propinquitatem,quod
3546 4527 3846 4604 [AJ..quiai

2208 4642 2425 4696 nullam
2440 4640 2577 4695 facit
2593 4638 2890 4710 sanguinis
2906 4625 3692 4693 commixtionem.0uoniam
3710 4638 3852 4677 vero

2207 4736 2287 4790 ita
2312 4752 2545 4807 prorsus
2571 4750 2694 4788 sese
2716 4733 2895 4787 habet
2917 4746 3009 4785 res
3031 4726 3269 4785 Joannis
3295 4724 3476 4791 istius,
3510 4723 3574 4776 ut
3591 4714 3730 4773 velit
3758 4733 3853 4770 se-

2207 4829 2459 4884 cundam
2495 4829 2674 4883 tiliam
2696 4826 2805 4881 illis
2853 4822 3067 4896 nuptiis
3115 4820 3410 4893 copulare,
3458 4814 3547 4869 cui
3588 4811 3851 4885 primam

2200 4924 2328 4995 jam
2354 4923 2685 4978 decreverat
2709 4920 3081 4991 desponsare,
3114 4930 3356 4970 censura
3386 4906 3683 4982 apostolici
3722 4921 3853 4959 ma-

2209 5018 2480 5089 gistratus
2508 5014 2974 5071 mandamushoc
2995 5011 3211 5082 absque
3244 5007 3413 5062 ullius
3434 5001 3693 5060 criminis
3711 4998 3852 5054 vitio

2207 5128 2375 5184 posse
2396 5111 2540 5177 ﬁeri,
2563 5110 2609 5164 si
2629 5108 2926 5179 utriusque
2946 5105 3126 5178 partis
3145 5102 3360 5158 sederit
3384 5096 3685 5155 voluntati.
3704 5095 3851 5149 Nam

471 5197 1036 5271 hujusreirationem
1057 5198 1211 5269 apud
1227 5188 1537 5255 voshaberi
1560 5202 2109 5274 ambiguam.Quam
2130 5191 2185 5266 C
2212 5223 2313 5261 cur
2356 5204 2751 5277 prohibeatur,
2780 5201 2935 5274 quod
2962 5197 3392 5273 prohibendum
3416 5194 3556 5265 [AL
3588 5186 3847 5262 prohibi-

473 5296 590 5349 Deo
620 5293 864 5348 docente
884 5291 1184 5347 reddimus
1212 5293 1299 5348 his
1330 5294 1517 5349 verbis
1543 5297 1940 5354 certissimam.
1968 5301 2106 5355 Pro-

472 5390 752 5461 toplastus
778 5387 892 5455 ille,
924 5386 1086 5442 radix
1123 5391 1181 5441 et
1208 5388 1371 5459 origo
1400 5394 1596 5445 nostro
1629 5389 1776 5463 [ϐοά.
1818 5395 1973 5462 Luc.,
2001 5410 2106 5449 no-

473 5483 610 5554 stra]
642 5483 961 5537 detractam
983 5481 1091 5537 sibi
1110 5485 1328 5537 costam
1353 5482 1412 5537 in
1430 5485 1740 5540 mulierem
1761 5486 1961 5541 videns
1998 5488 2112 5543 for-

475 5582 714 5644 matam,
729 5575 1068 5648 prophetico
1083 5575 1285 5647 spiritu
1302 5576 1454 5632 inter
1465 5578 1577 5633 alia
1594 5580 1835 5651 protulit
1854 5596 1866 5634 :
1881 5582 2109 5651 Propter

473 5672 568 5727 hoc
605 5672 875 5757 relinquet
906 5671 1058 5725 homo
1084 5675 1304 5741 patrem
1336 5676 1389 5727 et
1432 5677 1680 5742 matrem,
1716 5677 1768 5728 et
1814 5674 2112 5732 adhaerebit

547 5816 680 5888 ‘_De_
696 5813 808 5888 hoc
838 5813 1007 5888 titulo
1034 5817 1092 5867 ut
1124 5815 1291 5888 estin
1319 5815 1526 5888 Codice
1554 5818 1814 5888 Lucensi,
1848 5822 2109 5888 superius

478 5881 615 5951 dixi.
647 5883 820 5935 Deest
834 5897 970 5935 vero
994 5883 1054 5936 in
1086 5885 1295 5939 eodem
1317 5886 1525 5942 Codice
1566 5907 1673 5945 vox
1700 5881 1881 5960 palea.
1914 5881 2104 5948 MANSI.

2208 5300 2355 5370 tum]
2372 5315 2671 5371 nunquam
2686 5302 2885 5353 sancta
2905 5296 3198 5366 Scriptura
3215 5290 3469 5346 declarat
3488 5285 3515 5340 ‘t
3529 5283 3851 5352 Sedneque

2207 5394 2521 5449 mundanae
2564 5394 2743 5463 leges,
2775 5388 3209 5453 connumeratis
3250 5379 3512 5457 personis
3540 5393 3671 5450 quae
3700 5376 3855 5430 inter

2209 5506 2268 5546 se
2296 5489 2524 5561 nuptias
2554 5487 2715 5543 nonb
2746 5485 3115 5555 contrahunt,
3148 5481 3219 5536 de
3246 5472 3579 5549 hujusmodi
3628 5466 3851 5541 aliquid

2209 5585 2427 5640 dicunt.
2457 5585 2535 5638 Ne
2578 5599 2719 5654 ergo
2763 5578 3063 5651 abnegetis
3104 5575 3263 5649 quod
3304 5567 3643 5643 negandum
3694 5563 3853 5618 nulla

2207 5679 2434 5735 ratione
2461 5678 2678 5734 docetis
2710 5675 2848 5750 [Αι.,
2878 5670 3258 5743 monstratis].

2281 5825 2308 5864 ι)
2336 5826 2399 5878 In
2429 5824 2569 5879 Cod.
2598 5825 2731 5878 Luc.
2765 5822 2927 5877 deest
2950 5834 3083 5883 non,
3113 5820 3172 5872 et
3209 5812 3483 5893 sequitur,
3521 5802 3853 5863 contrahunt

2209 5896 2277 5949 de
2305 5912 2363 5949 re
2389 5896 2721 5963 hujusmodi.
2747 5894 2916 5948 Idem.
