4006 6238
1003 472 1998 594 BENBDIGTI
2097 475 2624 602 PAPE
2730 476 2799 595 ι

433 679 1315 822 EPISTOLAa
1411 682 1646 820 AD
1743 683 2291 822 DAVID
2386 682 3388 829 EPISCOPUM.

782 1003 1022 1069 Probat
1051 1023 1136 1069 ex
1177 1004 1379 1068 sacris
1407 1003 1664 1081 litteris,
1701 1022 2038 1070 summam
2067 1005 2455 1070 Trinitatem
2490 1006 2816 1072 unitatem
2853 1026 3019 1072 esse.

282 1135 778 1191 Reverendissimo
802 1136 963 1193 fratri
990 1139 1251 1210 episcopo
1280 1138 1452 1193 David
1476 1180 1490 1209 ,
1520 1138 1853 1196 Benedictus
1876 1152 1936 1225 Α
1955 1144 2092 1195 Deus
2120 1142 2312 1203 Israel,
2346 1143 2445 1211 qui
2464 1142 2612 1196 sedes
2653 1156 2813 1211 super
2855 1142 3128 1197 cherubim
3168 1141 3297 1211 (Isa.
3337 1142 3586 1214 xxxvii)?

213 1229 459 1285 salutem
486 1230 546 1285 in
572 1231 830 1286 Domino.

283 1324 652 1395 Respondere
697 1323 899 1379 litteris
944 1323 1141 1379 vestris
1163 1325 1388 1396 plenius
1434 1325 1712 1397 cogitavi;
1757 1326 1854 1382 sed

212 1433 343 1472 cum
373 1418 485 1472 hoc
508 1419 840 1485 meditarer,
862 1421 1053 1473 tantus
1071 1435 1162 1474 me
1178 1419 1339 1474 dolor
1354 1420 1558 1491 tetigit,
1590 1425 1651 1475 ut
1675 1421 1857 1493 magis

212 1512 348 1567 ﬂere
376 1521 559 1584 quam‘
597 1512 814 1583 aliquid
854 1512 1064 1582 dicere,
1111 1512 1421 1568 delectatus
1461 1515 1587 1569 sim.
1636 1514 1741 1569 Sed
1784 1532 1855 1570 ne

210 1606 471 1661 funditus
494 1610 831 1674 remaneret,
856 1621 1036 1677 pauca
1053 1605 1212 1660 vobis
1231 1607 1537 1662 rescribere
1552 1608 1763 1675 curavi,
1785 1608 1856 1663 ad

213 1700 435 1771 potiora
463 1716 560 1754 vos
597 1703 853 1770 tempora
896 1716 1147 1771 congrue
1173 1699 1435 1755 invitans.
1478 1701 1637 1765 Quod
1661 1705 1854 1756 autem

212 1793 420 1849 litterae
466 1798 582 1848 tuae
628 1798 797 1849 testes
830 1798 982 1863 sunt,
1014 1793 1292 1865 quosdam
1316 1794 1466 1848 intra
1506 1795 1857 1866 provinciam

213 1887 484 1942 Bazticam
511 1904 653 1956 esse,
677 1886 776 1958 qui
793 1887 1069 1957 dicerent,
1090 1888 1382 1942 neminem
1410 1888 1680 1944 veraciter
1694 1906 1856 1961 posse

211 1982 478 2053 probare,
506 1980 841 2035 Trinitatem
882 1981 1157 2036 unitatem
1196 1981 1341 2051 ﬁeri,
1371 1998 1503 2036 cum
1529 1999 1715 2053 neque
1745 1986 1857 2037 tres

211 2092 418 2146 unum,
441 2092 629 2148 neque
654 2086 838 2129 unum
862 2073 921 2128 in
948 2075 1129 2129 tribus
1156 2079 1342 2145 posset
1367 2092 1712 2147 quemquam
1731 2093 1858 2147 pro—

209 2169 336 2240 prie
360 2168 679 2241 approbare
724 2185 738 2222 :
786 2184 925 2239 quas
970 2169 1041 2223 ob
1089 2186 1302 2239 causas,
1350 2166 1707 2225 dilectissime
1753 2170 1853 2241 ﬁli,

212 2264 473 2318 consulta
520 2263 623 2317 tibi
669 2262 991 2333 apostolicae
1022 2262 1169 2317 sedis
1197 2262 1456 2317 misimus
1482 2305 1496 2333 ,
1528 2268 1593 2317 ut
1631 2268 1729 2318 aut
1767 2263 1857 2317 his

213 2372 307 2411 eos
326 2357 399 2411 ad
430 2360 645 2411 rectam
683 2356 855 2411 ﬁdem
883 2356 1130 2411 converti
1164 2356 1352 2427 facias,
1399 2359 1499 2411 aut
1525 2356 1596 2410 ab
1624 2357 1859 2411 ecclesia

212 2455 520 2522 antequam
550 2450 721 2521 pestis
749 2450 869 2505 haec
900 2450 1067 2505 latius
1093 2450 1436 2522 divulgetur,
1477 2450 1733 2522 repellas.
1763 2451 1859 2505 His

214 2544 431 2615 (frater)
462 2544 881 2615 Scripturarum
910 2543 1247 2598 testimoniis
1283 2546 1539 2615 (Ithacius
1576 2545 1706 2600 adv.
1744 2548 1855 2601 Va-
1876 2524 1935 2597 B

212 2639 511 2708 rimadum,
542 2655 591 2692 c.
624 2639 673 2709 1)
719 2638 999 2692 unitatem
1029 2637 1312 2693 Trinitatis
1355 2655 1617 2709 agnosce,
1663 2641 1720 2694 et
1758 2639 1858 2693 de-

214 2732 334 2786 sine
386 2731 728 2786 Arianorum
778 2731 1113 2803 pravitatcm
1169 2732 1368 2804 sequi,
1425 2736 1486 2786 ut
1536 2732 1606 2786 ab
1662 2732 1861 2787 eadem

214 2827 393 2897 possis
446 2831 809 2899 peccatorum
862 2825 1281 2897 indulgentiam
1329 2826 1666 2898 promereri,
1722 2826 1861 2880 Isaia

214 2921 498 2993 propheta
523 2921 742 2976 dicente
771 2937 784 2974 :
834 2921 972 2977 Vide
1010 2922 1297 2975 Dominum
1338 2921 1565 2975 sabaoth
1592 2921 1861 2975 sedentem

214 3030 377 3085 super
397 3017 653 3070 thronum
679 3015 963 3079 excelsum,
982 3019 1033 3069 et
1050 3016 1323 3085 seraphim
1348 3014 1567 3069 stabant
1588 3016 1646 3068 in
1662 3016 1859 3069 circui-

216 3114 275 3164 tu
303 3109 422 3179 ejus
450 3128 467 3164 :
495 3125 589 3164 sea:
613 3110 717 3163 alw
743 3111 860 3172 uni,
901 3113 951 3163 et
982 3124 1076 3163 sex
1102 3109 1207 3163 ala
1234 3109 1416 3163 alteri.
1449 3109 1669 3163 Duabus
1710 3109 1857 3163 vela-

219 3202 348 3257 bant
371 3205 571 3271 faciem
596 3202 728 3272 ejus,
757 3202 968 3257 duabus
988 3207 1169 3256 autem
1192 3203 1445 3258 vetabant
1463 3203 1629 3273 pedes
1659 3201 1789 3271 ejus,
1812 3206 1862 3257 et

215 3297 429 3353 duabus
454 3298 731 3352 volabant.
762 3300 832 3353 Et
857 3298 1169 3351 clamabant
1202 3298 1277 3351 ad
1304 3299 1646 3360 alterutrum,
1676 3298 1859 3351 dicen-

218 3395 292 3447 tes
320 3410 336 3446 :
364 3394 622 3455 Sanctus,
646 3397 887 3455 sanctus,
907 3395 1164 3458 sanctus;
1196 3394 1451 3446 Dominus
1475 3395 1615 3447 Deus
1635 3391 1862 3446 sabaoth

217 3486 344 3555 (Isa.
390 3488 490 3558 v1).
525 3486 586 3542 Si
615 3485 856 3540 Trinitas
880 3501 996 3539 non
1026 3488 1129 3555 est,
1162 3501 1337 3557 quare
1379 3484 1567 3553 tertio,
1609 3489 1857 3555 sanctus,

216 3578 521 3635 dixerunt?
549 3581 616 3634 Et
640 3579 686 3633 si
713 3579 902 3634 unitas
926 3595 1045 3633 non
1064 3583 1167 3647 est,
1199 3595 1373 3650 quare
1401 3579 1504 3634 sub
1532 3579 1679 3634 trina
1703 3594 1862 3649 repe-

215 3674 412 3730 titione
439 3690 624 3729 unum
638 3675 818 3729 Deum
840 3690 903 3727 ac
919 3672 1225 3728 Dominum
1252 3673 1636 3729 intimarunt?
1663 3673 1720 3728 Si
1746 3672 1861 3726 Tri—

218 3768 363 3823 nitas
392 3784 512 3822 non
540 3772 643 3838 est,
685 3784 787 3821 cur
811 3768 872 3821 in
905 3768 1183 3822 Geneseos
1209 3767 1416 3822 dicitur
1454 3784 1467 3822 :
1524 3770 1674 3822 Dian't
1700 3770 1857 3829 Deus,

216 3863 345 3929 fecit
371 3866 533 3925 Deus,
554 3865 604 3917 et
625 3861 895 3916 benedixit
913 3865 1051 3917 Deus
1080 3860 1286 3932 (Genes.
1315 3862 1392 3933 1)?
1416 3860 1471 3916 Si
1507 3876 1639 3915 vero
1672 3858 1859 3914 unitas
1879 3897 1935 3973 Ο

218 3972 331 4011 non
362 3959 469 4025 est,
499 3972 673 4027 quare
703 3955 870 4010 tertio
899 3955 1061 4025 dixit,
1092 3957 1258 4025 Deus,
1282 3959 1339 4009 et
1363 3972 1478 4009 non
1503 3954 1636 4009 deos
1663 3954 1855 4024 plura-

218 4050 347 4105 liter
370 4050 827 4106 commendavit?
858 4050 925 4104 Et
960 4048 1007 4103 si
1040 4048 1280 4104 Trinitas
1306 4066 1422 4103 non
1450 4053 1553 4119 est,
1593 4064 1771 4120 quare
1798 4047 1858 4101 in

221 4145 408 4199 Exodo
437 4145 656 4199 dictum
695 4148 778 4199 est
803 4142 969 4197 tertio
999 4160 1013 4198 :
1063 4146 1299 4207 Domine,
1348 4143 1580 4206 domine,
1624 4142 1854 4205 domine,

218 4241 508 4294 miserator
532 4243 582 4293 et
610 4239 908 4293 misericors
953 4238 1147 4308 (Exod.
1178 4238 1394 4307 xxx1v)?
1437 4237 1495 4292 Si
1522 4235 1710 4290 unitas
1738 4251 1856 4289 non

222 4337 322 4400 est,
348 4347 530 4405 quare
556 4332 695 4386 dum
722 4331 889 4387 tertio
919 4330 1147 4399 diceret,
1172 4330 1433 4400 Domine,
1458 4335 1651 4401 postea
1676 4329 1852 4384 mise-

221 4408 381 4485 rator
400 4429 768 4501 singulariter
786 4428 950 4499 dixit,
973 4432 1031 4483 et
1053 4446 1169 4484 non
1189 4429 1565 4497 miseratores,
1583 4432 1649 4483 ut
1665 4429 1854 4500 plures

220 4524 561 4594 ostenderet,
593 4522 915 4579 intimavit?
941 4523 997 4578 Si
1011 4522 1252 4578 Trinitas
1277 4540 1397 4580 non
1422 4528 1525 4590 est,
1560 4538 1663 4577 cur
1689 4521 1861 4576 Abra-

221 4617 355 4673 ham
378 4617 453 4673 ad
481 4617 665 4673 ilicem
691 4617 937 4673 Mambre
958 4618 1179 4687 sedens,
1200 4617 1493 4689 tribusque
1536 4632 1856 4684 occurrens,

221 4713 321 4767 uni
349 4714 584 4776 domine,
615 4711 756 4766 dixit
790 4712 992 4783 (Genes.
1024 4712 1211 4783 xv111);
1251 4717 1308 4766 et
1339 4728 1455 4766 non
1496 4709 1579 4781 (ut
1622 4709 1857 4781 viderat)

220 4811 403 4866 tribus
424 4811 773 4865 salutationis
793 4810 1129 4882 obsequium
1147 4809 1434 4865 reddidit?
1459 4809 1514 4864 Si
1533 4809 1721 4863 unitas
1742 4824 1859 4862 non

222 4903 323 4968 est,
369 4917 547 4972 quare
595 4918 727 4956 cum
775 4903 911 4957 Mos.
936 4901 1128 4971 (Exod.
1162 4900 1263 4973 111),
1296 4904 1433 4955 Deus
1468 4900 1770 4961 Abraham,
1808 4901 1859 4952 et

221 4998 356 5051 Deus
392 4997 570 5059 Isaae,
603 5002 653 5050 et
696 5000 831 5051 Deus
873 4996 1058 5059 Iacob,
1100 4993 1267 5050 tertio
1304 4994 1533 5062 diceret,
1578 4992 1859 5047 unitatem

223 5089 543 5160 ostendens,
574 5092 685 5145 Hoc
708 5091 845 5144 mihi
872 5105 1066 5144 nomen
1092 5094 1188 5153 est,
1228 5088 1401 5158 dixit;
1453 5092 1510 5143 et
1548 5102 1687 5156 non,
1732 5087 1859 5140 Haec

224 5190 355 5239 sunt
378 5188 573 5239 nostra
599 5183 852 5254 nomina,
876 5183 1231 5255 designavit?
1258 5181 1314 5238 Si
1341 5181 1583 5237 Trinitas
1609 5197 1724 5235 non
1752 5182 1856 5249 est,

225 5294 397 5350 quare
425 5277 594 5333 David
623 5277 790 5333 tertio
814 5277 957 5333 dixit
1002 5295 1014 5332 :
1054 5277 1341 5334 Benedicat
1372 5292 1468 5331 nos
1513 5278 1671 5339 Deus,
1722 5278 1861 5330 Deus

224 5377 421 5438 noster,
453 5372 727 5427 benedicat
768 5388 862 5427 nos
903 5375 1040 5428 Deus
1084 5371 1303 5441 (Psalm.
1352 5370 1537 5441 xcvx)?
1575 5368 1631 5425 Si
1670 5367 1861 5423 unitas

226 5482 340 5520 non
365 5471 468 5535 est,
510 5483 686 5539 quare
722 5483 877 5536 cum,
915 5470 1054 5523 Deus
1106 5465 1272 5521 tertio
1299 5464 1667 5533 nominasset,
1702 5464 1857 5518 bene-

226 5559 393 5625 dicat,
422 5566 480 5615 et
503 5576 642 5630 non,
673 5560 1029 5631 benedicant,
1058 5558 1318 5632 adjunxit
1339 5560 1367 5614 ?
1396 5558 1452 5614 Si
1478 5556 1720 5612 Trinitas
1746 5572 1862 5610 non

229 5659 331 5727 est,
372 5670 472 5712 cur
497 5655 664 5751 Isaias
706 5655 893 5711 denuo
939 5655 1129 5712 dixit:
1169 5656 1391 5712 Domine
1434 5655 1573 5709 Deus
1614 5650 1860 5716 sabaoth,

1956 1233 2010 1288 Si
2037 1234 2223 1288 unitas
2250 1250 2366 1288 non
2390 1237 2493 1302 est,
2520 1250 2694 1305 quare
2724 1252 2738 1288 :
2767 1238 2865 1304 qui
2884 1236 3052 1297 sedes,
3073 1234 3235 1303 dixit,
3258 1239 3454 1291 etnon
3484 1236 3585 1307 qui

1955 1327 2179 1393 sedetis,
2194 1332 2251 1381 et
2262 1328 2521 1399 adjunxit
2542 1326 2751 1399 {Labb.,
2772 1327 3068 1400 abstraxit]
3084 1330 3112 1382 ?
3138 1328 3195 1384 Si
3211 1328 3450 1384 Trinitas
3468 1345 3586 1385 non

1956 1427 2058 1491 est,
2089 1437 2263 1492 quare
2292 1420 2352 1476 in
2377 1422 2706 1494 Regnorum
2748 1421 2893 1476 libro
2938 1421 3161 1491 dicitur,
3208 1425 3427 1478 Domine
3451 1426 3590 1479 Deus

1955 1517 2304 1585 omnipotens,
2344 1518 2482 1570 Deus
2518 1517 2708 1579 Israel,
2743 1530 3004 1570 sermones
3046 1518 3127 1570 tui
3160 1516 3341 1585 ﬁdeles
3366 1522 3495 1572 sunt
3518 1518 3594 1586 (II

1955 1611 2083 1677 Reg.
2116 1624 2213 1676 vn,
2244 1610 2331 1663 ΙΙΙ
2360 1612 2490 1678 Reg.
2519 1609 2674 1679 vm)?
2699 1609 2755 1664 Si
2780 1608 2964 1662 unitas
2996 1624 3110 1662 non
3137 1613 3240 1677 est,
3278 1625 3454 1680 quare
3480 1612 3586 1675 tui,

1956 1701 2181 1771 dicitur,
2212 1707 2269 1757 et
2294 1718 2433 1769 non,
2462 1702 2651 1769 vestri,
2689 1702 2876 1773 potius
2902 1701 3234 1756 intimetur?
3261 1702 3316 1757 Si
3345 1703 3587 1759 Trinitas

1955 1812 2071 1850 non
2096 1801 2196 1865 est,
2228 1812 2331 1849 cur
2358 1796 2417 1850 in
2460 1796 2680 1867 psalmo
2710 1811 2842 1851 Lvm
2878 1798 3176 1850 cantatur:
3210 1798 3428 1851 Domine
3451 1800 3591 1853 Deus

1954 1893 2239 1952 virtutum,
2289 1893 2427 1943 Deus
2462 1890 2650 1952 Israel,
2691 1889 2908 1943 intende
2948 1889 3025 1943 ad
3064 1889 3372 1945 visitandas
3414 1905 3592 1946 omnes

1956 1986 2177 2053 gentes?
2218 1982 2273 2038 Si
2320 1983 2505 2037 unitas
2534 1999 2649 2036 non
2693 1988 2796 2051 est,
2837 1998 3012 2053 quare
3055 1984 3272 2037 intende
3297 1984 3505 2054 posuit,
3534 1989 3591 2039 et

1956 2093 2092 2146 non,
2120 2075 2415 2145 intendite,
2443 2080 2508 2130 ut
2543 2076 2878 2147 praedicatus
2906 2080 3010 2144 est,
3033 2075 3315 2130 intimavit
3334 2077 3361 2131 ?
3387 2077 3441 2132 Si
3467 2077 3586 2132 Tri-

1955 2171 2101 2225 nitas
2125 2186 2240 2224 non
2264 2175 2367 2236 est,
2395 2186 2570 2241 quare
2596 2170 2656 2223 in
2675 2168 3008 2240 Apocalypsi
3032 2168 3199 2223 tertio
3222 2169 3365 2224 dixit
3403 2186 3417 2224 :
3445 2172 3589 2227 Sana

1956 2270 2089 2328 ctus,
2102 2268 2337 2327 sanctus,
2352 2268 2587 2326 sanctus,
2605 2266 2854 2318 Dominus
2874 2266 3011 2317 Deus
3021 2264 3370 2333 omnipotens,
3384 2266 3591 2333 quiest,

1956 2362 2007 2412 et
2020 2359 2116 2427 qui
2128 2362 2244 2412 erat
2261 2356 2446 2427 (Apoc.
2475 2357 2587 2427 1v)?
2617 2356 2671 2411 Si
2690 2355 2879 2410 unitas
2892 2371 3008 2409 non
3029 2358 3132 2422 est,
3146 2371 3321 2426 quare
3336 2372 3472 2426 non,
3491 2358 3592 2428 qui

1958 2456 2109 2519 sunt,
2139 2449 2450 2521 pluraliter,
2481 2449 2599 2516 sed,
2616 2452 2712 2519 qui
2725 2454 2863 2512 erat,
2891 2448 3247 2519 designavit?
3270 2448 3328 2503 Si
3348 2449 3590 2505 Trinitas

1958 2561 2078 2600 non
2107 2548 2208 2613 est,
2240 2560 2416 2615 quare
2441 2542 2502 2597 in
2536 2542 2971 2598 Deuteronomio
3002 2542 3216 2597 dictum
3244 2545 3332 2597 est
3357 2560 3371 2598 :
3407 2546 3592 2599 Domi-

1957 2654 2057 2694 nus
2080 2642 2220 2694 Deus
2251 2643 2403 2700 tuus,
2445 2641 2584 2692 Deus
2621 2639 2921 2693 misericors
2966 2642 3063 2701 est,
3116 2640 3169 2690 et
3200 2637 3388 2691 audiet
3418 2653 3596 2694 vocem

1960 2738 2111 2788 tuam
2140 2732 2374 2802 (Deuter.
2406 2732 2517 2801 1v)?
2543 2730 2598 2786 Si
2627 2731 2811 2785 unitas
2830 2747 2949 2785 non
2973 2734 3075 2800 est,
3098 2746 3274 2801 quare
3293 2732 3481 2787 audiet
3497 2749 3595 2803 po-

1959 2826 2090 2894 suit,
2126 2827 2182 2880 et
2215 2841 2331 2879 non
2367 2824 2618 2894 audient,
2649 2823 2969 2879 intimavit?
2995 2824 3049 2879 Si
3075 2824 3316 2879 Trinitas
3343 2841 3460 2880 non
3487 2832 3593 2892 est,

1960 2936 2135 2992 quare
2157 2919 2218 2973 in
2243 2920 2372 2973 Jesu
2397 2919 2544 2974 Nave
2569 2918 2773 2973 dicitur
2797 2918 2943 2972 libro
2967 2934 2980 2972 :
3018 2921 3275 2975 Dominus
3298 2923 3438 2975 Deus
3464 2920 3592 2976 deo-

1958 3030 2081 3069 rum
2106 3018 2187 3069 est
2208 3013 2380 3084 (Iosue
2406 3030 2480 3083 11;
2510 3016 2663 3069 Deut.
2693 3013 2791 3093 x)?.
2825 3012 2882 3067 Si
2919 3012 3107 3066 unitas
3136 3028 3252 3067 non
3287 3018 3388 3079 est,
3417 3031 3593 3085 quare

1960 3113 2055 3171 est,
2087 3107 2250 3174 dixit,
2280 3112 2335 3162 et
2371 3125 2508 3176 non,
2554 3112 2706 3176 sunt,
2735 3123 2893 3162 more
2923 3105 3225 3161 locutionis
3250 3106 3511 3163 induxit?
3539 3109 3596 3165 Si

1959 3202 2200 3257 Trinitas
2236 3220 2352 3257 non
2392 3207 2495 3272 est,
2536 3218 2711 3273 quare
2733 3202 2879 3255 Elias
2907 3201 3119 3255 orando
3141 3201 3240 3271 (ΠΙ
3258 3205 3388 3272 Reg.
3415 3203 3592 3274 xv111),

1960 3300 2200 3361 Domine,
2228 3278 2459 3361 domine,
2496 3297 2706 3351 domine
2741 3300 2877 3351 Deus
2900 3295 3090 3359 Israel,
3125 3297 3338 3352 ostende
3380 3298 3511 3366 quia
3538 3302 3597 3353 tu

1960 3407 2012 3447 es
2040 3395 2177 3447 Deus
2205 3407 2374 3455 meus,
2407 3390 2593 3447 dixit?
2620 3390 2679 3445 Si
2704 3390 2894 3463 unitas
2917 3406 3034 3444 non
3059 3394 3162 3458 est,
3191 3406 3386 3463 quare,
3416 3396 3593 3447 osten-

1960 3487 2044 3549 de,
2074 3490 2131 3539 et
2168 3502 2287 3539 non
2324 3485 2620 3554 ostendite,
2667 3462 2897 3555 posuit?
2938 3484 2991 3539 Si
3039 3462 3278 3539 Trinitas
3320 3501 3437 3540 non
3486 3488 3595 3554 est,

1959 3596 2062 3633 cur
2088 3579 2470 3633 Mardochaaus
2499 3577 2710 3633 orando
2741 3578 2966 3647 (Esther.
2996 3580 3132 3649 x111),
3162 3581 3402 3641 Domine,
3420 3578 3594 3634 domi-

1958 3690 2023 3728 ne
2043 3677 2179 3728 Deus
2196 3675 2545 3743 omnipotens,
2568 3674 2749 3728 omnia
2768 3674 2827 3725 in
2839 3676 3104 3742 potestate
3131 3676 3227 3727 tua
3247 3676 3396 3735 sunt,
3419 3671 3597 3727 dixit?

1959 3767 2014 3822 Si
2042 3766 2230 3822 unitas
2253 3782 2370 3821 non
2413 3770 2516 3836 est,
2566 3781 2741 3837 quare
2780 3767 2839 3819 in
2882 3769 2976 3820 tua
3025 3764 3232 3835 posuit,
3276 3768 3334 3820 et
3374 3782 3491 3820 non
3532 3765 3596 3820 in

1958 3862 2160 3928 vestra,
2216 3860 2498 3932 signavit?
2551 3858 2610 3914 Si
2659 3858 2900 3913 Trinitas
2942 3875 3059 3913 non
3111 3864 3215 3928 est,
3268 3875 3371 3913 cur
3419 3858 3593 3914 etiam

1957 3955 2152 4010 Iudith
2180 3955 2393 4009 orando
2422 3953 2567 4009 dixit
2596 3970 2609 4008 :
2640 3956 2856 4008 Domine
2878 3956 3016 4008 Deus
3041 3955 3278 4008 omnium
3302 3955 3592 4016 virtutum,

1958 4052 2155 4120 respice
2193 4051 2253 4103 in
2291 4052 2587 4104 orationem
2634 4063 2811 4103 meam
2870 4047 3094 4118 (Iudith.
3144 4047 3256 4119 Ix)?
3299 4046 3356 4102 Si
3406 4047 3596 4101 unitas

1957 4160 2074 4199 non
2102 4147 2205 4211 est,
2255 4159 2450 4215 quare,
2501 4145 2722 4214 respice,
2768 4142 2976 4213 posuit,
3023 4145 3081 4196 et
3124 4158 3261 4211 non,
3310 4140 3592 4212 respicite,

1958 4237 2309 4309 designavit?
2347 4237 2405 4292 Si
2441 4235 2681 4291 Trinitas
2721 4252 2837 4290 non
2880 4240 2984 4303 est,
3037 4251 3213 4306 quare
3250 4235 3311 4289 in
3353 4235 3597 4290 Jeremia

1957 4332 2183 4402 dicitur,
2210 4334 2467 4388 Dominus
2503 4335 2640 4387 Deus
2676 4334 2848 4386 vester
2883 4333 3019 4386 Deus
3061 4345 3232 4384 veram
3258 4333 3337 4384 est
3381 4329 3590 4398 (Jerem.

1958 4427 2049 4499 x)?
2076 4426 2131 4482 Si
2158 4426 2348 4482 unitas
2374 4442 2490 4481 non
2516 4430 2618 4495 est,
2649 4441 2843 4496 quare,
2866 4440 3035 4480 veram
3057 4427 3153 4487 est,
3186 4422 3349 4490 dixit,
3377 4427 3590 4492 etnon,

1958 4537 2203 4591 veraces,
2228 4522 2414 4592 potius
2438 4518 2762 4575 intimavit?
2791 4518 2848 4574 Si
2878 4517 3118 4572 Trinitas
3144 4532 3261 4571 non
3285 4519 3387 4585 est,
3417 4531 3595 4587 quare

1959 4615 2019 4670 in
2043 4613 2375 4686 Apocalypsi
2401 4613 2675 4685 scriptum
2701 4616 2788 4668 est
2818 4629 2831 4667 :
2870 4614 3127 4668 Dominus
3164 4613 3303 4666 Deus
3346 4614 3397 4665 et
3423 4612 3591 4680 spiri-

1960 4716 2045 4766 tus
2066 4709 2458 4781 prophetarum
2481 4708 2631 4762 misit
2653 4707 2906 4777 angelum
2922 4722 3097 4773 suum,
3130 4704 3403 4760 ostendere
3426 4706 3593 4759 servis

1956 4806 2071 4859 suis
2104 4818 2224 4873 quae
2242 4804 2447 4872 oportet
2469 4803 2591 4869 ﬁeri
2606 4803 2707 4855 cito
2735 4800 2923 4870 (Apoc.
2951 4799 3031 4871 1)?
3051 4799 3106 4856 Si
3133 4799 3318 4854 unitas
3341 4814 3459 4854 non
3488 4803 3590 4868 est,

1958 4912 2134 4970 quare
2162 4912 2293 4951 cum
2321 4896 2546 4949 Patrem
2572 4897 2628 4947 et
2650 4892 2853 4946 Filium
2875 4897 2933 4948 et
2956 4892 3230 4965 Spiritum
3248 4892 3591 4960 nominasse,

1957 4994 2106 5047 misit
2132 4992 2409 5050 Dominus,
2441 4985 2602 5057 dixit,
2630 4990 2844 5056 etnon,
2874 4985 3173 5056 miserunt,
3190 4986 3295 5040 sub
3316 4986 3596 5057 praetextu

1956 5086 2134 5141 trium
2144 5099 2514 5156 personarum
2526 5086 2581 5136 et
2594 5079 2895 5135 nominum
2906 5062 3261 5133 introduxit?
3282 5079 3337 5134 Si
3352 5078 3595 5133 Trinitas

1958 5195 2073 5234 non
2100 5183 2203 5248 est,
2236 5193 2411 5250 quare
2453 5175 2514 5229 in
2558 5170 2990 5230 Deuteronomio
3033 5171 3241 5225 dicitur
3282 5189 3296 5224 :
3340 5174 3596 5227 Dominus

1959 5277 2098 5329 Deus
2124 5276 2298 5328 vester
2322 5272 2406 5326 hic
2431 5274 2526 5333 est,
2554 5272 2689 5324 Deus
2720 5266 2893 5337 (Deut.
2921 5264 3017 5335 x)?
3051 5263 3107 5319 Si
3131 5262 3320 5318 unitas
3345 5279 3462 5318 non
3489 5267 3594 5333 est,

1960 5382 2155 5439 quare,
2183 5369 2282 5422 Hic
2308 5369 2403 5434 est,
2433 5362 2594 5431 dixit,
2622 5366 2678 5417 et
2700 5376 2835 5429 non,
2858 5358 2919 5414 hi
2942 5360 3093 5424 sunt,
3116 5355 3325 5428 plurali
3349 5372 3593 5412 numero

1961 5459 2308 5533 designavit?
2335 5458 2393 5514 Si
2420 5457 2661 5513 Trinitas
2698 5470 2819 5510 non
2846 5456 2949 5522 est,
2980 5466 3157 5523 quare
3186 5449 3248 5503 in
3278 5449 3479 5505 eodem
3503 5449 3593 5505 di-

1961 5554 2107 5610 citur
2134 5554 2276 5609 libro
2310 5570 2324 5607 :
2355 5553 2610 5609 Dominus
2635 5553 2773 5607 Deus
2803 5552 2925 5604 tuus
2946 5588 2964 5610 ,
2996 5549 3132 5601 Deus
3160 5558 3391 5612 magnus
3417 5548 3470 5599 et
3492 5557 3597 5615 po-

1964 5654 2075 5707 tens
2101 5654 2178 5707 est
2205 5646 2426 5721 (Ibid)?
2443 5646 2504 5702 Si
2526 5644 2713 5703 unitas
2729 5659 2843 5699 non
2863 5644 2966 5710 est,
2985 5652 3425 5711 quare,magnus
3435 5642 3598 5710 etpoa

306 5807 331 5838 ⁸
356 5809 512 5867 Falsa
537 5815 595 5866 et
616 5809 1010 5867 commentitia
1036 5809 1107 5865 ab
1131 5809 1334 5867 eodem
1360 5809 1666 5867 Mercatore
1694 5808 1945 5881 farrago.
1966 5808 2133 5863 Lua.
