4006 6238
376 260 478 310 787

1406 256 1743 319 LICINIANI,
1785 250 2359 311 CARTHAGINENSIS
2397 248 2714 311 EPISCOPI.

3647 256 3751 309 688

375 370 508 447 tens,
536 368 592 419 et
612 361 729 418 noxi
748 363 1045 435 pluraliter
1058 363 1421 419 nominatur?
1442 364 1495 419 Si
1519 363 1758 418 Trinitas
1777 378 1891 416 non
1913 367 2014 432 est,
2040 375 2099 447 Α
2117 361 2243 429 ﬁde,
2274 364 2605 418 attendentes
2629 363 2912 432 spiritibus
2950 364 3147 417 erroris
3180 366 3231 417 et
3269 361 3527 418 doctrinis
3552 361 3754 417 daemo-

374 444 476 513 cur
497 458 696 512 Tobias
718 458 901 513 ﬁlium
926 475 1096 513 suum
1122 473 1254 512 cum
1284 458 1346 511 in
1365 459 1547 528 Rages
1565 457 1845 511 civitatem
1875 472 2006 509 cum

370 552 654 621 Raphaele
677 551 879 622 angelo
898 551 1165 617 mitteret,
1194 550 1530 605 benedicens
1555 566 1673 617 eos,
1706 549 1785 603 ita
1800 549 2005 605 dixisse

371 645 641 700 docetur:
674 648 813 700 Deus
848 645 1147 709 Abraham,
1178 647 1229 697 et
1268 648 1404 698 Deus
1444 645 1619 705 Isaac,
1659 647 1710 696 et
1736 647 1871 698 Deus
1905 645 2002 698 Ja-

368 739 480 801 cob,
529 740 643 808 ipse
679 739 904 808 impleat
957 736 1366 791 benedictionem
1395 751 1550 790 suam
1594 739 1652 790 in
1678 737 1826 791 vobis
1851 737 2001 806 (Tob.

369 833 503 902 vn)?
531 832 588 887 Si
616 831 804 885 unitas
833 846 947 884 non
973 832 1077 895 est,
1106 845 1301 899 quare,
1333 831 1446 899 ipse
1471 831 1716 900 impleat,
1757 829 1917 892 dixit,
1948 834 2006 884 et

369 943 484 982 non
498 925 609 996 ipsi
625 925 704 978 im
711 922 1236 995 pleant,intimavit?
1248 924 1562 993 Postremo,
1582 923 1629 977 si
1638 922 1878 978 Trinitas
1888 939 2003 977 non

369 1024 469 1087 est,
493 1033 670 1089 quare
700 1015 974 1070 Dominus
1001 1015 1302 1087 discipulos
1328 1032 1460 1071 suos
1485 1017 1545 1071 in
1571 1016 1802 1071 nomine
1821 1016 2002 1071 Patris

368 1118 423 1170 et
454 1111 577 1165 Filii
602 1114 659 1164 et
683 1108 922 1180 Spiritus
965 1110 1143 1164 sancti
1180 1110 1472 1165 universas
1500 1114 1697 1181 gentes
1724 1110 1879 1164 misit
1901 1110 1997 1163 ba-

364 1206 575 1277 ptizare
603 1204 819 1274 (Matth.
849 1204 1077 1274 XXVIII)?
1119 1204 1173 1259 Si
1201 1204 1385 1259 unitas
1418 1220 1538 1259 non
1578 1208 1682 1274 est,
1725 1220 1900 1275 quare
1942 1206 2001 1258 in

362 1302 594 1361 nomine,
645 1297 804 1367 dixit,
838 1302 894 1352 et
939 1314 1075 1367 non,
1129 1298 1188 1351 in
1233 1297 1576 1366 nominibus,
1621 1297 2000 1368 praecipiendo

360 1390 698 1465 perdocuit?
724 1391 780 1446 Si
807 1391 1049 1445 Trinitas
1073 1406 1187 1445 non
1213 1396 1315 1461 est,
1338 1407 1516 1463 quare
1540 1392 1822 1461 apostolus
1850 1393 1995 1446 Pau-

361 1487 450 1542 lus
475 1485 555 1540 ait
581 1502 594 1539 :
627 1488 713 1541 Ea:
750 1487 888 1555 ipso,
929 1490 978 1539 et
1002 1500 1102 1554 per
1131 1487 1328 1555 ipsum,
1361 1490 1409 1540 et
1437 1488 1495 1538 in
1520 1488 1637 1555 ipso
1665 1490 1790 1540 sunt
1816 1487 1998 1540 omnia

361 1582 533 1652 (Rom.
561 1579 678 1650 x1)?
707 1578 762 1633 Si
799 1578 989 1632 unitas
1013 1594 1129 1632 non
1159 1583 1264 1645 est,
1294 1594 1489 1649 quare,
1518 1595 1584 1633 ex
1611 1581 1748 1649 ipso,
1786 1579 1993 1649 posuit,

361 1679 418 1731 et
443 1690 580 1743 non,
625 1689 696 1727 ex
740 1671 905 1743 ipsis,
952 1671 1235 1725 astruxit?
1287 1671 1345 1725 Si
1390 1671 1543 1725 enim
1594 1676 1746 1726 certo
1790 1671 1996 1726 certius

2117 457 2331 509 niorum
2356 458 2415 509 in
2444 457 2717 526 hypocrisi
2743 458 3075 527 loquentium
3096 456 3437 511 mendacium
3455 498 3474 520 ,
3498 461 3547 510 et
3571 460 3756 510 caute-

2106 550 2315 603 riatam
2359 550 2671 605 habentium
2714 566 2869 605 suam
2908 553 3317 613 conscientiam,
3352 550 3757 621 prohibentium

2104 642 2321 705 nubere,
2348 644 2614 699 abstinere
2634 660 2669 698 a
2683 645 2812 699 cibis
2828 660 2957 714 quos
2975 647 3113 699 Deus
3133 646 3335 699 creavit
3353 644 3429 699 ad
3440 646 3751 714 percipien-

2104 734 2235 789 dum
2264 751 2383 790 cum
2407 740 2714 806 gratiarum
2725 741 2950 801 actione,
2980 738 3248 807 ﬁdelibus,
3269 743 3319 793 et
3339 739 3422 793 his
3441 740 3540 807 qui
3563 753 3752 807 cogno-

2103 833 2297 882 verunt
2321 832 2625 899 veritatem,
2662 833 2792 900 quia
2816 834 2987 886 omnis
3011 836 3264 887 creatura
3289 834 3388 886 Dei
3414 832 3551 886 bona
3578 836 3677 895 est,
3702 835 3755 884 et

2101 922 2244 975 nihil
2282 922 2650 991 rejiciendum,
2683 926 2829 994 quod
2854 941 2974 979 cum
3000 928 3309 995 gratiarum
3338 929 3547 981 actione
3565 926 3750 995 perci-

2096 1016 2274 1084 pitur.
2301 1016 2689 1085 Sanctiﬁcatur
2710 1021 2849 1073 enim
2870 1034 2972 1088 per
2994 1020 3213 1074 verbum
3230 1022 3329 1075 Dei
3352 1024 3403 1075 et
3429 1022 3745 1074 orationem.

2100 1109 2225 1162 Hzec
2262 1124 2569 1179 proponens
2601 1112 2893 1177 fratribus,
2927 1112 3092 1167 bonus
3122 1114 3231 1168 eris
3260 1115 3506 1168 minister
3549 1113 3756 1170 Christi

2098 1202 2242 1264 Jesu,
2272 1205 2540 1258 enutritus
2563 1205 2721 1259 verbo
2746 1206 2875 1274 ﬁdei
2900 1209 2951 1259 et
2981 1206 3127 1261 bona
3151 1206 3426 1269 doctrinae,
3459 1223 3625 1277 quam
3653 1222 3744 1261 as-

2097 1298 2304 1350 secutus
2330 1311 2401 1350 es.
2430 1299 2648 1368 Ineptas
2692 1303 2873 1353 autem
2899 1303 2950 1353 et
2986 1302 3174 1355 inanes
3212 1301 3435 1367 fabulas
3459 1301 3665 1364 devita,
3695 1305 3747 1355 et

2097 1403 2277 1443 emerce
2306 1391 2532 1459 teipsum
2547 1391 2624 1445 ad
2637 1393 2917 1462 pietatem.
2941 1396 3084 1451 Nam
3107 1395 3401 1464 corporalis
3429 1396 3745 1449 emercitatio

2096 1482 2173 1536 ad
2197 1483 2463 1538 modicum
2498 1485 2651 1540 utilis
2693 1491 2788 1541 est.
2831 1489 3012 1542 Pietas
3049 1492 3231 1542 autem
3271 1488 3346 1542 ad
3394 1490 3577 1542 omnia
3628 1490 3743 1541 uti-

2099 1575 2165 1630 lis
2218 1580 2315 1639 est,
2369 1580 2777 1647 promissionem
2826 1581 3025 1636 habens
3082 1584 3207 1636 vitae
3269 1597 3389 1651 qua
3438 1597 3581 1636 nunc
3642 1587 3741 1643 est,

2094 1672 2146 1722 et
2204 1670 2432 1736 futurae.
2498 1673 2696 1728 Fidelis
2757 1689 2927 1729 sermo
2990 1679 3043 1729 et
3090 1678 3238 1730 omni
3283 1678 3583 1745 acceptione
3648 1676 3739 1729 di-

358 1767 606 1823 volueris
634 1766 911 1821 unitatem
937 1765 1226 1819 Trinitatis
1256 1780 1581 1836 agnoscere,
1620 1782 1654 1818 a
1681 1781 1832 1836 saepe
1854 1765 2000 1819 dicto
2020 1751 2077 1823 B
2101 1777 2258 1831 gnus.
2299 1766 2363 1819 In
2409 1765 2503 1820 hoc
2539 1768 2681 1822 enim
2734 1768 3041 1824 laboramus
3075 1773 3125 1824 et
3166 1769 3563 1835 maledicimur,
3605 1772 3742 1839 quia

360 1864 587 1918 doctore
603 1859 861 1933 gentium
880 1859 1129 1929 apostolo
1151 1860 1362 1929 poteris
1376 1859 1633 1913 universa
1653 1858 1996 1928 condiscere,

358 1962 416 2013 et
440 1955 600 2027 sequi
629 1953 961 2008 catholicam
992 1952 1185 2018 tidem,
1214 1957 1270 2006 et
1292 1951 1635 2006 Arianorum
1660 1952 1999 2023 pravitatem

356 2064 626 2121 respuere
657 2065 670 2101 :
707 2047 897 2104 Gratia
938 2047 1155 2100 Domini
1183 2047 1357 2099 nostri
1391 2048 1514 2099 Jesu
1539 2046 1757 2109 Christi,
1789 2044 1993 2116 inquit,

357 2144 407 2200 et
434 2145 673 2198 charitas
696 2143 827 2203 Dei,
859 2143 908 2193 et
945 2140 1355 2194 communicatio
1389 2141 1565 2194 sancti
1586 2140 1842 2209 Spiritus.
1869 2141 1997 2209 Ipsa

355 2242 436 2295 est
456 2238 659 2298 Patris,
702 2239 753 2288 et
796 2234 951 2296 Filii,
992 2238 1042 2287 et
1086 2234 1325 2303 Spiritus
1365 2234 1543 2287 sancti
1586 2232 1660 2301 (II
1698 2235 1815 2290 Cor.
1854 2232 1992 2303 X111).

352 2330 644 2396 Quomodo
671 2331 865 2383 autem
885 2327 947 2381 in
974 2325 1244 2380 Trinitate
1272 2342 1455 2380 unum
1477 2326 1644 2380 sunt?
1674 2325 1807 2397 quia
1834 2329 1995 2381 natu-

352 2445 414 2482 ra
444 2432 614 2498 atque
650 2425 678 2455 ⁸
713 2426 783 2479 ab
812 2424 1055 2479 invicem
1085 2422 1333 2494 separari
1359 2440 1478 2477 non
1520 2427 1779 2493 possunt.
1810 2423 1990 2479 Caete-

352 2534 503 2591 rum,
528 2521 702 2574 frater
721 2518 1065 2587 charissime,
1096 2534 1224 2587 quae
1250 2522 1347 2570 tua
1374 2515 1740 2571 continebant
1764 2516 1987 2587 scripta,

353 2632 419 2670 ex
450 2613 715 2685 subjectis
740 2611 1032 2667 sententiis
1061 2614 1307 2669 maxime
1348 2610 1542 2665 omnia
1584 2610 1792 2682 poteris
1829 2609 1986 2663 colli—

353 2724 487 2785 gere
514 2707 563 2761 b.
596 2707 825 2761 Necesse
869 2709 972 2775 est,
1012 2705 1188 2759 frater
1223 2702 1572 2772 charissime,
1619 2703 1814 2757 adesse
1845 2703 1988 2757 divi-

350 2819 513 2869 num,
544 2799 638 2855 ubi
666 2800 985 2854 humanum
1028 2801 1206 2857 cessat
1244 2797 1540 2853 auxilium.
1601 2798 1668 2850 Et
1712 2800 1775 2851 ut
1822 2796 1987 2867 juxta

349 2894 667 2968 apostolum
691 2894 929 2948 Paulum
958 2892 1232 2961 dicamus,
1261 2892 1393 2947 licet
1430 2890 1599 2945 verba
1623 2889 1984 2961 replicemus,

350 3006 480 3062 qum
507 2989 626 3060 ipse
654 2987 949 3042 Timotheo
975 2986 1170 3041 scribit
1195 2984 1385 3040 dicens
1417 3001 1429 3039 :
1467 2985 1706 3040 Ecclesia
1730 2986 1827 3039 Dei
1849 2986 1985 3047 vivi,

2097 1870 2375 1925 speramus
2420 1861 2480 1913 in
2520 1863 2689 1915 Deum
2727 1864 2929 1926 vivum,
2985 1865 3083 1933 qui
3121 1867 3198 1918 est
3229 1864 3471 1918 salvator
3498 1865 3741 1917 omnium

2099 1950 2373 2005 hominum
2393 1993 2411 2016 ,
2440 1956 2776 2026 maximeque
2801 1957 3062 2025 ﬁdelium.
3091 1959 3324 2027 Praecipe
3351 1958 3461 2011 haec
3497 1960 3549 2011 et
3587 1957 3737 2012 doce.

2095 2044 2262 2098 Nemo
2309 2046 2725 2103 adolescentiam
2754 2054 2905 2104 tuam
2927 2055 3264 2113 contemnat,
3307 2051 3402 2105 sed
3424 2051 3739 2122 exemplum

2095 2140 2203 2191 esto
2231 2138 2473 2205 ﬁdelium
2502 2142 2561 2194 in
2603 2143 2783 2206 verbo,
2810 2145 2869 2197 in
2904 2147 3326 2205 conversatione,
3364 2147 3423 2198 in
3447 2145 3741 2206 charitate,

2095 2232 2156 2285 in
2181 2231 2307 2299 ﬁde,
2338 2235 2396 2287 in
2423 2237 2694 2291 castitate.
2712 2239 2848 2292 Dum
2866 2240 3038 2302 venio,
3060 2238 3276 2293 attende
3298 2239 3529 2301 lectioni,
3550 2240 3739 2293 exhor-

2096 2326 2310 2388 tationi,
2339 2326 2618 2384 doctrinae.
2646 2332 2776 2386 Noli
2787 2333 3054 2401 negligere
3074 2333 3313 2401 gratiam
3340 2347 3459 2401 quae
3480 2334 3539 2386 in
3565 2337 3613 2388 te
3635 2337 3735 2395 est,

2093 2432 2211 2486 quae
2242 2418 2377 2473 data
2404 2422 2603 2475 esttibi
2621 2439 2723 2493 per
2741 2426 3087 2494 prophetiam
3112 2440 3232 2479 cum
3258 2427 3598 2494 impositione
3621 2442 3738 2479 ma-

2091 2526 2259 2564 nuum
2282 2514 2622 2581 presbyterii.
2652 2520 2777 2572 Haec
2812 2518 3097 2580 meditare,
3128 2521 3188 2571 in
3216 2519 3299 2573 his
3327 2523 3456 2581 esto,
3495 2524 3557 2573 ut
3596 2536 3735 2590 pro-

2089 2604 2264 2669 fectus
2305 2609 2427 2661 tuus
2466 2611 2807 2677 manifestus.
2840 2614 2913 2666 sit
2958 2612 3221 2667 omnibus.
3273 2613 3507 2667 Attende
3549 2614 3650 2667 tibi
3687 2619 3740 2668 et

2090 2696 2369 2762 doctrinae,
2399 2702 2544 2756 insta
2586 2705 2644 2757 in
2689 2705 2821 2760 illis.
2852 2707 2961 2761 Hoc
2999 2708 3139 2760 enim
3173 2707 3401 2773 faciens,
3427 2710 3478 2760 et
3505 2709 3737 2777 teipsum

2089 2792 2302 2846 salvum
2351 2795 2540 2860 facies,
2593 2801 2644 2851 et
2684 2813 2768 2853 eos
2816 2801 2915 2869 qui
2969 2804 3018 2854 te
3069 2799 3303 2854 audiunt
3356 2799 3405 2868 (Ι
3451 2802 3587 2856 Tim.
3627 2800 3733 2871 III).

2088 2883 2260 2939 Fame
2285 2886 2440 2941 enim
2469 2888 2638 2944 nimis
2679 2890 2957 2963 afﬂigitur
2984 2892 3229 2964 populus
3272 2894 3585 2965 Romanus,
3618 2911 3733 2966 qua

2088 2976 2245 3033 clade
2275 2984 2445 3052 atque
2484 2983 2609 3038 aliis
2641 2985 3017 3041 anxietatibus
3045 2992 3282 3042 vexatus
3323 2987 3561 3072 longam
3604 2988 3731 3060 epi-

348 3085 595 3139 cozumna
634 3087 684 3137 ει
722 3084 1115 3151 ﬁrmamentum
1162 3084 1238 3134 est
1278 3080 1545 3133 veritatis,
1592 3080 1661 3133 Et
1701 3079 1986 3145 manifeste
2005 3118 2059 3193 Ο
2085 3072 2285 3126 stolam
2341 3074 2581 3132 minime
2636 3078 2880 3135 scribere
2941 3082 3108 3136 valui.
3157 3082 3435 3154 Tempore
3473 3074 3733 3154 congruo

644 3181 705 3193 αι
754 3177 951 3193 γικΑ-ιι-
986 3189 1186 3193 ,---..μ--
1205 3178 1370 3193 ---Α-.---
1428 3172 1978 3193 -.-.-.Ὶ..-.....⁶Δ--ι,.ι-.---
2086 3168 2286 3193 ,ΞΑ-.--Αἱ
2344 3171 2400 3193 [-3
2454 3190 2518 3193 ___-
2542 3191 2583 3193 κ,
2745 3178 2766 3193 n
2872 3178 2925 3193 ιη
3044 3179 3099 3193 ι..
3244 3184 3254 3193 .
3591 3181 3607 3193 «ι
3683 3182 3693 3193 ι

347 3193 604 3248 magnum
630 3181 707 3231 est
725 3177 953 3245 pietatis
978 3178 1396 3235 sacramentum,
1419 3172 1562 3242 quod
1574 3173 1983 3238 manifestatum

348 3276 424 3327 est
446 3274 505 3326 in
526 3284 705 3332 carne,
721 3268 1080 3338 justiﬁcatum
1104 3272 1183 3322 est
1206 3269 1266 3320 in
1289 3268 1507 3337 spiritu,
1537 3268 1801 3336 apparuit
1825 3281 1983 3333 ange-

337 3366 436 3429 lis,
460 3364 823 3435 prmdicatum
847 3366 922 3417 est
944 3364 1002 3415 in
1025 3361 1289 3428 gentibus,
1308 3360 1569 3415 creditum
1580 3364 1658 3414 est
1676 3361 1735 3414 in
1758 3360 1982 3425 mundo,

347 3462 685 3528 assumptum
713 3460 790 3511 est
812 3458 870 3510 in
895 3456 1089 3525 gloria.
1117 3457 1354 3526 Spiritus
1379 3459 1556 3509 autem
1582 3455 1868 3521 manifeste
1893 3454 1982 3509 di-

348 3555 441 3617 cit,
469 3553 603 3623 quia
633 3553 693 3605 in
717 3551 1018 3605 novissimis
1046 3549 1370 3620 temporibus
1395 3548 1667 3603 discedent
1693 3548 1919 3618 quidam
1948 3563 1986 3602 a

419 3694 445 3725 ⁶
482 3695 760 3750 Hactenus
788 3691 960 3747 verba
991 3691 1201 3747 lthacii.
1230 3692 1393 3747 [ΑΗΒ.

418 3766 446 3807 δ
474 3767 694 3822 Hincm.
742 3764 872 3820 dial.
917 3764 986 3819 de
1028 3767 1174 3818 statu
1215 3762 1461 3818 ecclesiae
1495 3762 1630 3818 citat
1654 3777 1725 3818 ex
1751 3762 1985 3819 Philone

348 3839 597 3896 maximo
625 3839 946 3910 legatorum
976 3851 1009 3890 a
1034 3834 1244 3890 Iudaeis
1283 3835 1415 3890 Caio
1443 3834 1583 3906 imp.
1613 3834 1981 3891 directorum.

2083 3168 2289 3224 denuoi
2342 3171 2406 3241 (si
2454 3190 2683 3231 necesse
2738 3178 2928 3250 fuerit)
2977 3179 3160 3250 mitte,
3207 3184 3263 3234 et
3288 3196 3353 3236 ea
3398 3197 3526 3252 quae
3576 3181 3729 3236 desi-

2087 3262 2389 3335 deraveris,
2456 3284 2637 3325 sume.
2708 3272 2852 3326 Deus
2912 3278 2967 3328 te
3032 3273 3356 3328 incolumen
3418 3274 3728 3343 custodiat,

2082 3359 2260 3416 frater
2309 3364 2656 3423 charissime.
2706 3370 2909 3426 Amen.
2963 3373 3099 3427 Data
3147 3388 3202 3427 Iv
3250 3373 3436 3428 Nonas
3497 3373 3729 3445 Aprilis,

2081 3455 2298 3511 Iustino
2330 3457 2537 3531 [Labb.,
2565 3463 2901 3538 Iustiniano]
2951 3470 3009 3521 et
3044 3465 3203 3521 Libio
3236 3466 3374 3521 viris
3402 3466 3733 3523 clarissimis

2085 3550 2408 3608 consulibus
2446 3566 2487 3610 ο.

2157 3700 2179 3729 ο
2217 3688 2451 3746 Mendax
2476 3687 2773 3743 consulum
2799 3687 3109 3746 adnotatio.
3141 3689 3303 3746 Lxsa.

2090 3835 2251 3892 LABB.

348 4023 3726 4060 Μ

1626 4179 1793 4226 ANNO
1854 4178 2072 4226 DOMINI
2118 4179 2407 4227 DLXXXIV
2415 4209 2430 4225 .

1312 4325 2773 4559 LICINIANUS,

852 4623 2206 4790 CARTHAGINENSIS
2316 4622 3220 4750 EPISCOPUS.

1166 4956 1945 5079 NOTITIA
2054 4957 2320 5078 EX
2427 4955 2975 5077 GAVE.

1808 5144 2230 5155 ______—_

412 5241 732 5298 Licinianus
756 5236 1113 5309 Carthaginis
1136 5236 1434 5308 Spartariae
1461 5236 1521 5292 in
1547 5236 1811 5311 Hispania
1831 5237 1975 5309 epis-
1994 5248 2054 5321 D
2077 5234 2351 5307 quosdam
2376 5234 2476 5307 qui
2518 5234 2819 5291 credebant
2849 5233 3108 5307 epistolas
3149 5234 3219 5288 de
3260 5232 3401 5288 coelo
3425 5232 3723 5289 cecidisse.

339 5357 532 5413 copus,
548 5337 751 5393 claruit
765 5349 915 5389 anno
941 5334 1063 5387 584.
1096 5333 1330 5385 Exstant
1348 5331 1598 5403 epistolae
1624 5331 1841 5404 aliquot
1877 5332 1975 5386 ha-

336 5441 534 5490 ctenus
547 5431 775 5486 ineditae
796 5448 809 5483 :
833 5442 1038 5497 nempe
1062 5429 1118 5482 l°
1147 5424 1383 5497 epistola
1401 5425 1473 5481 ad
1487 5430 1745 5489 sanctum
1766 5426 1973 5498 Grego-

336 5528 488 5581 rium
507 5541 734 5597 papam;
756 5526 817 5579 2°
836 5521 909 5576 ad
927 5519 1308 5592 Epiphanium
1336 5518 1637 5574 diaconum
1659 5536 1760 5574 suo
1787 5523 1843 5574 et
1872 5519 1969 5573 Se-

335 5620 454 5674 veri
485 5616 754 5687 episcopi,
787 5619 850 5669 ut
874 5614 1095 5669 videtur
1129 5612 1442 5668 Malacitani
1488 5612 1743 5681 nomine,
1772 5612 1834 5665 in
1859 5626 1971 5683 qua

336 5710 648 5764 ostenditur
690 5708 922 5777 angelos
955 5723 1072 5760 esse
1104 5705 1276 5760 totius
1304 5705 1553 5777 corporis
1582 5709 1874 5776 expertes;
1908 5707 1967 5759 3°

339 5802 405 5853 ad
421 5799 779 5879 Vincentium
814 5798 1132 5852 Ebusitanae
1161 5799 1361 5853 insulse.
1386 5798 1737 5870 episcopum,
1768 5803 1967 5854 contra

2075 5328 2379 5400 Descriptae
2409 5332 2541 5383 sunt
2560 5328 2649 5383 hm
2675 5328 2923 5400 epistolae
2954 5346 3021 5382 ex
3051 5326 3252 5383 Codice
3285 5343 3392 5381 ms.
3420 5326 3723 5397 Toletano,

2073 5440 2214 5496 quas
2242 5423 2402 5493 prelo
2430 5423 2647 5494 paravit
2667 5421 2965 5478 cardinalis
2986 5420 3304 5493 d'Aguirre,
3328 5420 3411 5476 uti
3430 5421 3491 5474 in
3513 5420 3725 5475 notitia

2072 5534 2172 5571 sua
2198 5517 2318 5589 ipse
2344 5535 2446 5572 nos
2474 5516 2655 5586 docet,
2679 5533 2811 5589 pag.
2845 5518 2966 5571 100.
2996 5516 3063 5570 Et
3088 5515 3261 5570 ﬁdem
3286 5513 3522 5586 quidem
3547 5530 3724 5569 suam

2069 5611 2173 5665 hac
2220 5611 2279 5665 in
2328 5616 2488 5683 parte
2547 5610 2805 5665 liberavit
2863 5608 3337 5664 eminentissimus
3382 5607 3721 5679 cardinalis,

2067 5705 2233 5760 editis
2261 5705 2350 5759 his
2373 5705 2558 5760 tribus
2584 5703 2835 5776 epistolis
2875 5704 3044 5759 Conc.
3085 5702 3238 5774 Hisp.
3286 5705 3427 5757 tom.
3479 5702 3543 5772 lI,
3574 5716 3717 5774 pag.

2067 5798 2188 5855 427.
2220 5799 2451 5872 Scripsit
2474 5797 2794 5854 Licinianus
2837 5802 2893 5854 et
2934 5797 3044 5852 alia
3090 5796 3377 5870 quaedam,
3418 5800 3563 5853 teste
3606 5796 3715 5854 Isi-
