4006 6238
227 486 337 542 689
887 482 1209 545 EPISTULA
1246 487 1474 556 PRIMA,
1514 488 1602 544 AD
1639 489 1947 545 SANCTUM
1984 488 2375 546 GREGORIUM
2423 486 2664 545 PAPAM.
3508 492 3612 549 690

223 609 370 664 doro
398 607 709 681 Hispalensi
739 608 808 664 de
837 608 1042 681 Script.
1069 610 1279 665 Eccles.
1317 626 1441 682 cap.
1471 613 1562 679 29,
1590 627 1704 682 pag
1736 651 1750 666 .
1774 613 1863 682 89,
1888 624 1948 698 Α
1967 611 2237 666 stinctum
2259 611 2329 666 ab
2363 610 2606 666 aemulis.
2637 610 2713 667 De
2742 610 3015 669 Liciniani
3041 614 3327 686 opusculis
3352 619 3410 670 et
3431 616 3607 671 Pseu-

226 701 372 757 etin
418 701 488 756 iis
522 700 808 774 praecipue
836 702 1135 774 epistolam
1177 703 1247 757 de
1276 703 1638 759 Sacramenta
1678 704 1866 776 baptiv
1967 704 2277 759 domaximi
2302 704 2364 758 in
2399 704 2678 759 Chronico
2718 704 2865 759 circa
2913 707 3011 761 illa
3061 706 3317 779 ﬁngendi
3358 709 3605 779 licentia,

225 794 455 864 smatis,
502 795 572 850 ad
621 794 956 868 Eutropium
1009 796 1290 865 abbatem,
1345 800 1548 868 postea
1600 796 1868 853 Valentia:
1967 814 2083 851 non
2126 814 2306 868 pauca
2331 798 2548 853 notavit
2573 797 2919 854 clarissimus
2948 800 3226 857 Antonius
3272 803 3413 856 Bibl.
3450 802 3605 873 Hisp.

224 889 582 962 episcopum,
610 888 710 960 qui
749 889 819 943 ab
858 906 924 945 eo
961 889 1218 961 petierat,
1248 906 1422 962 quare
1461 890 1753 962 baptizatis
1787 890 1870 946 in-
1968 891 2088 945 Vet.
2118 890 2218 945 lib.
2248 907 2322 959 1v,
2364 907 2489 962 cap.
2529 895 2584 958 2,
2630 909 2687 963 p.
2719 896 2846 960 2H,
2877 898 2985 949 etc.
3018 894 3327 966 Epistolam
3368 896 3438 950 ad
3468 897 3605 951 Gre-

222 983 481 1038 fantibus
528 981 850 1038 chrismatis
906 984 1099 1038 unctio
1151 983 1545 1051 tribueretur?
1595 984 1694 1039 sed
1746 984 1868 1039 haec
1969 984 2194 1055 gorium
2229 1000 2435 1055 papam
2461 985 2530 1039 de
2557 984 2701 1040 libro
2730 987 3078 1058 Regularum
3120 989 3288 1059 eruit,
3317 989 3606 1064 ediditque

221 1076 466 1147 epistola
480 1076 709 1147 periisse
734 1075 978 1132 videtur.
1001 1076 1200 1132 Subdit
1229 1077 1494 1149 Isidorus,
1513 1076 1868 1132 Licinianum
1968 1076 2274 1132 Dacberius
2311 1077 2580 1150 Spicileg.
2608 1082 2727 1135 tom
2756 1080 2820 1150 ll,
2846 1096 2981 1153 pag.
3010 1083 3135 1138 368.

220 1169 714 1241 Constantinopoli
748 1170 1099 1241 occubuisse,
1143 1187 1382 1243 veneno,
1433 1176 1496 1226 ut
1536 1172 1747 1241 ferunt,
1777 1188 1871 1227 ex-

224 1320 3601 1363 Ἦ

1024 1426 1033 1433 ’
1146 1446 1546 1525 LIGINIANI,
1597 1448 2290 1517 CARTHAGINENSIS
2335 1452 2713 1529 EPISCOPI,

408 1588 967 1684 EPISTOLA
1035 1590 1417 1696 PRIMA,
1476 1594 1629 1685 AD
1696 1593 2222 1688 SANCTUM
2289 1595 2956 1691 GREGOBIUM
3023 1597 3435 1691 PAPAM.

1556 1730 1652 1799 (De
1691 1729 1837 1785 libro
1882 1732 2281 1805 Regulamm.)

1695 1847 2110 1861 —_

297 1913 534 1970 Domino
558 1914 883 1971 beatissimo
906 1916 1180 1989 Gregorio
1204 1933 1368 1993 papae
1394 1917 1711 1973 Licinianus
1736 1918 1857 1990 epi-
1881 1932 1937 2004 B
1961 1919 2074 1974 vita
2091 1918 2213 1975 sine
2240 1918 2360 1992 [Ms.
2387 1922 2552 1977 Tolet.
2577 1920 2694 1976 sive
2720 1921 2797 1995 in]
2826 1922 3097 1994 potentia,
3115 1922 3388 1994 quoniam
3407 1924 3602 1980 omnia

209 2025 443 2080 scopus.

294 2103 527 2157 Librum
549 2104 898 2175 [tegularum
924 2120 957 2159 a
978 2104 1281 2161 Sanctitate
1310 2108 1407 2159 tua
1433 2104 1671 2172 editum,
1703 2109 1761 2161 et
1789 2106 1860 2161 ad

207 2212 323 2251 nos
347 2196 538 2251 divina
568 2198 749 2269 gratia
790 2197 1103 2269 opitulante
1144 2199 1450 2270 perlatum,
1484 2203 1640 2254 tanto
1680 2199 1860 2254 liben-

206 2290 334 2345 tius
358 2292 622 2362 legimus,
652 2295 865 2363 quanto
894 2292 953 2346 in
983 2309 1050 2347 eo
1086 2292 1365 2364 spiritales
1403 2293 1631 2364 regulas
1676 2293 1857 2348 inesse

208 2384 635 2455 cognoscimus.
664 2385 800 2449 Quis
825 2401 941 2440 non
969 2385 1238 2441 libentius
1256 2386 1426 2457 legat,
1458 2386 1558 2441 ubi
1578 2386 1709 2458 jugi
1734 2404 1853 2443 me-

206 2478 490 2533 ditatione
517 2478 855 2534 medicinam
882 2478 1092 2534 animae
1133 2496 1250 2534 suae
1283 2479 1551 2548 inveniat,
1592 2480 1692 2534 ubi
1717 2497 1853 2536 con-

204 2572 450 2643 temptis
492 2572 665 2642 hujus
689 2572 882 2628 saeculi
907 2573 1078 2628 rebus
1103 2572 1327 2627 caducis
1354 2573 1416 2628 in
1448 2590 1548 2627 sua
1569 2574 1854 2629 mutabili-

204 2670 331 2720 tate
365 2665 735 2735 variantibus,
783 2666 853 2721 ad
899 2670 1126 2722 aeternae
1152 2667 1282 2721 vitae
1324 2667 1622 2722 stationem
1661 2668 1853 2722 oculos

203 2759 426 2815 mentis
448 2759 708 2831 aperiat?
734 2760 901 2815 Liber
924 2760 1016 2815 hic
1036 2765 1169 2815 tuus
1195 2761 1454 2816 omnium
1483 2765 1568 2816 est
1586 2761 1717 2816 aula
1740 2761 1854 2816 vir-

204 2856 427 2908 tutum.
452 2854 571 2908 Illic
600 2853 904 2925 prudentia
918 2854 1068 2909 inter
1084 2854 1302 2908 bonum
1326 2859 1383 2909 et
1409 2855 1625 2908 malum
1641 2855 1848 2910 discre-

200 2946 431 3003 tionem
456 2947 653 3001 limitis
686 2947 854 3018 ﬁgit:
896 2947 1118 3018 justitia
1156 2947 1464 3018 unicuique
1505 2964 1606 3002 sua
1630 2948 1847 3017 tribuit,

203 3041 357 3097 dum
396 3043 509 3096 Deo
535 3040 817 3110 animam,
851 3056 1167 3112 corpusque
1216 3040 1422 3096 animae
1472 3040 1682 3096 subdit.
1737 3042 1850 3096 Illic

201 3134 490 3189 fortitudo
517 3134 688 3189 etiam
714 3135 774 3189 in
803 3133 1052 3189 adversis
1082 3138 1139 3189 et
1167 3133 1228 3188 in
1262 3134 1545 3205 prosperis
1568 3134 1851 3206 reperitur

203 3244 446 3300 semper
463 3228 716 3300 aequalis,
738 3244 866 3299 qua:
890 3244 995 3282 nec
1021 3228 1084 3282 in
1104 3227 1402 3282 contrariis
1426 3228 1727 3299 frangitur,
1744 3243 1849 3282 nec

1960 2029 2099 2067 vana
2125 2014 2228 2068 sub
2263 2014 2397 2069 sole.
2443 2014 2553 2069 Sed
2600 2030 2741 2085 opus
2772 2015 2987 2087 ipsum,
3028 2017 3180 2088 quod
3205 2032 3309 2087 per
3334 2018 3602 2074 eumdem

1959 2106 2241 2161 honorem
2263 2107 2350 2161 vel
2373 2108 2683 2178 potentiam
2710 2108 2792 2177 fit,
2821 2108 2865 2163 si
2894 2112 3045 2163 recte
3071 2114 3241 2181 atque
3273 2110 3487 2166 utiliter
3510 2111 3596 2179 ﬁt,

1958 2199 2014 2254 id
2054 2205 2157 2270 est,
2186 2204 2251 2255 ut
2292 2201 2474 2255 valeat
2504 2202 2576 2256 ad
2621 2218 2748 2255 eam
2789 2203 3028 2257 salutem
3066 2202 3421 2257 subditorum
3468 2221 3598 2275 qua:

1957 2294 2269 2348 secundum
2300 2295 2480 2348 Deum
2516 2299 2669 2349 est.»
2696 2296 2933 2366 Propter
2958 2296 3114 2366 quod
3148 2295 3228 2350 ait
3248 2297 3546 2367 Apostolus
3578 2314 3593 2354 :

1956 2388 2060 2454 Qui
2110 2389 2475 2457 episcopatum
2529 2388 2824 2451 desiderat,
2880 2404 3012 2457 opus
3062 2390 3257 2445 bonum
3299 2390 3592 2445 desiderat.

1955 2480 2455 2551 Exponerevoluit
2478 2480 2615 2552 quid
2643 2480 2713 2535 sit
2739 2481 3055 2553 episcopus,
3094 2482 3227 2554 quia
3266 2499 3476 2538 nomen
3509 2487 3595 2539 est

1953 2573 2159 2644 operis,
2212 2590 2329 2628 non
2382 2574 2652 2629 honoris:
2705 2575 2963 2629 Graecum
3018 2579 3104 2630 est
3143 2576 3318 2645 enim,
3364 2581 3420 2631 et
3461 2576 3596 2632 inde

1953 2667 2186 2722 ductum
2228 2667 2584 2737 vocabulum,
2644 2668 2797 2738 quod
2840 2667 2934 2722 ille
2973 2668 3070 2739 qui
3122 2669 3462 2739 praeﬁcitur,
3512 2670 3593 2724 eis

1951 2760 2157 2832 quibus
2175 2760 2484 2833 praeﬁcitur
2500 2760 2935 2832 superintendit,
2951 2777 3147 2814 curam
3165 2761 3373 2817 scilicet
3392 2778 3593 2818 eorum

1916 2931 1923 2935 ι
1953 2870 2155 2925 gerens
2183 2871 2196 2908 :
2227 2854 2521 2926 episcopus
2553 2852 2673 2926 [Ms.
2713 2855 2902 2921 Tolct.-,
2932 2854 3285 2925 episcopatus
3316 2855 3589 2928 episcopi]

1950 2947 2159 3019 quippe
2190 2947 2428 3002 intentio
2453 2952 2556 3002 est.
2587 2949 2735 3018 Ergo
2764 2946 3112 3018 episcopum,
3142 2948 3189 3001 si
3218 2948 3459 3003 velimus
3480 2950 3587 3003 La-

1948 3040 2084 3110 tine,
2112 3040 2580 3111 superintendere
2612 3039 2733 3112 [Ms.
2767 3042 2958 3103 Tolet.,
2998 3041 3581 3114 superintendentem]

1950 3150 2183 3204 possum
2208 3134 2416 3190 dicere.
2454 3136 2522 3190 Ut
2547 3133 2823 3205 intelligat
2851 3150 2966 3188 non
2992 3150 3049 3189 se
3078 3150 3199 3189 esse
3235 3135 3584 3207 episc0pum,

1950 3227 2049 3299 qui
2073 3244 2322 3298 praeesse
2348 3228 2554 3283 dixerit
2587 3227 2707 3299 [Ms.
2744 3229 2934 3290 Τοιειυ
2963 3227 3269 3301 dilexerit],
3298 3245 3412 3282 non
3446 3245 3582 3300 pro—

204 3324 269 3377 in
297 3322 581 3393 prosperis
606 3322 901 3377 exaltatur.
932 3321 1049 3376 Illic
1075 3321 1455 3393 temperantia
1492 3322 1745 3376 furorem
1775 3321 1846 3375 li-
1869 3301 1923 3375 Ο
1949 3321 2129 3376 desse.
2174 3322 2254 3375 Ita
2309 3321 2463 3376 enim
2516 3322 2586 3375 ab
2638 3321 2823 3376 studio
2869 3322 3274 3392 cognoscendae
3335 3322 3586 3377 veritatis

202 3415 424 3471 bidinis
482 3400 724 3487 frangit,
771 3416 1124 3487 discreteque
1184 3414 1563 3486 voluptatibus
1616 3415 1851 3470 modum

204 3509 473 3581 imponit.
506 3509 621 3565 Illic
675 3512 876 3563 cuncta
913 3525 1041 3579 quae
1084 3509 1155 3563 ad
1195 3509 1324 3563 vita:
1357 3512 1586 3563 internae
1629 3507 1851 3579 partici-

199 3605 370 3677 pium
396 3603 687 3675 pertinent
713 3601 1145 3673 comprehendis
1172 3618 1185 3656 :
1221 3606 1277 3656 et
1301 3617 1417 3656 non
1445 3602 1629 3656 solum
1665 3605 1851 3673 pasto-

201 3698 364 3754 ribus
389 3696 655 3769 regulam
668 3696 891 3750 vivendi
906 3695 1195 3766 describis,
1212 3695 1310 3751 sed
1338 3695 1513 3750 etiam
1539 3695 1629 3750 his
1654 3696 1753 3766 qui
1765 3712 1851 3750 re-

204 3791 443 3863 giminis
457 3790 711 3845 ofﬁcium
721 3789 949 3844 nullum
968 3789 1206 3857 habent,
1224 3789 1452 3844 vivendi
1476 3789 1734 3861 regulam
1754 3789 1851 3843 tri-

200 3886 352 3941 buis.
369 3884 593 3939 Habent
612 3883 765 3938 enim
782 3888 1033 3955 pastores
1049 3883 1109 3937 in
1127 3882 1538 3955 quadripartita
1546 3888 1644 3937 tua
1665 3882 1850 3938 distri-

1948 3430 2117 3469 nemo
2146 3414 2500 3485 prohibetur,
2530 3415 2682 3486 quod
2702 3415 2771 3468 ad
2794 3414 3078 3469 laudabile
3098 3415 3346 3486 pertinet
3370 3416 3582 3470 otium:

1948 3508 2104 3563 locus
2132 3525 2263 3563 vero
2289 3507 2565 3579 superior,
2603 3509 2722 3562 sine
2748 3524 2861 3579 quo
2896 3508 3018 3579 regi
3056 3508 3301 3579 populus
3338 3524 3456 3563 non
3490 3525 3587 3580 po-

1948 3606 2074 3671 test,
2104 3602 2208 3656 etsi
2232 3602 2313 3657 ita
2335 3602 2597 3656 teneatur
2631 3606 2799 3672 atque
2839 3600 3265 3656 administretur
3307 3605 3368 3656 ut
3402 3602 3581 3669 decet,

1949 3700 2143 3750 tamen
2162 3696 2490 3751 indecenter
2514 3695 2819 3767 appetitur.
2848 3694 3232 3759 Quamobrem
3258 3694 3439 3749 otium
3459 3711 3585 3748 san-

1949 3793 2105 3844 ctum
2172 3789 2380 3861 quaerit
2430 3789 2674 3844 charitas
2722 3805 2735 3842 :
2791 3787 3172 3860 percipiendae
3226 3804 3290 3842 ac
3354 3788 3583 3842 tuendae

1949 3883 2263 3938 vacandum
2290 3886 2375 3937 est
2397 3882 2620 3938 veritati
2654 3881 2774 3954 [Ms.
2799 3883 2988 3949 Tolet,
3010 3881 3258 3936 veritatis
3287 3881 3583 3952 negotium

200 3980 443 4035 butione
471 3978 666 4050 quales
691 3978 761 4032 ad
785 3978 891 4032 hoc
918 3976 1171 4032 ofﬁcium
1185 3976 1653 4048 veniantgquales
1671 3976 1848 4031 vitam
1941 3978 2163 4048 justum
2190 3976 2423 4047 suscipit
2465 3976 2765 4031 necessitas
2796 3974 3128 4047 charitatis].
3161 3974 3215 4031 Si
3251 3978 3442 4029 autem
3482 3973 3585 4028 im—
3652 4048 3656 4053 V

203 4076 412 4145 gerant
432 4088 565 4127 cum
590 4071 855 4127 venerint
878 4090 894 4141 ;
922 4072 1165 4142 qualiter
1186 4070 1273 4126 vel
1294 4070 1483 4142 qualia
1498 4070 1733 4125 doceant
1754 4088 1770 4139 ;
1793 4074 1850 4126 et

201 4184 273 4223 ne
284 4168 347 4221 in
360 4170 523 4220 tanto
535 4166 862 4221 sacerdotali
874 4164 1119 4221 culmine
1133 4163 1641 4236 extollantur,quid
1654 4168 1843 4234 agant.

270 4263 628 4316 Attestantur
666 4260 801 4315 huic
838 4258 1065 4315 eximiae
1104 4258 1376 4313 doctrinm
1414 4258 1587 4312 sancti
1627 4257 1847 4329 antiqui

202 4357 397 4410 Patres
444 4353 719 4423 doctores,
772 4354 1208 4424 defensoresque
1253 4350 1534 4420 Ecclesiae,
1582 4351 1844 4420 Hilarius,

200 4448 557 4517 Ambrosius,
585 4448 956 4519 Augustinus,
987 4445 1292 4517 Gregorius
1324 4445 1702 4500 Nazianzenus
1731 4461 1744 4499 :
1786 4443 1849 4499 hi

203 4558 407 4597 omnes
430 4541 819 4597 testimonium
839 4542 941 4597 tibi
955 4541 1235 4613 praebent,
1255 4540 1401 4595 sicut
1414 4538 1680 4610 apostolis
1707 4555 1849 4610 prae-

203 4631 460 4685 buerunt
483 4631 797 4701 prophetae.
828 4631 1071 4686 Hilarius
1100 4633 1323 4685 sanctus
1363 4630 1520 4696 dicit,
1559 4645 1847 4699 exponens

202 4724 380 4779 verba
424 4725 674 4795 Apostoli
726 4724 967 4779 doctoris
1018 4723 1298 4795 gentium.
1332 4724 1413 4776 Ita
1449 4722 1662 4776 etenim
1718 4737 1847 4792 qua:

200 4816 456 4889 propria:
472 4817 780 4889 disciplina:
800 4821 857 4871 et
870 4832 1097 4871 morum
1118 4820 1269 4882 sunt,
1301 4815 1371 4869 ad
1398 4813 1693 4869 sacerdotii
1718 4831 1843 4869 me-

202 4912 381 4966 ritum
411 4911 572 4965 utilia
597 4927 717 4966 esse
747 4911 1046 4983 signiﬁcat,
1076 4910 1123 4964 si
1150 4909 1322 4964 etiam
1350 4909 1474 4963 haec
1502 4925 1630 4979 quae
1657 4908 1729 4963 ad
1750 4908 1846 4963 do-

200 5005 401 5060 cendaa
426 5021 491 5059 ac
524 5005 788 5061 tenenda:
824 5004 955 5059 ﬁdei
1002 5002 1293 5058 scientiam
1341 5001 1653 5057 necessaria
1690 5005 1842 5071 sunt,

197 5098 349 5153 inter
400 5098 620 5170 reliqua
659 5116 776 5153 non
820 5099 1101 5154 deerunt:
1145 5096 1277 5168 quia
1318 5113 1434 5150 non
1482 5095 1673 5150 statim
1710 5093 1845 5148 boni

197 5195 375 5264 atque
400 5191 558 5246 utilis
585 5193 889 5248 sacerdotis
916 5196 1019 5261 est,
1053 5195 1153 5247 aut
1176 5190 1573 5245 tantummodo
1601 5188 1847 5243 scienter

200 5285 328 5358 [Ms.
353 5356 365 5362 δ
404 5287 567 5341 Tolet.
640 5286 990 5358 innocenter]
1044 5300 1246 5357 agere,
1299 5287 1398 5338 aut
1448 5282 1845 5337 tantummodo

194 5380 445 5435 scienter
468 5379 808 5451 praedicare;
837 5396 964 5434 cum
994 5384 1051 5434 et
1077 5379 1350 5433 innocens
1378 5381 1600 5431 tantum
1620 5376 1708 5430 sui
1734 5375 1846 5429 suf-

195 5472 351 5528 ﬁciat
376 5470 576 5544 si‘[Ms.
608 5472 794 5544 Tolet.]
829 5471 936 5526 sibi
971 5470 1232 5544 proﬁciat
1269 5469 1399 5539 nisi,
1441 5469 1637 5523 doctus
1664 5468 1755 5537 sit,
1791 5472 1847 5523 et

192 5566 397 5621 doctus
422 5566 532 5621 nisi
560 5567 814 5621 doctrina
842 5565 1102 5621 vivendo.

270 5663 583 5716 Attestatur
613 5660 745 5715 huic
779 5658 901 5731 [Ms.
934 5660 1124 5723 Tolet.,
1177 5658 1232 5713 Si
1259 5657 1577 5712 doctrinam
1610 5654 1849 5710 vivendo

193 5772 316 5811 non
365 5755 615 5825 adjuvet,
665 5753 902 5808 omnino
951 5753 1056 5807 sibi
1100 5752 1245 5807 nihil
1288 5750 1485 5823 prosit.
1544 5752 1849 5805 Attestatur

194 5848 352 5919 huic,
377 5847 511 5918 etc.]
538 5848 684 5902 libro
711 5852 810 5902 tuo
836 5853 1065 5902 sanctus
1093 5845 1426 5901 Ambrosius
1451 5843 1511 5898 in
1546 5842 1656 5897 illis
1689 5842 1850 5897 libris

198 5959 344 6014 quos
368 5941 500 5997 fecit
538 5941 605 5996 de
632 5941 864 5997 Ofﬁciis.
886 5943 1200 5996 Attestatur
1227 5943 1453 5994 sanctus
1493 5936 1849 6009 Augustinus

201 6036 434 6094 dicens:
468 6058 496 6087 ι(
532 6037 595 6094 In
619 6036 842 6096 actione
863 6050 982 6095 non
1008 6033 1286 6095 amandus
1312 6037 1398 6095 est
1422 6031 1606 6091 honor
1643 6031 1703 6089 in
1742 6031 1850 6089 hac

1948 4070 2199 4142 ponitur,
2229 4069 2581 4141 suscipienda
2606 4073 2691 4125 est
2718 4073 2953 4141 prOpter
2978 4068 3265 4123 charitatis
3290 4068 3587 4123 necessita-

1946 4170 2084 4221 tem.
2113 4164 2217 4220 Sed
2245 4179 2350 4217 nec
2378 4163 2455 4217 sic
2475 4163 2805 4217 omnimodo
2824 4163 3073 4217 veritatis
3091 4160 3213 4234 [Ms.
3242 4162 3585 4224 Tolct.,veri-

1947 4257 2067 4330 tati]
2100 4256 2393 4313 delectatio
2422 4256 2734 4311 deserenda
2760 4261 2862 4323 est,
2891 4273 2965 4312 ne
2989 4255 3319 4310 sutrahatur
3348 4256 3444 4311 illa
3462 4272 3585 4310 sua-

1945 4352 2103 4421 vitas,
2138 4355 2194 4407 et
2219 4351 2573 4423 opprimatur
2595 4351 2697 4405 ista
2726 4349 3043 4405 necessitas.

2015 4448 2328 4501 Attestatur
2351 4445 2654 4517 Gregorius
2681 4448 2925 4514 sanctus,
2962 4444 3119 4515 cujus
3144 4443 3354 4514 stylum
3390 4460 3585 4514 seque-

1947 4540 2045 4607 ris,
2083 4540 2244 4609 cujus
2271 4540 2533 4611 exemplo
2561 4539 2887 4595 delitescere
2936 4537 3219 4610 cupiebas,
3264 4541 3327 4591 ut
3364 4537 3585 4607 pondus

1948 4631 2239 4687 sacerdotii
2260 4632 2588 4702 declinares,
2618 4633 2771 4704 quod
2797 4632 2962 4704 quale
2986 4632 3056 4687 sit
3077 4632 3136 4686 in
3174 4635 3291 4687 toto
3316 4631 3460 4686 libro
3484 4635 3583 4685 tuo

1948 4726 2159 4797 liquide
2201 4725 2559 4793 declaratur;
2600 4730 2794 4781 tamen
2839 4730 3031 4798 portas
3069 4726 3222 4798 quod
3274 4724 3582 4780 metuebas.

1944 4819 2168 4874 Pondus
2188 4817 2341 4873 enim
2366 4823 2529 4872 tuum
2550 4830 2775 4873 sursum
2799 4819 3001 4887 fertur,
3022 4837 3135 4874 non
3157 4820 3449 4874 deorsum:
3469 4834 3585 4873 non

1944 4912 2095 4984 quod
2136 4916 2190 4967 te
2215 4911 2287 4965 ad
2312 4910 2429 4964 ima
2452 4914 2695 4980 premat,
2724 4912 2821 4966 sed
2848 4913 3000 4982 quod
3027 4914 3097 4968 ad
3122 4918 3273 4969 astra
3300 4913 3581 4979 sustollat;

1944 5006 2082 5061 dum
2107 5020 2209 5076 per
2239 5003 2332 5059 Dei
2359 5001 2619 5075 gratiam,
2648 5008 2705 5058 et
2731 5004 3069 5060 obedientiae
3111 5007 3404 5079 meritum,
3448 5022 3584 5078 Ope-

1944 5099 2135 5170 risque
2170 5097 2305 5152 boni
2341 5095 2724 5163 efﬁcientiam,
2747 5096 2811 5150 ﬁt
2856 5114 3024 5152 suave
3067 5101 3220 5170 quod
3265 5117 3368 5172 per
3404 5100 3585 5154 imbe-

1944 5192 2229 5247 cillitatem
2266 5191 2575 5245 humanam
2602 5189 2902 5245 videbatur
2942 5191 3153 5246 habere
3197 5192 3587 5264 gravedinem.

1946 5286 2092 5340 Dicis
2113 5284 2268 5340 enim
2296 5301 2362 5339 ea
2386 5300 2517 5355 qua:
2543 5287 2855 5337 consonant
2879 5284 3151 5353 apostolis
3187 5291 3244 5339 et
3269 5285 3589 5356 apostolicis

1946 5379 2079 5433 viris
2112 5394 2125 5433 :
2153 5378 2393 5449 pulcher
2418 5376 2573 5431 enim
2610 5377 2853 5448 pulchra
2884 5375 3096 5443 dixisti,
3131 5383 3187 5431 et
3240 5378 3299 5430 in
3337 5378 3427 5431 his
3455 5378 3588 5448 pul—

1946 5474 2149 5528 chrum
2171 5477 2228 5527 te
2254 5487 2373 5526 esse
2398 5470 2714 5526 ostendisti.
2744 5470 2880 5525 Nolo
2907 5485 3045 5541 ergo
3078 5473 3131 5524 te
3155 5470 3403 5525 similare
3429 5470 3588 5524 inde-

1946 5579 2077 5618 coro
2120 5561 2322 5634 pictori
2367 5560 2607 5633 pulchra
2650 5558 2945 5630 pingenti;
2975 5558 3110 5630 quia
3161 5557 3430 5630 spiritalis
3486 5557 3589 5611 do-

1948 5656 2127 5711 ctrina
2154 5672 2186 5709 a
2212 5653 2456 5726 spiritali
2483 5655 2675 5709 mente
2704 5652 3100 5725 proﬁciscitur.
3131 5653 3261 5707 Plus
3307 5648 3593 5721 plerisque

1948 5749 2260 5805 aestimatur
2284 5748 2467 5820 pictor
2486 5747 2659 5801 homo
2680 5763 2854 5819 quam
2880 5745 3188 5801 inanimata
3212 5743 3435 5818 pictura
3459 5756 3472 5794 :
3494 5739 3592 5794 sed

1949 5843 2053 5897 hoc
2079 5858 2196 5897 non
2223 5839 2591 5896 assentationi
2629 5843 2729 5893 aut
2755 5838 3072 5895 adulationi
3102 5841 3347 5911 reputes,
3381 5834 3481 5890 sed
3505 5849 3594 5888 ve-

1949 5935 2130 6005 ritati;
2161 5935 2295 6007 quia
2324 5951 2428 5989 nec
2471 5950 2561 5988 me
2599 5933 2759 5987 decet
2794 5932 2914 6005 [Ms.
2949 5934 3140 5997 Tolet.,
3171 5930 3410 6005 oportet]
3439 5945 3596 5984 men-

1948 6029 2063 6101 tiri,
2104 6044 2209 6085 nec
2249 6033 2303 6085 te
2350 6028 2511 6085 decet
2547 6026 2757 6084 falsum
2791 6027 3020 6085 laudare
3060 6025 3184 6100 [Ms.
3230 6027 3419 6091 Talea,
3461 6023 3599 6081 falso
