4006 6238
417 502 512 553 691

1883 487 2198 542 LICINIANI

3684 490 3797 544 692

411 604 678 675 laudari].
717 604 863 674 Ergo
906 602 1074 674 plane
1113 598 1243 654 licet
1283 595 1427 652 ﬁdus
1456 596 1579 666 [Μς.
1621 593 1812 658 Tolet.,
1841 593 2041 668 foedus]
2069 607 2129 683 Α
2149 594 2272 652 talis
2302 595 2595 652 ordinetur
2627 597 2726 669 qui
2748 613 2864 654 non
2887 598 3073 667 debet,
3101 601 3200 652 aut
3225 613 3342 654 non
3375 595 3445 654 sit
3507 596 3606 671 qui
3632 612 3797 654 sacra

417 703 474 755 et
495 701 571 769 te,
600 702 656 754 et
681 696 874 753 omnia
913 700 1010 750 tua
1045 692 1282 765 pulchra
1320 688 1610 760 conspexi,
1649 693 1706 744 et
1747 694 1960 746 memet
1984 690 2044 748 in

412 792 896 866 comparationem
919 788 1006 845 tui
1035 785 1167 842 satis
1192 785 1525 841 indecorum
1549 783 1682 840 vidi.

486 985 642 1040 Unde
668 996 868 1053 precor
893 995 996 1051 per
1019 977 1258 1050 gratiam
1284 977 1400 1046 Dei,
1434 992 1560 1048 quae
1585 976 1646 1030 in
1672 980 1726 1031 te
1749 974 2042 1043 exuberat,

410 1085 478 1136 ut
525 1094 640 1133 non
680 1091 910 1146 respuas
949 1073 1386 1144 deprecantem;
1421 1072 1518 1126 sed
1559 1071 1804 1125 libenter
1848 1070 2045 1125 doceas

411 1190 539 1246 quae
559 1187 651 1225 me
671 1171 850 1224 fateor
873 1168 1156 1238 ignorare.
1186 1165 1593 1238 Compellimur
1621 1165 1776 1219 enim
1801 1163 2043 1219 necessi-

411 1272 524 1324 tate
549 1267 733 1321 facere
761 1262 913 1335 quod
939 1262 1135 1316 doceas
1181 1259 1301 1332 [Msa
1336 1262 1524 1323 Tolct.,
1555 1259 1691 1313 dicis
1721 1275 1834 1312 non
1872 1256 2040 1329 ﬁeri].

407 1361 628 1418 Peritus
654 1359 807 1414 enim
833 1357 972 1410 dum
1001 1371 1117 1409 non
1139 1353 1424 1424 reperitur
1453 1353 1552 1424 qui
1573 1354 1643 1407 ad
1673 1351 1924 1407 ofﬁcium
1950 1368 2041 1405 sa-

407 1455 690 1512 cerdotale
717 1451 925 1517 veniat,
950 1449 1087 1521 quid
1107 1448 1360 1502 ﬂendum
1381 1449 1484 1517 est,
1507 1446 1617 1501 nisi
1639 1451 1699 1501 ut
1722 1445 2040 1517 imperitus,

406 1555 472 1606 ut
497 1566 603 1620 ego
632 1564 779 1616 sum,
806 1545 1100 1599 ordinetur
1117 1543 1144 1596 ?
1169 1542 1338 1596 Jubes
1366 1546 1430 1596 ut
1455 1558 1570 1596 non
1598 1541 1890 1595 ordinetur
1927 1540 2040 1593 im-

405 1644 639 1717 peritus.
667 1641 774 1696 Sed
793 1641 1096 1710 pertractat
1121 1636 1425 1708 prudentia
1453 1641 1570 1703 tua,
1592 1634 1828 1704 nelforte
1854 1634 1924 1687 ad
1951 1650 2045 1704 pe-

406 1737 595 1793 ritiam
628 1735 746 1808 [Με.
780 1735 968 1795 Tolet.,
997 1730 1129 1804 non]
1158 1729 1400 1784 sufﬁciat
1422 1729 1474 1782 ei
1505 1729 1644 1783 scire
1664 1730 1858 1783 Jesum
1885 1727 2044 1782 Chri-

409 1837 580 1898 stum,
617 1835 672 1884 et
709 1829 860 1882 hunc
899 1825 1231 1880 cruciﬁxum
1269 1840 1282 1877 :
1326 1823 1373 1877 si
1420 1825 1613 1876 autem
1659 1839 1773 1876 non
1817 1820 2040 1889 sufﬁcit,

2147 690 2415 763 mysteria
2441 691 2686 747 celebret
2708 694 2795 749 vel
2826 692 3131 748 ministret.

2216 793 2359 848 Ante
2409 807 2617 861 paucos
2659 805 2838 843 annos
2872 788 3129 844 Leander
3165 788 3463 860 episcopus
3505 787 3797 859 Spalensis

2145 902 2404 942 remeans
2455 886 2525 940 de
2570 884 2709 939 urbe
2746 883 2922 955 regia,
2970 882 3110 937 vidit
3146 899 3250 938 nos
3284 881 3637 954 prasteriens,
3688 881 3798 954 qui

2145 980 2288 1035 dixit
2309 980 2472 1035 nobis
2500 980 2710 1034 habere
2748 977 2869 1051 [Ms.
2907 979 3096 1040 Tolet.,
3133 977 3208 1050 se]
3245 976 3507 1032 homilias
3549 980 3795 1031 avestra

2147 1075 2500 1130 Beatitudine
2531 1074 2707 1129 editas
2735 1073 2804 1128 de
2830 1072 2978 1126 libro
3015 1073 3192 1126 sancti
3217 1071 3338 1127 Job.
3370 1073 3437 1126 Et
3466 1071 3601 1142 quia
3625 1069 3789 1125 festi-

2143 1185 2285 1223 nans
2305 1167 2654 1240 pertransiit,
2677 1166 2915 1222 minime
2942 1183 3033 1221 eas
3059 1166 3377 1237 petentibus
3405 1165 3568 1220 nobis
3596 1170 3791 1220 osten-

2146 1263 2246 1318 dit.
2275 1264 2471 1317 Postea
2504 1278 2636 1316 vero
2683 1259 2960 1331 scripsisti
2999 1259 3049 1314 ei
3101 1260 3169 1314 de
3200 1260 3351 1314 trina
3392 1259 3694 1327 tinctione;
3726 1259 3790 1314 in

2145 1373 2259 1427 qua
2281 1355 2517 1426 epistola
2553 1371 2836 1409 memoras
2874 1353 3222 1424 displicuisse
3249 1352 3400 1406 vobis
3437 1352 3579 1406 illud
3619 1369 3787 1423 opus,

2145 1449 2241 1504 sed
2267 1449 2374 1504 hoc
2400 1447 2697 1502 salubriori
2737 1448 2968 1502 consilio
3002 1446 3260 1502 statuisse
3301 1448 3367 1500 ut
3407 1446 3468 1499 in
3508 1445 3791 1500 librorum

2147 1543 2317 1599 ductu
2352 1541 2471 1614 [Ms.
2500 1543 2688 1604 Tolct.,
2707 1541 2926 1613 ductus]
2953 1557 3044 1596 cas
3066 1545 3482 1611 transponeres.
3506 1539 3790 1594 Habemus

2146 1654 2279 1692 sane
2310 1636 2531 1690 libellos
2562 1653 2657 1690 sex
2689 1635 2866 1689 sancti
2899 1633 3093 1689 Hilarii
3138 1633 3383 1705 episcopi
3410 1633 3789 1700 Pictaviensis,

2144 1747 2288 1802 quos
2315 1731 2384 1785 de
2411 1731 2600 1784 Grzeco
2635 1729 2897 1800 Origenis
2923 1728 2983 1783 in
3010 1728 3277 1783 Latinum
3303 1727 3472 1782 vertit
3503 1745 3516 1782 :
3549 1728 3644 1782 sed
3670 1743 3792 1781 non

2145 1825 2338 1879 omnia
2368 1824 2683 1878 secundum
2709 1823 2969 1877 ordinem
2993 1821 3123 1876 libri
3154 1822 3334 1876 sancti
3371 1822 3470 1876 Job
3505 1820 3789 1892 exposuit.

406 1940 578 1980 nemo
605 1923 713 1978 erit
742 1922 800 1975 in
820 1922 925 1975 hoc
953 1919 1096 1974 libro
1131 1918 1251 1990 [Ms.
1284 1918 1471 1979 Tolet.,
1502 1915 1639 1987 loco]
1687 1916 1785 1986 qui
1828 1915 2108 1990 peritus_
2147 1921 2210 1973 Et
2236 1917 2366 1972 satis
2399 1917 2575 1972 miror
2617 1917 2908 1972 hominem
2946 1916 3341 1970 doctissimum
3395 1921 3451 1970 et
3502 1920 3789 1984 sanctum,

408 2035 528 2076 esse
556 2018 795 2085 dicatur;
827 2030 998 2069 nemo
1027 2013 1134 2067 erit
1151 2011 1346 2082 utique
1378 2010 1652 2080 sacerdos,
1681 2009 1729 2062 si
1754 2009 1860 2063 nisi
1891 2008 2042 2079 peri-
2062 1985 2120 2057 B
2145 2018 2209 2067 ut
2237 2013 2305 2066 de
2337 2011 2514 2065 stellis
2540 2011 2774 2065 maenias
2808 2010 3066 2081 Origenis
3095 2010 3446 2065 transferret.
3477 2009 3632 2078 Mihi,
3666 2026 3794 2063 nsa-

408 2120 499 2170 tus
525 2128 642 2167 esse
666 2127 781 2165 non
811 2108 996 2164 debet.
1029 2105 1273 2177 Bigamis
1301 2104 1455 2159 enim
1491 2107 1687 2175 aperta
1730 2103 1914 2157 fronte
1953 2118 2043 2157 re-

415 2207 687 2274 sistimus,
705 2220 778 2258 ne
801 2204 1218 2257 sacramentum
1242 2199 1439 2269 utique
1465 2200 1879 2267 corrumpatur.
1905 2196 2048 2260 Quid

411 2303 460 2357 si
497 2301 667 2356 unius
701 2297 895 2353 uxoris
924 2296 1009 2349 vir
1037 2298 1166 2348 ante
1211 2308 1468 2361 uxorem,
1519 2292 1817 2345 mulierem
1852 2290 2049 2361 tetige-

407 2395 537 2450 rit?
565 2393 709 2458 Quid
743 2391 790 2445 si
834 2405 1075 2444 uxorem
1120 2403 1234 2441 non
1277 2385 1559 2451 habuerit,
1607 2389 1662 2438 et
1702 2389 1896 2438 tamen
1930 2383 2048 2438 sine

407 2487 664 2544 mulieris
690 2489 844 2541 tactu
869 2500 988 2538 non
1006 2481 1220 2536 fuerit?
1247 2480 1551 2534 Consulare
1587 2495 1689 2532 nos
1734 2480 1875 2550 stylo
1923 2481 2044 2548 tuo,

409 2586 474 2636 ut
524 2597 643 2635 non
676 2578 984 2651 puniamur
1017 2591 1120 2629 nec
1163 2578 1375 2641 nestro,
1423 2589 1528 2627 nec
1569 2572 1754 2626 alieno
1793 2575 2043 2643 peccato.

407 2675 582 2730 Valde
608 2673 762 2728 enim
785 2669 1114 2736 metuimus,
1145 2683 1217 2722 ne
1247 2683 1349 2738 per
1372 2665 1764 2720 necessitatem
1789 2682 1854 2722 ea
1887 2665 2048 2720 facia-

409 2786 538 2824 mus
562 2784 689 2840 quae
718 2783 836 2821 non
864 2765 1155 2820 debemus.
1191 2763 1328 2815 Ecce
1370 2760 1750 2815 obediendum
1781 2764 1864 2814 est
1896 2776 2046 2831 pra:-

411 2863 586 2935 ceptis
615 2861 745 2930 tuis,
793 2864 858 2914 ut
884 2858 1008 2913 talis
1037 2856 1152 2925 ﬁat,
1185 2855 1364 2927 qualis
1403 2854 1523 2926 [Μς.
1558 2857 1744 2923 Tolet.,
1775 2854 2044 2926 qualem),

410 2956 719 3029 apostolica
757 2955 923 3009 docet
950 2949 1250 3006 auctoritas
1279 2967 1291 3004 :
1321 2953 1377 3004 et
1401 2965 1516 3003 non
1557 2949 1839 3020 reperitur
1867 2949 2048 3019 qualis

409 3050 724 3123 quaeritur;
755 3045 992 3102 cessabit
1021 3061 1156 3116 ergo
1177 3043 1315 3098 ﬁdes
1335 3059 1465 3114 quae
1491 3046 1710 3096 constat
1735 3058 1804 3097 ex
1828 3042 2044 3112 auditu,

411 3143 650 3200 cessabit
672 3141 1007 3213 baptismus,
1039 3138 1083 3192 si
1110 3155 1227 3192 non
1254 3137 1426 3191 fuerit
1452 3136 1550 3208 qui
1576 3135 1837 3207 baptizet.
1862 3137 2049 3190 Cessa-

411 3239 558 3293 bunt
591 3237 688 3290 illa
719 3237 1067 3290 sacrosancta
1103 3231 1390 3302 mysteria,
1419 3247 1547 3301 qua:
1585 3246 1688 3300 per
1731 3229 2048 3284 sacerdotes

411 3331 558 3387 ﬁunt
583 3334 638 3386 et
663 3328 970 3384 ministros.
1000 3328 1061 3381 In
1082 3329 1326 3397 utroque
1347 3324 1668 3395 periculum
1693 3327 1920 3394 manet;
1949 3329 2050 3379 aut

2148 2106 2392 2161 ctissime
2420 2107 2599 2172 Pater,
2622 2105 2781 2159 nullo
2811 2108 2971 2175 pacto
2997 2104 3220 2159 suaderi
3244 2108 3448 2175 potest,
3472 2109 3536 2158 ut
3561 2103 3793 2158 credam

2147 2205 2294 2254 astra
2335 2199 2458 2254 coeli
2500 2199 2732 2270 spiritus
2776 2197 2896 2270 [Με.
2946 2199 3136 2260 Tolet.,
3181 2197 3410 2270 habere]
3469 2197 3792 2264 rationales,

2149 2310 2277 2365 quae
2297 2309 2485 2364 neque
2514 2309 2645 2347 cum
2671 2292 3108 2366 angelis,neque
3137 2308 3268 2346 cum
3296 2293 3624 2346 hominibus
3650 2292 3797 2346 facta

2149 2404 2268 2444 esse
2294 2387 2583 2458 Scriptura
2623 2391 2813 2441 sancta
2839 2386 3102 2441 declarat.
3135 2386 3412 2457 Dignetur
3431 2403 3568 2458 ergo
3605 2387 3792 2442 Beati-

2151 2483 2284 2536 tudo
2311 2484 2493 2536 vestra
2525 2497 2668 2552 Opus
2707 2480 2896 2551 ipsum
2926 2481 2994 2535 de
3023 2480 3170 2535 libro
3216 2481 3393 2536 sancti
3429 2481 3559 2549 Job;
3610 2481 3710 2535 sed
3741 2485 3801 2536 et

2148 2576 2287 2630 alios
2312 2575 2487 2630 libros
2511 2576 2770 2642 morales,
2804 2591 2945 2646 quos
2974 2575 3168 2629 fecisse
3197 2579 3253 2629 te
3279 2591 3560 2629 memoras
3585 2574 3646 2629 in
3687 2575 3797 2629 hoc

2135 2669 2292 2724 'libro
2342 2669 2715 2740 Regularum,
2774 2668 3070 2740 exiguitati
3129 2667 3247 2739 [Με.
3309 2669 3497 2730 Tolet.,
3561 2668 3795 2738 nostra)

2146 2762 2553 2818 transmittere.
2587 2763 2690 2816 Tui
2719 2763 2875 2817 enim
2915 2779 3130 2830 sumus,
3175 2766 3272 2816 tua
3313 2763 3503 2834 legere
3545 2762 3794 2817 delecta-

2148 2873 2298 2911 mur.
2327 2856 2581 2927 Optabile
2607 2872 2856 2927 namque
2883 2861 2967 2911 est
2993 2856 3136 2910 mihi
3165 2862 3223 2911 et
3258 2856 3618 2927 praeclarum,
3648 2857 3803 2911 sicut

2147 2953 2279 3004 tuus
2303 2950 2607 3021 Gregorius
2633 2950 2732 3018 ait,
2766 2965 2947 3020 usque
2975 2950 3046 3004 ad
3076 2950 3336 3004 ultimam
3363 2949 3577 3004 discere
3603 2966 3796 3006 senec-

2148 3046 2348 3099 tutem.
2378 3045 2725 3099 Incolumem
2751 3059 3016 3098 coronam
3041 3048 3285 3098 vestram
3323 3044 3394 3098 ad
3420 3043 3796 3100 erudiendam

2149 3138 2450 3192 Ecclesiam
2479 3154 2639 3192 suam
2667 3141 2856 3192 sancta
2885 3137 3126 3192 Trinitas
3155 3138 3303 3192 Deus
3337 3154 3668 3193 conservare
3704 3139 3798 3193 di-

2152 3236 2379 3302 gnetur,
2407 3232 2552 3288 sicut
2580 3237 2863 3304 optamus,
2892 3230 3212 3287 beatissime
3239 3233 3404 3287 Pater
3456 3231 3575 3304 [Ms.
3598 3233 3792 3295 Tolet.,

2151 3325 2319 3398 Papa]
2335 3366 2348 3380 .

1920 3566 2268 3632 LICINIAN
2274 3568 2297 3630 Ι

878 3701 1432 3796 EPISTOLA
1511 3702 1630 3808 ΙΙ,
1707 3704 1870 3798 AD,
1934 3703 2641 3796 EPIPHANIUM
2719 3703 3342 3807 DIACONUM,

522 3872 584 3916 IN
629 3869 754 3925 QUA
797 3868 1185 3914 OSTENDITUR
1229 3868 1511 3915 ANGELOS
1555 3869 1633 3912 ET
1673 3868 1908 3912 ANIMAS
1953 3867 2342 3912 RATIONALES
2388 3867 2540 3913 ESSE
2584 3869 2882 3927 SPIRITUS,
2932 3869 3071 3915 SIVE
3114 3867 3335 3914 TOTIUS
3379 3867 3681 3915 CORPORIS

1931 3949 2247 3992 EXPERTES
2257 3977 2269 3991 .

1635 4049 1750 4119 (Ex.
1791 4065 1898 4104 ms.
1941 4047 2205 4104 Ecclesiae
2242 4049 2578 4120 Toletanae.)

485 4264 724 4320 Domino
780 4269 970 4320 sancto
1039 4264 1205 4320 fratri
1247 4265 1562 4338 Epiphanio
1608 4265 1866 4339 diacono,
1905 4267 2047 4322 Lici-
2069 4280 2124 4354 ρ
2150 4268 2558 4340 cognoscimus,
2592 4269 2743 4341 quod
2771 4273 2983 4340 quanto
3011 4273 3394 4341 congruenter
3412 4269 3799 4340 responderis,

415 4360 619 4414 nianus
647 4363 702 4413 et
723 4360 960 4414 Severus
986 4359 1200 4432 exigui.

485 4453 664 4508 Lectis
684 4453 887 4509 litteris
906 4453 1035 4524 tuis,
1059 4454 1234 4509 frater
1250 4453 1596 4524 charissime,
1628 4455 1830 4527 grandi
1856 4473 2052 4511 sumus

412 4548 788 4603 admiratione
820 4548 1081 4619 permoti,
1116 4564 1183 4603 eo
1223 4549 1374 4620 quod
1413 4550 1718 4620 quemdam
1763 4550 1948 4604 virum
1990 4551 2050 4606 in

410 4647 570 4698 tanto
597 4642 928 4697 sacerdotali
954 4643 1202 4698 culmine
1231 4643 1620 4712 constitutum,
1651 4644 1810 4715 cujus
1840 4661 2051 4700 nomen

415 4737 486 4792 ob
522 4737 895 4791 reverentiam
924 4737 1046 4808 ejus
1082 4738 1264 4792 dicere
1315 4737 1601 4808 nolumus,
1651 4739 1860 4794 sentire
1899 4739 2052 4794 dicas

413 4833 805 4885 creaturarum
830 4829 976 4884 nihil
1005 4847 1124 4886 esse
1154 4831 1306 4902 quod
1336 4829 1613 4902 spirituali
1655 4832 1884 4887 nomine
1914 4849 2047 4887 cen-

413 4927 622 4993 seatur,
653 4940 995 4996 omnemque
1033 4928 1294 4978 naturam
1322 4941 1450 4996 quae
1476 4941 1590 4979 non
1618 4930 1701 4980 est
1726 4927 1877 4997 quod
1907 4927 2050 4981 Deus

411 5023 514 5085 cst,
540 5017 812 5089 corporali
841 5019 1007 5073 modo
1035 5021 1256 5072 tantum
1291 5017 1441 5072 ﬁniri
1464 5036 1480 5088 3
1506 5022 1561 5074 et
1582 5025 1816 5090 excepto
1864 5020 2046 5074 Trini-

409 5118 523 5169 tate
554 5113 690 5180 Deo,
724 5129 838 5166 non
865 5112 1050 5166 solum
1079 5112 1492 5167 irrationalium
1515 5113 1747 5184 spiritus
1765 5114 2052 5184 jumento-

409 5225 561 5275 rum,
585 5207 857 5277 ferarum,
886 5207 971 5261 vel
998 5206 1207 5276 avium,
1235 5207 1321 5262 vel
1352 5207 1724 5280 reliquorum,
1758 5208 1817 5263 in
1845 5209 2051 5280 quibus

411 5307 496 5358 est
521 5303 834 5358 secundum
868 5301 1185 5373 Scripturas
1224 5301 1451 5373 spiritus
1477 5303 1624 5373 vitae,
1655 5320 1849 5358 verum
1879 5303 2050 5359 etiam

411 5397 773 5452 rationalium
803 5394 1034 5466 spiritus
1077 5396 1413 5467 angelorum
1457 5398 1542 5452 vel
1585 5398 1902 5468 hominum,
1935 5416 2051 5454 non

411 5490 613 5544 debere
645 5490 750 5545 dici
781 5489 1032 5561 spiritus,
1065 5491 1160 5545 sed
1187 5507 1441 5562 corpora,
1468 5495 1740 5564 tanquam
1792 5493 2052 5548 homines

2153 4363 2338 4416 omnis
2365 4363 2464 4434 qui
2487 4363 2800 4434 Scripturas
2829 4367 3048 4418 sanctas
3085 4365 3276 4435 legere
3315 4366 3371 4417 et
3407 4357 3642 4418 credere
3674 4367 3796 4418 stu-

2151 4455 2264 4524 det,
2295 4456 2587 4527 intelligit.
2617 4457 2787 4511 Addis
2817 4458 3012 4526 etiam,
3041 4462 3107 4512 ut
3149 4457 3254 4512 tibi
3293 4457 3466 4511 libros
3499 4457 3651 4512 beati
3678 4461 3796 4512 Au-

2153 4549 2386 4621 gustini,
2416 4551 2512 4604 sed
2534 4554 2590 4605 et
2619 4554 2957 4605 caeterorum
2989 4551 3084 4622 qui
3108 4552 3177 4606 de
3210 4553 3314 4608 hac
3339 4568 3401 4606 re
3425 4551 3796 4621 deﬁnierunt,

2152 4647 2621 4716 quantoscunque
2660 4645 2871 4700 habere
2901 4645 3181 4713 videmur,
3227 4645 3298 4700 ad
3344 4645 3799 4700 convincendum

2151 4741 2356 4810 virum,
2389 4742 2488 4814 qui
2521 4744 2981 4814 responsionibus
3022 4744 3132 4798 tuis
3165 4745 3487 4799 nullatenus
3520 4745 3800 4799 assentire

2152 4835 2439 4906 dignatur,
2473 4838 2856 4892 transmittere
2889 4839 3234 4893 debeamus:
3267 4839 3354 4893 vel
3381 4842 3531 4893 certe
3559 4838 3722 4892 nobis
3753 4839 3802 4893 si

2152 4929 2362 5001 aliquid
2385 4930 2651 4986 divinitus
2668 4933 2840 4987 fuerit
2860 4931 3221 5004 inspiratum,
3245 4937 3309 4986 ut
3331 4932 3645 4987 scribamus
3667 4934 3803 4987 hor-

2151 5023 2310 5078 taris.
2335 5025 2492 5080 Unde
2523 5025 2661 5080 sciat
2689 5027 2950 5081 sanctitas
2975 5031 3176 5093 vestra,
3219 5026 3265 5080 si
3311 5026 3489 5081 otium
3534 5032 3818 5082 nostrum‘

2152 5134 2265 5172 non
2295 5119 2656 5190 perturbaret
2686 5120 2963 5191 temporis
3001 5121 3263 5192 qualitas,
3297 5126 3353 5177 et
3393 5122 3588 5176 liceret
3631 5127 3696 5176 ut
3735 5121 3800 5175 li-

2149 5211 2281 5266 bros
2298 5213 2544 5283 eosdem,
2569 5229 2711 5285 quos
2733 5230 3035 5285 memoras,
3059 5215 3404 5270 haberemus
3424 5216 3480 5269 in
3503 5221 3797 5286 promptu,

2151 5306 2427 5362 voluntati
2452 5311 2566 5362 tuae
2602 5308 2840 5364 voluisse
2885 5325 3105 5380 parere.
3138 5310 3246 5365 Sed
3285 5310 3417 5381 quia
3445 5325 3564 5364 non
3598 5326 3798 5381 possu-

2152 5417 2278 5455 mus
2305 5402 2456 5473 quod
2483 5403 2759 5472 volumus,
2795 5404 2854 5458 id
2880 5404 3081 5459 saltem
3107 5404 3370 5458 volumus
3408 5403 3565 5476 quod
3606 5422 3800 5478 possu-

2151 5513 2280 5551 mus
2317 5513 2330 5551 :
2362 5499 2419 5552 et
2444 5496 2547 5552 tibi
2575 5513 2688 5552 non
2713 5515 2840 5569 quin
2867 5516 2970 5553 nos
2991 5499 3098 5570 ipsi
3127 5499 3472 5553 voluntatem
3498 5504 3801 5570 sequentes

408 5599 522 5636 non
529 5584 649 5653 jam
667 5601 736 5638 ex
751 5584 951 5656 spiritu
963 5588 1018 5639 et
1032 5602 1286 5656 corpore,
1307 5585 1402 5639 sed
1431 5603 1500 5640 ex
1517 5587 1734 5640 duobus
1750 5586 2054 5642 subsistant
2071 5659 2111 5665 _
2152 5594 2405 5645 nostram
2482 5591 2718 5646 deﬁnire
2776 5592 3149 5664 potuerimus,
3225 5593 3488 5665 quodque
3543 5594 3800 5664 [Videtur

410 5678 761 5748 corporibus,
794 5683 850 5732 et
883 5679 1066 5749 angeli
1098 5680 1494 5735 tantummodo
1515 5680 1770 5750 corporei
1791 5697 1910 5735 esse
1938 5698 2053 5737 cre-
2070 5659 2130 5734 D
2157 5684 2460 5752 legendum,
2481 5687 2578 5741 sed
2606 5686 2774 5759 quod]
2803 5687 2863 5740 in
2887 5687 3220 5741 memoriam
3247 5690 3503 5741 nostram
3531 5705 3602 5742 ex
3624 5688 3799 5742 senio-

411 5768 634 5822 dantur.
658 5771 769 5822 Hoc
796 5770 968 5824 etiam
992 5772 1051 5826 in
1074 5773 1386 5844 prejudicio
1408 5774 1727 5828 animarum
1749 5775 2051 5844 adducens,

413 5859 562 5925 quod
588 5860 631 5910 si
659 5861 858 5913 locales
886 5863 1088 5931 forent,
1117 5866 1368 5936 profecto
1395 5872 1449 5921 et
1497 5868 1808 5937 corporales
1843 5869 2046 5924 forent.

487 5949 640 6001 Unde
661 5951 846 6004 subito
875 5962 1210 6022 praeventus,
1245 5961 1519 6014 nonnulla
1547 5961 1868 6016 testimonia
1895 5963 2044 6017 Scri-

413 6041 709 6103 pturarum
734 6047 923 6096 contra
953 6045 1058 6099 hoc
1085 6050 1410 6118 opposuisse
1445 6053 1665 6125 scriptis
1693 6055 1804 6109 tuis
1835 6056 2045 6113 inserta

2154 5793 2285 5832 rum
2314 5783 2637 5833 nostrorum
2667 5779 3093 5835 deﬁnitionibus
3132 5779 3461 5852 colligentes
3501 5797 3793 5836 coacerva-

2156 5870 2359 5940 vimus,
2395 5873 2641 5928 scribere
2671 5873 2924 5945 profecto
2955 5873 3299 5928 curabimus.

2221 5964 2328 6018 Sed
2353 5982 2505 6019 nunc
2544 5967 2668 6037 jam
2710 5968 3002 6022 videamus
3040 5969 3177 6040 quid
3216 5969 3284 6024 de
3308 5967 3527 6039 angelis
3559 5969 3795 6023 Psalmo—

2149 6058 2398 6130 graphus
2429 6059 2608 6116 dicat:
2636 6062 2742 6130 Qui
2756 6064 2898 6130 facit
2919 6062 3145 6132 (inquit)
3161 6065 3378 6132 angelos
3398 6078 3521 6120 suos
3545 6066 3791 6132 spiritus,
