4006 6238
159 380 256 434 693

1116 381 1440 438 EPISTULA
1488 381 1552 448 ll,
1603 382 1691 437 ΑΙ)
1739 380 2155 437 EPIPHANIL’M
2203 381 2566 440 DlAL‘UNUM.

3428 386 3532 443 694

158 491 210 543 et
232 487 512 544 ministros
537 499 660 545 suos
697 491 971 559 flammam
1012 491 1176 560 ignis.
1206 489 1473 546 Advertet
1496 488 1675 562 igitur
1698 487 1797 561 qui
1817 498 1878 575 Α
1896 488 2182 561 intelligit,
2211 490 2298 546 vel
2323 489 2707 560 ratiocinatur,
2735 487 3046 547 secundum
3057 490 3208 564 quod
3237 490 3372 549 dicit
3388 492 3534 565 Apo—

164 581 295 637 dicit
326 582 564 655 angelos
593 599 891 655 corporeos
925 599 1065 653 esse,
1108 583 1240 656 quia
1274 584 1416 639 dixit
1457 603 1475 640 :
1523 585 1629 653 Qui
1660 585 1798 652 facit

165 677 396 747 Angelos
440 692 563 733 suos
600 680 847 749 spiritus,
893 694 1010 734 non
1048 694 1309 750 corpora.
1346 678 1600 750 Angelus
1640 678 1796 734 enim

166 771 373 843 Graece,
406 772 603 828 Latine
629 775 853 830 nuntius
881 773 1109 843 dicitur,
1147 772 1205 828 id
1236 776 1338 841 est,
1377 773 1477 844 qui
1518 772 1650 827 facit
1691 773 1799 846 spi-

166 865 304 922 ritus
330 882 466 923 suos
494 867 740 923 nuntios.
777 869 1082 940 Propterea
1104 872 1161 923 et
1187 866 1473 939 apostolus
1503 867 1710 922 Paulus
1728 866 1801 923 ad

166 959 425 1017 Hebraeos
466 962 548 1017 ait
575 982 589 1018 :
624 966 810 1021 Nonne
835 977 1013 1018 omnes
1038 965 1164 1018 sunt
1191 962 1659 1017 administratores
1683 963 1798 1032 spi-

165 1057 301 1111 ritus
328 1058 389 1115 in
408 1059 773 1113 ministerium
800 1059 955 1112 missi
965 1062 1191 1128 propter
1212 1071 1296 1112 eos
1320 1057 1417 1126 qui
1433 1056 1803 1111 hereditatem

168 1152 389 1221 capiunt
413 1152 615 1206 salutis
634 1154 663 1206 ?
688 1154 750 1206 In
774 1150 979 1222 angelo
998 1150 1152 1206 enim
1177 1166 1388 1205 nomen
1413 1149 1582 1204 ofﬁcii
1600 1149 1803 1205 intelli-

172 1244 270 1315 git,
301 1243 362 1298 in
381 1244 588 1317 spiritu
615 1244 812 1300 scilicit
835 1261 1045 1301 nomen
1066 1249 1307 1300 naturae.
1339 1243 1607 1301 Similiter
1630 1243 1803 1300 etiam

168 1338 226 1393 in
249 1337 402 1393 Actis
440 1339 825 1411 apostolorum
852 1340 1027 1394 Lucas
1053 1340 1122 1394 de
1146 1339 1411 1411 Philippo
1451 1338 1626 1394 refert
1650 1337 1805 1410 quod

169 1432 403 1504 angelus
442 1433 518 1489 sit
542 1434 593 1488 ei
619 1434 860 1502 locutus,
911 1437 974 1488 ut
1005 1433 1370 1489 descenderet
1408 1432 1467 1488 in
1510 1447 1808 1487 occursum

169 1526 415 1598 Ethiopi
444 1528 739 1598 eunucho;
772 1532 830 1585 et
866 1532 995 1599 post
1034 1528 1333 1600 paululum
1379 1527 1536 1596 dicit,
1565 1530 1805 1598 praster-

171 1620 341 1676 misso
370 1623 609 1678 nomine
630 1622 825 1695 angeli
853 1640 867 1677 :
898 1625 1052 1679 Di'cit
1072 1626 1253 1678 autem
1274 1624 1499 1693 spiritus
1517 1621 1806 1692 Philippo:

82 1708 89 1719 ’
174 1716 396 1779 Accede,
424 1722 478 1772 et
503 1716 738 1788 adjunge
756 1721 805 1773 te
829 1717 904 1772 ad
925 1733 1143 1773 currum
1161 1715 1543 1771 istum.Videat
1561 1714 1810 1787 profecto

1897 585 2073 640 stolus
2100 601 2115 640 :
2151 587 2317 641 Testis
2343 589 2421 641 est
2450 586 2590 640 enim
2616 586 2753 641 mihi
2776 588 2935 649 Deus,
2962 589 3049 643 cui
3062 589 3234 642 servio
3255 589 3314 643 in
3334 589 3536 659 spiritu

1895 694 2028 735 meo.
2056 679 2236 744 Quem
2261 678 2403 734 dixit
2436 678 2529 734 hic
2562 678 2827 752 spiritum
2845 722 2859 750 ,
2892 679 3026 735 alibi
3052 685 3304 738 mentem
3333 682 3532 754 appel-

1896 772 1994 841 lat,
2024 771 2262 828 dicendo
2295 789 2309 827 :
2351 774 2464 843 Ego
2489 777 2673 829 autem
2712 777 2886 829 mente
2931 776 3103 829 servio
3149 776 3254 845 legi
3300 777 3418 832 Dei.
3469 776 3538 832 Et

1898 865 2111 922 iterum
2140 883 2154 921 :
2185 870 2292 925 Nos
2319 871 2500 922 autem
2530 866 2755 940 (inquit)
2794 883 2979 924 sumus
3025 870 3390 933 circumcisio,
3439 872 3538 942 qui

1898 962 2097 1032 spiritu
2123 962 2231 1015 Deo
2257 962 2537 1016 servimus.

1974 1053 2189 1109 Dicitur
2214 1058 2270 1109 et
2297 1053 2527 1125 spiritus
2552 1054 2632 1109 vis
2657 1056 2920 1127 quaedam
2949 1056 3157 1112 animm
3174 1061 3366 1114 mente
3392 1057 3534 1114 infe—

1901 1147 2038 1215 rior,
2058 1147 2159 1203 ubi
2184 1150 2412 1202 cunctas
2430 1147 2782 1219 imaginatur
2798 1148 3191 1205 similitudines
3210 1167 3540 1223 corporum,

1904 1242 2217 1298 secundum
2267 1242 2409 1298 illud
2448 1242 2701 1314 Apostoli
2742 1259 2756 1297 :
2800 1244 2976 1300 Orabo
3025 1226 3246 1316 spiritu,
3294 1246 3457 1301 orabo
3490 1251 3542 1302 et

1905 1340 2099 1392 mente.

1979 1429 2194 1485 Dicitur
2216 1433 2272 1485 et
2298 1428 2532 1501 spiritus
2565 1429 2826 1485 omnium
2870 1431 3207 1488 animalium
3242 1433 3542 1491 irrationa-

1906 1524 2071 1592 lium,
2100 1523 2414 1579 secundum
2439 1523 2581 1579 illud
2617 1524 2845 1579 Genesis
2872 1541 2888 1580 :
2927 1527 3291 1597 Universaque
3323 1527 3545 1601 (inquit)

1897 1619 2151 1688 jumenta
2173 1620 2234 1672 in
2258 1633 2423 1688 genus
2446 1632 2625 1681 suum,
2651 1622 2702 1673 et
2730 1633 2880 1674 omne
2901 1620 3047 1689 quod
3070 1624 3310 1676 movetur
3326 1624 3386 1676 in
3400 1626 3548 1678 terra

1908 1714 1968 1766 in
2003 1727 2193 1781 genere
2228 1727 2345 1775 suo,
2394 1716 2746 1783 cunctumque
2784 1714 3007 1769 volatile
3052 1714 3340 1769 secundum
3387 1730 3552 1787 genus

171 1826 341 1882 quem
384 1810 650 1891 superius
695 1811 919 1868 dixerat
965 1811 1235 1883 angelum
1254 1851 1268 1880 ,
1312 1812 1508 1882 postea
1547 1808 1811 1882 spiritum
1832 1878 1884 1891 ἢ
1909 1822 2087 1870 suum,
2142 1792 2406 1862 universa
2459 1822 2615 1870 aves,
2675 1822 2959 1878 omnesque
3002 1808 3240 1863 volucres
3299 1810 3554 1879 ingressa

173 1921 511 1977 nuncupari.

240 1999 345 2055 Sed
373 2004 431 2055 et
455 2000 529 2055 de
561 2000 781 2073 angelis
822 1999 1007 2068 malis,
1043 1998 1302 2072 quamvis
1329 1998 1398 2053 de
1426 1996 1690 2053 societate
1716 1997 1813 2052 bo-

173 2111 379 2151 norum
403 2094 743 2166 angelorum
769 2094 1125 2162 desciverint,
1140 2098 1334 2148 tamen
1347 2092 1480 2164 quia
1502 2092 1670 2147 unius
1680 2095 1815 2147 sunt

175 2194 412 2258 naturae,
440 2192 634 2244 sancta
675 2188 967 2260 Scriptura
1002 2186 1196 2242 multis
1231 2186 1367 2241 locis
1401 2202 1517 2241 non
1554 2202 1650 2241 eos
1693 2201 1815 2240 cor-

177 2300 332 2355 pora,
360 2284 460 2339 sed
495 2283 728 2355 spiritus
756 2299 876 2337 esse
917 2282 1109 2337 refert.
1141 2281 1346 2335 Paulus
1373 2280 1662 2352 apostolus
1689 2280 1768 2335 ait
1794 2296 1808 2335 :

177 2379 325 2445 Quod
350 2394 461 2432 non
484 2380 557 2433 sit
580 2378 730 2432 nobis
754 2377 1059 2431 colluctatio
1079 2375 1338 2430 adversus
1367 2389 1583 2429 carnem
1608 2378 1658 2428 et
1682 2389 1813 2428 san-

71 2534 75 2538 _
178 2474 408 2541 guinem,
435 2472 531 2527 sed
557 2471 815 2525 adversus
832 2471 1107 2541 principes
1136 2473 1188 2523 et
1222 2472 1531 2539 potestates,
1560 2467 1816 2523 adversus

177 2566 368 2620 mundi
388 2570 618 2620 rectores
642 2564 982 2619 tenebrarum
1011 2564 1205 2617 harum
1233 2580 1249 2616 :
1283 2566 1471 2615 contra
1498 2562 1817 2632 spiritualia

182 2662 433 2730 nequitia
470 2661 530 2713 in
572 2658 886 2713 ccclestibus.
919 2657 973 2712 Si
1004 2656 1182 2728 igitur
1205 2671 1442 2726 corpora
1468 2659 1671 2724 essent,
1698 2671 1818 2709 non

181 2752 429 2825 spiritus,
458 2768 579 2807 non
605 2750 837 2806 dixisset
880 2767 893 2805 :
940 2755 1128 2804 contra
1172 2749 1491 2820 spiritualia
1527 2750 1815 2818 nequitiae;

182 2847 294 2914 sed,
326 2849 525 2902 contra
552 2844 865 2917 corporalia
880 2843 1171 2915 nequitiae.
1198 2844 1263 2897 Et
1280 2842 1548 2897 Dominus
1564 2841 1623 2896 in
1647 2843 1821 2897 Evan-

184 2940 350 3013 gelio,
374 2943 510 3000 Cum
536 2942 764 3011 spiritus
791 2938 1014 3010 (inquit)
1041 2937 1351 2992 immundus
1393 2939 1586 2992 exierit
1623 2936 1692 2990 ab
1721 2936 1817 2991 ho-

184 3038 342 3099 mine,
365 3036 615 3090 ambulat
630 3050 730 3105 per
755 3034 870 3089 loca
894 3035 1177 3102 inaquosa,
1204 3046 1447 3101 quaerens
1480 3032 1742 3101 requiem,
1770 3034 1823 3085 et

181 3145 285 3184 non
314 3132 568 3193 inveniet,
582 3104 847 3184 etdeinde
864 3127 1027 3181 vadet
1047 3130 1096 3180 et
1108 3129 1343 3181 assumet
1364 3104 1565 3195 septem
1588 3126 1821 3195 spiritus

186 3226 461 3295 nequiores
489 3239 561 3279 se.
594 3223 660 3277 Et
684 3222 745 3276 in
766 3223 1098 3292 Regnorum
1124 3218 1286 3273 libris
1311 3217 1576 3273 scribitur
1606 3234 1620 3272 :
1644 3220 1819 3288 Egre-
1842 3256 1897 3330 Ο

185 3320 307 3374 diar
334 3317 560 3390 (inquit)
588 3322 638 3373 et
653 3333 740 3373 ero
752 3318 980 3388 spiritus
1004 3315 1241 3370 mendam
1258 3315 1317 3367 in
1341 3328 1430 3368 ore
1447 3314 1684 3367 omnium
1694 3327 1823 3383 pro-

184 3413 467 3483 phetarum
496 3412 628 3481 ejus.
664 3413 731 3466 Et
757 3409 922 3465 alibi:
950 3411 1190 3481 Spiritus
1212 3408 1588 3476 fornicationis
1616 3406 1822 3477 decepit

189 3521 286 3561 eos.
314 3508 394 3561 En
420 3505 595 3561 habet
618 3521 734 3560 non
762 3504 944 3559 solum
969 3503 1203 3575 angelos
1223 3502 1635 3571 bonos,verum
1652 3499 1824 3555 etiam

188 3601 410 3672 angelos
439 3600 619 3654 malos
645 3599 874 3671 spiritus
904 3595 1245 3669 nuncupari.

255 3698 320 3751 Et
343 3694 481 3768 quia
503 3694 702 3763 multa,
742 3693 812 3748 de
855 3692 1119 3747 thesauro
1147 3688 1568 3761 Scripturarum
1594 3688 1827 3758 propter

189 3790 517 3845 brevitatem
545 3787 823 3843 sermonis
857 3802 1037 3858 pauca
1066 3785 1197 3840 inde
1223 3785 1589 3854 decerpentes
1611 3824 1626 3849 ,
1672 3797 1824 3852 pra:-

190 3884 577 3952 termittimus,
593 3898 666 3937 ne
693 3880 982 3936 fastidium
1010 3879 1219 3934 scilicet
1243 3877 1566 3950 legentibus
1597 3889 1829 3946 genere-

191 3994 333 4047 mus,
349 3978 473 4050 ipse
494 3976 838 4049 quiangelos
865 3974 1097 4045 spiritus
1122 3989 1236 4027 non
1258 3988 1378 4027 esse
1403 3969 1601 4038 credit,
1625 3968 1827 4023 saltem

192 4073 355 4128 unius
385 4069 700 4127 testimonii
736 4070 1071 4141 paupertate
1102 4067 1349 4122 laetetur.
1379 4064 1632 4120 Proferat
1657 4062 1705 4117 si
1727 4079 1826 4117 us-

195 4166 341 4237 piam
365 4166 787 4237 Scripturarum
808 4161 1047 4234 reperiri
1066 4160 1316 4233 potuerit
1339 4157 1571 4231 angelos
1598 4173 1712 4211 non
1738 4156 1830 4211 de-

195 4260 321 4315 bere
350 4260 585 4332 spiritus
604 4256 893 4329 appellari.
924 4257 1327 4311 Verumtamen
1354 4252 1487 4325 quia
1532 4252 1638 4306 hoc
1669 4250 1827 4305 inve-

196 4353 312 4408 nire
339 4354 665 4409 nullatenus
687 4351 917 4424 poterit,
958 4350 1150 4404 credat
1174 4347 1484 4403 multifaria
1523 4344 1831 4417 multisque

199 4447 373 4503 modis
403 4447 515 4503 dici
557 4445 807 4518 spiritus.
852 4444 1069 4499 Dicitur
1105 4442 1339 4514 spiritus
1364 4442 1533 4508 Deus,
1566 4439 1721 4512 quod
1749 4442 1833 4494 est

198 4545 309 4595 tota
340 4540 598 4610 Trinitas,
628 4539 939 4593 secundum
969 4537 1123 4609 quod
1167 4535 1379 4607 legitur
1424 4534 1485 4588 in
1529 4531 1831 4604 Evangelio

1832 1878 1889 1950 Β
1911 1905 2042 1955 sunt
2085 1900 2161 1955 ad
2204 1902 2315 1959 Noe
2354 1903 2413 1955 in
2455 1916 2659 1970 arcam,
2691 1901 2818 1956 bina
2842 1906 2892 1957 et
2923 1903 3072 1966 bina,
3110 1918 3179 1957 ea:
3211 1905 3355 1957 omni
3392 1919 3553 1959 carne

1909 1997 1969 2048 in
1994 2011 2104 2065 qua
2132 1997 2250 2048 erat
2277 1995 2503 2064 spiritus
2528 1996 2675 2049 vitae.
2709 1997 2771 2049 Et
2814 1995 2983 2067 paulo
3010 2001 3139 2067 post
3165 2013 3180 2050 :
3230 1999 3556 2069 Consumpta

1912 2092 1990 2143 est
2021 2089 2190 2142 omnis
2234 2103 2358 2142 caro
2396 2103 2517 2158 qua:
2566 2089 2881 2143 movebatur
2917 2104 3080 2159 super
3128 2094 3349 2153 terram,
3396 2092 3552 2146 volu-

1912 2198 2080 2245 crum,
2113 2184 2499 2244 animantium,
2541 2183 2854 2246 bestiarum,
2896 2185 3238 2253 omniumque
3273 2186 3557 2254 reptilium

1915 2287 2035 2341 qua:
2057 2275 2277 2341 reptant
2304 2286 2465 2341 super
2496 2275 2715 2333 terram,
2753 2274 2993 2327 universi
3015 2273 3269 2335 homines,
3295 2278 3347 2327 et
3365 2277 3559 2328 cuncta

1913 2367 1973 2419 in
1999 2366 2195 2434 quibus
2221 2365 2555 2435 spiraculum
2589 2367 2714 2419 vitae
2746 2369 2843 2428 est,
2871 2368 2930 2420 in
2966 2370 3113 2420 terra
3148 2370 3363 2421 mortua
3402 2371 3550 2423 sunt.

1910 2497 1920 2509 .
1986 2458 2183 2513 Videat
2207 2458 2387 2529 igitur
2414 2458 2513 2530 qui
2540 2458 2756 2513 nullam
2782 2462 3107 2513 creaturam
3136 2459 3271 2515 dicit
3296 2476 3414 2515 esse
3444 2460 3556 2532 spi-

1917 2552 2114 2619 ritum,
2167 2552 2392 2623 quantis
2440 2552 2779 2607 testimoniis
2817 2568 3106 2608 sacrarum
3133 2554 3559 2625 Scripturarum

1918 2646 2309 2714 convincatur;
2359 2649 2417 2701 et
2468 2646 2689 2701 desinat
2736 2645 2923 2701 dicere
2972 2650 3183 2718 praeter
3226 2647 3560 2703 Trinitatem

1917 2739 2163 2805 Domini,
2213 2755 2383 2794 omne
2410 2739 2560 2811 quod
2589 2755 2707 2794 esse
2734 2742 2935 2811 potest,
2967 2756 3174 2812 corpus
3215 2756 3353 2796 esse.
3381 2741 3562 2796 Omne

1918 2833 2178 2889 videlicet
2204 2849 2431 2905 corpus,
2477 2837 2533 2888 et
2570 2832 2751 2887 altum
2779 2836 2836 2887 et
2860 2832 3062 2903 latum,
3091 2839 3149 2889 et
3176 2834 3411 2905 longum
3453 2837 3557 2903 est,

1920 2927 2172 2983 inveniat
2216 2931 2272 2982 et
2315 2926 2462 2982 dicat
2509 2930 2706 2982 utrum
2734 2926 3022 2997 tripedalis
3058 2943 3131 2982 an
3157 2927 3562 2999 quatripedalis

1922 3022 1993 3077 sit
2018 3021 2207 3077 anima
2232 3020 2484 3076 hominis
2513 3020 2600 3077 vel
2625 3018 2856 3092 spiritus
2880 3020 3088 3091 angeli,
3122 3020 3270 3076 dicat
3294 3020 3470 3076 etiam
3491 3037 3561 3077 ex

1922 3133 2035 3190 quo
2062 3116 2343 3171 elemento
2370 3115 2576 3170 habeat
2599 3114 2970 3169 substantiam
3004 3130 3019 3168 :
3046 3115 3293 3186 exceptis
3319 3119 3564 3186 quatuor

1923 3210 2236 3279 elementis,
2278 3212 2428 3264 terra
2475 3208 2708 3275 scilicet,
2757 3212 2814 3263 et
2858 3224 3024 3279 aqua,
3072 3223 3223 3278 aere,
3272 3209 3361 3264 vel
3404 3208 3562 3280 igne,

1922 3306 2075 3362 unde
2104 3305 2213 3359 alia
2236 3306 2530 3376 compacta
2555 3307 2688 3357 sunt
2714 3318 2970 3373 corpora,
2995 3302 3145 3357 dicat
3169 3302 3435 3374 quintum
3460 3301 3561 3357 ali-

1923 3401 2075 3473 quod
2118 3400 2467 3455 elementum
2490 3398 2642 3453 unde
2667 3398 2873 3469 angelo
2910 3398 2997 3451 vel
3045 3396 3253 3452 animae
3299 3396 3564 3453 substan-

1923 3495 2063 3550 tiam
2108 3494 2222 3549 det.
2276 3492 2383 3548 Sed
2426 3491 2564 3563 quia
2603 3490 2860 3547 invenire
2902 3507 3018 3545 non
3074 3495 3277 3562 potest,
3316 3489 3569 3546 fortassis

1924 3587 2058 3660 quia
2076 3587 2137 3642 in
2158 3584 2454 3643 elementis
2477 3583 2842 3640 excellentior
2854 3600 2952 3638 aer
2965 3584 3055 3638 vel
3074 3584 3226 3655 ignis
3246 3587 3351 3651 est,
3374 3600 3566 3639 aerem

1925 3686 2025 3736 aut
2050 3681 2243 3753 ignem
2268 3679 2478 3751 allegat
2500 3682 2763 3733 naturam
2794 3676 3003 3732 anima:
3029 3692 3150 3731 esse
3178 3677 3447 3743 hominis,
3475 3677 3564 3732 vel

1927 3775 2191 3847 spiritum
2220 3773 2429 3845 angeli,
2470 3777 2527 3827 et
2550 3788 2666 3826 non
2692 3771 2870 3842 pudet
2894 3775 2958 3825 ut
2990 3770 3253 3825 credatur
3286 3770 3418 3826 inde
3445 3787 3567 3826 esse

1926 3869 2178 3924 animam
2203 3865 2475 3935 hominis,
2505 3870 2605 3921 aut
2625 3864 2889 3936 spiritum
2916 3864 3125 3936 angeli,
3153 3863 3307 3919 unde
3337 3868 3422 3919 est
3437 3880 3562 3919 cor-

1926 3980 2035 4034 pus
2062 3961 2279 4034 pecoris
2309 3961 2396 4016 vel
2434 3958 2707 4014 hominis.
2748 3959 2928 4013 Omne
2965 3958 3144 4029 igitur
3184 3974 3390 4029 corpus
3415 3958 3568 4029 quod

1928 4057 2081 4126 vivit,
2125 4072 2195 4111 ex
2237 4059 2481 4127 quatuor
2520 4052 2817 4108 elementis
2851 4051 3105 4107 subsistit
3134 4068 3149 4106 :
3180 4068 3384 4123 corpus
3413 4052 3570 4107 enim

1929 4145 2158 4219 proprie
2187 4144 2432 4216 pertinet
2454 4143 2526 4199 ad
2548 4146 2783 4210 terram,
2813 4140 3022 4196 humor
3038 4141 3108 4195 ad
3129 4157 3358 4212 aquam,
3386 4157 3483 4196 aer
3497 4141 3569 4196 ad

1929 4241 2253 4313 pulmones,
2268 4254 2441 4311 quem
2459 4236 2745 4309 accipiunt
2764 4239 2820 4291 et
2834 4235 3081 4291 reddunt
3100 4238 3371 4307 tanquam
3385 4235 3567 4306 folles,

1930 4335 2081 4407 ignis
2101 4334 2173 4390 ad
2205 4334 2412 4389 oculos.
2883 4360 2895 4392 ι

1954 4468 1965 4479 .
2000 4431 2111 4485 Nec
2134 4431 2362 4483 moveat
2385 4425 2537 4498 quod
2563 4424 2831 4492 diximus,
2855 4439 3006 4479 omne
3033 4438 3224 4493 corpus
3250 4423 3395 4493 quod
3412 4425 3567 4487 vivit,

1931 4540 2061 4578 cum
2088 4527 2145 4577 et
2172 4522 2401 4576 arbores
2443 4519 2636 4574 vivant
2677 4523 2734 4574 et
2761 4518 2952 4573 oculos
2997 4532 3115 4572 non
3156 4516 3423 4585 habeant,
3464 4533 3569 4572 nec

196 4635 455 4690 Joannis:
491 4637 622 4694 Cum
656 4637 790 4689 Deus
819 4633 1046 4702 spiritus
1090 4634 1185 4685 est.
1235 4628 1452 4683 Dicitur
1490 4631 1548 4682 et
1590 4625 1831 4699 Spiritus
1849 4635 1908 4707 D
1930 4617 2082 4672 unde
2108 4631 2300 4670 aerem
2325 4613 2604 4685 accipiant
2629 4616 2686 4668 et
2710 4613 2971 4668 reddant.
3000 4610 3231 4665 Certum
3251 4614 3335 4665 est
3359 4609 3570 4666 scilicet

200 4729 358 4800 Deus,
387 4728 491 4802 qui
515 4732 601 4783 est
623 4725 792 4781 tertia
812 4725 873 4779 in
898 4724 1176 4779 Trinitate
1198 4738 1459 4795 persona,
1481 4720 1578 4793 qui
1599 4719 1832 4792 proprie

200 4823 511 4894 appellatur
542 4822 781 4893 Spiritus
812 4823 1050 4882 sanctus,
1092 4817 1313 4873 dicente
1358 4813 1624 4887 Apostolo
1659 4831 1673 4868 :
1733 4814 1837 4870 Ubi

202 4922 373 4972 autem
421 4918 649 4989 spiritus
681 4915 917 4976 Domini,
952 4913 1033 4965 ibi
1074 4912 1313 4967 libertas.
1359 4911 1425 4965 Et
1462 4908 1671 4963 iterum
1716 4924 1730 4962 :
1774 4908 1835 4965 Si

203 5014 317 5081 quis
346 5016 526 5067 autem
546 5012 800 5081 spiritum
824 5008 1029 5065 Christi
1044 5022 1150 5061 non
1177 5006 1357 5068 habet,
1380 5005 1465 5059 hic
1482 5018 1587 5058 non
1604 5006 1681 5057 est
1699 5001 1834 5071 ejus.

203 5104 408 5161 Dicitur
436 5110 493 5160 et
517 5102 750 5177 spiritus
774 5100 1011 5173 angelus
1038 5116 1052 5154 :
1081 5101 1187 5167 Qui
1201 5101 1343 5167 facit
1364 5096 1591 5170 (inquit)
1618 5096 1837 5166 angelos

203 5213 317 5255 suos
355 5201 602 5271 spiritus.
647 5195 805 5252 Unde
842 5195 964 5266 jam
1010 5193 1272 5265 superius
1302 5190 1624 5248 testimonia
1650 5188 1839 5245 redhi-

206 5291 444 5349 buimus.

274 5387 482 5443 Dicitur
507 5391 565 5443 et
610 5385 840 5459 spiritus
865 5384 1059 5440 anima
1084 5380 1337 5437 hominis
1360 5379 1674 5435 secundum
1700 5376 1840 5432 illud

208 5480 427 5537 Genesis
454 5499 468 5538 :
495 5482 771 5538 Formavit
794 5482 965 5550 igitur
1006 5478 1264 5533 Dominus
1305 5478 1441 5530 Deus
1487 5474 1752 5528 hominem
1777 5470 1843 5525 de

213 5575 332 5631 limo
351 5582 524 5641 terra,
540 5580 594 5632 et
611 5576 906 5645 inspiravit
922 5576 981 5627 in
1000 5573 1199 5642 faciem
1218 5569 1329 5640 ejus
1348 5567 1682 5639 spiraculum
1693 5567 1841 5627 vitae,

213 5673 260 5723 et
281 5672 458 5738 factus
479 5675 557 5727 est
585 5672 738 5725 homo
778 5671 839 5723 in
874 5670 1116 5723 animam
1153 5667 1437 5719 viventem.
1471 5662 1540 5717 Et
1583 5659 1846 5715 Salomon

215 5761 289 5818 ait
314 5779 327 5818 :
357 5766 482 5837 Quis
506 5767 604 5821 scit
626 5766 678 5820 si
700 5764 925 5835 spiritus
954 5760 1167 5817 Domini
1192 5757 1434 5813 ascendit
1457 5769 1670 5810 sursum
1688 5755 1717 5806 7

284 5857 491 5913 Dicitur
530 5862 586 5913 et
620 5856 855 5930 spiritus
898 5870 1081 5919 mens,
1131 5867 1262 5922 quae
1301 5854 1386 5904 est
1436 5846 1611 5902 veluti
1656 5843 1848 5898 oculus

223 5949 443 6024 animos;
473 5953 530 6009 id
554 5956 640 6010 est
681 5950 1017 6020 intellectus,
1052 5944 1208 6003 unde
1247 5944 1449 5999 cuncta
1473 5934 1849 6011 intelligibilia

1932 4708 2083 4783 quod
2104 4708 2209 4762 ista
2233 4723 2349 4762 non
2374 4707 2655 4775 habeant;
2683 4710 3080 4762 verumtamen
3107 4707 3163 4759 et
3181 4704 3318 4776 ipsae
3340 4720 3411 4759 ex
3436 4720 3572 4775 qua-

1932 4810 2064 4860 tuor
2101 4800 2395 4856 elementis
2420 4803 2678 4854 constare
2704 4800 2987 4855 videntur.
3031 4800 3473 4871 Quantacunque
3502 4797 3574 4852 sit

1927 4895 2240 4971 proceritas
2287 4892 2523 4961 arboris,
2569 4892 2683 4947 nisi
2731 4893 2843 4947 ﬁxa
2871 4892 3154 4948 radicibus
3182 4892 3503 4949 continetur
3539 4906 3574 4946 a

1934 4997 2106 5061 terra,
2132 4988 2301 5045 arbor
2325 5003 2444 5043 esse
2489 5002 2606 5040 non
2644 4990 2851 5058 potest,
2891 4989 2950 5040 et
2991 4986 3102 5041 nisi
3144 5002 3294 5059 aqua
3335 4986 3405 5042 ab
3444 5000 3574 5042 aere

1935 5088 2170 5141 attracta
2192 5098 2298 5156 per
2321 5079 2598 5137 medullas
2626 5078 2843 5133 arboris
2882 5095 3060 5150 usque
3086 5079 3154 5134 ad
3189 5081 3573 5136 summitatem

1936 5179 2108 5236 fuerit
2131 5176 2422 5251 perducta,
2455 5174 2642 5229 vivere
2666 5172 2989 5227 nullatenus
3015 5176 3229 5243 potest:
3263 5177 3320 5228 et
3343 5173 3451 5227 nisi
3475 5188 3575 5227 aer

1938 5274 2008 5329 ab
2033 5273 2167 5344 igne
2193 5270 2366 5329 fuerit
2408 5266 2729 5335 calefactus,
2760 5281 2969 5337 aquam
2996 5266 3181 5321 levare
3230 5282 3343 5319 non
3372 5270 3573 5336 potest.

1941 5367 2196 5439 Denique
2242 5365 2371 5420 ideo
2412 5362 2676 5419 autumni
2728 5359 2939 5432 frigore
2983 5359 3140 5431 lapsa
3177 5359 3385 5413 cadunt
3418 5359 3573 5427 folia,

1942 5462 2075 5535 quia
2101 5477 2198 5517 aer
2225 5476 2340 5516 non
2367 5459 2513 5514 sicut
2540 5473 2713 5512 verno
2739 5459 2838 5510 aut
2868 5454 3059 5510 aestivo
3089 5456 3347 5524 tempore
3374 5453 3575 5508 calefa-

1944 5561 2067 5614 ctus
2092 5561 2306 5612 tantam
2332 5553 2449 5609 vim
2476 5552 2665 5619 habct,
2684 5555 2750 5606 ut
2768 5565 2977 5621 aquam
3004 5547 3073 5602 ad
3100 5546 3393 5620 superiora
3417 5546 3580 5602 arbo-

1948 5652 2023 5706 ris
2048 5651 2247 5718 elevet,
2275 5653 2332 5704 et
2359 5646 2699 5703 viriditatem
2724 5642 2869 5700 foliis
2894 5644 3106 5711 servet;
3139 5642 3238 5698 sed
3263 5640 3535 5713 paulatim
3560 5680 3575 5707 ,

1946 5745 2185 5801 hiberno
2210 5748 2465 5815 tempore
2489 5740 2840 5806 succedente,
2867 5735 3213 5808 frigefactus,
3239 5751 3384 5806 aqua
3406 5733 3477 5788 ad
3497 5732 3583 5787 in-

1947 5839 2152 5894 feriora
2178 5838 2542 5904 descendens,
2571 5834 2739 5889 arbor
2764 5831 2989 5888 arescit.

2022 5933 2170 6003 Ergo
2222 5948 2338 5989 non
2389 5926 2841 6003 improhabiliter
2877 5924 3129 5982 diximus
3172 5935 3341 5978 omne
3375 5934 3582 5991 corpus
