4006 6238
437 361 539 414 695
1742 403 1768 410 -

1898 352 2217 408 LlCINlANl

3720 356 3847 408 696

438 467 628 521 vivens
666 481 736 520 ex
789 467 1033 537 quatuor
1081 463 1373 520 elementis
1423 460 1746 516 subsistere.
1802 460 2071 524 Quocirca
2092 471 2151 544 Α
2173 460 2365 516 omnia
2394 461 2517 515 loca
2550 461 2845 518 illocaliter
2887 463 3158 518 continet.
3187 463 3244 519 Si
3267 479 3362 518 vas
3388 463 3567 534 igitur
3610 480 3646 516 a
3689 479 3846 518 vase

437 560 750 615 absurdum
776 564 878 628 est,
901 562 957 613 et
974 575 1007 612 a
1025 558 1270 613 veritatis
1290 555 1486 626 regula
1506 555 1776 624 alienum,
1799 559 1864 609 ut
1882 554 2072 609 anima

436 651 507 706 de
557 650 747 722 aliquo
786 650 1196 704 elementorum
1221 647 1428 700 horum
1455 645 1716 700 credatur
1743 644 2066 700 subsistere.

437 746 498 800 Si
525 761 677 800 omne
702 747 981 814 peccatum
1010 740 1246 809 (dicente
1274 739 1559 810 Apostolo)
1602 739 1957 809 quodcunque
1984 741 2066 806 fe-

436 842 570 894 cerit
599 841 770 899 homo,
786 841 941 891 extra
957 849 1145 903 corpus
1164 839 1259 896 est,
1280 833 1469 888 anima
1489 849 1618 904 quae
1638 849 1868 904 peccare
1889 836 2074 903 potest

436 933 631 1004 utique
660 947 860 1000 corpus
885 944 1000 983 non
1028 933 1129 994 est,
1161 927 1302 982 sicut
1326 927 1623 998 Apostolus
1652 927 1771 998 ipse
1793 927 1872 980 ait
1900 945 1916 980 :
1943 929 2067 984 Cor-

428 1042 562 1098 pore
589 1027 794 1086 absens,
819 1025 1019 1092 spir-itu
1045 1025 1223 1076 autem
1244 1037 1502 1091 praesens,
1525 1021 1746 1092 judicat
1777 1020 2071 1076 hominem

435 1122 496 1175 in
527 1123 681 1175 tanta
718 1123 999 1172 terrarum
1049 1115 1403 1186 longitudine
1459 1115 1824 1186 disparatum,
1873 1115 2071 1185 procul

436 1213 610 1269 dubio
641 1211 835 1267 anima
860 1210 1052 1266 locatis
1080 1226 1199 1264 non
1228 1214 1329 1264 est.
1360 1209 1414 1264 Si
1441 1225 1642 1280 corpus
1671 1208 1848 1262 occidi
1865 1211 2068 1280 potest,

433 1307 642 1374 anima,
674 1306 984 1361 secundum
1023 1305 1174 1377 quod
1205 1304 1472 1358 Dominus
1524 1304 1583 1357 in
1630 1303 1933 1374 Evangelio
1969 1302 2067 1373 ait,

431 1401 611 1456 occidi
652 1417 771 1455 non
817 1403 1028 1471 potest;
1081 1397 1332 1469 profecto
1360 1397 1552 1451 anima
1577 1414 1704 1468 quae
1735 1396 1912 1450 occidi
1957 1413 2070 1450 non

433 1498 639 1567 potest,
667 1511 869 1566 corpus
893 1509 1009 1548 non
1037 1496 1139 1547 est.
1169 1492 1225 1546 Si
1254 1491 1444 1545 anima
1480 1491 1671 1562 imago
1701 1491 1799 1546 Dei
1825 1495 1908 1545 est
1934 1491 2070 1561 (ipse

433 1589 644 1661 quippe
673 1588 850 1643 dicit:
884 1590 1168 1642 Faciamus
1212 1587 1476 1641 hominem
1522 1586 1596 1640 ad
1640 1587 1928 1654 imaginem
1967 1601 2063 1638 no-

431 1688 603 1738 stram
633 1686 685 1737 et
711 1682 1122 1736 similitudinem
1149 1681 1429 1750 nostram),
1472 1683 1528 1734 et
1549 1679 1682 1733 fecit
1707 1679 1852 1732 Deus
1881 1677 2067 1732 homi-

432 1793 567 1832 nem
594 1777 664 1830 ad
690 1775 999 1846 imaginem
1025 1791 1208 1844 suam,
1259 1778 1314 1828 et
1357 1775 1504 1828 Deus
1547 1773 1914 1844 incorporeus
1945 1775 2065 1840 est;

2174 554 2546 624 contineatur,
2590 555 2731 610 illud
2757 557 3010 628 profecto
3039 557 3229 612 minus
3254 562 3338 612 est
3365 558 3514 628 quod
3550 557 3839 627 interius,

2171 650 2310 704 illud
2339 650 2524 720 majus
2551 653 2635 704 est
2660 651 2811 721 quod
2839 651 3103 707 exterius.
3123 651 3414 716 Quomodo
3433 667 3570 722 ergo
3599 651 3835 721 anima,

2172 743 2315 797 sicut
2359 743 2564 798 dicitur
2604 761 2841 815 parvum
2885 762 3108 816 corpus,
3165 749 3347 800 tantas
3392 745 3839 817 magnitudines

2172 854 2480 907 corporum
2506 837 2800 893 continet?
2842 840 2908 893 Et
2934 839 3143 894 idcirco
3174 839 3278 894 rite
3305 839 3557 895 creditur
3600 840 3831 908 anima,

2172 932 2544 1002 quantitatem
2570 933 2806 1003 nullam,
2832 933 3162 1004 qualitatem
3183 933 3392 990 habere
3411 934 3608 1002 ullam,
3635 935 3835 988 Deum

2171 1042 2274 1081 nec
2299 1027 2670 1098 quantitatem
2705 1043 2809 1082 nec
2835 1027 3164 1098 qualitatem
3201 1028 3410 1083 habere
3439 1029 3604 1099 :quia
3637 1028 3833 1099 igitur

2173 1121 2404 1193 aequalis
2433 1123 2544 1177 Deo
2574 1138 2689 1176 non
2717 1126 2818 1190 est,
2838 1123 3166 1193 qualitatem
3194 1123 3423 1192 habere;
3448 1123 3582 1194 quia
3607 1139 3832 1195 corpus

2172 1232 2286 1270 non
2314 1221 2415 1286 est,
2445 1216 2824 1287 quantitatem
2851 1233 2965 1271 non
2989 1217 3218 1272 habere.

2241 1310 2383 1364 Cum
2411 1310 2579 1364 etiam
2623 1309 2850 1380 cogitet,
2880 1311 2925 1363 si
2951 1313 3166 1381 potest,
3198 1310 3334 1381 quid
3373 1312 3445 1366 sit
3487 1312 3547 1365 in
3579 1327 3828 1381 geome-

2156 1383 2292 1458 trias
2320 1402 2615 1473 disciplina
2641 1408 2940 1474 punctum,
2970 1404 3106 1475 quid
3135 1404 3195 1458 in
3227 1404 3370 1459 linea
3396 1448 3408 1470 ,
3437 1421 3567 1477 quae
3593 1406 3827 1460 nullam

2171 1497 2345 1551 habet
2381 1497 2766 1562 latitudinem,
2806 1497 3022 1551 nullam
3062 1497 3442 1565 altitudinem,
3484 1499 3581 1553 sed
3629 1501 3826 1554 solum

2169 1591 2340 1646 habet
2392 1590 2847 1661 longitudinem;
2908 1591 3127 1646 auferat
3174 1592 3349 1647 etiam
3408 1593 3826 1664 cogitationem

2169 1685 2240 1739 ab
2271 1683 2528 1738 omnium
2557 1700 2752 1738 rerum
2783 1701 3185 1756 corporearum
3207 1727 3221 1754 ,
3260 1687 3514 1757 quamvis
3542 1688 3823 1742 minutis-

2170 1779 2462 1847 simarum,
2493 1793 2672 1848 usque
2702 1778 2770 1832 ad
2797 1777 2962 1833 ﬁlum
2986 1796 3230 1847 araneae,
3265 1781 3417 1852 quod
3442 1797 3542 1852 pro
3573 1782 3820 1835 modulo

431 1871 683 1942 profecto
713 1869 919 1938 anima,
949 1885 1076 1940 quae
1106 1870 1296 1940 imago
1323 1867 1420 1921 Dei
1447 1870 1550 1932 est,
1583 1883 1786 1938 corpus
1815 1883 1934 1920 non
1965 1869 2065 1920 est.
2091 1848 2146 1919 B
2171 1888 2270 1926 suo
2298 1876 2352 1926 et
2375 1871 2734 1926 latitudinem
2775 1876 2831 1927 et
2867 1873 3224 1928 altitudinem
3269 1848 3479 1930 habere
3520 1875 3820 1946 dignosci—

431 1966 604 2019 Porro
633 1965 677 2017 si
704 1963 892 2017 anima
921 1979 1123 2033 corpus
1149 1970 1248 2032 est,
1295 1962 1483 2031 imago
1527 1961 1625 2015 Dei
1667 1977 1782 2014 non
1827 1965 1930 2016 est.
1960 1960 2068 2014 Sed

430 2058 567 2129 quia
596 2074 794 2112 verum
821 2060 906 2111 est
930 2057 1239 2128 imaginem
1269 2057 1368 2111 Dei
1399 2072 1518 2110 esse
1549 2055 1818 2123 animam,
1849 2059 1905 2109 et
1931 2071 2065 2108 con-

429 2151 670 2206 trarium
723 2150 1027 2221 Scriptura:
1075 2155 1283 2206 sanctae
1325 2150 1437 2204 dici
1483 2165 1598 2203 non
1637 2153 1840 2220 potest,
1878 2148 2069 2202 anima

428 2263 635 2316 corpus
663 2261 780 2299 non
804 2249 909 2299 est.

501 2340 610 2395 Sed
654 2339 715 2393 in
765 2338 1090 2394 defensione
1133 2338 1453 2392 animarum
1492 2352 1892 2408 corporearum
1931 2335 2068 2390 illud

427 2434 674 2489 maxime
700 2437 953 2487 astruere
981 2432 1218 2500 videtur,
1241 2431 1395 2502 quod
1420 2430 1611 2484 anima
1630 2430 1990 2485 contineatur
2007 2429 2068 2485 in

426 2531 572 2583 loco.
603 2529 889 2597 Rogamus
915 2526 1106 2596 itaque
1152 2525 1488 2595 respondeat
1514 2542 1547 2578 a
1583 2541 1694 2595 quo
1736 2524 1858 2578 loco
1884 2523 2065 2578 conti-

428 2622 554 2695 neri
581 2621 830 2675 animam
871 2636 1052 2690 posse.
1099 2618 1152 2674 Si
1181 2635 1215 2671 a
1239 2634 1474 2690 corpore
1519 2634 1640 2687 suo,
1693 2634 1829 2688 ergo
1862 2619 2067 2673 melius

429 2719 514 2772 est
540 2731 744 2786 corpus
770 2714 920 2785 quod
949 2713 1218 2782 continet,
1251 2729 1423 2783 quam
1449 2712 1639 2766 anima
1665 2728 1791 2783 quae
1818 2712 2068 2767 continet

427 2827 649 2881 corpus.
686 2809 1086 2862 Verumtamen
1113 2806 1246 2878 quia
1276 2805 1478 2860 melius
1507 2821 1626 2860 esse
1655 2822 1858 2876 corpus
1878 2805 2067 2874 anima

428 2903 744 2964 absurdum
792 2906 875 2956 est
910 2901 1131 2969 dicere;
1162 2916 1299 2970 ergo
1327 2916 1441 2954 non
1467 2899 1659 2954 anima
1685 2899 2008 2954 continetur
2033 2915 2066 2953 a

425 3013 682 3069 corpore,
716 2996 815 3051 sed
839 2995 1029 3049 anima
1049 2994 1301 3049 continet
1327 3010 1547 3065 corpus.
1578 2993 1632 3048 Si
1660 2994 1730 3047 ab
1763 2994 1954 3047 anima
1983 3009 2064 3048 re-

427 3092 600 3163 gitur,
647 3091 694 3144 si
733 3089 1065 3158 viviﬁcatur,
1112 3092 1323 3158 quanto
1376 3088 1561 3159 magis
1606 3093 1663 3142 et
1705 3087 2064 3142 continetur?

425 3186 535 3239 Nec
564 3183 716 3239 enim
742 3184 820 3238 sic
848 3183 1050 3253 implet
1075 3198 1278 3252 corpus
1305 3182 1456 3252 quod
1475 3181 1743 3251 continet,
1769 3181 1911 3235 sicut
1938 3186 2066 3236 uter
2085 3222 2139 3297 Ο

427 3277 648 3297 '____-1-_!
677 3277 899 3297 _2J-L-__.
927 3292 1061 3297 -..___
1116 3279 1177 3297 --.ι
1205 3279 1421 3297 ι-..ι.--..Α
1455 3275 1690 3297 ξ-ιΑ-Ξ---
1727 3275 1791 3297 ,ει
1840 3291 1946 3297 _.-__
1979 3291 2038 3297 -—

425 3277 654 3348 impleri
677 3277 900 3331 videtur
924 3292 1088 3347 aqua,
1116 3279 1180 3328 ut
1205 3279 1429 3329 tantum
1453 3275 1693 3330 interius
1723 3275 1815 3345 sit,
1839 3291 1953 3334 non
1973 3291 2064 3330 ex-

425 3370 622 3426 terius.
656 3372 791 3425 Tota
819 3369 996 3441 igitur
1023 3368 1212 3423 anima
1239 3368 1477 3423 interius
1505 3372 1608 3438 est,
1639 3371 1755 3424 tota
1793 3369 2061 3438 exterius,

424 3468 581 3519 tanta
602 3468 686 3519 est
712 3463 772 3517 in
794 3463 1013 3517 minore
1035 3462 1288 3533 corporis
1317 3466 1494 3533 parte,
1520 3466 1730 3533 quanta
1747 3462 1805 3517 in
1827 3463 2060 3533 majore.

423 3557 479 3613 Si
500 3557 654 3612 enim
668 3561 918 3612 extrema
933 3557 1182 3626 corporis
1197 3572 1328 3627 pars
1343 3557 1430 3610 vel
1451 3555 1630 3626 digito
1648 3559 1931 3626 tangatur,
1951 3561 2066 3611 tota

424 3651 612 3706 sentit.
646 3653 710 3706 Et
739 3667 869 3704 cum
897 3666 1093 3705 sensus
1123 3649 1372 3721 corporis
1401 3650 1663 3720 quinario
1689 3667 1930 3704 numero
1959 3650 2066 3705 dis-

421 3744 612 3816 pertiti
656 3744 787 3814 sint,
818 3744 915 3797 illa
942 3744 1237 3815 dispertita
1274 3760 1389 3798 non
1417 3747 1500 3798 est
1531 3744 1589 3798 in
1616 3745 1874 3798 sensibus
1904 3760 1917 3798 :
1949 3749 2066 3799 tota

420 3839 614 3910 itaque
643 3839 813 3908 videt,
842 3841 961 3893 tota
983 3838 1160 3907 audit;
1191 3842 1306 3893 tota
1337 3838 1554 3905 odorat,
1579 3841 1696 3892 tota
1722 3839 1924 3910 tangit,
1946 3844 2063 3894 tota

424 3936 612 4004 gustat
640 3950 652 3986 :
687 3936 741 3986 et
781 3949 912 3986 cum
940 3949 1142 4003 corpus
1171 3937 1360 3987 movet
1397 3932 1519 4003 ipsa
1566 3948 1667 4004 per
1713 3932 1920 4003 locum,
1949 3950 2064 3988 non

421 4030 679 4081 movetur
705 4025 827 4096 ipsa
853 4025 912 4079 in
943 4025 1085 4080 loco.

497 4118 768 4183 Quocirca
792 4119 951 4174 valde
991 4119 1262 4173 veraciter
1286 4123 1400 4174 tres
1434 4119 1832 4191 intelliguntur
1853 4121 2061 4177 motio-

419 4229 520 4268 nes
547 4217 883 4267 naturarum
917 4230 930 4266 :
965 4229 1078 4267 una
1103 4213 1201 4267 Dei
1227 4255 1240 4283 ,
1288 4229 1416 4284 quae
1446 4229 1551 4268 nec
1585 4213 1644 4268 in
1671 4218 1924 4284 tempore
1955 4220 2060 4283 est,

419 4323 523 4361 nec
549 4307 609 4361 in
646 4307 765 4361 loco
798 4325 812 4361 :
849 4306 957 4360 alia
983 4307 1211 4378 spiritus
1240 4306 1551 4375 rationalis,
1591 4325 1719 4379 quae
1753 4312 1976 4363 tantum
2003 4309 2062 4364 in

419 4403 675 4472 tempore
703 4404 806 4456 est.
851 4400 962 4456 Sed
1001 4401 1235 4456 forsitan
1266 4401 1628 4472 respondebit
1658 4421 1674 4455 :
1705 4403 1772 4457 Ut
1806 4402 1943 4473 quid
1970 4419 2060 4458 re-

419 4493 718 4566 quiritur'a
735 4511 828 4550 me
846 4497 1057 4566 quanta
1072 4495 1261 4548 anima
1284 4494 1680 4566 magnitudine
1702 4496 2058 4566 extendatur,

2169 1970 2282 2020 tur.
2316 1967 2382 2020 Et
2405 1981 2537 2019 cum
2564 1965 2909 2022 intellexerit
2935 1967 3083 2022 hanc
3109 1968 3336 2038 lineam,
3357 1985 3531 2039 quam
3559 1968 3821 2023 diximus

2167 2076 2283 2113 non
2308 2075 2427 2113 esse
2453 2075 2802 2130 corpoream,
2826 2061 3217 2132 intelligatque
3241 2079 3361 2116 rem
3387 2063 3814 2132 incorpoream,

2168 2152 2447 2224 intelligat
2488 2169 2691 2224 corpus
2717 2169 2831 2207 non
2863 2169 2981 2209 esse
2999 2172 3015 2222 ;
3049 2154 3327 2224 intelligat
3353 2171 3496 2222 rem,
3525 2172 3654 2225 quas
3689 2156 3818 2227 regi

2168 2246 2226 2300 in
2255 2263 2490 2317 corpore
2518 2247 2905 2315 conﬁrmatur,
2935 2264 3137 2318 corpus
3158 2265 3277 2303 esse
3310 2265 3426 2302 non
3455 2265 3639 2319 posse.
3670 2252 3820 2320 Apo-

2167 2340 2342 2395 stolus
2378 2340 2531 2395 enim
2565 2340 2642 2394 ait
2675 2360 2688 2395 :
2741 2343 2880 2408 Quos
2910 2344 3185 2410 praesciuit
3218 2343 3630 2413 praedestinavit
3685 2359 3814 2397 con-

2165 2437 2366 2502 formes
2400 2437 2520 2504 ﬁeri
2541 2437 2797 2505 imaginis
2827 2436 2955 2490 Filii
2981 2436 3110 2504 ejus.
3146 2435 3424 2507 Intelligat
3451 2436 3631 2507 igitur
3657 2437 3817 2508 quod

2166 2529 2463 2600 Apostolus
2493 2529 2572 2582 ait
2617 2547 2630 2583 :
2679 2531 2784 2596 Qui
2832 2529 3069 2583 adhaeret
3119 2532 3384 2584 meretrici
3427 2546 3595 2585 unum
3621 2546 3816 2600 corpus

2167 2625 2419 2691 efﬁcitur;
2473 2625 2568 2693 qui
2615 2627 2796 2678 autem
2848 2624 3086 2678 adhaeret
3138 2626 3358 2679 Domino
3397 2640 3534 2679 unus
3581 2627 3815 2695 spiritus

2167 2721 2262 2771 est.

2236 2811 2590 2881 QuaprOpter
2618 2811 2929 2865 secundum
2970 2816 3139 2866 rectm
3164 2811 3298 2867 ﬁdei
3325 2811 3614 2867 catholicae
3658 2812 3807 2867 veri-

2167 2907 2362 2971 tatem,
2391 2904 2674 2959 credimus
2702 2905 3002 2959 Dominum
3033 2905 3439 2977 incorporeum
3468 2906 3663 2961 fecisse
3704 2907 3806 2962 ali-

2165 3014 2276 3069 qua
2314 2997 2644 3069 incorporea
2667 3041 2680 3065 ,
2720 2999 2910 3070 aliqua
2958 3016 3227 3070 corporea
3251 3043 3264 3069 ,
3318 3001 3694 3071 praeposuisse
3748 3001 3810 3056 in

2167 3108 2372 3163 genere
2411 3109 2812 3163 corporearum
2850 3110 3047 3147 rerum
3093 3094 3390 3149 rationalia
3443 3094 3805 3150 irrationabi-

2163 3180 2330 3251 libus,
2353 3181 2730 3252 intelligibilia
2755 3199 2868 3236 non
2897 3182 3366 3254 intelligentibus,
3377 3184 3530 3253 justa
3556 3183 3806 3254 injustis,

2164 3279 2315 3330 recta
2370 3275 2590 3346 pravis,
2659 3275 2999 3330 immortalia
3060 3277 3409 3331 mortalibus.
3475 3279 3532 3330 [n
3596 3293 3809 3348 genere

2165 3368 2340 3440 igitur
2364 3386 2555 3423 rerum
2583 3385 2981 3440 corporearum
2999 3412 3013 3439 ,
3043 3370 3320 3424 sensibilia
3359 3371 3804 3440 insensibilibus,

2164 3463 2409 3518 viventia
2432 3480 2546 3518 non
2574 3463 2887 3518 viventibus
2906 3507 2919 3534 ,
2949 3464 3191 3519 cmlestia
3218 3465 3583 3519 terrestribus
3602 3507 3614 3531 ,
3650 3482 3804 3519 mas-

2166 3557 2420 3611 culinum
2458 3557 2754 3627 feminino,
2785 3558 3029 3614 maxime
3058 3558 3340 3614 valentem
3388 3559 3579 3614 minus
3607 3560 3803 3614 valen-

2165 3650 2315 3706 tiori.

2237 3744 2342 3800 Sed
2385 3744 2506 3798 haec
2555 3745 2796 3799 dicimus
2825 3745 3182 3804 ostendentes
3227 3746 3363 3817 quid
3413 3747 3619 3801 habeat
3664 3748 3802 3802 ordo

2165 3842 2401 3904 naturae,
2429 3855 2548 3893 non
2575 3839 2712 3910 quid
2741 3844 3001 3895 nostrum
3026 3845 3238 3895 asserat
3265 3841 3648 3895 commodum.
3667 3842 3801 3906 Quis

2164 3948 2280 3986 non
2319 3932 2491 3987 etiam
2517 3933 2682 3987 malit
2706 3934 2913 3988 habere
2942 3950 3149 4005 panem
3179 3951 3349 4005 quam
3378 3934 3606 4003 sorices,
3638 3951 3797 4006 gem-

2164 4043 2316 4080 mam
2341 4042 2512 4096 quam
2555 4026 2828 4081 famulam
2846 4028 2873 4081 ?
2903 4031 2959 4082 et
2984 4028 3322 4099 plerumque
3359 4027 3528 4082 etiam
3555 4029 3800 4099 amplius

2163 4119 2504 4192 appenditur
2524 4136 2702 4191 equus
2729 4137 2900 4192 quam
2933 4138 3125 4176 servus
3150 4164 3163 4191 ,
3195 4122 3332 4176 dum
3357 4122 3567 4177 scilicet
3590 4122 3800 4178 utilitas

2163 4214 2524 4287 appenditur,
2548 4231 2664 4268 non
2689 4215 2826 4269 ordo
2855 4215 3116 4270 creantis.

2233 4309 2339 4363 Sed
2359 4308 2479 4379 jam
2513 4308 2595 4363 vel
2625 4325 2777 4363 nunc
2806 4309 3076 4380 accipiat,
3105 4309 3432 4364 charissime
3459 4309 3650 4380 frater,
3701 4312 3796 4383 qui

2161 4407 2215 4456 te
2238 4402 2472 4456 minime
2499 4401 2693 4457 audire
2721 4403 3011 4472 detractat,
3029 4405 3285 4457 sanctum
3307 4407 3476 4475 atque
3502 4405 3797 4476 egregium

2161 4497 2589 4567 prmdicatorem
2620 4496 2930 4552 antistitem
2955 4497 3343 4568 Augustinum
3376 4516 3389 4553 :
3419 4502 3477 4552 et
3502 4498 3631 4552 licet
3655 4515 3796 4568 pene

419 4605 550 4642 cum
574 4589 851 4645 veraciter
877 4593 1085 4660 pateat,
1116 4593 1277 4644 extra
1316 4605 1520 4660 corpus
1565 4606 1731 4644 suum
1778 4605 1899 4644 esse
1942 4599 2135 4670 nonD
2159 4589 2218 4643 in
2257 4589 2519 4644 omnibus
2566 4589 2849 4660 opusculis
2877 4590 3012 4658 suis,
3057 4590 3154 4644 ubi
3193 4607 3327 4644 eum
3379 4606 3543 4645 causa
3585 4592 3791 4662 exegit,

417 4698 604 4753 posse,
627 4686 684 4737 et
711 4684 1024 4738 secundum
1053 4683 1506 4755 magnitudinem
1532 4683 1780 4755 corporis
1810 4683 2059 4738 animam

417 4776 730 4847 quantitate
757 4776 951 4831 ﬁniri?
979 4779 1125 4850 Ergo
1152 4778 1199 4832 si
1217 4778 1381 4849 juxta
1408 4777 1784 4849 quantitatem
1807 4778 2058 4850 corporis

415 4869 702 4941 quantitas
729 4874 810 4925 est
855 4871 1060 4925 anima:
1078 4914 1091 4941 ,
1121 4876 1279 4927 tanto
1306 4872 1547 4944 quisque
1590 4872 1792 4927 debeat
1819 4888 1938 4926 esse
1965 4889 2055 4926 sa-

417 4962 682 5034 pientior,
737 4968 948 5035 quanto
995 4965 1169 5020 fuerit
1211 4982 1451 5037 corpore
1496 4965 1785 5037 grandior.
1814 4968 1884 5020 At
1925 4981 2056 5020 vero

416 5074 548 5112 cum
575 5057 912 5131 plerumque
935 5076 1232 5116 cernamus
1260 5060 1625 5132 sapientiores
1648 5076 1766 5115 esse
1787 5059 2053 5130 minores,

413 5169 590 5224 quam
619 5168 853 5224 corpore
883 5153 1233 5226 grandiores,
1264 5171 1379 5209 non
1404 5158 1487 5210 est
1514 5154 1718 5209 animae
1745 5155 2056 5210 secundum

413 5246 664 5318 corporis
676 5248 1053 5319 quantitatem
1068 5266 1219 5321 quan
1227 5249 1552 5304 titas.Porro
1567 5248 1828 5316 autem,si
1839 5252 2056 5304 tantam

412 5341 870 5413 magnitudinem
899 5343 1102 5398 habeat
1130 5343 1338 5412 anima,
1369 5347 1640 5414 quantam
1673 5359 1898 5415 corpus;
1921 5361 2057 5416 quo«

413 5436 582 5490 modo
608 5436 668 5490 in
698 5454 935 5508 parvum
957 5455 1160 5510 corpus
1181 5442 1364 5492 tantas
1387 5454 1691 5510 corporum
1708 5439 2055 5510 granditates

412 5529 732 5601 imaginum
759 5533 1055 5588 continet?
1074 5535 1159 5588 An
1190 5549 1305 5588 non
1322 5549 1518 5588 omnes
1539 5532 1962 5603 magnitudines
1981 5534 2055 5587 ci-

412 5623 653 5678 vitatum
683 5642 822 5697 quas
849 5628 1128 5698 novimus,
1158 5627 1461 5696 montium,
1494 5627 1817 5695 ﬂuminum,
1849 5626 1972 5681 coeli
1999 5633 2053 5684 et

405 5719 595 5785 terrae,
624 5718 712 5772 vel
738 5719 1091 5792 reliquarum
1113 5722 1435 5793 specierum
1450 5720 1639 5775 animo
1655 5719 2011 5776 continemus
2023 5722 2050 5776 ?

407 5807 543 5868 Quis
563 5809 733 5866 etiam
758 5812 914 5867 locus
933 5818 1051 5869 tam
1075 5815 1303 5887 grandis
1321 5815 1528 5870 animae
1547 5831 1676 5868 cum
1699 5818 1853 5868 tanta
1871 5815 2049 5885 spatia

406 5895 660 5954 locorum
707 5904 996 5961 continet?
1035 5909 1141 5963 Sed
1185 5908 1316 5978 quia
1351 5909 1469 5981 ipsa
1521 5923 1723 5980 corpus
1781 5923 1895 5964 non
1943 5912 2045 5978 est,

2161 4683 2410 4737 animam
2438 4685 2524 4738 vel
2552 4685 2822 4755 angelum
2848 4684 3088 4738 instruat
3115 4684 3539 4754 incorporeum,
3567 4701 3792 4740 verum-

2158 4781 2350 4832 tamen
2399 4777 2533 4850 quia
2573 4779 2838 4849 angustia
2883 4778 3154 4850 temporis
3189 4778 3353 4848 (sicut
3381 4779 3503 4849 jam
3531 4778 3793 4850 diximus)

2160 4876 2422 4942 coarctat,
2441 4871 2615 4926 libros
2644 4872 2690 4942 ej
2700 4889 2765 4927 us
2786 4888 2890 4927 nec
2910 4872 3066 4926 vobis
3087 4873 3490 4943 transmittere,
3510 4890 3614 4928 nec
3633 4874 3792 4928 nobis

2157 4967 2346 5036 legere
2372 4969 2549 5036 vacat,
2588 4983 2765 5037 pauca
2813 4965 2982 5021 etiam
3028 4983 3156 5038 quae
3192 4967 3353 5022 nobis
3383 4984 3452 5022 ex
3491 4967 3651 5021 libris
3678 4969 3795 5038 ejus

2161 5060 2229 5114 ad
2255 5060 2768 5132 incorporalitatem
2795 5061 2999 5115 animae
3019 5065 3117 5115 aut
3132 5062 3320 5134 angeli
3347 5062 3714 5117 astruendam
3737 5063 3792 5118 in

2158 5159 2410 5209 mentem
2435 5153 2688 5224 veniunt,
2720 5154 2961 5210 scribere
2990 5156 3331 5210 curavimus.
3361 5157 3421 5211 In
3449 5156 3595 5211 libro
3622 5156 3793 5227 igitur

2158 5247 2255 5319 qui
2280 5247 2510 5303 titulum
2532 5248 2722 5318 habet,
2741 5249 2817 5304 De
2834 5265 3058 5304 summo
3073 5250 3242 5318 bono,
3261 5268 3432 5322 supra
3447 5254 3791 5306 memoratus

2156 5341 2431 5397 antistes:
2467 5364 2494 5392 ‹‹
2524 5341 2721 5397 Omuis
2765 5345 2968 5397 natura
3012 5343 3234 5416 (inquit)
3277 5348 3376 5399 aut
3422 5344 3657 5416 spiritus
3699 5352 3791 5401 aut

2156 5453 2357 5509 corpus
2387 5441 2497 5506 est;
2547 5435 2777 5508 spiritus
2803 5436 3282 5493 incommutabilis
3319 5440 3464 5494 Deus
3491 5444 3595 5505 est,
3625 5440 3788 5510 spiri-

2156 5531 2296 5587 ritus
2316 5530 2733 5586 commutabilis
2753 5531 2898 5586 facta
2915 5535 3136 5601 natura,
3161 5533 3257 5588 sed
3275 5549 3512 5604 corpore
3531 5533 3786 5589 melior.»

2159 5627 2217 5680 ln
2243 5626 2385 5680 libro
2431 5626 2602 5680 etiam
2645 5626 2714 5680 de
2749 5625 3083 5697 Virginitate
3127 5631 3332 5681 sancta
3367 5628 3574 5694 Mariae,
3623 5645 3789 5698 quem

2153 5720 2224 5775 ad
2251 5719 2612 5775 Volusianum
2638 5719 2859 5791 scripsit
2887 5737 2899 5774 :
2935 5743 2962 5768 ‹‹
2993 5720 3048 5776 Si
3077 5724 3269 5775 autem
3309 5720 3530 5792 (inquit)
3561 5723 3786 5793 quidam

2152 5813 2427 5870 rationem
2459 5814 2616 5869 reddi
2644 5813 2751 5868 sibi
2778 5813 3056 5886 ﬂagitant,
3091 5815 3374 5886 quomodo
3405 5816 3547 5869 Deus
3573 5816 3786 5872 homini

2151 5907 2453 5981 permistus
2493 5908 2583 5980 sit,
2630 5913 2694 5964 ut
2740 5925 2851 5966 una
2877 5907 3039 5967 ﬁeret
3083 5925 3320 5981 persona
3365 5909 3607 5980 Christi;
3660 5927 3784 5967 cum
