4006 6238
99 427 198 480 697

1109 428 1429 487 EPISTOLA
1467 431 1535 499 ll,
1573 432 1663 488 AD
1701 432 2117 490 EPIPHANIUM
2154 432 2517 491 DIACONUM.

3391 439 3495 497 698

96 535 201 589 hoc
226 531 405 590 simul
449 536 586 592 fieri
612 536 946 609 oportuerit,
974 537 1135 611 quasi
1174 539 1456 596 rationem
1484 538 1592 612 ipsi
1622 541 1752 597 red-
1777 555 1836 629 Α
1856 541 1918 597 in
1940 544 2060 597 toto
2108 558 2283 615 quam
2324 542 2384 598 in
2429 542 2641 615 aliquo,
2669 548 2727 600 et
2749 548 2868 601 tam
2912 558 3191 617 magnum
3220 546 3281 601 in
3314 562 3490 619 parvo

96 628 230 685 dant
267 628 342 684 de
401 645 469 684 re
513 646 646 703 qum
696 631 949 703 quotidie
996 631 1087 700 ﬁt,
1123 633 1411 705 quomodo
1451 634 1757 691 misceatur

94 722 285 779 anima
319 724 584 795 corpori,
621 730 683 780 ut
730 741 841 780 una
883 741 1127 798 persona
1170 726 1267 782 ﬁat
1306 728 1575 783 hominis.
1614 729 1753 785 Nam

96 817 236 871 sicut
261 816 323 870 in
368 818 604 873 unitate
647 834 908 891 personm
947 819 1137 875 anima
1177 821 1362 875 utitur
1403 838 1659 894 corpore,
1691 827 1757 877 ut

96 912 265 965 homo
294 910 406 981 sit;
439 910 527 967 ita
570 912 631 967 in
672 911 891 968 unitate
938 929 1196 986 personm
1226 914 1375 970 Deus
1416 915 1598 970 utitur
1641 916 1745 971 ho-

96 1006 246 1061 mine
301 1010 373 1060 ut
418 1006 684 1061 Christus
735 1007 826 1062 sit.
857 1028 884 1056 »
940 1008 1007 1063 Et
1050 1012 1180 1079 post
1223 1008 1520 1079 paululum
1569 1009 1748 1065 dicit:

100 1102 396 1156 «Persona
445 1100 703 1157 hominis
742 1101 983 1156 mistura
1019 1105 1103 1157 est
1127 1089 1432 1159 animm‘et
1466 1104 1748 1175 corporis;

96 1210 335 1266 persona
365 1197 574 1249 autem
607 1194 813 1250 Christi
835 1194 1077 1251 mistura
1103 1200 1189 1252 est
1214 1196 1314 1252 Dei
1340 1201 1397 1253 et
1435 1196 1699 1253 hominis.
1721 1216 1749 1250 ι)

98 1291 158 1343 Et
180 1292 311 1360 post
335 1289 689 1360 paululum:
726 1290 1170 1345 «Verumtamen
1217 1291 1461 1346 duarum
1486 1291 1750 1363 incorpo-

96 1398 326 1438 rearum
354 1398 566 1437 rerum
593 1382 907 1438 commistio
922 1383 1143 1438 facilius
1161 1384 1315 1440 credi
1341 1385 1552 1455 debuit,
1576 1401 1751 1458 quam

95 1476 263 1531 unius
282 1476 652 1549 incorporem
667 1479 724 1531 et
747 1477 979 1532 alterius
1002 1493 1308 1549 corporeae.
1332 1479 1473 1534 Nam
1497 1478 1543 1534 si
1563 1480 1755 1535 anima

97 1572 153 1625 in
210 1588 313 1625 sua
361 1576 577 1625 natura
618 1587 735 1625 non
776 1569 1014 1640 fallitur,
1068 1571 1458 1644 incorpoream
1506 1589 1565 1628 se
1631 1590 1751 1629 esse

97 1665 562 1737 comprehendit.
584 1664 758 1720 Multo
775 1664 960 1737 magis
976 1666 1376 1737 incorporeum
1399 1670 1485 1722 est
1502 1666 1750 1722 Verbum

96 1760 210 1829 Dei,
239 1776 305 1814 ac
332 1776 445 1830 per
463 1759 577 1815 hoc
603 1758 769 1815 Verbi
795 1757 895 1814 Dei
925 1763 983 1814 et
1006 1759 1215 1815 animm
1235 1760 1557 1816 credibilior
1583 1761 1755 1817 debet

99 1870 210 1910 esse
247 1854 604 1923 commistio,
649 1870 824 1925 quam
866 1854 1076 1909 animm
1114 1858 1170 1910 et
1217 1854 1484 1926 corporis.
1533 1855 1641 1911 Sed
1690 1855 1750 1910 in

1856 652 2030 707 quam
2069 636 2131 691 in
2174 652 2405 708 magno.
2455 638 2577 693 Non
2603 637 2780 710 igitur
2827 639 3017 695 localis
3054 644 3139 695 est
3184 639 3393 697 anima.
3424 642 3495 698 Et

1855 728 2131 803 quidquid
2184 729 2406 787 illocale
2448 734 2552 801 est,
2616 747 2952 804 corporeum
2999 750 3114 788 non
3161 738 3264 789 est.
3315 734 3493 806 Igitur

1854 822 2044 877 anima
2082 839 2287 895 corpus
2328 840 2444 879 non
2496 829 2599 881 est.
2630 826 2771 880 Item
2818 826 3225 883 ratiocinatur:
3283 828 3489 884 Anima

1853 916 2147 972 rationalis
2175 920 2278 987 est,
2301 922 2359 974 et
2400 918 2840 977 substantialiter
2866 920 3013 977 inest
3036 922 3242 978 animm
3272 923 3492 979 ratioci-

1852 1009 1997 1079 nari,
2025 1015 2082 1066 et
2110 1011 2254 1066 ratio
2283 1011 2652 1085 incorporalis
2679 1019 2850 1088 atque
2900 1016 3132 1071 illocalis
3161 1021 3281 1073 est:
3311 1017 3490 1089 igitur

1852 1104 2221 1177 incorporalis
2262 1109 2347 1161 est
2388 1106 2596 1163 anima.
2653 1109 2793 1165 Item
2829 1110 3089 1166 voluntas
3115 1111 3323 1166 animm
3351 1112 3487 1167 sub-

1853 1190 2058 1255 stantia
2077 1200 2201 1271 ejus
2234 1204 2336 1269 est,
2368 1205 2424 1256 et
2457 1202 2503 1256 si
2538 1206 2654 1257 tota
2685 1203 2807 1258 vult
2830 1204 3042 1275 anima,
3084 1208 3199 1260 tota
3228 1206 3486 1262 voluntas

1853 1297 1955 1363 est,
1989 1296 2045 1348 et
2074 1293 2331 1349 voluntas
2374 1312 2578 1367 corpus
2625 1313 2742 1351 non
2790 1302 2891 1353 est.
2922 1299 3103 1370 Igitur
3153 1299 3343 1355 anima
3370 1317 3486 1357 non

1852 1389 1938 1441 est
1959 1402 2185 1459 corpus.
2216 1389 2353 1444 Item
2378 1390 2652 1445 memoria
2678 1390 2909 1446 illocalis
2925 1392 3187 1465 qumdam
3210 1394 3487 1466 capacitas

1852 1484 1954 1551 est,
1970 1497 2110 1553 qum
2134 1498 2238 1537 nec
2267 1483 2629 1540 multitudine
2655 1485 3092 1541 recordabilium
3124 1486 3482 1556 distenditur,

1850 1590 1955 1629 nec
2014 1574 2298 1646 paucitate
2364 1580 2663 1644 tenuatur,
2708 1582 2765 1633 et
2818 1578 3248 1650 incorporaliter
3314 1582 3485 1635 etiam

1850 1664 2229 1736 corporalium
2255 1664 2656 1722 reminiscitur.
2686 1668 2753 1722 Et
2782 1683 2914 1722 cum
2949 1668 3213 1723 meminit
3238 1669 3482 1740 animus,

1852 1760 2001 1813 totus
2042 1758 2325 1828 meminit,
2356 1762 2414 1814 et
2451 1764 2601 1815 totus
2626 1762 2901 1816 memoria
2944 1765 3047 1831 est,
3077 1763 3174 1834 qui
3224 1764 3488 1820 meminit

1849 1855 2000 1906 totus
2025 1870 2040 1906 :
2075 1857 2132 1907 et
2155 1853 2433 1908 memoria
2449 1870 2652 1925 corpus
2678 1871 2796 1909 non
2812 1861 2913 1910 est.
2933 1857 3053 1911 Non
3078 1856 3255 1928 igitur
3281 1874 3484 1929 corpus

96 1948 255 2002 nobis
306 1947 450 2019 ipsis
507 1948 839 2020 experimur
896 1947 1066 2016 illud;
1118 1946 1178 2003 in
1232 1947 1455 2003 Christo
1518 1949 1747 2006 credere
1769 1926 1824 1997 B
1848 1949 1933 2001 est
1956 1947 2201 2001 animus.
2230 1948 2367 2001 ltem
2408 1964 2612 2018 corpus
2646 1965 2750 2003 nec
2776 1926 3193 2022 apprOpinquat
3220 1951 3356 2020 Deo,
3379 1926 3483 2006 nec

92 2042 397 2113 jubemur:
453 2042 504 2096 si
554 2047 745 2097 autem
798 2046 1107 2113 utrumque
1156 2041 1319 2096 nobis
1386 2042 1747 2114 inexpertum

97 2136 451 2191 credendum
482 2136 913 2209 praeciperetur,
943 2135 1081 2207 quid
1117 2135 1327 2191 horum
1354 2135 1518 2191 citius
1544 2138 1740 2192 crede-

100 2246 285 2284 remus
309 2231 338 2285 ?
379 2230 681 2295 Quomodo
722 2245 839 2285 non
881 2230 1193 2284 fateremur
1234 2230 1347 2285 duo
1392 2229 1742 2301 incorporea,

98 2340 265 2394 quam
308 2339 503 2379 unum
556 2324 958 2395 incorporeum
1004 2323 1364 2395 alterumque
1409 2339 1745 2395 corporeum

95 2417 309 2472 facilius
364 2417 622 2489 potuisse
674 2417 945 2473 misceri?
974 2439 1002 2467 »
1070 2420 1197 2473 Hmc
1256 2417 1564 2489 disputatio
1609 2433 1745 2473 vera

99 2512 309 2567 ratione
326 2511 660 2583 plenissima
683 2512 880 2584 magni
906 2511 1172 2567 antistitis
1200 2511 1518 2567 incredulos
1544 2528 1744 2583 provo-

102 2622 228 2659 cans
254 2605 325 2660 ad
352 2604 533 2661 fidem
561 2605 728 2661 ducet
757 2623 774 2675 ;
818 2610 882 2662 ut
905 2605 1116 2661 scilicet
1162 2605 1305 2660 sicut
1352 2605 1593 2660 credunt
1627 2605 1745 2660 ani-

102 2716 250 2753 mam
278 2699 680 2771 incorpoream
724 2699 970 2771 corpori,
1009 2704 1072 2754 ut
1096 2716 1207 2754 una
1249 2715 1489 2770 persona
1516 2698 1615 2755 ﬁat
1643 2700 1743 2754 ho-

104 2793 266 2847 minis
290 2836 304 2862 ,
357 2792 612 2864 potuisse
664 2793 934 2863 misceri;
992 2794 1175 2849 multo
1234 2792 1452 2848 facilius
1510 2793 1741 2848 credere

103 2887 303 2942 debent
328 2886 584 2941 Verbum
603 2887 700 2942 Dei
725 2886 1150 2959 incorporeum,
1166 2886 1516 2959 incorporem
1536 2886 1742 2943 animm

104 2980 347 3051 potuisse
375 2981 628 3037 misceri.

167 3077 227 3129 In
251 3074 399 3130 libro
427 3076 604 3131 etiam
628 3076 693 3131 de
718 3076 939 3145 Origine
958 3077 1175 3139 animm,
1198 3091 1369 3148 quem
1394 3075 1465 3130 ad
1484 3079 1741 3130 sanctum

108 3168 514 3242 Hieronymum
577 3170 971 3241 presbyterum
1034 3169 1293 3241 scripsit,
1349 3169 1740 3241 incorpoream

105 3278 321 3334 quoque
350 3280 474 3319 esse
501 3264 752 3318 animam
773 3264 961 3336 inquit
984 3281 996 3319 :
1027 3266 1148 3318 etsi
1164 3264 1379 3332 difﬁcile
1404 3264 1737 3320 tardioribus

100 3358 418 3425 persuaderi
442 3363 634 3428 potest,
666 3359 801 3413 mihi
835 3363 1013 3413 tamen
1037 3358 1216 3424 fateor
1250 3372 1356 3412 esse
1390 3373 1734 3427 persuasum.

106 3449 221 3503 Hmc
248 3450 424 3505 verba
446 3451 599 3507 beati
624 3451 923 3521 Augustini
952 3450 1260 3505 ostendunt
1282 3451 1405 3505 illos
1433 3466 1549 3505 non
1569 3467 1736 3523 posse

104 3541 410 3615 intelligere
461 3543 668 3598 animm
734 3544 1249 3616 incorporalitatem
1269 3586 1283 3614 ,
1335 3544 1435 3615 qui
1502 3543 1736 3616 ingenio

104 3637 298 3705 pusillo
323 3654 439 3692 non
466 3637 658 3692 valent
680 3637 981 3710 sejungere
1010 3654 1279 3710 corporea
1298 3637 1368 3693 ab
1389 3637 1737 3709 incorporeis

106 3729 263 3784 rebus
289 3748 303 3785 :
333 3731 472 3803 quia
497 3731 707 3787 scilicet
731 3735 954 3787 tantum
978 3732 1229 3804 corporis
1253 3731 1513 3786 sensibus
1532 3731 1732 3799 dediti,

108 3823 236 3879 nihil
256 3841 376 3881 esse
420 3825 748 3882 existimant
771 3826 923 3898 quod
961 3842 1080 3881 non
1105 3842 1208 3897 per
1251 3842 1447 3880 sensus
1484 3824 1734 3896 corporis

106 3919 409 3991 percepisse
433 3919 820 3975 meminerint.
849 3919 1084 3991 Scripsit
1095 3923 1285 3974 autem
1298 3918 1451 3974 idem
1468 3918 1735 3989 egregius

107 4010 296 4067 Doctor
314 4013 530 4069 librum
558 4014 626 4069 de
653 4013 967 4085 quantitate
988 4012 1217 4081 animm,
1241 4012 1435 4067 multis
1462 4016 1518 4067 et
1535 4012 1731 4067 multi-

105 4104 333 4172 plicibus
368 4107 848 4180 disputationibus
887 4107 1183 4177 refertum,
1211 4106 1273 4162 in
1312 4123 1426 4179 quo
1460 4106 1610 4160 inter
1634 4121 1734 4161 cm-

106 4201 218 4253 tera
244 4200 312 4255 de
338 4201 800 4273 incorporalitate
827 4201 1035 4255 animm
1063 4201 1327 4273 disputat.
1360 4201 1529 4255 «Non
1556 4199 1730 4270 enim,

108 4290 198 4359 ait,
230 4294 343 4349 ullo
364 4296 558 4361 modo,
589 4300 686 4350 aut
718 4294 910 4366 longa,
940 4299 1038 4349 aut
1068 4294 1200 4365 lata,
1236 4298 1335 4350 aut
1367 4294 1527 4366 quasi
1555 4294 1735 4349 valida

108 4385 426 4456 suspicanda
451 4394 537 4445 est
570 4388 760 4444 anima
794 4404 1125 4460 corporea.»
1158 4388 1265 4443 Ista
1307 4392 1459 4455 sunt,
1492 4392 1558 4442 ut
1589 4386 1732 4442 mihi

104 4476 332 4550 videtur,
361 4486 420 4537 et
445 4484 515 4539 de
553 4482 960 4538 consuetudine
1004 4498 1311 4553 corporum
1364 4481 1443 4536 sic
1480 4480 1731 4535 animam

109 4573 423 4647 quaerimus,
458 4576 698 4648 ideoque
736 4575 887 4631 bene
928 4574 1260 4648 prmcipitur
1304 4576 1474 4631 etiam
1512 4575 1573 4629 in
1613 4591 1732 4646 my-

109 4666 299 4737 steriis,
346 4675 409 4726 ut
450 4670 641 4725 omnia
688 4686 926 4742 corpora
969 4673 1318 4739 contemnat,
1358 4669 1811 4747 universoqueD

112 4755 231 4813 huic
258 4765 472 4820 mundo
506 4764 813 4833 renuntiet,
844 4764 962 4835 qui,
1004 4768 1070 4818 ut
1106 4762 1384 4832 videmus,
1426 4778 1735 4835 corporeus

113 4857 203 4920 est,
237 4857 491 4931 quisquis
524 4875 583 4913 se
614 4856 799 4912 talem
817 4857 976 4913 reddi
1016 4856 1317 4926 desiderat,
1346 4856 1526 4928 qualis
1562 4874 1595 4911 a
1621 4857 1733 4911 Deo

112 4943 275 5003 factus
303 4957 404 5022 est,
448 4951 506 5007 id
532 4957 616 5007 est
646 4944 855 5006 ‘similis
896 4952 1032 5007 Deo.
1084 4952 1204 5005 Non
1246 4949 1400 5005 enim
1432 4950 1540 5005 alia
1581 4949 1731 5005 salus

113 5038 298 5098 animm
321 5051 425 5114 est,
464 5049 563 5101 aut
605 5044 912 5114 renovatio,
941 5049 1041 5099 aut
1082 5044 1466 5099 reconciliatio
1508 5043 1730 5098 auctori

116 5145 206 5187 $110
213 5175 225 5188 .

175 5225 525 5301 Claudianus,
553 5231 641 5287 vir
667 5232 1093 5301 disertissimus,
1124 5231 1299 5287 edidit
1328 5230 1506 5285 libros
1530 5229 1600 5284 de
1646 5230 1732 5283 In-

116 5325 486 5390 col‘poralitate
506 5326 719 5381 animm
740 5331 876 5396 tres,
895 5326 1051 5382 omni
1071 5324 1409 5398 eloquentim
1430 5323 1732 5395 splendore

112 5407 370 5482 fulgentes
396 5436 409 5472 :
438 5420 500 5474 in
527 5421 736 5492 quibus
770 5421 920 5476 inter
944 5423 1148 5477 caetera
1189 5418 1408 5492 ingenii
1437 5417 1523 5472 sui
1553 5416 1728 5473 docu-

115 5512 288 5564 menta
326 5514 798 5584 prmclarissima:
852 5515 1054 5583 Omne,
1111 5514 1317 5585 inquit,
1368 5510 1589 5567 illocale
1637 5509 1728 5564 in-

116 5610 424 5671 corporeum
462 5623 688 5680 quoque
741 5612 844 5663 est.
883 5610 1056 5663 Porro
1086 5607 1197 5663 vita
1244 5605 1497 5678 corporis
1540 5602 1731 5658 anima

117 5695 206 5760 θεῖ,
231 5699 284 5749 et
308 5699 365 5755 in
390 5717 625 5773 corpore
654 5700 791 5757 vivit
816 5718 833 5771 ;
864 5705 920 5757 et
959 5707 1079 5758 tam
1106 5700 1241 5756 vivit
1267 5700 1458 5755 anima
1480 5698 1540 5753 in
1566 5702 1729 5770 parte

119 5791 358 5861 c(’I‘POI‘is,
377 5812 552 5867 quam
575 5795 635 5850 in
659 5799 777 5851 toto
800 5812 1069 5867 corpore;
1098 5799 1324 5851 tantum
1341 5810 1478 5864 ergo
1507 5791 1638 5846 vitm
1665 5790 1727 5847 in

120 5885 258 5942 Parte
284 5889 525 5959 corporis
565 5893 671 5956 est,
698 5895 978 5961 quantum
1004 5890 1063 5945 in
1091 5893 1208 5945 toto
1238 5903 1492 5960 corpore,
1522 5891 1578 5940 et
1616 5886 1729 5940 vita

123 5966 229 6027 haec
250 5980 428 6039 anima
443 5987 560 6044 est:
591 5998 699 6045 nec
720 5982 901 6044 locale
930 5988 1015 6043 est
1031 5983 1186 6058 quod
1204 5985 1325 6041 tam
1347 5995 1625 6053 magnum
1643 5983 1729 6039 est

1846 2040 2057 2096 recedit
2075 2057 2107 2094 a
2139 2041 2280 2110 Deo;
2310 2041 2536 2095 animus
2561 2046 2753 2097 autem
2778 2046 2835 2098 et
2861 2043 3145 2114 proximat
3171 2048 3227 2099 et
3252 2045 3480 2116 longin-

1845 2138 1982 2206 quat
2008 2133 2336 2204 illocaliter;
2366 2134 2544 2207 igitur
2593 2135 2819 2190 animus
2866 2137 3060 2191 localis
3088 2154 3205 2192 non
3233 2143 3333 2193 est.
3356 2158 3383 2189 ››
3413 2140 3481 2193 Et

1845 2227 2129 2283 hactenus
2154 2227 2224 2282 de
2261 2227 2718 2299 incorporalitate
2747 2229 2953 2284 animm
2990 2230 3339 2301 disputatum
3383 2232 3479 2289 sit.

1915 2367 2214 2421 Videamus
2261 2367 2524 2439 deinceps
2545 2372 2742 2423 utrum
2768 2369 3001 2425 assertio
3018 2374 3210 2425 nostra
3234 2386 3302 2426 eo
3328 2372 3482 2443 quod

1843 2461 2175 2532 angelorum
2216 2466 2417 2516 natura
2442 2461 2514 2517 sit
2542 2462 2894 2534 incorporea,
2925 2463 3114 2536 aliquo
3152 2463 3478 2520 testimonio

1843 2554 2157 2610 roboretur.
2189 2556 2389 2609 Beatus
2439 2559 2590 2611 certe
2640 2557 3013 2629 Augustinus,
3044 2557 3173 2613 licet
3196 2558 3257 2612 in
3282 2558 3478 2614 multis

1842 2648 2122 2719 opusculis
2145 2652 2357 2703 astruat
2381 2650 2613 2721 angelos
2634 2650 3027 2723 incorpoream
3052 2667 3171 2707 esse
3192 2657 3475 2724 naturam,

1841 2745 2234 2798 veruntamem
2257 2742 2317 2797 in
2344 2742 2488 2798 libro
2515 2743 2799 2799 Trinitatis
2824 2760 2939 2799 non
2984 2746 3170 2799 solum
3195 2762 3265 2801 ex
3289 2746 3478 2801 incor-

1841 2852 2036 2908 poreo,
2068 2851 2265 2890 verum
2292 2836 2466 2890 etiam
2506 2852 2573 2891 ex
2604 2853 2894 2909 corporeo,
2924 2838 2982 2893 id
3012 2844 3096 2893 est
3150 2856 3219 2894 ex
3257 2840 3471 2912 duplici

1840 2929 2172 2998 substantia,
2198 2945 2293 2984 eos
2322 2945 2442 2984 esse
2472 2936 2774 3000 asseverat,
2803 2936 2867 2986 ut
2886 2948 2955 2986 ex
2984 2950 3093 2987 una
3121 2933 3191 2987 ad
3218 2934 3318 2989 Dei
3346 2950 3476 2988 con-

1842 3023 2266 3095 templationem
2292 3039 2408 3077 non
2435 3024 2717 3094 recedant,
2748 3026 3063 3081 secundum
3099 3026 3249 3098 quod
3280 3027 3474 3081 Domi-

1838 3133 1948 3172 nus
1976 3117 2036 3172 in
2064 3116 2366 3188 Evangelio
2392 3133 2524 3172 cum
2538 3118 2608 3173 de
2634 3135 2750 3173 non
2770 3120 3212 3175 condemnandis
3229 3120 3477 3191 parvulis

1838 3215 2035 3283 ageret
2063 3226 2077 3265 :
2112 3212 2252 3278 Quia
2295 3211 2478 3280 angeli
2503 3227 2684 3267 eorum
2705 3227 2910 3283 semper
2936 3215 3124 3269 vident
3149 3216 3348 3281 faciem
3373 3217 3475 3269 Pa-

1758 3298 1812 3374 C
1839 3307 1937 3360 tris
1964 3307 2089 3367 mei,
2121 3306 2216 3375 qui
2238 3306 2297 3358 in
2320 3305 2463 3360 caelis
2491 3310 2569 3360 est
2593 3322 2610 3374 ;
2664 3321 2734 3360 ex
2776 3305 2888 3360 alia
2915 3307 2985 3361 ad
3027 3307 3219 3380 aliqua
3254 3308 3473 3379 agenda

1837 3398 1896 3453 in
1925 3401 2229 3470 conspectu
2245 3397 2549 3452 hominum
2569 3398 2840 3454 veraciter
2863 3406 3193 3473 appareant.
3216 3402 3303 3458 Sic
3322 3402 3477 3457 enim

1766 3530 1773 3537 ο
1838 3492 1896 3547 in
1922 3492 2067 3547 libro
2109 3508 2147 3547 ιι
2198 3491 2453 3563 ejusdem
2492 3492 2718 3562 operis:
2776 3515 2805 3542 ‹‹
2834 3496 3217 3564 Assumentes,
3266 3494 3470 3568 inquit,

1836 3585 2024 3657 angeli
2070 3585 2417 3656 corporalem
2465 3584 2711 3655 speciem
2740 3602 2775 3640 a
2799 3591 3059 3643 creatura
3106 3605 3375 3660 corporea
3410 3589 3468 3644 in

1834 3695 2003 3735 usum
2047 3677 2347 3733 ministerii
2397 3677 2503 3744 sui,
2533 3677 2678 3733 sicut
2706 3679 2910 3751 cuique
2961 3697 3105 3752 opus
3154 3688 3319 3748 esset,
3374 3688 3476 3738 aut

1834 3773 2023 3845 ipsum
2049 3789 2252 3844 corpus
2268 3787 2435 3828 suum
2455 3773 2547 3827 cui
2568 3790 2682 3829 non
2702 3773 3042 3841 subduntur,
3064 3774 3161 3829 sed
3182 3774 3472 3830 subditum

1836 3872 2061 3939 regunt,
2089 3867 2149 3921 in
2176 3868 2388 3939 species
2427 3887 2565 3943 quas
2590 3870 2783 3924 volent
2819 3867 3269 3922 accommodatas
3305 3872 3473 3939 atque

1834 3963 1994 4032 aptas
2022 3961 2338 4018 actionibus
2376 3964 2492 4019 suis
2541 3964 2911 4018 immutantes
2951 3966 3121 4037 atque
3169 3965 3470 4032 vertentes,

1834 4056 2145 4109 secundum
2199 4056 2529 4113 attributam
2570 4057 2677 4111 sibi
2706 4073 2739 4110 a
2781 4057 3045 4111 Creatore
3099 4055 3468 4127 potentiam.»

1836 4149 1975 4202 Item
1996 4146 2055 4201 in
2084 4147 2229 4203 libro
2247 4166 2309 4204 ιιι
2328 4167 2499 4222 supra
2524 4153 2973 4215 memoratorum
2992 4148 3274 4204 librorum
3294 4149 3473 4204 :«Non

1833 4241 2018 4296 solum
2044 4243 2242 4314 malos,
2277 4244 2484 4317 inquit,
2513 4246 2611 4301 sed
2654 4261 2758 4300 nec
2791 4245 2973 4300 bonos
3018 4244 3254 4316 angelos
3277 4244 3362 4298 fas
3388 4246 3474 4299 est

1832 4335 2023 4407 putari
2073 4342 2370 4405 creatores,
2421 4339 2485 4407 si,
2513 4356 2619 4411 pro
2670 4338 2982 4394 subtilitate
3037 4335 3125 4392 sui
3174 4354 3371 4393 sensus
3418 4341 3475 4393 et

1831 4429 2106 4501 corporis,
2130 4431 2346 4487 semina
2374 4449 2566 4488 rerum
2596 4432 2833 4488 istarum
2859 4430 3022 4486 nobis
3048 4430 3352 4485 occultiora
3371 4446 3472 4484 no-

1831 4529 2089 4580 verunt.»
2121 4527 2188 4580 Et
2211 4526 2383 4597 paulo
2410 4531 2565 4598 post:
2597 4547 2626 4575 «
2643 4527 2780 4591 Qum
2807 4525 2868 4579 in
2898 4523 3052 4578 cmlis
3080 4527 3230 4593 sunt,
3260 4522 3468 4593 inquit,

1832 4634 1947 4672 non
2004 4618 2431 4690 investigamus,
2471 4636 2585 4691 quo
2633 4635 2828 4674 rerum
2874 4632 3103 4689 genere,
3133 4621 3191 4670 et
3236 4632 3472 4688 corpora

1833 4710 2091 4783 angelica
2120 4712 2431 4767 secundum
2468 4711 2759 4783 propriam
2806 4709 3161 4781 dignitatem,
3186 4714 3243 4765 et
3269 4726 3468 4767 eorum

1832 4804 2094 4876 qumdam
2112 4804 2415 4875 corporalis
2434 4804 2580 4859 actio
2604 4803 2983 4859 continetur.»
3014 4805 3156 4857 ltem
3172 4802 3318 4859 libro
3342 4821 3463 4875 vm,

1834 4898 2038 4953 docens
2058 4897 2362 4953 Dominum
2391 4914 2507 4952 non
2537 4913 2653 4952 esse
2681 4914 2905 4968 corpus,
2936 4913 3039 4952 nec
3065 4896 3210 4954 sicut
3250 4899 3467 4971 cogita-

1832 4996 1946 5060 tur,
1974 4991 2190 5064 inquit:
2226 5012 2253 5041 ‹‹
2270 4990 2459 5063 angeli
2484 4990 2686 5045 mundi
2711 4990 2943 5061 spiritus
2967 4992 3211 5048 coelestia
3228 5009 3470 5064 corpora

1832 5085 2192 5157 inspirantes,
2236 5089 2405 5157 atque
2433 5084 2507 5139 ad
2553 5083 2851 5138 arbitrium
2900 5101 3014 5157 quo
3049 5086 3302 5141 serviunt
3353 5088 3467 5141 Deo

1833 5183 2135 5247 mutantes,
2165 5182 2336 5249 atque
2361 5193 2420 5233 se
2440 5181 2743 5245 vertentes,
2771 5192 2877 5232 nec
2905 5177 2950 5232 si
2978 5194 3175 5234 omnes
3196 5195 3326 5233 cum
3356 5178 3470 5233 sint

1831 5272 2011 5328 millia
2038 5270 2289 5326 millium
2322 5272 2383 5327 in
2411 5288 2593 5326 unum
2622 5269 2836 5325 collecti
2859 5286 3008 5325 unus
3035 5270 3193 5340 ﬁant,
3222 5288 3327 5326 nec
3356 5272 3466 5326 tale

1833 5366 2048 5437 aliquid
2076 5365 2220 5420 Deus
2248 5370 2351 5435 est,
2373 5382 2478 5421 nec
2506 5365 2552 5419 si
2578 5363 2804 5419 eosdem
2846 5363 3078 5435 spiritus
3104 5363 3225 5419 sine
3267 5380 3464 5436 corpo-

1830 5459 1989 5515 ribus
2017 5458 2248 5531 cogites,
2279 5459 2429 5532 quod
2456 5458 2687 5532 quidem
2718 5456 2926 5512 carnali
2968 5456 3294 5529 cogitationi
3323 5456 3468 5513 difﬂ-

1831 5553 2109 5609 cillimum
2138 5557 2241 5609 est.

1901 5698 2195 5766 Memores,
2230 5697 2429 5767 frater,
2460 5696 2679 5752 dilectae
2723 5693 3017 5751 sententim
3057 5694 3300 5763 Domini,
3334 5695 3466 5767 quia

1829 5791 2073 5847 duorum
2100 5795 2200 5846 aut
2225 5790 2400 5845 trium
2419 5790 2719 5846 hominum
2738 5788 3127 5845 testimonium
3147 5804 3347 5843 verum
3369 5789 3459 5858 sit,

1832 5884 2005 5939 labori
2034 5889 2226 5940 nostro
2243 5884 2301 5938 in
2326 5887 2481 5938 arcto
2502 5889 2757 5955 tempore
2786 5882 3162 5955 providentes,
3182 5882 3284 5936 hos
3316 5883 3458 5937 duos

1829 5976 2330 6035 excellentissimos
2381 5980 2730 6050 tractatores,
2760 5982 2829 6036 ut
2874 5976 3093 6035 facilius
3146 5975 3357 6048 credat,
3406 5976 3466 6033 in
