4006 6238
573 346 676 399 675

1546 342 1798 396 SANCTA
1837 338 2306 406 RADEGUNDUS,
2350 339 2598 397 REGINA
2635 338 2965 396 FRANCUE.

3860 330 3963 385 676

570 453 731 508 cibus
766 468 965 508 earum
1003 468 1135 507 cum
1174 449 1577 505 contestatione
1617 450 1805 505 divina
1836 466 2005 505 suum
2051 466 2205 505 com-
2232 462 2291 536 Α
2310 450 2450 505 illud
2478 451 2746 522 signaret,
2778 449 2968 522 aliqua
3002 447 3072 503 de
3108 445 3396 501 sororibus
3432 445 3574 501 vidit
3608 460 3791 516 supra
3824 458 3958 497 mu—

572 546 864 610 mendavit
888 544 1324 600 monasterium.
1816 589 1845 613 ,

644 644 734 696 20.
767 642 896 695 Post
932 640 1038 694 hoc
1073 638 1287 694 donum
1321 636 1541 692 caeleste
1580 641 1875 709 acceptum
1901 636 2211 692 transmisit

572 734 737 790 beata
778 734 976 788 missos
1021 748 1170 798 suos,
1219 729 1607 802 supradictum
1633 732 2049 803 presbyterum,
2078 747 2209 785 cum

574 829 719 898 aliis,
751 829 820 882 ad
850 828 1258 898 imperatorem
1285 841 1417 879 cum
1444 824 1689 896 simplici
1710 825 2046 881 vestimento
2078 841 2208 896 gra-

575 922 684 976 tias
698 936 882 992 agere.
912 922 971 973 ln
992 918 1285 974 redeundo
1313 918 1483 990 coepit
1505 935 1665 973 mare
1692 919 1959 973 ﬂuctibus
1972 918 2086 990 agi,
2113 918 2211 974 ubi

576 1020 709 1070 sunt
740 1014 917 1068 multa
960 1012 1209 1084 pericula
1234 1013 1403 1082 passi,
1436 1013 1713 1084 procellas
1741 1012 1952 1067 scilicet
1982 1018 2040 1068 et
2063 1018 2209 1067 tem-

572 1112 834 1179 pestates,
865 1107 1032 1179 quale
1054 1123 1113 1161 se
1132 1122 1432 1177 nunquam
1458 1106 1663 1161 vidisse
1687 1106 2044 1176 fatebantur;
2078 1122 2214 1178 qua-

575 1201 837 1273 draginta
883 1201 1084 1256 diebus
1121 1205 1178 1256 et
1214 1199 1590 1272 quadraginta
1629 1199 1886 1255 noctibus
1926 1200 1988 1255 in
2025 1200 2213 1255 medio

574 1296 720 1351 mari
750 1295 907 1349 navis
935 1311 1134 1349 eorum
1159 1293 1412 1365 periculo
1457 1294 1804 1365 subjacebat.
1842 1295 1966 1349 Jam
1996 1294 2066 1348 de
2100 1293 2217 1349 vita

576 1390 935 1461 desperantes
980 1393 1223 1443 mortem
1267 1404 1386 1459 prae
1424 1388 1601 1441 oculis
1648 1388 1942 1458 habentes,
1972 1386 2123 1442 inter
2156 1404 2216 1442 se

574 1500 773 1556 pacem
791 1482 1076 1549 facientes,
1098 1481 1365 1553 quiajam
1387 1497 1483 1537 eos
1508 1498 1666 1536 mare
1692 1481 1993 1536 absorbere
2019 1480 2213 1553 cupie-

577 1577 692 1647 bat,
724 1593 783 1632 se
810 1576 1061 1631 videntes
1096 1575 1156 1629 in
1195 1579 1348 1630 tanto
1390 1575 1666 1647 periculo,
1711 1592 1874 1630 voces
1899 1575 1971 1630 ad
2014 1576 2217 1630 coelum

579 1670 790 1726 dabant
813 1671 1120 1724 clamantes
1143 1686 1208 1723 ac
1235 1669 1484 1724 dicentes
1517 1686 1531 1723 :
1557 1669 1793 1724 Domina
1829 1668 2214 1741 Radegundis,

580 1765 816 1819 subveni
859 1763 1033 1818 servis
1064 1764 1176 1818 tuis
1214 1780 1227 1817 :
1264 1764 1402 1818 dum
1433 1763 1536 1818 tibi
1573 1762 1888 1832 obedimus,
1938 1762 2219 1817 submersi

2308 560 2440 599 rum
2477 544 2650 599 millia
2692 543 2938 598 millium
2977 542 3302 597 daemonum
3340 541 3402 595 in
3431 540 3621 612 specie
3646 552 3963 609 caprarum

2307 644 2489 693 astare
2529 655 2542 693 :
2587 637 2684 692 ubi
2733 642 2925 692 sancta
2981 636 3273 691 dexteram
3321 635 3550 690 beatam
3604 649 3744 689 cum
3793 631 3964 702 signo

2309 732 2489 789 crucis
2517 731 2770 799 elevavit,
2804 729 2990 785 omnis
3020 730 3115 786 illa
3155 728 3464 785 multitudo
3493 728 3833 784 daemonum
3863 726 3958 780 fu-

2313 832 2440 898 gata
2468 840 2749 896 nusquam
2773 824 3114 896 comparuit.

2381 923 2471 976 23.
2493 918 2674 976 Simili
2698 918 2866 973 modo
2892 918 3030 973 dum
3054 921 3186 972 ante
3215 933 3379 971 suam
3400 915 3601 971 cellam
3621 920 3794 970 nocte
3815 916 3963 968 asta-

2311 1020 2417 1083 ret,
2447 1027 2671 1085 semper
2697 1013 2863 1067 corde
2888 1016 2945 1067 et
2971 1011 3030 1066 in
3058 1027 3153 1065 ore
3181 1027 3411 1065 cursum
3437 1010 3768 1076 decantans,
3808 1007 3963 1061 intra

2311 1123 2515 1163 arcana
2541 1088 2726 1162 cordis
2756 1106 2845 1161 sui
2874 1110 3085 1160 secrete
3107 1105 3264 1176 jugis
3293 1104 3419 1159 laus
3458 1103 3554 1158 Dei
3581 1100 3959 1174 personabat,

2311 1205 2587 1257 nocturna
2623 1200 2758 1271 avis,
2790 1215 2920 1271 quae
2961 1198 3290 1254 hominibus
3325 1202 3412 1253 est
3444 1196 3693 1268 ingrata,
3736 1194 3953 1249 vocife-

2315 1312 2445 1350 rans
2487 1296 2545 1350 in
2579 1294 2767 1350 medio
2812 1292 3157 1348 monasterio
3198 1292 3255 1345 in
3284 1291 3487 1346 arbore
3526 1307 3584 1345 se
3624 1289 3960 1346 infestabat.

2316 1389 2459 1444 Dicit
2479 1389 2551 1444 ad
2576 1406 2702 1444 eam
2730 1405 2846 1444 una
2886 1387 2956 1442 de
3005 1385 3356 1441 astantibus:
3402 1384 3638 1439 Domina
3673 1383 3864 1451 beata,
3919 1383 3963 1434 si

2309 1482 2498 1554 jubes,
2540 1482 2600 1537 in
2644 1481 2815 1537 verbo
2858 1486 2956 1535 tuo
2996 1478 3158 1550 ejicio
3199 1494 3382 1534 avem.
3429 1478 3564 1540 Quae
3609 1475 3751 1532 dicit
3775 1475 3873 1530 ei:
3909 1474 3967 1529 Si

2314 1580 2500 1645 nocet,
2527 1575 2586 1630 in
2610 1575 2840 1630 nomine
2868 1573 3097 1629 Domini
3123 1572 3282 1642 vade,
3311 1570 3689 1626 nihilominus
3725 1568 3965 1640 signum

2317 1670 2497 1726 crucis
2519 1685 2690 1741 super
2718 1684 2847 1725 eam
2892 1666 3122 1722 faciens.
3162 1665 3486 1720 Ambulavit
3520 1664 3780 1735 dixitque
3821 1662 3911 1716 avi
3945 1679 3958 1715 :

2321 1765 2383 1818 1n
2409 1764 2641 1818 nomine
2676 1761 2897 1821 Domini
2921 1760 3103 1816 nostri
3129 1760 3258 1815 Jesu
3303 1758 3511 1814 Christi
3531 1758 3696 1829 jubet
3723 1756 3963 1812 domina

580 1874 696 1912 non
720 1873 1060 1928 pereamus;
1091 1856 1269 1911 libera
1307 1873 1411 1910 nos
1448 1856 1517 1911 de
1560 1856 1758 1911 mortis
1794 1855 2047 1926 periculo
2089 1836 2297 1926 quiaB
2320 1856 2704 1929 Radegundis,
2748 1856 2797 1911 si
2843 1872 2958 1910 non
2990 1870 3061 1910 ex
3086 1853 3184 1909 Dei
3211 1856 3372 1925 parte
3408 1851 3627 1921 venisti,
3654 1854 3726 1905 ut
3753 1850 3827 1904 ab
3851 1850 3962 1904 hoc

575 1951 697 2022 jam
725 1966 879 2005 mare
916 1952 1181 2021 paratum
1211 1953 1295 2004 est
1318 1954 1384 2004 ut
1421 1965 1523 2004 nos
1552 1949 1705 2004 vivos
1731 1948 2049 2004 absorbeat.
2086 1949 2219 2004 Ubi-

584 2060 808 2116 cunque
834 2043 1092 2098 invocata
1118 2042 1278 2098 fuisti
1307 2043 1539 2098 miserta
1565 2059 1647 2108 es,
1675 2060 1827 2099 nunc
1868 2045 2072 2115 adiuva
2094 2048 2222 2099 tuos

581 2149 655 2189 ne
675 2136 929 2205 pereant.
956 2133 1040 2187 Ad
1064 2133 1166 2187 has
1190 2149 1352 2189 voces
1379 2133 1441 2187 in
1467 2133 1653 2188 medio
1678 2134 1826 2188 mari
1860 2134 2086 2189 advenit
2123 2150 2218 2188 co-

580 2227 947 2305 lumbahquae
973 2227 1279 2298 teanavem
1307 2243 1505 2283 eorum
1522 2227 1878 2299 circumiens,
1900 2228 2079 2299 tertia
2103 2227 2222 2282 vice

581 2320 643 2375 in
672 2321 906 2376 nomine
935 2320 1218 2376 Trinitatis
1251 2337 1426 2392 quam
1454 2321 1619 2376 beata
1655 2337 1878 2393 semper
1918 2322 2085 2376 corde
2131 2321 2218 2376 di-

480 2428 498 2435 ‘
582 2414 744 2482 lexit,
774 2430 906 2470 cum
930 2415 1160 2481 volaret,
1189 2430 1381 2470 servus
1404 2414 1585 2470 beata:
1611 2415 1826 2486 reginae
1856 2415 2087 2470 nomine
2125 2416 2220 2469 Ba-

587 2508 792 2562 nisaios
827 2508 1081 2563 extendit
1121 2524 1377 2578 manum,
1417 2508 1487 2563 de
1534 2508 1711 2563 cauda
1764 2509 1885 2580 ejus
1932 2514 2045 2565 tres
2094 2509 2224 2564 tulit

588 2617 822 2672 pennas,
850 2618 989 2673 quas
1018 2600 1160 2655 mari
1190 2601 1523 2673 intinguens
1550 2605 1943 2673 tempestatem
1964 2618 2221 2675 compes-

587 2695 703 2750 cuit
732 2701 789 2751 et
814 2696 886 2750 ad
921 2694 1333 2750 invocationem
1379 2696 1627 2750 nominis
1652 2696 1833 2752 beatis
1859 2697 2223 2769 Radegundis

589 2789 853 2844 columba
877 2805 1015 2861 quae.
1035 2790 1320 2861 apparuit,
1351 2790 1474 2861 ejus
1506 2790 1751 2844 famulos
1796 2790 1865 2845 de
1911 2791 2110 2846 mortis
2129 2792 2219 2862 ja-

588 2901 703 2940 nua
727 2884 858 2939 vitae
887 2884 1150 2951 reddidit,
1172 2887 1230 2938 et
1248 2884 1396 2939 facta
1423 2900 1483 2939 es
1526 2884 1907 2956 tranquillitas
1936 2901 2145 2956 magna
2164 2885 2225 2940 in

588 2977 774 3034 medio
801 2977 968 3033 mari.
998 2977 1083 3032 Illi
1109 2993 1240 3032 vero
1266 2978 1375 3032 alta
1418 2994 1552 3033 voce
1587 2979 1891 3033 clamantes
1915 2978 2177 3035 dicebant
2204 2997 2218 3034 :

588 3071 894 3142 Advenisti,
925 3072 1076 3127 bona
1101 3072 1348 3139 domina,
1377 3072 1583 3143 pietate
1608 3072 1794 3144 plena,
1822 3077 1951 3128 tuos
1974 3073 2225 3144 captivos

590 3166 811 3238 eripere
838 3183 911 3222 ne
953 3166 1216 3222 ﬂuctibus
1256 3170 1676 3237 mergerentur.
1704 3166 1789 3221 Ad
1835 3166 1958 3237 ejus
1997 3166 2222 3222 invoca-

588 3260 806 3316 tionem
837 3277 953 3315 non
981 3264 1207 3316 tantum
1231 3260 1339 3331 sui,
1368 3260 1470 3314 sed
1495 3276 1693 3315 omnes
1720 3263 1854 3315 sunt
1871 3260 2091 3316 liberati
2121 3277 2226 3333 per

590 3354 860 3410 virtutem
872 3354 1049 3426 ipsius
1069 3355 1294 3409 domnae
1312 3353 1690 3425 Radegundis.
1714 3356 1863 3425 Ipsas
1882 3372 2102 3426 pennas
2113 3355 2224 3410 huc

590 3448 917 3519 attulerant,
944 3452 1001 3503 et
1026 3440 1324 3503 fabricatas
1337 3447 1445 3519 ipsi
1473 3447 1575 3519 qui
1600 3447 1669 3503 de
1704 3452 1891 3504 morte
1916 3454 2049 3505 sunt
2083 3448 2223 3504 libe-

591 3542 717 3611 rati,
761 3559 864 3614 per
902 3543 1023 3597 loca
1055 3546 1250 3597 sancta
1301 3541 1487 3596 devoti
1528 3542 1827 3597 dederunt.
1875 3542 2225 3615 Ubicumque

591 3634 848 3691 invocata
874 3636 1066 3707 fuerit,
1094 3635 1342 3706 benigne
1368 3636 1629 3706 exaudit;
1668 3636 1715 3691 si
1751 3635 2098 3704 febricitans,
2128 3642 2228 3693 aut

589 3730 879 3803 pustulam
904 3730 1140 3800 habens,
1169 3734 1269 3785 aut
1289 3746 1323 3784 a
1349 3746 1687 3802 quacunque
1712 3733 1904 3785 tentus
1921 3730 2223 3788 inﬁrmita-

591 3829 667 3896 te,
689 3841 794 3897 pro
819 3824 1119 3895 interjecto
1142 3823 1570 3897 longinquitatis
1594 3828 1760 3880 terrae
1786 3824 1967 3896 spatio
1996 3824 2066 3879 ad
2102 3841 2227 3880 eam

590 3919 784 3975 venire
818 3935 933 3974 non
979 3918 1276 3990 potuisset,
1324 3919 1558 3973 candela
1595 3918 1656 3973 in
1704 3918 1827 3990 ejus
1869 3919 2104 3974 nomine
2131 3936 2224 3974 ac-

591 4028 756 4068 censa
779 4028 1010 4068 omnem
1033 4012 1252 4068 febrem
1271 4011 1509 4084 depulit.

661 4109 752 4161 21.
787 4107 1074 4171 Quantum
1104 4122 1264 4160 suam
1289 4105 1792 4178 congregationem
1818 4106 2079 4162 dilexerit
2101 4107 2229 4179 quis

593 4203 753 4260 effari
777 4204 997 4260 valeat?
1024 4221 1128 4260 nec
1157 4205 1205 4259 si
1228 4210 1466 4261 centeno
1492 4205 1680 4260 sonitu
1704 4205 1919 4277 linguae
1946 4206 2228 4279 plectrum

592 4302 817 4355 moveat
848 4299 955 4354 hoc
997 4300 1222 4371 explere
1261 4300 1431 4356 valet.
1458 4299 1709 4355 Instituit
1742 4305 1825 4368 ut,
1866 4300 2005 4355 dum
2028 4300 2225 4357 retice-

590 4398 737 4463 rent,
767 4409 993 4465 semper
1015 4393 1179 4449 lectio
1217 4394 1523 4466 legeretur,
1560 4396 1628 4449 ut
1670 4411 1785 4450 non
1815 4394 2000 4450 solum
2041 4395 2229 4451 fauces

590 4487 868 4559 accipiant
914 4488 1128 4559 cibum,
1161 4488 1259 4543 sed
1307 4493 1363 4543 et
1385 4503 1550 4543 aures
1580 4489 1817 4544 audiant
1843 4489 1941 4544 Dei
1968 4489 2226 4545 verbum.

2245 3211 2300 3285 C

2319 1951 2440 2006 loco
2465 1950 2733 2018 discedas,
2760 1954 2816 2004 et
2844 1949 3070 2021 penitus
3096 1948 3190 2001 hic
3217 1952 3445 2002 cantare
3473 1962 3587 2000 non
3612 1960 3957 2016 praesumas.

2320 2046 2613 2116 Tanquam
2644 2044 2692 2098 si
2740 2060 2811 2099 ex
2841 2059 2939 2098 ore
2969 2041 3071 2098 Dei
3095 2042 3379 2112 prolatum
3421 2040 3671 2095 audisset
3697 2038 3959 2105 verbum,

2320 2137 2476 2193 dedit
2502 2138 2751 2192 volatum
2775 2139 2834 2191 et
2857 2152 3139 2207 nusquam
3165 2133 3501 2205 comparuit.
3528 2132 3725 2189 Merito
3753 2131 3808 2187 ei
3829 2147 3965 2185 aves

2322 2236 2381 2287 et
2408 2232 2604 2287 bestiae
2630 2230 2922 2297 obediunt,
2951 2230 3084 2301 quia
3114 2228 3211 2284 illa
3237 2242 3535 2299 nunquam
3556 2225 3838 2299 praeteriit
3859 2226 3965 2279 Do-

2321 2324 2459 2380 mini
2494 2324 2727 2380 obedire
2751 2326 3058 2395 praecepto.

2391 2419 2483 2475 24.
2512 2420 2581 2473 Et
2604 2417 2650 2473 si
2669 2434 2773 2490 pro
2799 2416 3129 2472 infirmitate
3156 2414 3453 2487 aliquoties
3477 2413 3834 2486 requiescere
3861 2429 3956 2468 voc

2321 2511 2537 2583 luisset,
2561 2511 2763 2584 spiritu
2789 2510 3049 2583 vigilanti
3075 2510 3315 2579 dicebat,
3346 2514 3618 2581 tanquam
3645 2508 3961 2563 admonens

2323 2623 2450 2663 eam
2486 2622 2616 2677 quae
2641 2605 2928 2678 psalmum
2951 2604 3172 2660 dicebat
3198 2621 3212 2659 :
3246 2607 3385 2676 Age,
3407 2604 3517 2658 dic.
3547 2602 3700 2658 Nulli
3717 2601 3964 2657 dubium

2323 2705 2408 2756 est
2425 2700 2579 2772 quod
2605 2699 2937 2772 spiritaliter
2961 2715 3093 2755 cum
3122 2698 3330 2754 sanctis
3365 2696 3659 2769 psallebat,
3681 2701 3780 2750 aut
3803 2700 3958 2750 certe

2325 2791 2430 2850 nec
2453 2810 2619 2865 sopor
2643 2809 2770 2849 eam
2798 2792 3116 2864 superabat.
3145 2793 3299 2847 Mens
3322 2790 3542 2846 intenta
3565 2790 3639 2844 ad
3668 2788 3961 2844 Christum

2324 2888 2653 2960 frequenter
2673 2887 2848 2943 etiam
2874 2886 2936 2942 in
2962 2902 3163 2958 sopore
3187 2886 3387 2958 posita,
3423 2884 3492 2940 de
3523 2884 3718 2939 futuro
3741 2881 3965 2954 judicio

2326 2987 2383 3038 et
2406 2982 2476 3037 de
2512 2985 2725 3037 aeterno
2751 2980 2991 3053 prtemio
3016 2979 3350 3052 praedicans,
3380 2977 3775 3050 expergefacta
3796 2975 3968 3031 nobis

2325 3076 2545 3132 dicebat
2562 3093 2575 3131 :
2591 3075 2865 3148 Colligite,
2886 3074 3134 3146 colligite
3154 3074 3406 3129 triticum
3428 3072 3801 3141 dominicum,
3824 3070 3971 3142 quia

2324 3186 2453 3226 vere
2473 3171 2597 3226 dico
2625 3170 2778 3225 vobis
2795 3186 2911 3225 non
2944 3168 3045 3224 diu
3065 3167 3173 3223 erit
3195 3172 3261 3223 ut
3279 3167 3572 3240 colligatis.
3596 3165 3789 3221 Videte
3807 3165 3967 3237 quod

2324 3264 2467 3334 dico,
2522 3263 2764 3336 colligite
2822 3262 2957 3335 quia
3031 3277 3161 3318 vere
3224 3260 3548 3334 quaesitura:
3611 3259 3747 3315 estis
3806 3258 3971 3313 istud

2322 3362 2575 3430 tempus;
2623 3374 2774 3427 vere,
2823 3374 2952 3413 vere
3003 3356 3324 3429 quaesiturae
3376 3355 3507 3410 estis
3544 3354 3681 3410 istos
3732 3352 3851 3408 dies
3910 3357 3971 3407 et

2324 3452 2487 3507 valde
2524 3452 2947 3508 desideraturus.
2981 3451 3143 3516 Quod
3191 3450 3297 3505 etsi
3326 3454 3463 3505 tunc
3500 3447 3728 3521 ignavia
3768 3452 3969 3502 nostra

2324 3546 2433 3601 hoc
2464 3546 2652 3618 tepide
2680 3545 3006 3618 accipiebat,
3032 3544 3156 3616 jam
3182 3547 3372 3601 tamen
3395 3560 3549 3599 nunc
3579 3542 3796 3598 venisse
3824 3558 3967 3613 pro-

2324 3639 2526 3695 bemus
2561 3640 2717 3712 quod
2751 3639 2913 3695 dixit.
2957 3640 3100 3695 Illud
3142 3638 3541 3711 prOpheticum
3579 3637 3641 3692 in
3664 3638 3828 3692 nobis
3857 3636 3969 3691 im-

2325 3735 2543 3806 pletum
2568 3738 2654 3790 est
2685 3751 2699 3789 :
2743 3737 2963 3791 Mittam
2987 3735 3135 3790 vobis
3157 3736 3359 3802 famem
3382 3735 3441 3787 in
3467 3737 3616 3788 terra
3641 3733 3822 3803 (Amos
3848 3734 3963 3803 v1);

2325 3828 2557 3899 famem,
2568 3827 2897 3900 inquit,non
2908 3829 3070 3900 panis
3085 3833 3143 3884 et
3153 3844 3317 3900 aqua
3334 3827 3431 3883 sed
3442 3825 3711 3882 audiendi
3724 3826 3967 3881 verbum

2327 3922 2445 3979 Dei.
2490 3922 2642 3978 Licet
2684 3922 3111 3994 praedicationes
3152 3938 3293 3995 quas
3334 3920 3579 3976 instituit
3610 3921 3928 3975 recitentur
3945 3938 3964 3989 ;

2327 4020 2519 4072 tamen
2562 4016 2799 4072 cessavit
2855 4016 2950 4071 illa
2995 4015 3339 4072 incessabilis
3384 4031 3522 4085 vox,
3576 4013 3967 4070 desiderabilis

2327 4110 2656 4179 admonitio,
2671 4109 2851 4166 dulcis
2870 4110 3122 4166 affectus.
3148 4110 3289 4165 Nam
3303 4109 3533 4182 qualem
3549 4108 3793 4175 vultum,
3812 4109 3965 4163 Deus

2327 4205 2633 4277 plasmator
2657 4204 2841 4260 bone!
2872 4205 3102 4278 qualem
3125 4204 3349 4275 faciem,
3392 4204 3618 4276 qualem
3655 4219 3960 4275 personam

2328 4299 2551 4370 habuit,
2578 4299 2704 4371 quis
2746 4302 2930 4370 potest
2972 4316 3229 4371 unquam
3271 4299 3596 4370 exponere?
3622 4297 3733 4353 Sed
3756 4302 3815 4353 et
3851 4297 3961 4352 hoc

2329 4393 2612 4449 reminisci
2637 4394 2979 4466 supplicium
3003 4399 3106 4449 est.
3138 4395 3247 4449 Nos
3284 4409 3417 4449 vero
3460 4391 3708 4447 humiles
3746 4392 3964 4448 deside-

2328 4503 2520 4542 ramus
2546 4487 2610 4543 in
2629 4503 2695 4543 ea
2719 4486 3053 4558 doctrinam,
3083 4487 3348 4559 formam,
3375 4486 3614 4553 vultum,
3634 4502 3963 4557 personam,

589 4582 872 4655 Quidquid
915 4586 1014 4638 aut
1048 4582 1173 4638 aliis
1205 4582 1479 4654 praecepit
1516 4587 1616 4639 aut
1664 4583 1789 4655 ipsa
1823 4583 1979 4651 fecit,
2034 4583 2303 4665 omniaD
2326 4581 2637 4650 scientiam,
2666 4581 2957 4654 pietatem,
2992 4581 3325 4651 bonitatem,
3356 4580 3712 4636 dulcedinem
3740 4597 3755 4635 :
3788 4596 3965 4652 quam

590 4682 824 4749 prOpter
849 4678 1028 4733 Deum
1056 4691 1282 4748 semper
1304 4677 1586 4748 implevit.
1601 4677 1889 4749 Quidquid
1912 4681 2012 4733 aut
2030 4678 2225 4750 prohi-

588 4771 715 4827 buit
737 4771 881 4842 ﬁeri,
906 4776 1006 4827 aut
1028 4772 1151 4843 ipsa
1178 4771 1374 4827 vitavit
1416 4772 1618 4843 facere,
1657 4771 1847 4827 omnia
1896 4771 1959 4827 in
1985 4773 2102 4828 zelo
2132 4772 2228 4827 Dei

589 4866 648 4917 et
673 4861 821 4916 nihil
849 4861 1149 4917 carnaliter
1175 4864 1276 4917 aut
1299 4862 1437 4933 egit,
1467 4864 1568 4916 aut
1595 4861 1804 4934 sapuit.
1838 4862 1905 4917 Et
1933 4861 2067 4933 quia
2084 4878 2229 4917 nun-

589 4971 764 5028 quam
789 4956 967 5011 otiosa
989 4955 1059 5010 ab
1086 4971 1259 5028 Opere
1299 4955 1400 5011 Dei
1432 4971 1552 5012 esse
1578 4954 1771 5024 voluit,
1801 4954 2094 5010 insistebat
2123 4955 2230 5010 uti-

589 5066 702 5122 que
727 5049 985 5121 orationi,
1015 5050 1244 5106 lectioni
1269 5053 1327 5105 et
1361 5049 1747 5122 ~eleemosynis
1784 5066 1848 5105 ac
1886 5049 2229 5121 praedicatio-

588 5144 756 5201 nibus
790 5145 1159 5215 incessanter,
1207 5143 1472 5200 omnibus
1516 5144 1739 5214 diebus,
1793 5146 1855 5200 ut
1889 5144 2044 5199 nulla
2082 5147 2229 5200 esset

587 5256 718 5313 quae
738 5256 797 5296 se
823 5238 892 5295 de
919 5239 1241 5311 ignorantia
1266 5242 1580 5295 excusaret.

660 5337 751 5391 22.
776 5336 1020 5389 Tantum
1047 5333 1293 5404 denique
1320 5333 1536 5389 donum
1563 5332 1624 5387 in
1649 5348 1708 5388 se
1738 5332 2018 5405 largiente
2035 5332 2227 5389 divina

590 5428 771 5501 gratia
796 5428 1017 5497 habuit,
1047 5433 1111 5484 ut
1139 5427 1473 5483 humilitatis
1519 5426 1858 5499 magistrum
1880 5428 1980 5500 qui
2006 5427 2078 5484 de
2101 5428 2228 5483 coeli

591 5523 727 5579 solio
751 5523 823 5579 ad
847 5528 1025 5579 terras
1056 5521 1345 5578 descendit
1371 5521 1667 5591 imitando,
1699 5522 2003 5577 Dominum
2023 5537 2219 5593 seque-

589 5622 749 5672 retur
767 5617 828 5671 in
848 5617 1071 5689 spiritu,
1095 5633 1435 5689 quocunque
1450 5616 1577 5672 iret.
1598 5618 1904 5687 Postquam
1918 5632 2229 5688 congrege.

589 5710 669 5765 tio
695 5726 755 5765 se
782 5711 1119 5766 recondebat
1153 5712 1277 5782 jam
1311 5711 1380 5765 ad
1420 5709 1833 5782 pausationem,
1862 5709 1978 5780 illa,
2005 5714 2071 5765 ut
2093 5727 2223 5782 per-

588 5806 822 5858 noctans
848 5802 909 5857 in
940 5804 1212 5872 oratione,
1235 5820 1335 5858 sua
1352 5808 1540 5859 sancta
1562 5803 1793 5858 dextera
1813 5804 2225 5860 monasterium

590 5909 698 5968 per
723 5892 954 5965 signum
982 5896 1161 5952 crucis
1188 5896 1451 5953 salvabat.
1473 5895 1726 5963 Quadam
1751 5896 1869 5954 vice
1896 5898 2033 5954 dum
2062 5898 2226 5955 beata

2329 4676 2631 4748 specialem
2657 4694 2691 4731 a
2728 4676 2964 4731 Domino
2988 4676 3141 4732 inter
3179 4681 3411 4731 caeteros
3447 4675 3707 4730 homines
3739 4675 3961 4730 habuit.

2397 4773 2487 4826 25.
2515 4771 2695 4835 Quam
2720 4775 2914 4826 sancta
2938 4770 3048 4825 fuit
3070 4771 3189 4826 vita
3208 4770 3351 4842 ejus,
3371 4774 3489 4826 tam
3506 4785 3685 4841 purus
3701 4773 3759 4823 et
3783 4768 3961 4824 dulcis

2326 4869 2601 4936 aspectus.
2633 4869 2777 4920 Ante
2804 4880 3021 4920 annum
3045 4865 3319 4921 transitus
3347 4864 3456 4935 sui,
3484 4863 3625 4919 vidit
3652 4863 3712 4918 in
3734 4863 3861 4919 visu
3889 4864 3962 4919 lo-

2278 4977 2282 4980 ‘
2328 4974 2461 5014 cum
2486 4958 2591 5014 sibi
2616 4964 2899 5041 paratum,
2922 4959 3188 5032 venitque
3209 4959 3281 5014 ad
3298 4975 3426 5015 eam
3438 4957 3665 5030 juvenis
3684 4957 3960 5030 praedives

2326 5052 2767 5125 pulcherrimus,
2815 5057 2871 5108 et
2905 5053 3067 5125 quasi
3105 5053 3423 5125 juvenilem
3464 5052 3680 5108 habens
3718 5057 3962 5118 aetatem,

2327 5147 2427 5220 qui
2455 5147 2615 5202 suavi
2639 5151 2791 5203 tactu
2815 5145 3142 5221 blandoque
3168 5147 3449 5220 colloquio
3474 5146 3614 5203 dum
3640 5163 3777 5203 cum
3805 5162 3873 5203 ea
3895 5148 3963 5203 lo-

2326 5246 2618 5314 queretur,
2641 5242 2740 5297 illa
2766 5242 2835 5298 de
2856 5259 2914 5298 se
2931 5242 3137 5312 zelans,
3160 5242 3494 5298 blanditiam
3514 5241 3840 5314 respuebat.
3862 5242 3961 5306 Qui

2327 5335 2470 5391 dixit
2493 5336 2547 5392 ei
2571 5353 2585 5392 :
2607 5336 2753 5401 Quid
2772 5353 2866 5392 me
2891 5336 3169 5393 desiderio
3189 5352 3421 5393 accensa
3447 5352 3579 5392 cum
3601 5337 3778 5392 tantis
3797 5337 3962 5408 lacry.

2326 5430 2436 5485 mis
2451 5446 2636 5502 rogas,
2661 5447 2895 5503 gemens
2914 5430 3179 5503 requiris,
3207 5430 3343 5486 fusis
3362 5430 3625 5503 precibus
3637 5432 3848 5503 poscis,
3863 5446 3959 5503 pro

2324 5541 2418 5580 me
2443 5529 2600 5580 tanto
2624 5528 2680 5580 te
2708 5525 2960 5581 cruciatu
2983 5524 3190 5597 affligis
3212 5525 3312 5598 qui
3337 5541 3563 5597 semper
3586 5524 3694 5581 tibi
3720 5524 3958 5582 adsisto?

2324 5619 2426 5690 Tu,
2458 5635 2688 5691 gemma
2712 5620 2976 5692 pretiosa,
3008 5619 3229 5675 noveris
3252 5623 3309 5675 te
3339 5619 3400 5673 in
3426 5619 3746 5674 diademate
3774 5619 3957 5691 capitis

2325 5713 2438 5767 mei
2464 5713 2714 5785 primam
2742 5730 2862 5769 esse
2890 5730 3197 5787 gemmam.
3228 5712 3375 5768 Nulli
3402 5712 3639 5768 dubium
3661 5714 3818 5786 quod
3845 5714 3955 5787 ipse

2324 5822 2451 5862 eam
2476 5807 2719 5865 visitavit
2744 5808 2838 5866 cui
2866 5825 2925 5865 se
2951 5813 3068 5865 tota
3093 5808 3387 5865 devotione
3420 5808 3654 5866 tradidit
3684 5807 3882 5866 vivens
3906 5808 3955 5862 in

2324 5917 2557 5975 corpore
2582 5907 2640 5959 et
2664 5902 2908 5975 gloriam
2933 5920 3042 5977 qua
3071 5901 3317 5961 fruitura
3335 5909 3458 5960 erat
3494 5902 3546 5960 ei
3566 5903 3839 5961 ostendit.
3866 5901 3955 5960 Sed
