4006 6238
114 306 213 357 677

1405 298 1576 356 VITA.
1618 299 1819 357 LIBER
1856 298 2218 357 SECUNDUS.

3399 304 3500 358 678

113 412 264 467 hunc
302 408 503 466 visum
538 409 808 467 secretius
838 426 969 466 cum
992 409 1410 465 contestatione
1444 410 1666 465 duabus
1687 426 1771 465 sa-
1792 424 1852 496 Α
1872 410 2084 465 Flenda
2106 426 2244 482 ergo
2272 409 2437 465 nobis
2463 407 2590 463 talis
2611 424 2728 464 non
2760 411 2864 477 est,
2890 408 2990 463 sed
3008 408 3328 464 tremenda.
3351 410 3507 464 Ami-

113 506 181 560 tis
190 504 475 560 ﬁdelibus
495 504 786 574 disseruit,
810 509 875 560 ut
888 522 945 559 se
960 504 1262 577 superstite
1282 504 1421 560 nulli
1440 510 1767 560 narrarent.

1872 504 2047 559 simus
2080 503 2314 575 quidem
2343 504 2399 558 in
2422 502 2693 575 praesenti
2723 503 2931 557 saeculo
2963 502 3261 558 dominam
3289 506 3347 557 et
3377 519 3500 559 ma-

181 600 252 654 Et
276 598 421 670 quia
449 601 645 654 multa
671 603 805 654 sunt
822 600 1010 655 adhuc
1031 599 1169 654 satis
1187 602 1245 655 et
1260 614 1475 670 magna
1496 615 1623 670 qua":
1642 616 1771 670 pro-
1871 601 2018 652 trem
2053 614 2066 653 :
2097 598 2198 653 sed
2222 598 2281 652 in
2303 614 2549 669 regnum
2577 597 2787 654 Christi
2824 597 3210 669 praemisimus
3246 597 3491 653 interce-

114 692 240 760 pter
270 688 678 759 prolixitatem
707 688 1093 761 praeterimus,
1123 705 1196 744 ne
1231 688 1523 759 prolixitas
1572 691 1768 744 nostra

116 781 497 838 audientibus
530 783 722 855 potius
746 782 1035 838 fastidium
1060 786 1503 854 generet,quam
1517 782 1768 837 nitorem

117 877 405 931 sermonis
434 876 584 949 [Al.,
606 877 820 947 sermo]
845 877 1129 933 ostendat.
1145 878 1436 941 Quantum
1459 876 1529 931 de
1543 892 1766 946 amore,

117 969 185 1026 de
216 970 627 1039 nutrimentis,
660 972 732 1026 de
764 970 1063 1037 charitate,
1105 970 1176 1025 de
1216 969 1651 1041 praedicatione,
1695 970 1766 1024 de

118 1062 273 1119 omni
300 1064 563 1119 omnino
586 1070 784 1120 sancta
805 1064 929 1134 ejus
958 1063 1393 1119 conversatione
1440 1063 1767 1118 reminisci-

118 1174 261 1229 mur,
294 1158 642 1213 cruciamur
667 1162 724 1214 et
751 1158 1015 1213 dolentes
1034 1157 1213 1212 oculis
1233 1157 1499 1211 distensis
1523 1157 1767 1229 requiri-

118 1268 240 1306 mus
278 1254 526 1306 tantam
560 1252 857 1323 pietatem,
916 1251 1018 1305 sed
1070 1267 1177 1305 nec
1234 1250 1560 1306 invenimus
1612 1251 1768 1321 quod

116 1344 509 1417 perdidimus.
542 1344 587 1400 Ο
613 1349 731 1400 tam
754 1345 899 1399 dura
923 1344 1179 1399 conditio
1205 1360 1334 1415 quae
1366 1344 1533 1398 nobis
1573 1343 1764 1399 infeli-

118 1439 271 1493 cibus
299 1438 541 1493 evenit!
571 1455 605 1494 o
634 1438 865 1510 piisima
892 1438 1151 1505 domina,
1176 1438 1397 1493 utinam
1421 1437 1766 1492 obtinuisses

117 1549 241 1587 cum
266 1533 397 1587 cali
421 1532 703 1601 Domino,
730 1536 793 1587 ut
819 1534 953 1587 ante
982 1534 1039 1587 te
1085 1548 1218 1587 oves
1265 1548 1409 1602 quas
1453 1547 1767 1603 congrega-

117 1642 277 1680 veras
329 1626 676 1681 direxissesl
731 1627 830 1695 Tu,
875 1628 1169 1697 pastorem
1224 1626 1441 1681 bonum
1496 1641 1763 1697 sequens,

118 1735 357 1791 gregem
390 1720 650 1775 Domino
679 1719 1031 1775 tradidisses.

1871 690 2123 747 dentem.
2153 692 2501 747 Admirabile
2525 693 2761 764 quidem
2794 691 3072 764 gaudium
3092 690 3227 746 fecit
3245 691 3304 745 in
3327 692 3499 760 celis,

1868 784 1926 839 in
1960 784 2126 840 terris
2157 803 2290 841 vero
2318 784 2746 841 intolerabilem
2772 787 2985 841 luctum
3012 786 3266 858 reliquit.

1943 883 2028 933 27.
2086 880 2330 944 Quando
2373 879 2496 950 ejus
2542 883 2738 934 sancta
2787 880 2982 934 anima
3028 880 3100 934 de
3150 881 3260 934 hoc
3296 881 3502 935 saeculo

1869 972 2139 1044 migravit
2168 973 2241 1027 ad
2285 973 2595 1039 Christum,
2630 990 2745 1028 non
2792 976 2917 1027 erat
2955 973 3033 1027 ibi
3078 973 3333 1043 pontifex
3369 974 3499 1028 loci.

1866 1066 2192 1121 Ambulavit
2219 1066 2454 1120 nuntius
2482 1066 2559 1120 ad
2582 1067 2768 1121 virum
2806 1067 3183 1138 apostolicum
3223 1066 3502 1121 domnum

1868 1161 2209 1231 Gregorium
2233 1160 2529 1215 Turouica:
2562 1160 2802 1217 civitatis
2834 1160 3186 1231 episcopum,
3235 1163 3293 1214 et
3331 1160 3499 1215 adve-

1868 1256 1971 1308 nit.
2018 1254 2132 1311 Sed
2178 1259 2460 1325 quantum
2496 1271 2752 1326 praesens
2791 1254 2933 1309 vidit
2974 1255 3152 1309 oculis
3191 1259 3501 1325 antequam

1868 1364 1999 1402 eam
2028 1348 2314 1419 sepeliret,
2338 1349 2408 1402 de
2435 1349 2559 1418 ejus
2584 1348 2889 1402 virtutibus
2918 1348 2975 1401 in
3011 1347 3157 1402 libro
3196 1348 3499 1402 miraculo-

1865 1457 1996 1496 rum
2026 1441 2205 1511 (Greg.
2239 1444 2435 1496 Turon.
2460 1441 2525 1496 de
2555 1440 2640 1496 Gl.
2666 1443 2875 1509 Confes.
2927 1443 3068 1513 106),
3117 1457 3289 1511 quem
3347 1457 3501 1495 com-

1863 1534 2073 1606 posuit,
2127 1534 2384 1589 inseruit.
2428 1536 2570 1591 Cum
2619 1538 2814 1589 autem
2848 1534 3007 1588 venit
3049 1534 3121 1589 ad
3160 1535 3351 1589 locum
3402 1533 3498 1588 ubi

1864 1631 2128 1683 sanctum
2155 1645 2362 1699 corpus
2379 1628 2611 1699 jacebat
2638 1628 2815 1699 (quod
2844 1628 2964 1699 ipse
2982 1632 3182 1699 postea
3230 1644 3361 1682 cum
3410 1644 3498 1682 sa-

1867 1726 2162 1777 cramento
2197 1724 2525 1793 lacrymans
2564 1721 2812 1788 dicebat,
2857 1722 3012 1793 quod
3061 1722 3118 1775 in
3167 1722 3353 1793 specie
3393 1722 3500 1776 ho-

187 1817 273 1869 26.
304 1815 442 1869 Jam
476 1814 555 1869 ad
597 1813 911 1885 gloriosum
965 1813 1092 1883 ejus
1134 1794 1399 1868 venimus
1438 1812 1762 1879 transitum,
1787 1800 1845 1873 B
1868 1816 2039 1870 minis
2060 1816 2387 1887 angelicum
2417 1818 2636 1870 vultum
2671 1816 2912 1886 viderat)
2957 1816 3131 1870 facies
3167 1816 3317 1870 illius
3350 1815 3505 1870 velut

117 1923 288 1979 quem
313 1908 443 1962 sine
457 1908 798 1979 profusione
821 1908 1209 1979 lacrymarum
1224 1906 1415 1962 dicere
1432 1924 1549 1961 non
1566 1923 1763 1978 possu-

120 2017 263 2055 mus.
287 2002 811 2073 Fluuntlacrymee,
836 2002 907 2057 de
924 2001 1057 2056 imis
1074 2001 1341 2056 medullis
1363 2000 1614 2071 gemitus
1630 2018 1764 2071 pro-

118 2099 420 2166 rumpunt,
441 2096 547 2151 sed
560 2096 623 2150 in
640 2097 798 2151 nullo
812 2094 1426 2152 consolationislocum
1446 2094 1763 2163 inveniunt,

122 2189 255 2244 dum
274 2190 650 2261 plangimus;
670 2190 718 2244 si
731 2190 803 2244 de
828 2190 953 2261 ejus
971 2189 1129 2243 fideli
1152 2188 1458 2244 devotione
1476 2188 1671 2243 minus
1688 2188 1767 2243 dio

120 2282 322 2351 cimus,
350 2284 489 2354 plus
515 2300 841 2355 peccamus.
872 2284 1061 2354 Usque
1084 2283 1157 2337 ad
1183 2282 1341 2337 diem
1376 2282 1648 2337 transitus
1681 2282 1765 2336 sui

125 2392 447 2448 numquam
477 2376 693 2431 minuit
711 2392 940 2432 cursum
973 2376 1249 2447 implere;
1292 2379 1351 2430 et
1388 2376 1543 2447 quod
1573 2376 1763 2446 coepit,

123 2470 290 2524 corde
310 2470 597 2525 retinuit:
630 2470 767 2541 quia
790 2486 908 2525 non
930 2469 1027 2541 qui
1048 2469 1300 2541 coeperit,
1335 2469 1437 2524 sed
1452 2468 1548 2541 qui
1569 2485 1762 2540 perse-

126 2564 405 2619 veraverit
435 2580 619 2635 usque
645 2563 704 2617 in
735 2563 936 2632 finem,
965 2564 1086 2635 ipse
1114 2563 1301 2618 salvus
1330 2563 1457 2617 erit.
1495 2562 1600 2617 Ubi
1640 2563 1764 2633 jam

128 2655 196 2710 ad
212 2656 397 2712 ﬁnem
419 2658 556 2713 vitae
585 2656 743 2713 venit
761 2660 1023 2713 sanctum
1054 2657 1105 2728 ej
1115 2673 1178 2712 us
1197 2658 1618 2728 corpusculum,
1646 2657 1766 2711 lon-

1867 1926 1998 1964 rosa
2020 1912 2078 1963 et
2097 1908 2279 1963 lilium
2310 1909 2598 1979 fulgebat;
2626 1909 2705 1963 ita
2732 1910 3105 1963 tremefactus
3131 1912 3217 1963 est
3240 1926 3306 1964 ac
3344 1912 3502 1963 metu

1868 2019 2194 2069 concussus,
2237 2006 2519 2073 tanquam
2551 2003 2595 2055 si
2627 2006 2760 2056 ante
2792 2002 3160 2073 praesentiam
3188 2002 3372 2056 beatae
3401 2020 3498 2074 ge-

1867 2097 2089 2151 nitricis
2133 2096 2360 2151 Domini
2401 2096 2657 2150 adstaret
2702 2096 2941 2150 devotus
2988 2095 3073 2148 vir
3114 2096 3231 2150 Deo
3273 2097 3498 2166 plenus.

1867 2190 2284 2262 Expectabatur
2310 2189 2565 2261 pontifex
2593 2190 2702 2245 loci
2734 2192 2797 2243 ut
2821 2205 2950 2243 eam
2976 2205 3109 2243 cum
3133 2188 3309 2258 digno
3337 2205 3498 2260 sepe-

1867 2284 1997 2338 liret
2017 2284 2258 2339 honore.
2273 2285 2413 2339 Tota
2434 2283 2811 2354 congregatio
2825 2283 2973 2337 circa
2994 2282 3116 2353 ejus
3135 2284 3327 2337 torum
3344 2284 3501 2336 stans

1865 2378 2175 2449 psallebat;
2200 2376 2295 2431 ubi
2324 2376 2692 2449 psallentium
2721 2377 2807 2430 vel
2830 2377 3128 2447 paululum
3150 2374 3498 2447 quiescebat,

1867 2471 2244 2527 intolerabilis
2264 2471 2530 2542 planctus
2549 2471 2769 2525 aderat.
2792 2469 3003 2525 Triduo
3049 2472 3378 2541 expectatus
3417 2472 3503 2523 est

1865 2564 2145 2638 pontifex,
2175 2563 2312 2635 quia
2337 2564 2491 2619 vicos
2522 2563 2929 2631 circumiebat;
2959 2563 3061 2617 sed
3083 2563 3216 2635 quia
3253 2580 3370 2618 non
3412 2578 3503 2617 ve-

1868 2658 1970 2727 nit,
2002 2657 2361 2730 supradictus
2384 2658 2470 2712 vir
2489 2658 2835 2729 apostolicus
2861 2657 2933 2712 de
2955 2657 3191 2713 caritate
3213 2657 3349 2711 fisus
3367 2657 3501 2728 quia

128 2765 260 2820 gum
289 2752 539 2806 trahens
557 2751 903 2823 martyrium
934 2767 1038 2822 pro
1065 2766 1263 2806 amore
1282 2740 1572 2817 ‘Domini;
1611 2749 1767 2804 beati
1858 2754 2106 2824 perfecta
2130 2754 2331 2808 caritas
2354 2754 2508 2820 ferus
2548 2754 2722 2807 mittit
2754 2754 2998 2807 timorem
3036 2751 3087 2823 (Ι
3112 2754 3268 2807 Joan.
3308 2750 3404 2823 xv),
3442 2750 3500 2805 in

128 2843 335 2913 [forsan
358 2845 552 2901 beatae
574 2846 636 2902 id
662 2851 741 2902 est
758 2844 1050 2915 Moniales]
1075 2861 1280 2900 omnes
1299 2843 1637 2915 congregati
1654 2844 1767 2897 luc-

129 2938 286 2993 tuose
307 2939 464 2995 circa
486 2939 611 3011 ejus
630 2940 863 2994 thorum
882 2938 1090 2994 ﬂentes
1108 2941 1168 2993 et
1198 2938 1246 3009 ej
1256 2938 1498 3005 ulantes,
1530 2940 1765 3008 pectora

130 3030 282 3086 duris
310 3034 529 3105 pugnis
553 3037 613 3089 et
635 3033 920 3105 lapidibus
940 3033 1236 3099 ferientes,
1258 3048 1425 3087 voces
1460 3030 1534 3085 ad
1563 3031 1763 3087 cazlum

132 3123 341 3182 dabant
357 3128 681 3184 clamantes
697 3143 762 3183 ac
783 3126 1042 3182 dicentes
1059 3143 1072 3181 :
1103 3124 1447 3194 Domine,ne
1464 3124 1764 3196 permittas

1867 2846 2106 2901 Basilica
2136 2849 2346 2901 sanctae
2372 2845 2560 2902 Mariae
2594 2845 2656 2917 (c)
2700 2845 2938 2900 nomine
2979 2844 3230 2911 condita,
3274 2844 3371 2898 ubi
3408 2862 3496 2899 sa-

1866 2957 1962 2996 cra
1980 2941 2270 3012 virginum
2296 2956 2538 3011 corpora
2559 2940 2629 2994 de
2651 2938 3002 2995 monasterio
3030 2955 3131 2993 suo
3149 2939 3494 3003 conduntur,

1867 3051 1997 3090 eam
2023 3052 2153 3089 eum
2176 3034 2353 3106 digno
2384 3033 2643 3105 sepelivit
2672 3034 2913 3089 honore.

1937 3132 2025 3184 28.
2060 3130 2211 3183 Dum
2243 3129 2347 3182 sub
2386 3144 2556 3183 muro
2586 3144 2715 3183 cum
2741 3126 3047 3199 psallentio
3079 3129 3342 3180 sanctum
3377 3125 3501 3195 ejus

140 3176 341 3182 πη-
361 3176 677 3184 -______-_
698 3176 761 3183 _-
788 3176 1037 3182 _---__-_
1059 3176 1072 3181 -
1103 3176 1139 3180 _
1158 3176 1441 3194 -____-,__-
1464 3176 1493 3196 τ
1938 3176 2025 3184 ην,
2060 3176 2211 3183 -___-
2243 3176 2343 3182 -.η
2387 3176 2551 3183 _____,
2590 3176 2715 3183 -__
2741 3176 3042 3199 τημη-η,
3080 3176 3342 3180 _________-
3385 3176 3426 3195 η,
3442 3176 3495 3179 Μ

134 3234 231 3274 nos
251 3222 372 3276 tam
393 3237 572 3293 grave
588 3221 867 3276 damnum
880 3220 1023 3292 pati;
1040 3221 1239 3275 lumen
1252 3221 1513 3275 nostrum
1532 3217 1760 3289 recipis,
1785 3176 1840 3251 C'
1864 3238 2071 3294 corpus
2108 3225 2455 3295 portaretur,
2486 3221 2619 3293 quia
2648 3220 2975 3276 instituerat
3003 3222 3067 3275 ut
3109 3220 3266 3274 nulla
3308 3219 3501 3274 vivens

133 3328 233 3368 nos
262 3331 363 3370 cur
385 3315 450 3370 in
484 3314 738 3370 tenebris
760 3314 1040 3386 relinquis
1060 3313 1088 3369 ‘2
1113 3315 1184 3368 Et
1199 3313 1331 3385 quia
1355 3312 1454 3368 illa
1484 3310 1763 3387 quidquid

132 3406 496 3477 potissimum
517 3409 707 3465 facere
728 3408 927 3478 voluit,
951 3424 1182 3480 semper
1203 3406 1296 3462 die
1311 3406 1519 3463 natalis
1537 3404 1763 3462 Domini

135 3498 316 3557 facere
353 3503 555 3575 elegit,
587 3503 870 3575 gloriosus
906 3502 1183 3558 transitus
1221 3501 1343 3572 ejus
1378 3501 1457 3555 sic
1500 3498 1761 3571 contigit,

136 3592 271 3649 Nam
299 3601 511 3669 quarta
533 3596 679 3652 feria
699 3613 874 3652 mane
901 3596 1092 3668 primo
1112 3596 1239 3651 idus
1262 3597 1568 3666 Augustas,
1610 3592 1765 3665 quod

138 3686 264 3743 fecit
281 3689 439 3745 idem
453 3690 670 3746 mensis
682 3690 805 3745 dies
820 3678 919 3745 xm
934 3688 1030 3762 (α),
1049 3688 1224 3744 clausi
1237 3691 1369 3743 sunt
1382 3688 1431 3759 ej
1441 3704 1503 3742 us
1529 3686 1762 3759 ocu1i(b)

142 3784 194 3835 et
214 3783 503 3840 obscurati
524 3788 658 3839 sunt
678 3784 879 3839 nostri.
910 3785 1002 3839 Vae
1031 3783 1196 3838 nobis
1227 3783 1364 3855 quia
1381 3781 1762 3855 peccavimus,

144 3874 406 3934 afflictum
434 3881 523 3933 est
543 3878 741 3933 dolore
768 3894 868 3933 cor
884 3880 1166 3946 nostrum,
1195 3876 1455 3931 ﬂevimus
1502 3878 1559 3931 et
1598 3876 1763 3947 plan-

142 3966 338 4039 gimus,
378 3972 538 4044 quod
568 3971 781 4027 diutius
812 3988 924 4025 una
951 3988 1057 4026 nos
1085 3974 1142 4025 te
1168 3972 1383 4027 habere
1407 3989 1525 4027 non
1550 3970 1762 4027 merui-

143 4077 275 4119 mus.
293 4066 489 4137 lpsum
515 4082 689 4121 mane
712 4065 810 4120 ubi
832 4064 998 4120 nobis
1021 4068 1247 4120 tantum
1262 4067 1483 4122 malum
1501 4065 1763 4138 contigit,

145 4154 234 4240 ubi
259 4175 369 4214 una
388 4176 517 4229 vox,
540 4177 687 4215 unus
699 4160 983 4231 planctus,
1003 4176 1149 4215 unus
1162 4161 1382 4215 clamor
1403 4161 1570 4216 caelos
1582 4176 1762 4232 pene-

143 4250 355 4320 trabat;
381 4253 653 4326 lapidarii
675 4252 771 4325 qui
793 4252 852 4308 in
874 4255 1077 4309 monte
1105 4254 1516 4325 operabantur,
1544 4253 1605 4308 in
1631 4270 1764 4309 aere

146 4347 444 4405 audierunt
472 4352 745 4422 angelum
770 4350 875 4405 Dei
902 4351 1272 4422 loquentem;
1315 4368 1464 4405 unus
1505 4350 1649 4405 dixit
1693 4350 1767 4404 ad

145 4439 301 4498 alios:
331 4444 472 4516 quid
495 4444 728 4499 facitis?
761 4443 1034 4499 dimittite
1065 4461 1195 4499 eam
1232 4444 1457 4514 adhuc;
1509 4444 1645 4517 quia
1677 4445 1766 4499 hae

1864 3317 2018 3372 foras
2056 3316 2392 3372 monasterii
2409 3316 2655 3388 januam
2685 3316 3062 3388 egrederetur
3087 3313 3185 3386 (ά),
3217 3316 3341 3368 tota
3362 3328 3498 3368 con-

1866 3410 2128 3482 gregatio
2159 3426 2332 3482 supra
2358 3426 2593 3465 murum
2625 3410 2971 3478 lamentans,
3023 3409 3104 3464 ita
3134 3411 3198 3463 ut
3240 3408 3499 3479 planctus

1866 3519 2065 3559 earum
2100 3506 2400 3576 superaret
2443 3504 2632 3575 ipsum
2683 3502 3075 3575 psallentium,
3136 3518 3241 3574 pro
3277 3501 3499 3572 psalmo

1866 3598 2170 3669 lacrymas,
2192 3614 2297 3669 pro
2324 3597 2546 3653 cantico
2568 3597 2876 3669 mugitum,
2900 3596 2959 3652 et
2979 3596 3262 3669 gemitum
3290 3611 3394 3667 pro
3417 3595 3499 3649 al-

1864 3691 2037 3745 leluia
2058 3691 2120 3763 (ε)
2133 3690 2477 3745 reddebant.
2501 3691 2871 3761 Rogaverunt
2900 3692 3200 3746 desursum
3220 3692 3286 3744 ut
3304 3688 3503 3743 subtus

1866 3787 2083 3839 turrem
2109 3786 2516 3856 repausaretur
2534 3784 2817 3838 feretrum
2836 3784 2894 3838 in
2920 3800 3032 3855 quo
3044 3784 3215 3838 beata
3230 3781 3500 3855 portaba-

1866 3885 1976 3952 tur,
2015 3883 2265 3954 graviter
2309 3882 2659 3938 sustinentes
2711 3881 2834 3952 ejus
2884 3881 3222 3936 absentiam.
3280 3880 3394 3936 Sed
3442 3883 3505 3935 ut

1866 3994 2031 4033 suam
2060 3977 2294 4031 fidelem
2323 3976 2602 4031 Dominus
2631 3975 2953 4031 declararet
2975 3975 3033 4029 in
3056 3974 3248 4030 medio
3282 3974 3499 4047 populi,

1794 4140 1803 4147 .
1865 4072 1947 4127 ibi
1967 4071 2107 4127 dum
2136 4075 2480 4143 pausaretur
2507 4072 2772 4126 sanctum
2803 4086 3028 4141 corpus,
3056 4085 3272 4124 caecum
3291 4068 3500 4123 illumi-

1867 4165 2047 4220 navit:
2067 4165 2166 4236 qui
2185 4165 2379 4220 multis
2402 4164 2570 4220 annis
2583 4165 2771 4221 lucem
2784 4163 2899 4219 diei
2920 4179 3037 4219 non
3051 4162 3293 4230 viderat,
3306 4162 3503 4217 lumen

1866 4259 2113 4331 recepit;
2143 4259 2241 4331 qui
2264 4259 2338 4314 ad
2359 4276 2564 4315 manus
2584 4261 2800 4314 tractus
2814 4259 3209 4329 venerat,post
3227 4258 3506 4311 feretrum

1868 4354 2024 4409 nullo
2061 4356 2417 4410 sustentante
2467 4353 2685 4423 videns,
2728 4356 3009 4425 tanquam
3056 4351 3101 4406 si
3146 4350 3366 4405 nullum
3410 4349 3508 4405 ha-

1867 4448 2082 4503 buisset
2109 4448 2368 4503 laborem
2395 4450 2713 4517 oculorum,
2757 4448 2831 4503 ad
2878 4448 3138 4502 sanctum
3179 4444 3505 4516 sepulcrum

150 4548 302 4591 voces
335 4539 411 4593 ad
452 4538 681 4594 Domini
720 4542 1109 4610 pervenerunt
1161 4555 1347 4593 aures.
1393 4537 1621 4610 Angeli,
1675 4538 1771 4610 qui
1792 4551 1851 4625 D
1875 4542 2034 4609 abiit,
2065 4544 2123 4595 et
2148 4558 2326 4612 usque
2352 4541 2529 4596 hodie
2554 4544 2705 4598 clare
2731 4541 2906 4596 videt.

151 4643 270 4684 eam
297 4632 581 4701 ferebant,
603 4633 1020 4704 respondentes
1047 4631 1313 4687 dixerunt
1342 4648 1356 4687 :
1392 4634 1519 4687 Jam
1554 4634 1769 4687 factum

153 4725 247 4777 est.
277 4724 417 4789 Quid
438 4726 758 4782 faciemus?
782 4727 940 4781 Illam
961 4725 1178 4797 recepit
1198 4725 1518 4797 paradisus,
1542 4727 1637 4781 ubi
1652 4728 1771 4798 glo-

152 4814 320 4873 riatur
344 4837 474 4876 cum
500 4821 767 4876 Domino.
795 4820 1094 4878 Credimus
1137 4819 1291 4892 quod
1322 4836 1428 4876 nos
1452 4837 1571 4875 non
1598 4820 1669 4875 de
1708 4840 1767 4877 se

155 4917 385 4984 separat,
418 4932 545 4987 quae
566 4932 625 4969 se
656 4914 711 4970 ei
736 4915 964 4986 placere
996 4913 1177 4970 voluit
1210 4931 1341 4969 cum
1389 4931 1505 4987 quo
1540 4920 1763 4987 regnat.

219 5072 289 5145 (ᾳ)
318 5075 530 5141 Quarta
568 5075 715 5131 feria
739 5075 1025 5132 Christum
1057 5077 1370 5132 Dominum
1401 5078 1604 5133 natum
1643 5095 1766 5133 esse

157 5142 428 5220 Cedrenus
446 5152 505 5202 et
522 5147 797 5220 Maximus
823 5148 1132 5204 Monachus
1158 5165 1321 5220 teque
1349 5150 1764 5220 existimarunt,

158 5216 213 5266 ut
229 5214 476 5292 Scaliger
503 5219 601 5292 lib.
624 5235 689 5292 v17
712 5218 784 5273 de
826 5220 1117 5292 emendat.
1158 5214 1336 5291 temp.
1370 5222 1468 5276 ubi
1505 5221 1575 5275 de
1612 5214 1766 5277 anno

162 5288 348 5359 natalis
366 5288 615 5359 Domini,
640 5291 979 5346 observavit.

223 5356 305 5433 (b)_
327 5356 629 5433 Gregorius
650 5363 997 5417 Turonensis
1020 5361 1119 5417 lib.
1148 5380 1200 5419 1x
1226 5380 1274 5417 c.
1309 5367 1361 5430 2,
1392 5364 1616 5419 obitum
1643 5382 1769 5420 san-

275 5427 642 5506 VRadegundis
660 5433 845 5503 illigat
871 5451 1024 5490 anno
1054 5427 1400 5506 duodecimo
1432 5435 1586 5506 regis
1613 5436 1766 5490 Chil-

162 5496 381 5578 (leberti,
413 5496 510 5578 qui
542 5496 857 5577 respondet
890 5522 1044 5561 anno
1086 5505 1294 5562 Christi
1334 5522 1386 5561 D.
1418 5496 1622 5574 fovu,
1653 5523 1767 5578 quo

162 5565 703 5632 dominica-littera‘E
729 5578 1013 5633 currebat.

227 5642 299 5717 (c)
315 5647 373 5701 In
410 5648 570 5703 illam
609 5648 907 5704 basilicam
943 5648 1120 5704 modo
1159 5652 1370 5703 sanctae
1396 5646 1769 5717 Radegundis

162 5715 363 5793 nemini
392 5718 644 5793 dicatam
672 5720 980 5791 collegium
1010 5719 1423 5793 canonicorum
1451 5715 1721 5793 successit
1751 5737 1766 5775 :

166 5782 267 5841 alia
282 5803 409 5864 vero
432 5790 601 5864 titulo
631 5782 852 5864 sanetae
875 5792 1058 5864 crucis
1085 5791 1363 5864 insignita
1410 5787 1700 5862 hodieque
1737 5808 1771 5845 a

170 5859 678 5920 sanctimonialibus
709 5862 1093 5921 Benedictinis
1114 5859 1446 5938 occupatur.

1940 4639 2027 4689 29.
2058 4636 2139 4688 Ne
2177 4634 2654 4705 praetermittatur
2698 4638 2756 4689 et
2800 4634 2955 4690 aliud
3006 4633 3367 4691 miraculum.
3402 4633 3507 4689 Ubi

1870 4745 1997 4784 eam
2037 4726 2297 4798 sepelivit
2324 4728 2686 4797 supradictus
2728 4729 3048 4801 episcopus,
3084 4728 3508 4801 coopertorium

1871 4840 1986 4878 non
2014 4820 2224 4893 posuit,
2254 4822 2568 4890 antequam
2588 4820 2848 4891 pontifex
2876 4823 2985 4878 loci
3020 4822 3260 4879 veniret.
3287 4822 3503 4878 Liberae

1873 4934 1998 4990 qua:
2023 4918 2155 4971 ante
2186 4930 2313 4969 eam
2340 4929 2538 4968 cereos
2567 4916 2963 4985 portaverant,
2992 4921 3130 4972 totae
3156 4917 3216 4973 in
3247 4934 3388 4990 gyro
3418 4934 3503 4972 se-

1943 5077 2024 5156 (d)
2046 5078 2263 5156 Nempe
2279 5075 2441 5148 juxta
2456 5073 2731 5156 regulam
2759 5090 2932 5144 quam
2973 5079 3202 5156 sanctus
3233 5076 3508 5156 Caesarius

1867 5145 2215 5206 monialibus
2243 5145 2608 5220 praescripsit.
2634 5146 2779 5200 Nam
2814 5145 3301 5220 recapitulationis
3333 5150 3503 5203 Artic.

1871 5238 1887 5276 ι
1930 5221 2129 5275 statuit
2164 5225 2227 5275 ut
2242 5217 2400 5275 nulla
2426 5217 2493 5274 ea}
2522 5217 2669 5273 vobis
2697 5232 2861 5288 usque
2887 5217 2963 5271 ad
2987 5223 3208 5274 mortem
3246 5233 3401 5274 suam
3443 5220 3509 5275 de

1867 5294 2192 5366 monasterio
2219 5290 2624 5366 egredi,_velde
2650 5290 2773 5360 ipsa
2806 5289 3029 5366 basilica
3054 5290 3113 5342 in
3150 5305 3259 5360 qua
3275 5288 3505 5366 januam

1869 5364 2099 5427 habetis,
2130 5367 2243 5431 aut,
2257 5361 2634 5433 permittatur,
2665 5365 2762 5416 aut
2797 5376 2897 5432 per
2932 5361 3163 5430 seipsam
3207 5361 3506 5431 praesumat

1869 5450 2016 5490 extre
2022 5476 2035 5489 .

1943 5505 2007 5577 (θ)
2034 5505 2191 5558 Hanc
2216 5503 2430 5577 laetitiae
2460 5519 2659 5577 vocem
2679 5500 3070 5577 qlleluiaplim
3109 5501 3169 5556 in
3210 5498 3506 5577 Exsequiis

1868 5568 2208 5648 usurpatam
2222 5574 2346 5645 jam
2370 5575 2668 5630 annotavit
2691 5573 2994 5649 Menardus
3010 5577 3204 5649 noster
3220 5568 3511 5649 inlibr‘um

1871 5639 2363 5703 sacramento-rum
2381 5663 2394 5700 :
2413 5662 2595 5718 quam
2610 5659 2807 5718 vocem
2822 5645 3107 5718 praecipue
3129 5645 3187 5699 in
3211 5639 3510 5718 funeribus

1870 5718 2233 5846 speeﬁdptum
2258 5712 2450 5777 Graeci
2464 5715 2671 5789 saepius
2688 5712 3081 5790 ingeminant,
3106 5719 3169 5773 ut
3193 5712 3417 5771 constat
3442 5726 3511 5767 ex

1920 5806 1991 5846 uc
2036 5804 2069 5845 ο
2096 5805 2247 5846 omo.

1920 5804 2247 5862 ucnonoglo.
