4006 6238
461 267 563 319 679

1431 262 1686 317 SANCTA
1724 262 2188 330 RADEGUNDUS,
2229 263 2476 319 REGINA
2517 262 2845 319 FRANCl/E.

3743 267 3874 318 680

460 371 640 444 pulcri
661 370 984 437 adstabant;
1007 388 1368 443 unaquaeque
1392 370 1450 425 in
1473 388 1573 426 suo
1593 388 1760 426 cereo
1793 388 1957 426 suum
1982 389 2083 427 no-
2109 373 2248 459 Ain
2289 373 2443 427 beati
2485 373 2766 428 Antistitis
2801 372 3039 427 Basilica
3066 372 3467 443 vigilaverunt,
3505 376 3631 427 tota
3674 376 3871 427 nocte

460 482 598 522 men
628 465 803 521 dabat
822 466 1257 537 scriptum,tota3
1274 464 1375 519 uni
1396 482 1464 518 ex
1484 465 1713 520 famulis
1730 466 2089 538 cereosipsos

455 560 620 631 juxta
640 560 1065 615 ordinationem
1096 559 1418 613 tradebant.
1455 559 1540 614 Fit
1567 560 1859 615 contentio
1897 561 1955 614 in
1996 578 2091 631 po-

462 655 598 725 pulo
624 654 753 722 ;alii
783 654 1052 708 dicebant
1073 669 1269 707 cereos
1288 652 1440 723 ipsos
1461 653 1519 706 in
1553 654 1675 724 ejus
1706 658 1966 709 sanctum
2001 671 2089 708 se-

463 749 723 820 pulcrum
742 747 891 802 mitti
908 747 1117 801 debere
1143 788 1156 814 ,
1187 746 1282 800 alii
1304 746 1590 816 dicebant,
1620 764 1756 802 non.
1780 748 2091 803 Dumistud

464 845 753 913 ageretur,
806 841 876 894 de
902 839 1065 910 pueri
1090 840 1325 895 brachio
1355 841 1454 912 qui
1481 844 1631 896 totos
1657 843 1914 897 tenebat.
1947 860 2094 896 unus

465 934 675 989 exilivit
700 935 758 987 in
806 935 984 987 altum
1021 951 1193 1005 super
1234 951 1470 989 omnem
1502 937 1801 1007 populum,
1846 940 1902 990 et
1935 954 1994 989 se
2036 936 2094 989 in

466 1031 662 1083 sancto
686 1027 947 1097 sepulcro
975 1027 1049 1081 ad
1074 1027 1448 1098 pedesbeataa
1464 1030 1675 1100 posuit,
1691 1032 1749 1083 et
1769 1030 1924 1100 quod
1936 1028 2099 1083 haesi-

466 1122 713 1189 tabatur,
755 1120 1082 1174 declaravit.
1123 1121 1513 1192 Respicientes
1556 1123 1629 1177 ad
1669 1140 1904 1190 nomen,
1938 1123 2098 1194 cujus

467 1231 610 1282 esse,
634 1231 852 1281 cereus,
876 1213 1177 1268 inventum
1199 1218 1285 1269 est
1302 1216 1487 1270 Calvae
1506 1233 1740 1271 nomen.
1767 1219 1881 1271 Hoc
1896 1216 2099 1271 videns

468 1309 767 1381 episcopus
794 1309 879 1361 vel
909 1308 1098 1362 omnis
1118 1310 1382 1380 populus,
1430 1310 1785 1364 admirantes
1830 1310 2098 1365 virtutem

466 1403 651 1457 beatas
683 1401 1073 1472 Badegundis,
1112 1402 1357 1457 Domino
1392 1403 1830 1458 benedixerunt.
1860 1404 2100 1468 Quantas

468 1501 598 1569 post
618 1496 741 1566 ejus
769 1496 1076 1550 transitum
1105 1496 1181 1550 ibi
1219 1498 1351 1550 sunt
1390 1497 1558 1551 factae
1600 1498 1855 1565 virtutes,
1901 1497 2104 1568 quanti

471 1589 810 1644 daemoniaci
850 1588 1096 1656 liberati,
1136 1590 1336 1661 quanti
1375 1590 1769 1646 febricitantes
1805 1594 1937 1645 sunt
1971 1591 2101 1644 red-

472 1683 576 1738 diti
600 1683 851 1750 sanitati,
881 1683 1007 1754 quis
1036 1700 1380 1738 enumerare
1411 1684 1642 1737 valeat?

2190 467 2569 537 energumeni
2599 469 3020 534 clamaverunt;
3052 466 3204 521 inter
3228 484 3373 538 quos
3399 466 3681 522 mulieres
3706 466 3875 520 duas

2191 560 2443 631 graviter
2480 560 2789 616 infestabat
2818 560 3103 629 inimicus,
3136 562 3418 633 praacipue
3453 579 3575 615 una
3608 563 3867 614 tantum

2190 654 2598 724 bacchabatur,
2614 658 2677 709 ut
2690 655 2749 708 in
2768 655 2818 724 ej
2828 673 2892 708 us
2908 655 3142 709 fremitu
3152 658 3568 710 totatremeret
3583 654 3869 708 basilica.

2192 750 2502 821 Postquam
2516 748 2652 803 inde
2673 748 2758 802 vir
2776 748 3118 803 venerabilis
3128 749 3485 819 Arnegisilus
3500 749 3691 803 abbas
3708 748 3874 801 basi-

2194 843 2317 897 lica:
2332 843 2517 897 beatas
2534 843 2751 914 reginae
2764 859 2895 896 cum
2912 842 3028 896 suis
3041 843 3332 898 Monachis
3350 843 3539 911 exivit,
3574 843 3651 896 ad
3683 858 3872 895 suam

2196 937 2411 991 vadens
2453 936 2748 992 basilicam
2777 953 3004 991 cursum
3044 936 3307 1008 implere,
3350 954 3527 1007 quam
3566 936 3670 990 illa
3720 936 3875 989 satis

2199 1031 2494 1101 dilexerat,
2532 1030 2683 1102 ipsas
2702 1034 2833 1101 post
2860 1048 2920 1085 se
2946 1030 3217 1085 mulieres
3245 1030 3557 1084 audierunt
3587 1032 3871 1085 claman-

2200 1128 2305 1193 tes,
2355 1125 2573 1179 Venite.
2630 1125 2768 1188 Quaa
2818 1126 3091 1195 ingressas
3133 1124 3426 1179 basilicam
3460 1124 3876 1179 vociferantes

2202 1218 2476 1273 domnam
2503 1218 2919 1288 Radegundem
2954 1222 3016 1271 ut
3039 1217 3120 1272 eis
3140 1223 3401 1289 parceret
3421 1217 3872 1289 supplicabant.

2202 1313 2326 1366 Una
2347 1329 2413 1365 ex
2442 1312 2570 1379 illis,
2598 1328 2727 1382 quas
2756 1310 2983 1381 gravius
3010 1312 3409 1379 tribulabatur,
3435 1312 3565 1383 jam
3586 1315 3685 1364 ter
3729 1310 3870 1380 qui-

2203 1422 2309 1460 nos
2334 1405 2554 1459 habens
2581 1422 2765 1459 annos
2794 1421 2860 1458 ex
2886 1421 3000 1476 quo
3029 1421 3158 1459 eam
3186 1405 3415 1476 spiritus
3447 1420 3711 1475 nequam
3755 1403 3870 1456 ﬂa-

2204 1499 2476 1569 gellabat,
2500 1515 2631 1552 cum
2660 1498 2948 1552 matutina
2974 1497 3290 1565 dicebatur,
3320 1497 3559 1552 saeviens
3580 1496 3872 1551 inimicus

2204 1610 2302 1647 vas
2332 1592 2486 1663 quod
2509 1592 2813 1659 invaserat,
2837 1591 3091 1662 reliquit.
3111 1593 3209 1646 Illa
3238 1591 3353 1646 alia
3368 1592 3442 1646 ad
3464 1592 3703 1646 tertiam
3723 1594 3871 1644 ante

2208 1685 2419 1741 ostium
2442 1685 2616 1757 ipsius
2638 1686 2884 1740 basilicas
2901 1688 2987 1739 est
3009 1685 3270 1753 liberata,
3305 1689 3361 1739 et
3390 1686 3540 1739 ultra
3561 1683 3870 1756 nequissi-

545 1780 631 1832 30.
660 1779 735 1832 De
762 1776 1095 1848 Burgundia
1127 1793 1257 1831 cum
1276 1776 1397 1831 viro
1424 1777 1736 1847 apostolico
1758 1778 2004 1833 Leifasto
2030 1777 2106 1848 (a)
2127 1758 2184 1829 Β
2208 1797 2335 1835 mus
2360 1779 2537 1834 hostis
2560 1778 2642 1833 eis
2672 1795 2882 1833 nocere
2917 1796 3035 1833 non
3058 1780 3251 1833 valuit.
3276 1779 3461 1843 Quam
3488 1780 3651 1849 larga
3684 1781 3782 1831 est
3813 1780 3873 1832 et

474 1871 742 1943 episcopo
764 1870 1001 1924 veniens
1023 1870 1145 1941 ejus
1167 1870 1317 1924 abba
1330 1870 1566 1925 nomine
1585 1870 1767 1939 Abbo,
1797 1871 1934 1926 dum
1963 1874 2111 1925 esset

474 1965 712 2021 Pictavis
728 1965 786 2018 in
806 1964 1053 2032 civitate,
1073 1963 1513 2021 dentisincurrit
1543 1964 1797 2019 validum
1829 1965 2107 2020 dolorem.

477 2060 575 2114 Die
597 2061 887 2129 noctuque
910 2074 1021 2112 una
1042 2074 1167 2125 vox,
1191 2073 1338 2111 unus
1359 2058 1525 2112 dolor
1543 2057 1733 2112 inerat
1753 2059 1826 2127 ei,
1858 2062 2112 2114 mortem

476 2152 707 2208 evenire
735 2150 841 2205 sibi
867 2154 1073 2222 optans
1107 2154 1171 2205 ut
1192 2153 1351 2206 tanto
1374 2155 1598 2206 careret
1629 2152 1849 2207 dolore.
1880 2153 1987 2217 Qui
2031 2152 2113 2206 in-

477 2247 729 2318 spirante
758 2245 865 2299 sibi
896 2244 1089 2300 divina
1113 2244 1511 2300 misericordia
1530 2246 1756 2317 rogavit
1784 2264 1841 2300 se
1871 2246 2001 2301 duci
2042 2246 2115 2300 ad

470 2343 686 2395 sanctas
710 2339 1047 2394 basilicam:
1086 2338 1184 2392 ubi
1213 2338 1525 2408 ingressus,
1563 2356 1693 2394 cum
1723 2339 1837 2393 ﬁde
1879 2356 1938 2394 se
1982 2343 2115 2394 ante

477 2436 741 2489 sanctum
767 2433 1089 2503 sepulcrum
1114 2434 1282 2487 terras
1301 2433 1563 2503 projecit,
1586 2436 1834 2487 mortem
1852 2450 1970 2504 prae
1991 2448 2119 2488 ocu-

476 2527 547 2583 lis
595 2526 837 2593 habens,
885 2526 1099 2596 pallam
1153 2527 1513 2597 corporalem
1563 2526 1810 2598 desuper
1856 2530 2119 2581 sanctum

480 2620 770 2674 tumulum
796 2618 1089 2673 mordicus
1116 2619 1518 2690 apprehendit.
1543 2619 1651 2683 Qui
1672 2623 1893 2691 septem
1920 2619 2121 2673 diebus

484 2730 591 2768 nec
614 2713 806 2768 cibum
830 2716 1169 2783 sumpserat,
1203 2729 1308 2766 nec
1333 2729 1535 2768 somno
1569 2713 1727 2767 reﬁci
1770 2716 2017 2784 poterat,
2060 2713 2121 2766 in

484 2809 593 2863 hoc
619 2824 814 2862 morsu
839 2823 1012 2877 sopor
1039 2806 1307 2873 accessit;
1349 2806 1515 2861 dolor
1546 2806 1823 2875 discessit,
1851 2824 2025 2861 sanus
2051 2806 2123 2860 ad

484 2901 799 2973 hospitium
839 2899 1029 2954 rediit.
1073 2900 1240 2964 Quod
1277 2903 1408 2971 post
1450 2900 1574 2971 ipso
1607 2902 1896 2955 referente
1934 2902 2125 2972 plures

485 2996 897 3067 cognoverunt,
940 2993 1036 3047 ubi
1063 3010 1123 3048 se
1148 2993 1537 3049 fatebaturde
1576 2994 1778 3049 mortis
1810 2995 1991 3065 janua
2024 3011 2127 3065 per

484 3090 758 3144 virtutem
782 3088 1009 3143 domne
1026 3087 1396 3158 Radegundis
1421 3104 1542 3142 esse
1562 3091 1911 3143 revocatum.

560 3187 619 3240 31
635 3225 648 3238 .
676 3185 746 3237 Et
765 3182 901 3253 quia
924 3198 1052 3236 mos
1072 3181 1232 3234 estin
1255 3180 1561 3235 festivitate
1581 3182 1736 3236 beati
1766 3182 1963 3237 Hilarii
2000 3182 2130 3237 reli-

491 3277 618 3350 quis
632 3275 986 3333 Monasteriis
1005 3274 1371 3329 circumcirca
1401 3274 1694 3345 proximis,
1718 3291 1846 3345 quae
1871 3278 2006 3330 sunt
2026 3276 2125 3343 ibi,

492 3387 674 3442 usque
691 3370 751 3424 in
770 3369 1025 3424 mediam
1038 3370 1269 3423 noctem
1287 3367 1509 3439 vigilias
1525 3368 1837 3437 celebrare;
1853 3369 1923 3424 de
1935 3369 2129 3424 media

493 3468 663 3519 nocte
679 3462 1073 3535 unusquisque
1091 3461 1265 3517 abbas
1278 3478 1409 3517 cum
1423 3461 1539 3516 suis
1560 3462 1831 3517 fratribus
1862 3463 1936 3518 ad
1963 3480 2131 3519 suum

491 3558 799 3613 revertitur
814 3555 1227 3613 manasterium
1252 3571 1478 3611 cursum
1499 3556 1809 3612 celebrare.
1844 3556 2130 3621 Quamdiu

587 3728 665 3810 a)_
688 3727 967 3810 Leifastus
980 3799 989 3809 ι
1013 3744 1116 3810 seu
1148 3727 1407 3809 Lefastus
1462 3725 1761 3810 episcopus
1775 3726 2127 3810 “Eduensils,

495 3798 760 3881 quam,
782 3803 914 3881 post
935 3798 1371 3881 Siagriumhqui
1397 3798 1552 3881 anxio
1573 3816 1638 3853 nc
1656 3798 1833 3881 lobiit‘,
1867 3801 1929 3852 ut
1959 3799 2133 3881 sentit

495 3871 731 3927 Carolus
781 3870 833 3925 Ie
877 3870 1078 3928 Cointe
1131 3870 1190 3924 in
1238 3870 1446 3925 Annal.
1491 3871 1689 3925 Franc.
1748 3870 1822 3925 ad
1871 3887 1967 3925 an.
2005 3873 2129 3937 600,

2211 1872 2367 1927 dives
2394 1872 2786 1927 misericordia
2812 1872 2911 1927 Dei
2935 1889 3062 1944 quae
3094 1890 3224 1927 suos
3258 1873 3441 1927 vereri
3463 1872 3623 1939 facit,
3646 1875 3709 1926 et
3736 1872 3872 1925 loca

2211 1966 2454 2038 requirit
2471 1967 2592 2036 ipse
2631 1966 2905 2020 virtutum
2949 1966 3187 2036 largitor
3226 1983 3292 2020 ac
3332 1966 3723 2037 dispensator,
3765 1964 3872 2017 ubi

2210 2078 2318 2134 per
2337 2078 2469 2115 suos
2496 2060 2695 2114 ﬁdeles
2725 2077 2888 2114 suam
2915 2060 3169 2114 ostendit
3203 2059 3546 2131 potentiam.
3592 2059 3681 2114 Ad
3715 2058 3873 2112 basi-

2212 2154 2383 2209 licam
2405 2154 2588 2208 sancti
2616 2153 2721 2207 viri
2744 2156 2875 2208 sunt
2905 2153 3001 2207 alii
3029 2153 3276 2220 liberati,
3304 2153 3398 2207 alii
3431 2170 3568 2207 vero
3607 2152 3869 2206 basilicae

2217 2248 2448 2303 domnae
2486 2247 2857 2318 Radegundis
2882 2250 3017 2301 sunt
3034 2247 3276 2301 directi:
3319 2250 3381 2300 ut
3417 2247 3565 2301 sicut
3609 2246 3872 2317 aequales

2219 2342 2405 2414 gratia
2430 2345 2613 2408 erant,
2645 2341 2725 2395 ita
2745 2341 2980 2412 aequalis
3000 2345 3059 2396 et
3085 2341 3263 2395 virtus
3292 2340 3719 2395 ostenderetur.

2291 2439 2377 2490 32.
2402 2434 2537 2500 Quis
2566 2435 2717 2489 male
2743 2430 2982 2502 habens,
3014 2435 3275 2505 quamvis
3297 2434 3411 2488 vita
3435 2434 3803 2505 desperatus,
3824 2433 3872 2485 si

2218 2530 2434 2603 pallam
2460 2528 2843 2583 subteriorem
2868 2532 3060 2584 custos
3076 2527 3339 2600 ejusdem
3356 2527 3500 2583 sacri
3521 2526 3771 2598 sepulcri
3788 2526 3873 2579 in-

2221 2623 2460 2677 tinxitin
2478 2622 2653 2677 calice
2669 2640 2855 2694 aqua},
2870 2627 2928 2679 et
2948 2623 3108 2677 dedit
3127 2622 3179 2676 ei
3199 2622 3546 2677 febricitanti
3568 2621 3868 2693 poculum,

2223 2733 2339 2771 non
2379 2716 2573 2771 statim
2605 2698 2850 2770 ut‘bibit
2891 2721 3023 2772 ante
3071 2720 3335 2771 sanctum
3378 2717 3500 2787 ejus
3535 2717 3869 2787 sepulcrum

2217 2811 2419 2882 jacens
2450 2828 2622 2882 sopor
2651 2810 2908 2878 accessit,
2934 2811 3169 2865 morbus
3193 2810 3468 2865 recessit?
3496 2809 3721 2867 Christo
3748 2810 3868 2863 lar-

2225 2904 2418 2976 giente
2442 2904 2707 2959 omnibus
2728 2904 2929 2959 diebus
2953 2905 3011 2958 in
3030 2904 3266 2960 nomine
3287 2904 3465 2974 ipsius
3480 2904 3752 2959 DominiJ
3761 2918 3864 2957 esu

2227 2998 2433 3054 Christi
2465 2998 2544 3051 ibi
2570 3000 2768 3053 multa:
2786 2998 3022 3053 virtutes
3063 3000 3228 3067 ﬁunt,
3281 2999 3434 3053 unde
3466 2998 3720 3052 recessit.
3754 2998 3868 3051 Nos

2228 3108 2459 3163 quoque
2489 3091 2661 3146 etiam
2700 3092 2857 3146 ﬁdeli
2898 3092 3201 3147 devotione
3241 3096 3299 3147 et
3333 3092 3634 3147 sedulitate
3675 3090 3867 3146 debita

2227 3202 2574 3240 veneramur
2600 3185 2658 3239 in
2688 3186 2873 3254 terris,
2900 3186 3060 3257 cujus
3081 3187 3279 3241 anima
3313 3186 3676 3253 conﬁdimus,
3724 3201 3868 3256 gau-

2230 3279 2433 3333 demus
2463 3283 2521 3333 et
2550 3280 2866 3351 gloriamur
2892 3281 3047 3352 quod
3071 3282 3414 3353 praefulgeat
3436 3281 3499 3334 in
3530 3279 3701 3347 caelis,
3740 3278 3865 3350 ipso

2229 3376 2540 3445 praestante
2578 3374 2832 3445 quicum
2858 3377 3023 3430 Patre
3050 3379 3108 3429 et
3136 3375 3349 3447 Spiritu
3398 3377 3595 3430 sancto
3641 3372 3776 3427 vivit
3811 3375 3868 3426 et

2229 3470 2439 3539 regnat
2461 3467 2521 3521 in
2550 3469 2759 3524 saecula
2779 3470 3135 3525 saeculorum.
3159 3471 3364 3526 Amen.

2231 3746 2390 3805 num.
2418 3735 2469 3785 7.
2500 3732 2926 3805 sammarthani
2955 3733 3283 3805 Auspicium
3311 3735 3465 3789 inter
3499 3734 3785 3805 Siagrium
3814 3740 3867 3789 et

2231 3802 2523 3857 Lefastum
2556 3804 2775 3858 locant:
2801 3805 2902 3859 sed
2929 3802 3087 3876 prior
3101 3806 3389 3860 sententia
3410 3806 3483 3860 ob
3506 3802 3866 3860 Baudonivias

2232 3875 2460 3928 aetatem
2491 3876 2873 3945 prazferenda.

1053 4249 1497 4325 SANCT/E
1549 4250 2265 4348 BADEGUNDIS,
2316 4254 2749 4330 REGIN/E
2799 4256 3323 4332 FRANCIAE.

1590 4426 2799 4595 TESTAMENTUM,

872 4766 1878 4922 EPISTOLAa
1978 4650 2252 4941 ABE
2377 4776 3478 4931 EPISCOPOS.

574 5141 726 5197 Hanc
749 5140 914 5196 initio
944 5138 1218 5195 institutae
1251 5141 1712 5213 congregationis
1741 5160 1857 5201 suae
1887 5162 1991 5219 pro
2020 5147 2142 5219 ejus
2168 5147 2344 5204 tutela
2374 5152 2429 5205 et
2454 5147 2750 5205 stabilitate
2778 5148 3018 5224 scripsit,
3046 5151 3396 5224 concilioque
3416 5151 3729 5211 Turonensi
3746 5172 3861 5212 con-

500 5231 842 5287 ﬁrmandam
870 5230 1073 5285 absens
1100 5229 1323 5287 obtulit.

499 5388 597 5458 Et:
623 5388 748 5442 Non
772 5386 940 5442 video
954 5386 1111 5468 quod
1126 5389 1357 5513 tempus
1370 5387 1503 5444 huic
1522 5389 1777 5472 epistolis
1797 5392 1985 5465 aptius
2008 5412 2143 5451 con-

504 5462 692 5513 gruat.
725 5475 901 5513 quam
943 5459 1147 5513 conelli
1180 5476 1217 5513 ιι
1295 5476 1614 5513 uronensis.
1646 5464 1788 5513 Cum
1818 5466 1971 5513 enim
2018 5466 2143 5513 scri-

503 5462 692 5529 gruat,
725 5475 901 5529 quam
943 5458 1147 5513 concili
1180 5476 1217 5514 ιι
1249 5458 1614 5517 Turonensis.
1646 5464 1789 5518 Cum
1818 5458 1973 5519 enim
2018 5466 2148 5520 scri-

499 5528 601 5600 pta
650 5528 733 5606 sit
754 5528 842 5583 ad
877 5529 1175 5606 episcopos
1210 5531 1525 5606 illosipsos
1565 5534 1766 5606 (quod,
1803 5552 1871 5589 ex
1916 5536 2147 5592 illorum

498 5599 779 5679 rescripto
812 5599 989 5679 patet)
1036 5599 1418 5679 qui_eoncilio
1457 5599 1772 5659 Turonensi
1819 5606 2146 5675 adfuerunt,

500 5670 810 5743 verisimile
837 5674 923 5743 est
943 5670 1073 5727 turri
1098 5672 1172 5727 ad
1194 5690 1292 5727 eos
1332 5674 1590 5743 missam,
1631 5692 1758 5730 cum
1803 5693 1918 5731 una
1960 5670 2151 5734 essent

501 5739 565 5793 in
596 5756 666 5794 eo
688 5740 936 5820 copcilio
955 5744 1312 5820 congregati.
1343 5744 1453 5809 Qui
1468 5739 1700 5820 hancin
1715 5747 1979 5820 longiora
2002 5753 2149 5806 tem-

508 5824 649 5877 pora
674 5808 967 5878 differunt,
986 5815 1044 5865 et
1060 5808 1203 5882 post
1221 5808 1403 5869 annos
1434 5814 1634 5886 viginti
1659 5808 1848 5887 paulov
1860 5822 1993 5873 ante
2028 5821 2148 5875 obi-

2247 5399 2413 5487 tuma
2426 5400 2623 5487 salicta
2634 5398 2989 5487 Radegunde
3002 5401 3861 5487 scriptamvoluntmraaterquam

2250 5468 2460 5546 quod-a
2482 5470 2759 5546 Gregorio
2777 5468 3096 5546 Turonensi
3113 5468 3596 5546 refelluntur,;qui
3613 5468 3765 5529 initio
3782 5476 3858 5529 in-

2250 5539 2458 5615 stituta-3
2487 5540 2559 5615 ab
2597 5539 2666 5596 ea
2685 5539 3170 5615 'congregationis
3198 5544 3427 5615 editam
3460 5539 3655 5612 docet,
3679 5547 3764 5601 lib.
3796 5563 3860 5613 Ix,

2250 5614 2487 5700 capr.r39,
2511 5612 2626 5700 hoc
2646 5612 2961 5700 etiam’noln
2979 5614 3463 5697 animadvertunt,
3490 5617 3860 5700 Euphronium

2252 5684 2583 5763 episcopum
2610 5684 2695 5756 (ut
2720 5684 2791 5739 de
2827 5686 3049 5741 caeteris
3070 5686 3166 5768 qui
3198 5703 3321 5767 .una
3367 5684 3706 5756 rescribimt,
3740 5688 3861 5770 nihil

2253 5752 2460 5824 dicam)
2488 5770 2557 5808 ea
2602 5759 2865 5824 tempora
2897 5774 3013 5812 non
3047 5760 3324 5824 attigisse,
3367 5760 3609 5824 totoque
3646 5760 3859 5824 amplius

2255 5772 2460 5824 uicani)
2488 5772 2557 5808 ea
2602 5772 2865 5827 tempora
2897 5774 3013 5812 non
3047 5772 3324 5828 attigisse,
3367 5772 3609 5831 totoque
3646 5772 3798 5831 ampu

2255 5822 2538 5879 decennio
2567 5830 2775 5884 sanctae
2806 5828 3174 5900 Radegundis
3203 5828 3421 5885 obitum
3441 5830 3798 5901 praevertisse.
