  <div class='ocr_page' id='page_1' title='image "/cluster/home/n/w/nwhite01/storage/ocr_20150623/72/uva.x000827084/504.png"; bbox 0 0 4006 6238; ppageno 0'>
   <div class='ocr_carea' id='block_1_1' title="bbox 150 328 236 380">
    <p class='ocr_par' dir='ltr' id='par_1_1' title="bbox 150 328 236 380">
     <span class='ocr_line' id='line_1_1' title="bbox 150 328 236 380; baseline -0.023 0"><span class='ocrx_word' id='word_1_1' title='bbox 150 328 236 380; x_wconf 82' lang='grc'>681</span> 
     </span>
    </p>
   </div>
   <div class='ocr_carea' id='block_1_2' title="bbox 1625 318 1909 376">
    <p class='ocr_par' dir='ltr' id='par_1_2' title="bbox 1625 318 1909 376">
     <span class='ocr_line' id='line_1_2' title="bbox 1625 318 1909 376; baseline -0.007 -1"><span class='ocrx_word' id='word_1_2' title='bbox 1625 318 1909 376; x_wconf 85' lang='lat' dir='ltr'>NOTITIA.</span> 
     </span>
    </p>
   </div>
   <div class='ocr_carea' id='block_1_3' title="bbox 3403 329 3504 381">
    <p class='ocr_par' dir='ltr' id='par_1_3' title="bbox 3403 329 3504 381">
     <span class='ocr_line' id='line_1_3' title="bbox 3403 329 3504 381; baseline 0 0"><span class='ocrx_word' id='word_1_3' title='bbox 3403 329 3504 381; x_wconf 76' lang='lat'>682</span> 
     </span>
    </p>
   </div>
   <div class='ocr_carea' id='block_1_4' title="bbox 211 425 3504 512">
    <p class='ocr_par' dir='ltr' id='par_1_4' title="bbox 211 425 3504 512">
     <span class='ocr_line' id='line_1_4' title="bbox 211 425 3504 512; baseline 0.001 -27"><span class='ocrx_word' id='word_1_4' title='bbox 211 429 464 486; x_wconf 87' lang='lat' dir='ltr'>Dominis</span> <span class='ocrx_word' id='word_1_5' title='bbox 490 429 719 497; x_wconf 80' lang='lat' dir='ltr'>sanctis,</span> <span class='ocrx_word' id='word_1_6' title='bbox 743 432 800 483; x_wconf 90' lang='lat' dir='ltr'>et</span> <span class='ocrx_word' id='word_1_7' title='bbox 823 429 1138 501; x_wconf 89' lang='lat' dir='ltr'>apostolica</span> <span class='ocrx_word' id='word_1_8' title='bbox 1168 428 1303 483; x_wconf 91' lang='lat' dir='ltr'>sede</span> <span class='ocrx_word' id='word_1_9' title='bbox 1336 427 1693 499; x_wconf 84' lang='lat' dir='ltr'>dignissimis</span> <span class='ocrx_word' id='word_1_10' title='bbox 1708 427 1769 481; x_wconf 90' lang='lat' dir='ltr'>in</span> <span class='ocrx_word' id='word_1_11' title='bbox 1789 440 1850 512; x_wconf 76' lang='grc' dir='ltr'><strong>Α</strong></span> <span class='ocrx_word' id='word_1_12' title='bbox 1870 442 2067 498; x_wconf 77' lang='lat' dir='ltr'>pronae</span> <span class='ocrx_word' id='word_1_13' title='bbox 2088 427 2301 481; x_wconf 90' lang='lat' dir='ltr'>mentis</span> <span class='ocrx_word' id='word_1_14' title='bbox 2313 425 2501 483; x_wconf 88' lang='lat' dir='ltr'>studio</span> <span class='ocrx_word' id='word_1_15' title='bbox 2523 426 2785 499; x_wconf 88' lang='lat' dir='ltr'>cogitans</span> <span class='ocrx_word' id='word_1_16' title='bbox 2810 428 2985 483; x_wconf 90' lang='lat' dir='ltr'>etiam</span> <span class='ocrx_word' id='word_1_17' title='bbox 3013 429 3085 483; x_wconf 91' lang='lat' dir='ltr'>de</span> <span class='ocrx_word' id='word_1_18' title='bbox 3107 429 3350 486; x_wconf 89' lang='lat' dir='ltr'>aliarum</span> <span class='ocrx_word' id='word_1_19' title='bbox 3369 449 3504 503; x_wconf 87' lang='lat' dir='ltr'>pro-</span> 
     </span>
    </p>
   </div>
   <div class='ocr_carea' id='block_1_5' title="bbox 148 522 1770 596">
    <p class='ocr_par' dir='ltr' id='par_1_5' title="bbox 148 522 1770 596">
     <span class='ocr_line' id='line_1_5' title="bbox 148 522 1770 596; baseline -0.003 -15"><span class='ocrx_word' id='word_1_20' title='bbox 148 525 359 583; x_wconf 84' lang='lat' dir='ltr'>Christo</span> <span class='ocrx_word' id='word_1_21' title='bbox 402 524 682 596; x_wconf 89' lang='lat' dir='ltr'>patribus,</span> <span class='ocrx_word' id='word_1_22' title='bbox 739 524 1007 579; x_wconf 87' lang='lat' dir='ltr'>omnibus</span> <span class='ocrx_word' id='word_1_23' title='bbox 1062 522 1343 594; x_wconf 87' lang='lat' dir='ltr'>episcopis</span> <span class='ocrx_word' id='word_1_24' title='bbox 1400 522 1770 594; x_wconf 86' lang='lat' dir='ltr'>Radegundis</span> 
     </span>
    </p>
   </div>
   <div class='ocr_carea' id='block_1_6' title="bbox 146 614 440 688">
    <p class='ocr_par' dir='ltr' id='par_1_6' title="bbox 146 614 440 688">
     <span class='ocr_line' id='line_1_6' title="bbox 146 614 440 688; baseline -0.007 -18"><span class='ocrx_word' id='word_1_25' title='bbox 146 614 440 688; x_wconf 78' lang='lat' dir='ltr'>peccatrix.</span> 
     </span>
    </p>
   </div>
   <div class='ocr_carea' id='block_1_7' title="bbox 211 703 1767 779">
    <p class='ocr_par' dir='ltr' id='par_1_7' title="bbox 211 703 1767 779">
     <span class='ocr_line' id='line_1_7' title="bbox 211 703 1767 779; baseline -0.005 -14"><span class='ocrx_word' id='word_1_26' title='bbox 211 711 488 779; x_wconf 68' lang='lat' dir='ltr'>Congrum</span> <span class='ocrx_word' id='word_1_27' title='bbox 518 706 858 779; x_wconf 88' lang='lat' dir='ltr'>provisionis</span> <span class='ocrx_word' id='word_1_28' title='bbox 878 711 1013 762; x_wconf 88' lang='lat' dir='ltr'>tunc</span> <span class='ocrx_word' id='word_1_29' title='bbox 1032 705 1376 761; x_wconf 87' lang='lat' dir='ltr'>roboraliter</span> <span class='ocrx_word' id='word_1_30' title='bbox 1395 704 1470 759; x_wconf 89' lang='lat' dir='ltr'>ad</span> <span class='ocrx_word' id='word_1_31' title='bbox 1498 703 1767 759; x_wconf 68' lang='lat' dir='ltr'>effectum</span> 
     </span>
    </p>
   </div>
   <div class='ocr_carea' id='block_1_8' title="bbox 146 797 1775 873">
    <p class='ocr_par' dir='ltr' id='par_1_8' title="bbox 146 797 1775 873">
     <span class='ocr_line' id='line_1_8' title="bbox 146 797 1775 873; baseline -0.005 -15"><span class='ocrx_word' id='word_1_32' title='bbox 146 802 317 858; x_wconf 82' lang='lat' dir='ltr'>tendit</span> <span class='ocrx_word' id='word_1_33' title='bbox 337 801 656 867; x_wconf 82' lang='lat' dir='ltr'>exordium,</span> <span class='ocrx_word' id='word_1_34' title='bbox 674 818 805 856; x_wconf 90' lang='lat' dir='ltr'>cum</span> <span class='ocrx_word' id='word_1_35' title='bbox 822 800 1190 873; x_wconf 83' lang='lat' dir='ltr'>generalibus</span> <span class='ocrx_word' id='word_1_36' title='bbox 1203 799 1481 871; x_wconf 87' lang='lat' dir='ltr'>patribus,</span> <span class='ocrx_word' id='word_1_37' title='bbox 1508 797 1775 865; x_wconf 67' lang='lat' dir='ltr'>medicis;</span> 
     </span>
    </p>
   </div>
   <div class='ocr_carea' id='block_1_9' title="bbox 146 892 1769 967">
    <p class='ocr_par' dir='ltr' id='par_1_9' title="bbox 146 892 1769 967">
     <span class='ocr_line' id='line_1_9' title="bbox 146 892 1769 967; baseline -0.004 -15"><span class='ocrx_word' id='word_1_38' title='bbox 146 915 204 952; x_wconf 89' lang='lat' dir='ltr'>ac</span> <span class='ocrx_word' id='word_1_39' title='bbox 242 896 585 967; x_wconf 81' lang='lat' dir='ltr'>pastoribus,</span> <span class='ocrx_word' id='word_1_40' title='bbox 628 895 789 950; x_wconf 82' lang='lat' dir='ltr'>ovilis</span> <span class='ocrx_word' id='word_1_41' title='bbox 829 895 936 949; x_wconf 82' lang='lat' dir='ltr'>sibi</span> <span class='ocrx_word' id='word_1_42' title='bbox 978 893 1271 948; x_wconf 85' lang='lat' dir='ltr'>commissi</span> <span class='ocrx_word' id='word_1_43' title='bbox 1310 909 1480 948; x_wconf 87' lang='lat' dir='ltr'>causa</span> <span class='ocrx_word' id='word_1_44' title='bbox 1537 892 1769 946; x_wconf 85' lang='lat' dir='ltr'>auribus</span> 
     </span>
    </p>
   </div>
   <div class='ocr_carea' id='block_1_10' title="bbox 147 987 1767 1060">
    <p class='ocr_par' dir='ltr' id='par_1_10' title="bbox 147 987 1767 1060">
     <span class='ocr_line' id='line_1_10' title="bbox 147 987 1767 1060; baseline -0.002 -17"><span class='ocrx_word' id='word_1_45' title='bbox 147 990 397 1055; x_wconf 87' lang='lat' dir='ltr'>traditur,</span> <span class='ocrx_word' id='word_1_46' title='bbox 422 1005 741 1060; x_wconf 90' lang='lat' dir='ltr'>eorumque</span> <span class='ocrx_word' id='word_1_47' title='bbox 764 989 1022 1043; x_wconf 87' lang='lat' dir='ltr'>sensibus</span> <span class='ocrx_word' id='word_1_48' title='bbox 1051 987 1767 1057; x_wconf 89' lang='lat' dir='ltr'>commendatur,quorum</span> 
     </span>
    </p>
   </div>
   <div class='ocr_carea' id='block_1_11' title="bbox 144 1079 1770 1156">
    <p class='ocr_par' dir='ltr' id='par_1_11' title="bbox 144 1079 1770 1156">
     <span class='ocr_line' id='line_1_11' title="bbox 144 1079 1770 1156; baseline -0.004 -18"><span class='ocrx_word' id='word_1_49' title='bbox 144 1082 494 1156; x_wconf 87' lang='lat' dir='ltr'>participatio</span> <span class='ocrx_word' id='word_1_50' title='bbox 527 1083 599 1137; x_wconf 91' lang='lat' dir='ltr'>de</span> <span class='ocrx_word' id='word_1_51' title='bbox 621 1084 900 1137; x_wconf 89' lang='lat' dir='ltr'>charitate</span> <span class='ocrx_word' id='word_1_52' title='bbox 924 1082 1251 1149; x_wconf 86' lang='lat' dir='ltr'>consilium,</span> <span class='ocrx_word' id='word_1_53' title='bbox 1273 1082 1342 1135; x_wconf 92' lang='lat' dir='ltr'>de</span> <span class='ocrx_word' id='word_1_54' title='bbox 1360 1082 1646 1152; x_wconf 80' lang='lat' dir='ltr'>potestate</span> <span class='ocrx_word' id='word_1_55' title='bbox 1660 1079 1770 1133; x_wconf 89' lang='lat' dir='ltr'>suf-</span> 
     </span>
    </p>
   </div>
   <div class='ocr_carea' id='block_1_12' title="bbox 144 1174 1766 1249">
    <p class='ocr_par' dir='ltr' id='par_1_12' title="bbox 144 1174 1766 1249">
     <span class='ocr_line' id='line_1_12' title="bbox 144 1174 1766 1249; baseline -0.004 -16"><span class='ocrx_word' id='word_1_56' title='bbox 144 1177 482 1249; x_wconf 83' lang='lat' dir='ltr'>fragium,de</span> <span class='ocrx_word' id='word_1_57' title='bbox 505 1177 765 1232; x_wconf 89' lang='lat' dir='ltr'>oratione</span> <span class='ocrx_word' id='word_1_58' title='bbox 788 1177 1114 1231; x_wconf 89' lang='lat' dir='ltr'>ministrare</span> <span class='ocrx_word' id='word_1_59' title='bbox 1134 1174 1766 1247; x_wconf 88' lang='lat' dir='ltr'>poteritinterventum.</span> 
     </span>
    </p>
   </div>
   <div class='ocr_carea' id='block_1_13' title="bbox 142 1267 1771 1342">
    <p class='ocr_par' dir='ltr' id='par_1_13' title="bbox 142 1267 1771 1342">
     <span class='ocr_line' id='line_1_13' title="bbox 142 1267 1771 1342; baseline -0.002 -16"><span class='ocrx_word' id='word_1_60' title='bbox 142 1274 202 1326; x_wconf 87' lang='lat' dir='ltr'>Et</span> <span class='ocrx_word' id='word_1_61' title='bbox 226 1271 501 1342; x_wconf 90' lang='lat' dir='ltr'>quoniam</span> <span class='ocrx_word' id='word_1_62' title='bbox 530 1270 669 1327; x_wconf 90' lang='lat' dir='ltr'>olim</span> <span class='ocrx_word' id='word_1_63' title='bbox 695 1270 893 1324; x_wconf 87' lang='lat' dir='ltr'>vinclis</span> <span class='ocrx_word' id='word_1_64' title='bbox 934 1269 1227 1324; x_wconf 87' lang='lat' dir='ltr'>laicalibus</span> <span class='ocrx_word' id='word_1_65' title='bbox 1271 1269 1552 1337; x_wconf 88' lang='lat' dir='ltr'>absoluta,</span> <span class='ocrx_word' id='word_1_66' title='bbox 1577 1267 1771 1323; x_wconf 88' lang='lat' dir='ltr'>divina</span> 
     </span>
    </p>
   </div>
   <div class='ocr_carea' id='block_1_14' title="bbox 142 1361 1771 1437">
    <p class='ocr_par' dir='ltr' id='par_1_14' title="bbox 142 1361 1771 1437">
     <span class='ocr_line' id='line_1_14' title="bbox 142 1361 1771 1437; baseline -0.001 -19"><span class='ocrx_word' id='word_1_67' title='bbox 142 1365 468 1437; x_wconf 80' lang='lat' dir='ltr'>providente</span> <span class='ocrx_word' id='word_1_68' title='bbox 486 1364 873 1436; x_wconf 87' lang='lat' dir='ltr'>etinspirante</span> <span class='ocrx_word' id='word_1_69' title='bbox 892 1364 1223 1432; x_wconf 87' lang='lat' dir='ltr'>clementia,</span> <span class='ocrx_word' id='word_1_70' title='bbox 1239 1362 1314 1417; x_wconf 92' lang='lat' dir='ltr'>ad</span> <span class='ocrx_word' id='word_1_71' title='bbox 1334 1361 1629 1434; x_wconf 85' lang='lat' dir='ltr'>religionis</span> <span class='ocrx_word' id='word_1_72' title='bbox 1642 1378 1771 1417; x_wconf 91' lang='lat' dir='ltr'>nor-</span> 
     </span>
    </p>
   </div>
   <div class='ocr_carea' id='block_1_15' title="bbox 141 1457 1770 1523">
    <p class='ocr_par' dir='ltr' id='par_1_15' title="bbox 141 1457 1770 1523">
     <span class='ocr_line' id='line_1_15' title="bbox 141 1457 1770 1523; baseline -0.002 -10"><span class='ocrx_word' id='word_1_73' title='bbox 141 1475 288 1513; x_wconf 85' lang='lat' dir='ltr'>mam</span> <span class='ocrx_word' id='word_1_74' title='bbox 302 1459 421 1514; x_wconf 88' lang='lat' dir='ltr'>visa</span> <span class='ocrx_word' id='word_1_75' title='bbox 446 1475 577 1514; x_wconf 91' lang='lat' dir='ltr'>sum</span> <span class='ocrx_word' id='word_1_76' title='bbox 604 1458 924 1513; x_wconf 84' lang='lat' dir='ltr'>voluntarie</span> <span class='ocrx_word' id='word_1_77' title='bbox 952 1458 1096 1513; x_wconf 88' lang='lat' dir='ltr'>duce</span> <span class='ocrx_word' id='word_1_78' title='bbox 1124 1457 1347 1513; x_wconf 86' lang='lat' dir='ltr'>Christo</span> <span class='ocrx_word' id='word_1_79' title='bbox 1370 1457 1674 1523; x_wconf 87' lang='lat' dir='ltr'>translata;</span> <span class='ocrx_word' id='word_1_80' title='bbox 1704 1472 1770 1511; x_wconf 88' lang='lat' dir='ltr'>ac</span> 
     </span>
    </p>
   </div>
   <div class='ocr_carea' id='block_1_16' title="bbox 204 1601 1769 1671">
    <p class='ocr_par' dir='ltr' id='par_1_16' title="bbox 204 1601 1769 1671">
     <span class='ocr_line' id='line_1_16' title="bbox 204 1601 1769 1671; baseline -0.004 -10"><span class='ocrx_word' id='word_1_81' title='bbox 204 1605 228 1633; x_wconf 82' lang='grc'><strong>⁸</strong></span> <span class='ocrx_word' id='word_1_82' title='bbox 251 1606 427 1661; x_wconf 88' lang='lat' dir='ltr'>Soror</span> <span class='ocrx_word' id='word_1_83' title='bbox 454 1603 640 1659; x_wconf 85' lang='lat' dir='ltr'>sancti</span> <span class='ocrx_word' id='word_1_84' title='bbox 660 1602 888 1659; x_wconf 66' lang='lat' dir='ltr'>Ctesarii</span> <span class='ocrx_word' id='word_1_85' title='bbox 911 1619 923 1658; x_wconf 92' lang='lat'><strong>:</strong></span> <span class='ocrx_word' id='word_1_86' title='bbox 960 1606 1059 1657; x_wconf 90' lang='lat' dir='ltr'>aut</span> <span class='ocrx_word' id='word_1_87' title='bbox 1086 1604 1239 1657; x_wconf 89' lang='lat' dir='ltr'>certe</span> <span class='ocrx_word' id='word_1_88' title='bbox 1254 1601 1456 1671; x_wconf 92' lang='lat' dir='ltr'>junior</span> <span class='ocrx_word' id='word_1_89' title='bbox 1480 1601 1682 1667; x_wconf 89' lang='lat' dir='ltr'>altera,</span> <span class='ocrx_word' id='word_1_90' title='bbox 1725 1601 1769 1654; x_wconf 90' lang='lat' dir='ltr'>si</span> 
     </span>
    </p>
   </div>
   <div class='ocr_carea' id='block_1_17' title="bbox 137 1673 1769 1747">
    <p class='ocr_par' dir='ltr' id='par_1_17' title="bbox 137 1673 1769 1747">
     <span class='ocr_line' id='line_1_17' title="bbox 137 1673 1769 1747; baseline -0.004 -14"><span class='ocrx_word' id='word_1_91' title='bbox 137 1680 275 1747; x_wconf 80' lang='lat' dir='ltr'>degit</span> <span class='ocrx_word' id='word_1_92' title='bbox 292 1679 473 1747; x_wconf 81' lang='lat' dir='ltr'>legas.</span> <span class='ocrx_word' id='word_1_93' title='bbox 491 1679 623 1731; x_wconf 69' lang='lat' dir='ltr'>Duae</span> <span class='ocrx_word' id='word_1_94' title='bbox 641 1674 924 1746; x_wconf 89' lang='lat' dir='ltr'>siquidem</span> <span class='ocrx_word' id='word_1_95' title='bbox 946 1673 1475 1747; x_wconf 74' lang='lat' dir='ltr'>ejusdemnominis</span> <span class='ocrx_word' id='word_1_96' title='bbox 1489 1676 1546 1725; x_wconf 90' lang='lat' dir='ltr'>et</span> <span class='ocrx_word' id='word_1_97' title='bbox 1564 1688 1769 1727; x_wconf 90' lang='lat' dir='ltr'>mune-</span> 
     </span>
    </p>
   </div>
   <div class='ocr_carea' id='block_1_18' title="bbox 140 1744 1767 1812">
    <p class='ocr_par' dir='ltr' id='par_1_18' title="bbox 140 1744 1767 1812">
     <span class='ocr_line' id='line_1_18' title="bbox 140 1744 1767 1812; baseline -0.004 -10"><span class='ocrx_word' id='word_1_98' title='bbox 140 1744 217 1803; x_wconf 74' lang='lat' dir='ltr'>ris</span> <span class='ocrx_word' id='word_1_99' title='bbox 242 1744 506 1804; x_wconf 65' lang='lat' dir='ltr'>Caesarie:</span> <span class='ocrx_word' id='word_1_100' title='bbox 548 1744 799 1801; x_wconf 67' lang='lat' dir='ltr'>fuerunt.</span> <span class='ocrx_word' id='word_1_101' title='bbox 832 1747 957 1800; x_wconf 90' lang='lat' dir='ltr'>Una</span> <span class='ocrx_word' id='word_1_102' title='bbox 984 1744 1164 1799; x_wconf 88' lang='lat' dir='ltr'>sancti</span> <span class='ocrx_word' id='word_1_103' title='bbox 1192 1744 1419 1798; x_wconf 68' lang='lat' dir='ltr'>Caesarii</span> <span class='ocrx_word' id='word_1_104' title='bbox 1464 1759 1767 1812; x_wconf 85' lang='lat' dir='ltr'>germana,</span> 
     </span>
    </p>
   </div>
   <div class='ocr_carea' id='block_1_19' title="bbox 137 1815 1771 1901">
    <p class='ocr_par' dir='ltr' id='par_1_19' title="bbox 137 1815 1771 1901">
     <span class='ocr_line' id='line_1_19' title="bbox 137 1815 1771 1901; baseline -0.004 -26"><span class='ocrx_word' id='word_1_105' title='bbox 137 1837 303 1901; x_wconf 81' lang='lat' dir='ltr'>quam</span> <span class='ocrx_word' id='word_1_106' title='bbox 335 1818 617 1901; x_wconf 71' lang='lat' dir='ltr'>Caesarius</span> <span class='ocrx_word' id='word_1_107' title='bbox 636 1819 817 1898; x_wconf 78' lang='lat' dir='ltr'>frater</span> <span class='ocrx_word' id='word_1_108' title='bbox 837 1816 1070 1901; x_wconf 75' lang='lat' dir='ltr'>condito</span> <span class='ocrx_word' id='word_1_109' title='bbox 1087 1833 1120 1869; x_wconf 90' lang='lat' dir='ltr'>a</span> <span class='ocrx_word' id='word_1_110' title='bbox 1142 1832 1201 1869; x_wconf 91' lang='lat' dir='ltr'>se</span> <span class='ocrx_word' id='word_1_111' title='bbox 1223 1815 1576 1901; x_wconf 78' lang='lat' dir='ltr'>monasterio</span> <span class='ocrx_word' id='word_1_112' title='bbox 1600 1815 1771 1895; x_wconf 80' lang='lat' dir='ltr'>abba-</span> 
     </span>
    </p>
   </div>
   <div class='ocr_carea' id='block_1_20' title="bbox 138 1885 1771 1962">
    <p class='ocr_par' dir='ltr' id='par_1_20' title="bbox 138 1885 1771 1962">
     <span class='ocr_line' id='line_1_20' title="bbox 138 1885 1771 1962; baseline -0.004 -17"><span class='ocrx_word' id='word_1_113' title='bbox 138 1885 323 1946; x_wconf 81' lang='lat' dir='ltr'>tissam</span> <span class='ocrx_word' id='word_1_114' title='bbox 346 1890 629 1962; x_wconf 74' lang='lat' dir='ltr'>praefecit,</span> <span class='ocrx_word' id='word_1_115' title='bbox 663 1888 830 1962; x_wconf 91' lang='lat' dir='ltr'>eique</span> <span class='ocrx_word' id='word_1_116' title='bbox 862 1888 1145 1962; x_wconf 83' lang='lat' dir='ltr'>regulam,</span> <span class='ocrx_word' id='word_1_117' title='bbox 1181 1886 1285 1940; x_wconf 90' lang='lat' dir='ltr'>sub</span> <span class='ocrx_word' id='word_1_118' title='bbox 1327 1903 1440 1957; x_wconf 90' lang='lat' dir='ltr'>qua</span> <span class='ocrx_word' id='word_1_119' title='bbox 1485 1902 1617 1962; x_wconf 82' lang='lat' dir='ltr'>curn</span> <span class='ocrx_word' id='word_1_120' title='bbox 1655 1885 1771 1939; x_wconf 87' lang='lat' dir='ltr'>suis</span> 
     </span>
    </p>
   </div>
   <div class='ocr_carea' id='block_1_21' title="bbox 136 1956 1771 2031">
    <p class='ocr_par' dir='ltr' id='par_1_21' title="bbox 136 1956 1771 2031">
     <span class='ocr_line' id='line_1_21' title="bbox 136 1956 1771 2031; baseline -0.002 -18"><span class='ocrx_word' id='word_1_121' title='bbox 136 1956 365 2031; x_wconf 65' lang='lat' dir='ltr'>viveret;</span> <span class='ocrx_word' id='word_1_122' title='bbox 404 1960 674 2016; x_wconf 87' lang='lat' dir='ltr'>instituit.</span> <span class='ocrx_word' id='word_1_123' title='bbox 704 1956 995 2015; x_wconf 68' lang='lat' dir='ltr'>Posterior</span> <span class='ocrx_word' id='word_1_124' title='bbox 1034 1960 1235 2027; x_wconf 89' lang='lat' dir='ltr'>altera,</span> <span class='ocrx_word' id='word_1_125' title='bbox 1276 1956 1404 2028; x_wconf 66' lang='lat' dir='ltr'>quae</span> <span class='ocrx_word' id='word_1_126' title='bbox 1444 1956 1644 2028; x_wconf 89' lang='lat' dir='ltr'>priori,</span> <span class='ocrx_word' id='word_1_127' title='bbox 1684 1974 1771 2011; x_wconf 89' lang='lat' dir='ltr'>su-</span> 
     </span>
    </p>
   </div>
   <div class='ocr_carea' id='block_1_22' title="bbox 1870 520 3506 589">
    <p class='ocr_par' dir='ltr' id='par_1_22' title="bbox 1870 520 3506 589">
     <span class='ocr_line' id='line_1_22' title="bbox 1870 520 3506 589; baseline 0.004 -15"><span class='ocrx_word' id='word_1_128' title='bbox 1870 520 2138 589; x_wconf 87' lang='lat' dir='ltr'>fectibus,</span> <span class='ocrx_word' id='word_1_129' title='bbox 2173 524 2237 575; x_wconf 91' lang='lat' dir='ltr'>ut</span> <span class='ocrx_word' id='word_1_130' title='bbox 2268 525 2566 576; x_wconf 86' lang='lat' dir='ltr'>annuente</span> <span class='ocrx_word' id='word_1_131' title='bbox 2591 522 2831 578; x_wconf 89' lang='lat' dir='ltr'>domino</span> <span class='ocrx_word' id='word_1_132' title='bbox 2855 539 2988 577; x_wconf 88' lang='lat' dir='ltr'>mea</span> <span class='ocrx_word' id='word_1_133' title='bbox 3006 522 3294 580; x_wconf 88' lang='lat' dir='ltr'>desideria</span> <span class='ocrx_word' id='word_1_134' title='bbox 3318 526 3506 582; x_wconf 82' lang='lat' dir='ltr'>efﬁce-</span> 
     </span>
    </p>
   </div>
   <div class='ocr_carea' id='block_1_23' title="bbox 1869 614 3506 689">
    <p class='ocr_par' dir='ltr' id='par_1_23' title="bbox 1869 614 3506 689">
     <span class='ocr_line' id='line_1_23' title="bbox 1869 614 3506 689; baseline 0.004 -21"><span class='ocrx_word' id='word_1_135' title='bbox 1869 618 2071 669; x_wconf 87' lang='lat' dir='ltr'>rentur</span> <span class='ocrx_word' id='word_1_136' title='bbox 2094 614 2330 686; x_wconf 89' lang='lat' dir='ltr'>reliquis</span> <span class='ocrx_word' id='word_1_137' title='bbox 2344 616 2665 686; x_wconf 89' lang='lat' dir='ltr'>profutura,</span> <span class='ocrx_word' id='word_1_138' title='bbox 2688 617 3023 673; x_wconf 89' lang='lat' dir='ltr'>instituente</span> <span class='ocrx_word' id='word_1_139' title='bbox 3047 620 3219 689; x_wconf 90' lang='lat' dir='ltr'>atque</span> <span class='ocrx_word' id='word_1_140' title='bbox 3240 635 3506 674; x_wconf 89' lang='lat' dir='ltr'>remune-</span> 
     </span>
    </p>
   </div>
   <div class='ocr_carea' id='block_1_24' title="bbox 1868 710 3506 783">
    <p class='ocr_par' dir='ltr' id='par_1_24' title="bbox 1868 710 3506 783">
     <span class='ocr_line' id='line_1_24' title="bbox 1868 710 3506 783; baseline 0.004 -22"><span class='ocrx_word' id='word_1_141' title='bbox 1868 712 2033 763; x_wconf 86' lang='lat' dir='ltr'>rante</span> <span class='ocrx_word' id='word_1_142' title='bbox 2060 710 2588 779; x_wconf 80' lang='lat' dir='ltr'>praecellentissimo</span> <span class='ocrx_word' id='word_1_143' title='bbox 2615 710 2834 766; x_wconf 90' lang='lat' dir='ltr'>domno</span> <span class='ocrx_word' id='word_1_144' title='bbox 2855 728 2992 783; x_wconf 86' lang='lat' dir='ltr'>rege</span> <span class='ocrx_word' id='word_1_145' title='bbox 3014 712 3283 781; x_wconf 88' lang='lat' dir='ltr'>Clotario,</span> <span class='ocrx_word' id='word_1_146' title='bbox 3306 729 3506 768; x_wconf 88' lang='lat' dir='ltr'>mona-</span> 
     </span>
    </p>
   </div>
   <div class='ocr_carea' id='block_1_25' title="bbox 1870 802 3508 874">
    <p class='ocr_par' dir='ltr' id='par_1_25' title="bbox 1870 802 3508 874">
     <span class='ocr_line' id='line_1_25' title="bbox 1870 802 3508 874; baseline 0.004 -18"><span class='ocrx_word' id='word_1_147' title='bbox 1870 802 2107 856; x_wconf 90' lang='lat' dir='ltr'>sterium</span> <span class='ocrx_word' id='word_1_148' title='bbox 2127 804 2449 873; x_wconf 89' lang='lat' dir='ltr'>puellarum</span> <span class='ocrx_word' id='word_1_149' title='bbox 2466 804 2693 859; x_wconf 87' lang='lat' dir='ltr'>Pictava</span> <span class='ocrx_word' id='word_1_150' title='bbox 2713 805 2853 859; x_wconf 88' lang='lat' dir='ltr'>urbe</span> <span class='ocrx_word' id='word_1_151' title='bbox 2874 806 3163 874; x_wconf 87' lang='lat' dir='ltr'>constitui,</span> <span class='ocrx_word' id='word_1_152' title='bbox 3186 807 3508 862; x_wconf 89' lang='lat' dir='ltr'>conditum-</span> 
     </span>
    </p>
   </div>
   <div class='ocr_carea' id='block_1_26' title="bbox 1870 897 3501 972">
    <p class='ocr_par' dir='ltr' id='par_1_26' title="bbox 1870 897 3501 972">
     <span class='ocr_line' id='line_1_26' title="bbox 1870 897 3501 972; baseline 0.004 -23"><span class='ocrx_word' id='word_1_153' title='bbox 1870 912 2002 967; x_wconf 91' lang='lat' dir='ltr'>que,</span> <span class='ocrx_word' id='word_1_154' title='bbox 2034 899 2314 967; x_wconf 90' lang='lat' dir='ltr'>quantum</span> <span class='ocrx_word' id='word_1_155' title='bbox 2334 897 2892 953; x_wconf 86' lang='lat' dir='ltr'>mihimunificentia</span> <span class='ocrx_word' id='word_1_156' title='bbox 2922 900 3135 970; x_wconf 80' lang='lat' dir='ltr'>regalis</span> <span class='ocrx_word' id='word_1_157' title='bbox 3162 904 3248 955; x_wconf 91' lang='lat' dir='ltr'>est</span> <span class='ocrx_word' id='word_1_158' title='bbox 3271 900 3501 972; x_wconf 87' lang='lat' dir='ltr'>largita,</span> 
     </span>
    </p>
   </div>
   <div class='ocr_carea' id='block_1_27' title="bbox 1868 990 3505 1066">
    <p class='ocr_par' dir='ltr' id='par_1_27' title="bbox 1868 990 3505 1066">
     <span class='ocr_line' id='line_1_27' title="bbox 1868 990 3505 1066; baseline 0.002 -21"><span class='ocrx_word' id='word_1_159' title='bbox 1868 990 2021 1045; x_wconf 87' lang='lat' dir='ltr'>facta</span> <span class='ocrx_word' id='word_1_160' title='bbox 2046 990 2360 1044; x_wconf 88' lang='lat' dir='ltr'>donatione</span> <span class='ocrx_word' id='word_1_161' title='bbox 2393 990 2605 1046; x_wconf 87' lang='lat' dir='ltr'>dotavi.</span> <span class='ocrx_word' id='word_1_162' title='bbox 2646 993 2882 1064; x_wconf 90' lang='lat' dir='ltr'>Insuper</span> <span class='ocrx_word' id='word_1_163' title='bbox 2920 993 3358 1065; x_wconf 90' lang='lat' dir='ltr'>congregationi</span> <span class='ocrx_word' id='word_1_164' title='bbox 3402 1011 3505 1066; x_wconf 88' lang='lat' dir='ltr'>per</span> 
     </span>
    </p>
   </div>
   <div class='ocr_carea' id='block_1_28' title="bbox 1870 1082 3506 1159">
    <p class='ocr_par' dir='ltr' id='par_1_28' title="bbox 1870 1082 3506 1159">
     <span class='ocr_line' id='line_1_28' title="bbox 1870 1082 3506 1159; baseline 0.003 -22"><span class='ocrx_word' id='word_1_165' title='bbox 1870 1099 1966 1137; x_wconf 89' lang='lat' dir='ltr'>me</span> <span class='ocrx_word' id='word_1_166' title='bbox 2003 1082 2226 1139; x_wconf 85' lang='lat' dir='ltr'>Christo</span> <span class='ocrx_word' id='word_1_167' title='bbox 2266 1087 2573 1155; x_wconf 66' lang='lat' dir='ltr'>praestante</span> <span class='ocrx_word' id='word_1_168' title='bbox 2611 1087 2865 1141; x_wconf 64' lang='lat' dir='ltr'>collecta:</span> <span class='ocrx_word' id='word_1_169' title='bbox 2904 1088 3162 1157; x_wconf 89' lang='lat' dir='ltr'>regulam</span> <span class='ocrx_word' id='word_1_170' title='bbox 3187 1130 3201 1155; x_wconf 91' lang='lat'>,</span> <span class='ocrx_word' id='word_1_171' title='bbox 3244 1088 3347 1142; x_wconf 89' lang='lat' dir='ltr'>sub</span> <span class='ocrx_word' id='word_1_172' title='bbox 3391 1104 3506 1159; x_wconf 88' lang='lat' dir='ltr'>qua</span> 
     </span>
    </p>
   </div>
   <div class='ocr_carea' id='block_1_29' title="bbox 1870 1177 2754 1248">
    <p class='ocr_par' dir='ltr' id='par_1_29' title="bbox 1870 1177 2754 1248">
     <span class='ocr_line' id='line_1_29' title="bbox 1870 1177 2754 1248; baseline 0.005 -18"><span class='ocrx_word' id='word_1_173' title='bbox 1870 1180 2067 1232; x_wconf 86' lang='lat' dir='ltr'>sancta</span> <span class='ocrx_word' id='word_1_174' title='bbox 2096 1177 2339 1234; x_wconf 74' lang='lat' dir='ltr'>Caesaria</span> <span class='ocrx_word' id='word_1_175' title='bbox 2367 1177 2622 1248; x_wconf 75' lang='lat' dir='ltr'>deguit‘,</span> <span class='ocrx_word' id='word_1_176' title='bbox 2647 1182 2754 1234; x_wconf 86' lang='lat' dir='ltr'>etc.</span> 
     </span>
    </p>
   </div>
   <div class='ocr_carea' id='block_1_30' title="bbox 1940 1272 3506 1342">
    <p class='ocr_par' dir='ltr' id='par_1_30' title="bbox 1940 1272 3506 1342">
     <span class='ocr_line' id='line_1_30' title="bbox 1940 1272 3506 1342; baseline 0.002 -15"><span class='ocrx_word' id='word_1_177' title='bbox 1940 1273 2170 1341; x_wconf 85' lang='lat' dir='ltr'>Reliqua</span> <span class='ocrx_word' id='word_1_178' title='bbox 2214 1272 2414 1326; x_wconf 80' lang='lat' dir='ltr'>videsis</span> <span class='ocrx_word' id='word_1_179' title='bbox 2470 1277 2594 1326; x_wconf 87' lang='lat' dir='ltr'>tom.</span> <span class='ocrx_word' id='word_1_180' title='bbox 2640 1274 2877 1342; x_wconf 73' lang='lat' dir='ltr'>praeced.</span> <span class='ocrx_word' id='word_1_181' title='bbox 2921 1276 3021 1330; x_wconf 89' lang='lat' dir='ltr'>col.</span> <span class='ocrx_word' id='word_1_182' title='bbox 3076 1278 3200 1339; x_wconf 79' lang='lat'>522,</span> <span class='ocrx_word' id='word_1_183' title='bbox 3249 1276 3344 1329; x_wconf 75' lang='lat' dir='ltr'>ubi</span> <span class='ocrx_word' id='word_1_184' title='bbox 3396 1275 3506 1330; x_wconf 70' lang='lat' dir='ltr'>haec</span> 
     </span>
    </p>
   </div>
   <div class='ocr_carea' id='block_1_31' title="bbox 1870 1365 3053 1434">
    <p class='ocr_par' dir='ltr' id='par_1_31' title="bbox 1870 1365 3053 1434">
     <span class='ocr_line' id='line_1_31' title="bbox 1870 1365 3053 1434; baseline 0.003 -15"><span class='ocrx_word' id='word_1_185' title='bbox 1870 1366 2098 1434; x_wconf 84' lang='lat' dir='ltr'>epistola</span> <span class='ocrx_word' id='word_1_186' title='bbox 2126 1382 2160 1419; x_wconf 89' lang='lat' dir='ltr'>a</span> <span class='ocrx_word' id='word_1_187' title='bbox 2185 1365 2439 1433; x_wconf 79' lang='lat' dir='ltr'>Gregorio</span> <span class='ocrx_word' id='word_1_188' title='bbox 2471 1368 2772 1422; x_wconf 80' lang='lat' dir='ltr'>Turonensi</span> <span class='ocrx_word' id='word_1_189' title='bbox 2795 1370 3053 1434; x_wconf 78' lang='lat' dir='ltr'>refertur.</span> 
     </span>
    </p>
   </div>
   <div class='ocr_carea' id='block_1_32' title="bbox 1872 1601 3503 1673">
    <p class='ocr_par' dir='ltr' id='par_1_32' title="bbox 1872 1601 3503 1673">
     <span class='ocr_line' id='line_1_32' title="bbox 1872 1601 3503 1673; baseline 0.004 -18"><span class='ocrx_word' id='word_1_190' title='bbox 1872 1601 2106 1673; x_wconf 88' lang='lat' dir='ltr'>perstite</span> <span class='ocrx_word' id='word_1_191' title='bbox 2132 1601 2319 1656; x_wconf 89' lang='lat' dir='ltr'>adhuc</span> <span class='ocrx_word' id='word_1_192' title='bbox 2345 1602 2590 1659; x_wconf 73' lang='lat' dir='ltr'>Caesario</span> <span class='ocrx_word' id='word_1_193' title='bbox 2619 1602 2923 1669; x_wconf 63' lang='lat' dir='ltr'>defunctas,</span> <span class='ocrx_word' id='word_1_194' title='bbox 2953 1603 3010 1657; x_wconf 93' lang='lat' dir='ltr'>in</span> <span class='ocrx_word' id='word_1_195' title='bbox 3042 1603 3342 1658; x_wconf 66' lang='lat' dir='ltr'>abbatissm</span> <span class='ocrx_word' id='word_1_196' title='bbox 3376 1621 3503 1661; x_wconf 88' lang='lat' dir='ltr'>mu-</span> 
     </span>
    </p>
   </div>
   <div class='ocr_carea' id='block_1_33' title="bbox 1872 1673 3507 1745">
    <p class='ocr_par' dir='ltr' id='par_1_33' title="bbox 1872 1673 3507 1745">
     <span class='ocr_line' id='line_1_33' title="bbox 1872 1673 3507 1745; baseline 0.004 -20"><span class='ocrx_word' id='word_1_197' title='bbox 1872 1689 2010 1726; x_wconf 90' lang='lat' dir='ltr'>nere</span> <span class='ocrx_word' id='word_1_198' title='bbox 2037 1674 2325 1745; x_wconf 84' lang='lat' dir='ltr'>successit,</span> <span class='ocrx_word' id='word_1_199' title='bbox 2352 1678 2414 1728; x_wconf 90' lang='lat' dir='ltr'>ut</span> <span class='ocrx_word' id='word_1_200' title='bbox 2434 1676 2633 1728; x_wconf 89' lang='lat' dir='ltr'>auctor</span> <span class='ocrx_word' id='word_1_201' title='bbox 2653 1677 2739 1727; x_wconf 89' lang='lat' dir='ltr'>est</span> <span class='ocrx_word' id='word_1_202' title='bbox 2758 1673 3073 1745; x_wconf 84' lang='lat' dir='ltr'>Cyprianus</span> <span class='ocrx_word' id='word_1_203' title='bbox 3094 1674 3152 1728; x_wconf 92' lang='lat' dir='ltr'>in</span> <span class='ocrx_word' id='word_1_204' title='bbox 3179 1676 3304 1730; x_wconf 86' lang='lat' dir='ltr'>Vita</span> <span class='ocrx_word' id='word_1_205' title='bbox 3325 1678 3507 1731; x_wconf 88' lang='lat' dir='ltr'>sancti</span> 
     </span>
    </p>
   </div>
   <div class='ocr_carea' id='block_1_34' title="bbox 1872 1744 3506 1817">
    <p class='ocr_par' dir='ltr' id='par_1_34' title="bbox 1872 1744 3506 1817">
     <span class='ocr_line' id='line_1_34' title="bbox 1872 1744 3506 1817; baseline 0.003 -20"><span class='ocrx_word' id='word_1_206' title='bbox 1872 1744 2122 1817; x_wconf 81' lang='lat' dir='ltr'>Caesarii,</span> <span class='ocrx_word' id='word_1_207' title='bbox 2149 1745 2601 1817; x_wconf 63' lang='lat' dir='ltr'>quamCaesariae</span> <span class='ocrx_word' id='word_1_208' title='bbox 2622 1745 2791 1815; x_wconf 90' lang='lat' dir='ltr'>hujus</span> <span class='ocrx_word' id='word_1_209' title='bbox 2818 1749 3026 1815; x_wconf 87' lang='lat' dir='ltr'>rogatu</span> <span class='ocrx_word' id='word_1_210' title='bbox 3053 1748 3393 1817; x_wconf 89' lang='lat' dir='ltr'>composuit.</span> <span class='ocrx_word' id='word_1_211' title='bbox 3421 1749 3506 1802; x_wconf 90' lang='lat' dir='ltr'>Ab</span> 
     </span>
    </p>
   </div>
   <div class='ocr_carea' id='block_1_35' title="bbox 1872 1815 3503 1888">
    <p class='ocr_par' dir='ltr' id='par_1_35' title="bbox 1872 1815 3503 1888">
     <span class='ocr_line' id='line_1_35' title="bbox 1872 1815 3503 1888; baseline 0.004 -21"><span class='ocrx_word' id='word_1_212' title='bbox 1872 1815 1978 1870; x_wconf 88' lang='lat' dir='ltr'>hac</span> <span class='ocrx_word' id='word_1_213' title='bbox 2009 1815 2603 1888; x_wconf 83' lang='lat' dir='ltr'>eademRadegundis</span> <span class='ocrx_word' id='word_1_214' title='bbox 2626 1817 2889 1888; x_wconf 87' lang='lat' dir='ltr'>regulam</span> <span class='ocrx_word' id='word_1_215' title='bbox 2901 1816 3151 1885; x_wconf 72' lang='lat' dir='ltr'>Caesarii,</span> <span class='ocrx_word' id='word_1_216' title='bbox 3181 1815 3355 1888; x_wconf 81' lang='lat' dir='ltr'>quam</span> <span class='ocrx_word' id='word_1_217' title='bbox 3380 1835 3503 1873; x_wconf 90' lang='lat' dir='ltr'>mo-</span> 
     </span>
    </p>
   </div>
   <div class='ocr_carea' id='block_1_36' title="bbox 1874 1887 3148 1959">
    <p class='ocr_par' dir='ltr' id='par_1_36' title="bbox 1874 1887 3148 1959">
     <span class='ocr_line' id='line_1_36' title="bbox 1874 1887 3148 1959; baseline 0.003 -20"><span class='ocrx_word' id='word_1_218' title='bbox 1874 1887 2120 1941; x_wconf 87' lang='lat' dir='ltr'>nasterio</span> <span class='ocrx_word' id='word_1_219' title='bbox 2152 1904 2254 1941; x_wconf 90' lang='lat' dir='ltr'>suo</span> <span class='ocrx_word' id='word_1_220' title='bbox 2277 1888 2553 1955; x_wconf 88' lang='lat' dir='ltr'>traderet,</span> <span class='ocrx_word' id='word_1_221' title='bbox 2583 1887 2814 1959; x_wconf 87' lang='lat' dir='ltr'>expetit.</span> <span class='ocrx_word' id='word_1_222' title='bbox 2840 1889 2959 1943; x_wconf 53' lang='lat' dir='ltr'>Jac.</span> <span class='ocrx_word' id='word_1_223' title='bbox 2993 1888 3148 1943; x_wconf 71' lang='lat' dir='ltr'>Sum.</span> 
     </span>
    </p>
   </div>
   <div class='ocr_carea' id='block_1_37' title="bbox 614 2263 3043 2429">
    <p class='ocr_par' dir='ltr' id='par_1_37' title="bbox 614 2263 3043 2429">
     <span class='ocr_line' id='line_1_37' title="bbox 614 2263 3043 2429; baseline -0 -30"><span class='ocrx_word' id='word_1_224' title='bbox 614 2270 1592 2400; x_wconf 83' lang='lat' dir='ltr'>DECRETUM</span> <span class='ocrx_word' id='word_1_225' title='bbox 1729 2263 3043 2429; x_wconf 82' lang='lat' dir='ltr'>EPISCOPORUM,</span> 
     </span>
    </p>
   </div>
   <div class='ocr_carea' id='block_1_38' title="bbox 734 2493 1759 2552">
    <p class='ocr_par' dir='ltr' id='par_1_38' title="bbox 734 2494 1759 2552">
     <span class='ocr_line' id='line_1_38' title="bbox 734 2494 1759 2552; baseline -0.003 -10"><span class='ocrx_word' id='word_1_226' title='bbox 734 2497 900 2552; x_wconf 90' lang='lat' dir='ltr'><strong>QUOD</strong></span> <span class='ocrx_word' id='word_1_227' title='bbox 946 2496 1252 2542; x_wconf 83' lang='lat' dir='ltr'>SUSCEPTA</span> <span class='ocrx_word' id='word_1_228' title='bbox 1295 2495 1512 2540; x_wconf 76' lang='grc' dir='ltr'>ΒΕΑΤΔΞ</span> <span class='ocrx_word' id='word_1_229' title='bbox 1551 2494 1759 2539; x_wconf 66' lang='grc' dir='ltr'>ΒΛῺΕΟ</span> 
     </span>
    </p>
   </div>
   <div class='ocr_carea' id='block_1_39' title="bbox 1866 2493 2894 2552">
    <p class='ocr_par' dir='ltr' id='par_1_39' title="bbox 1866 2494 2894 2541">
     <span class='ocr_line' id='line_1_39' title="bbox 1866 2494 2894 2541; baseline -0.001 -3"><span class='ocrx_word' id='word_1_230' title='bbox 1866 2495 1942 2539; x_wconf 89' lang='lat' dir='ltr'>)IS</span> <span class='ocrx_word' id='word_1_231' title='bbox 1986 2494 2289 2541; x_wconf 84' lang='lat' dir='ltr'>EPISTOLA</span> <span class='ocrx_word' id='word_1_232' title='bbox 2333 2494 2894 2541; x_wconf 78' lang='lat' dir='ltr'>CONSCRIPSERUNT.</span> 
     </span>
    </p>
   </div>
   <div class='ocr_carea' id='block_1_40' title="bbox 198 2635 3175 2723">
    <p class='ocr_par' dir='ltr' id='par_1_40' title="bbox 198 2635 3175 2723">
     <span class='ocr_line' id='line_1_40' title="bbox 198 2635 3175 2723; baseline -0 -31"><span class='ocrx_word' id='word_1_233' title='bbox 198 2638 463 2693; x_wconf 76' lang='lat' dir='ltr'>Dominae</span> <span class='ocrx_word' id='word_1_234' title='bbox 494 2637 861 2707; x_wconf 69' lang='lat' dir='ltr'>beatissimaa,</span> <span class='ocrx_word' id='word_1_235' title='bbox 882 2642 940 2693; x_wconf 92' lang='lat' dir='ltr'>et</span> <span class='ocrx_word' id='word_1_236' title='bbox 986 2639 1046 2693; x_wconf 91' lang='lat' dir='ltr'>in</span> <span class='ocrx_word' id='word_1_237' title='bbox 1095 2636 1317 2693; x_wconf 88' lang='lat' dir='ltr'>Christo</span> <span class='ocrx_word' id='word_1_238' title='bbox 1357 2636 1608 2692; x_wconf 68' lang='lat' dir='ltr'>ecclesiae</span> <span class='ocrx_word' id='word_1_239' title='bbox 1638 2635 1767 2692; x_wconf 66' lang='lat' dir='ltr'>ﬁlia:</span> <span class='ocrx_word' id='word_1_240' title='bbox 1787 2650 1844 2723; x_wconf 85' lang='lat' dir='ltr'><strong>B</strong></span> <span class='ocrx_word' id='word_1_241' title='bbox 1868 2653 2081 2692; x_wconf 78' lang='lat' dir='ltr'>mensae</span> <span class='ocrx_word' id='word_1_242' title='bbox 2102 2635 2413 2692; x_wconf 86' lang='lat' dir='ltr'>divinitatis</span> <span class='ocrx_word' id='word_1_243' title='bbox 2444 2635 2741 2709; x_wconf 90' lang='lat' dir='ltr'>provisura</span> <span class='ocrx_word' id='word_1_244' title='bbox 2764 2636 3043 2704; x_wconf 86' lang='lat' dir='ltr'>remedia,</span> <span class='ocrx_word' id='word_1_245' title='bbox 3067 2639 3175 2692; x_wconf 90' lang='lat' dir='ltr'>etc.</span> 
     </span>
    </p>
   </div>
   <div class='ocr_carea' id='block_1_41' title="bbox 134 2730 1766 2803">
    <p class='ocr_par' dir='ltr' id='par_1_41' title="bbox 134 2730 1766 2803">
     <span class='ocr_line' id='line_1_41' title="bbox 134 2730 1766 2803; baseline 0.001 -19"><span class='ocrx_word' id='word_1_246' title='bbox 134 2730 503 2802; x_wconf 83' lang='lat' dir='ltr'>Radegundi,</span> <span class='ocrx_word' id='word_1_247' title='bbox 542 2733 933 2803; x_wconf 87' lang='lat' dir='ltr'>Euphronius,</span> <span class='ocrx_word' id='word_1_248' title='bbox 984 2734 1380 2800; x_wconf 66' lang='lat' dir='ltr'>Praetextatus,</span> <span class='ocrx_word' id='word_1_249' title='bbox 1422 2732 1766 2797; x_wconf 86' lang='lat' dir='ltr'>Germanus,</span> 
     </span>
    </p>
   </div>
   <div class='ocr_carea' id='block_1_42' title="bbox 133 2823 1766 2896">
    <p class='ocr_par' dir='ltr' id='par_1_42' title="bbox 133 2823 1766 2896">
     <span class='ocr_line' id='line_1_42' title="bbox 133 2823 1766 2896; baseline 0.001 -19"><span class='ocrx_word' id='word_1_250' title='bbox 133 2824 293 2893; x_wconf 83' lang='lat' dir='ltr'>Felix,</span> <span class='ocrx_word' id='word_1_251' title='bbox 308 2824 737 2893; x_wconf 65' lang='lat' dir='ltr'>Domitiannus,,</span> <span class='ocrx_word' id='word_1_252' title='bbox 761 2825 1040 2882; x_wconf 88' lang='lat' dir='ltr'>Victorius</span> <span class='ocrx_word' id='word_1_253' title='bbox 1060 2829 1119 2881; x_wconf 91' lang='lat' dir='ltr'>et</span> <span class='ocrx_word' id='word_1_254' title='bbox 1133 2827 1472 2894; x_wconf 91' lang='lat' dir='ltr'>Domnolus,</span> <span class='ocrx_word' id='word_1_255' title='bbox 1496 2823 1766 2896; x_wconf 90' lang='lat' dir='ltr'>episcopi.</span> 
     </span>
    </p>
   </div>
   <div class='ocr_carea' id='block_1_43' title="bbox 196 2918 1766 2991">
    <p class='ocr_par' dir='ltr' id='par_1_43' title="bbox 196 2918 1766 2991">
     <span class='ocr_line' id='line_1_43' title="bbox 196 2918 1766 2991; baseline 0.002 -19"><span class='ocrx_word' id='word_1_256' title='bbox 196 2918 454 2974; x_wconf 89' lang='lat' dir='ltr'>Sollicita</span> <span class='ocrx_word' id='word_1_257' title='bbox 471 2920 842 2991; x_wconf 86' lang='lat' dir='ltr'>suntjugiter</span> <span class='ocrx_word' id='word_1_258' title='bbox 868 2920 1019 2975; x_wconf 91' lang='lat' dir='ltr'>circa</span> <span class='ocrx_word' id='word_1_259' title='bbox 1060 2936 1242 2990; x_wconf 86' lang='lat' dir='ltr'>genus</span> <span class='ocrx_word' id='word_1_260' title='bbox 1282 2920 1609 2976; x_wconf 90' lang='lat' dir='ltr'>humanum</span> <span class='ocrx_word' id='word_1_261' title='bbox 1656 2920 1766 2975; x_wconf 93' lang='lat' dir='ltr'>im-</span> 
     </span>
    </p>
   </div>
   <div class='ocr_carea' id='block_1_44' title="bbox 1938 2721 3497 2802">
    <p class='ocr_par' dir='ltr' id='par_1_44' title="bbox 1938 2721 3497 2802">
     <span class='ocr_line' id='line_1_44' title="bbox 1938 2721 3497 2802; baseline -0.001 -16"><span class='ocrx_word' id='word_1_262' title='bbox 1938 2733 2169 2801; x_wconf 81' lang='lat' dir='ltr'>Reliqua</span> <span class='ocrx_word' id='word_1_263' title='bbox 2195 2732 2395 2787; x_wconf 73' lang='lat' dir='ltr'>videsz&#39;s</span> <span class='ocrx_word' id='word_1_264' title='bbox 2426 2732 2582 2799; x_wconf 85' lang='lat' dir='ltr'>Greg.</span> <span class='ocrx_word' id='word_1_265' title='bbox 2613 2721 2814 2787; x_wconf 77' lang='lat' dir='ltr'>Turon.</span> <span class='ocrx_word' id='word_1_266' title='bbox 2863 2731 2957 2785; x_wconf 79' lang='lat' dir='ltr'>lib.</span> <span class='ocrx_word' id='word_1_267' title='bbox 2994 2747 3068 2795; x_wconf 84' lang='lat' dir='ltr'>1x,</span> <span class='ocrx_word' id='word_1_268' title='bbox 3114 2748 3234 2802; x_wconf 80' lang='lat' dir='ltr'>cap.</span> <span class='ocrx_word' id='word_1_269' title='bbox 3276 2734 3365 2800; x_wconf 88' lang='lat'>39,</span> <span class='ocrx_word' id='word_1_270' title='bbox 3396 2732 3497 2786; x_wconf 84' lang='lat' dir='ltr'>col.</span> 
     </span>
    </p>
   </div>
   <div class='ocr_carea' id='block_1_45' title="bbox 1871 2825 2379 2896">
    <p class='ocr_par' dir='ltr' id='par_1_45' title="bbox 1871 2825 2379 2896">
     <span class='ocr_line' id='line_1_45' title="bbox 1871 2825 2379 2896; baseline -0.002 -16"><span class='ocrx_word' id='word_1_271' title='bbox 1871 2828 1971 2880; x_wconf 79' lang='grc'>516</span> <span class='ocrx_word' id='word_1_272' title='bbox 1992 2830 2119 2881; x_wconf 89' lang='lat' dir='ltr'>tom.</span> <span class='ocrx_word' id='word_1_273' title='bbox 2140 2825 2379 2896; x_wconf 69' lang='lat' dir='ltr'>praeced.</span> 
     </span>
    </p>
   </div>
   <div class='ocr_carea' id='block_1_46' title="bbox 1288 3246 2333 3294">
    <p class='ocr_par' dir='ltr' id='par_1_46' title="bbox 1288 3246 2333 3294">
     <span class='ocr_line' id='line_1_46' title="bbox 1288 3246 2333 3294; baseline -0.001 -1"><span class='ocrx_word' id='word_1_274' title='bbox 1288 3248 1455 3294; x_wconf 77' lang='lat' dir='ltr'>ANNO</span> <span class='ocrx_word' id='word_1_275' title='bbox 1502 3248 1718 3293; x_wconf 83' lang='lat' dir='ltr'>DOMINI</span> <span class='ocrx_word' id='word_1_276' title='bbox 1766 3246 2333 3293; x_wconf 80' lang='lat' dir='ltr'>DLXXIII-DLXXVII.</span> 
     </span>
    </p>
   </div>
   <div class='ocr_carea' id='block_1_47' title="bbox 529 3392 3121 3599">
    <p class='ocr_par' dir='ltr' id='par_1_47' title="bbox 529 3392 3121 3599">
     <span class='ocr_line' id='line_1_47' title="bbox 529 3392 3121 3599; baseline 0.001 -7"><span class='ocrx_word' id='word_1_277' title='bbox 529 3393 2029 3599; x_wconf 86' lang='lat' dir='ltr'>BENEDICTUS</span> <span class='ocrx_word' id='word_1_278' title='bbox 2181 3392 2817 3592; x_wconf 86' lang='lat' dir='ltr'>PAPA</span> <span class='ocrx_word' id='word_1_279' title='bbox 2975 3395 3121 3596; x_wconf 90' lang='grc' dir='ltr'>Ι.</span> 
     </span>
    </p>
   </div>
   <div class='ocr_carea' id='block_1_48' title="bbox 745 3833 2796 3947">
    <p class='ocr_par' dir='ltr' id='par_1_48' title="bbox 745 3833 2796 3947">
     <span class='ocr_line' id='line_1_48' title="bbox 745 3833 2796 3947; baseline -0.001 -4"><span class='ocrx_word' id='word_1_280' title='bbox 745 3856 753 3860; x_wconf 65' lang='grc'><em>’</em></span> <span class='ocrx_word' id='word_1_281' title='bbox 830 3857 1295 3946; x_wconf 88' lang='lat' dir='ltr'>NOTITIA</span> <span class='ocrx_word' id='word_1_282' title='bbox 1381 3859 1525 3946; x_wconf 88' lang='lat' dir='ltr'>EX</span> <span class='ocrx_word' id='word_1_283' title='bbox 1614 3860 1952 3947; x_wconf 83' lang='lat' dir='ltr'>LIBRO</span> <span class='ocrx_word' id='word_1_284' title='bbox 2043 3833 2796 3945; x_wconf 87' lang='lat' dir='ltr'>PONTIFICALI.</span> 
     </span>
    </p>
   </div>
   <div class='ocr_carea' id='block_1_49' title="bbox 185 4133 3495 4231">
    <p class='ocr_par' dir='ltr' id='par_1_49' title="bbox 185 4133 3495 4231">
     <span class='ocr_line' id='line_1_49' title="bbox 185 4133 3495 4231; baseline 0.001 -42"><span class='ocrx_word' id='word_1_285' title='bbox 185 4133 574 4231; x_wconf 48' lang='lat' dir='ltr'>lienedictus&quot;</span> <span class='ocrx_word' id='word_1_286' title='bbox 598 4138 834 4193; x_wconf 86' lang='lat' dir='ltr'>natione</span> <span class='ocrx_word' id='word_1_287' title='bbox 853 4139 1147 4195; x_wconf 82' lang='lat' dir='ltr'>Romanus</span> <span class='ocrx_word' id='word_1_288' title='bbox 1159 4157 1225 4196; x_wconf 86' lang='lat' dir='ltr'>ex</span> <span class='ocrx_word' id='word_1_289' title='bbox 1250 4144 1415 4213; x_wconf 89' lang='lat' dir='ltr'>patre</span> <span class='ocrx_word' id='word_1_290' title='bbox 1436 4140 1752 4211; x_wconf 87' lang='lat' dir='ltr'>Bonifacio,</span> <span class='ocrx_word' id='word_1_291' title='bbox 1775 4154 1830 4231; x_wconf 70' lang='grc' dir='ltr'><strong>ρ</strong></span> <span class='ocrx_word' id='word_1_292' title='bbox 1858 4139 2085 4213; x_wconf 84' lang='lat' dir='ltr'>eodem]</span> <span class='ocrx_word' id='word_1_293' title='bbox 2122 4142 2383 4211; x_wconf 85' lang='lat' dir='ltr'>tempore</span> <span class='ocrx_word' id='word_1_294' title='bbox 2426 4153 2571 4210; x_wconf 88' lang='lat' dir='ltr'>gens</span> <span class='ocrx_word' id='word_1_295' title='bbox 2597 4136 3147 4209; x_wconf 80' lang='lat' dir='ltr'>Langobardorumc</span> <span class='ocrx_word' id='word_1_296' title='bbox 3183 4134 3389 4191; x_wconf 85' lang='lat' dir='ltr'>invasit</span> <span class='ocrx_word' id='word_1_297' title='bbox 3412 4138 3495 4191; x_wconf 91' lang='lat' dir='ltr'>to-</span> 
     </span>
    </p>
   </div>
   <div class='ocr_carea' id='block_1_50' title="bbox 120 4226 1750 4305">
    <p class='ocr_par' dir='ltr' id='par_1_50' title="bbox 120 4226 1750 4305">
     <span class='ocr_line' id='line_1_50' title="bbox 120 4226 1750 4305; baseline 0.006 -25"><span class='ocrx_word' id='word_1_298' title='bbox 120 4226 259 4282; x_wconf 89' lang='lat' dir='ltr'>sedit</span> <span class='ocrx_word' id='word_1_299' title='bbox 289 4246 484 4285; x_wconf 90' lang='lat' dir='ltr'>annos</span> <span class='ocrx_word' id='word_1_300' title='bbox 511 4230 539 4270; x_wconf 73' lang='grc' dir='ltr'>δ</span> <span class='ocrx_word' id='word_1_301' title='bbox 564 4234 812 4303; x_wconf 87' lang='lat' dir='ltr'>quatuor</span> <span class='ocrx_word' id='word_1_302' title='bbox 832 4232 928 4305; x_wconf 89' lang='lat' dir='ltr'>(a),</span> <span class='ocrx_word' id='word_1_303' title='bbox 956 4250 1220 4289; x_wconf 89' lang='lat' dir='ltr'>mensem</span> <span class='ocrx_word' id='word_1_304' title='bbox 1263 4252 1463 4304; x_wconf 90' lang='lat' dir='ltr'>unum,</span> <span class='ocrx_word' id='word_1_305' title='bbox 1506 4235 1629 4290; x_wconf 91' lang='lat' dir='ltr'>dies</span> <span class='ocrx_word' id='word_1_306' title='bbox 1669 4235 1750 4289; x_wconf 89' lang='lat' dir='ltr'>vi-</span> 
     </span>
    </p>
   </div>
   <div class='ocr_carea' id='block_1_51' title="bbox 116 4319 1751 4402">
    <p class='ocr_par' dir='ltr' id='par_1_51' title="bbox 116 4319 1751 4402">
     <span class='ocr_line' id='line_1_51' title="bbox 116 4319 1751 4402; baseline 0.012 -29"><span class='ocrx_word' id='word_1_307' title='bbox 116 4319 256 4389; x_wconf 85' lang='lat' dir='ltr'>ginti</span> <span class='ocrx_word' id='word_1_308' title='bbox 288 4326 426 4378; x_wconf 86' lang='lat' dir='ltr'>octo</span> <span class='ocrx_word' id='word_1_309' title='bbox 458 4323 607 4394; x_wconf 88' lang='lat' dir='ltr'>[Cod.</span> <span class='ocrx_word' id='word_1_310' title='bbox 639 4328 788 4391; x_wconf 83' lang='lat' dir='ltr'>Luc.,</span> <span class='ocrx_word' id='word_1_311' title='bbox 831 4327 1086 4401; x_wconf 86' lang='lat' dir='ltr'>novem].</span> <span class='ocrx_word' id='word_1_312' title='bbox 1121 4328 1390 4400; x_wconf 86' lang='lat' dir='ltr'>Ejusdem</span> <span class='ocrx_word' id='word_1_313' title='bbox 1423 4328 1572 4402; x_wconf 91' lang='lat' dir='ltr'>[Cod.</span> <span class='ocrx_word' id='word_1_314' title='bbox 1603 4332 1751 4392; x_wconf 50' lang='lat' dir='ltr'>Luc”</span> 
     </span>
    </p>
   </div>
   <div class='ocr_carea' id='block_1_52' title="bbox 1852 4230 3492 4305">
    <p class='ocr_par' dir='ltr' id='par_1_52' title="bbox 1852 4230 3492 4305">
     <span class='ocr_line' id='line_1_52' title="bbox 1852 4230 3492 4305; baseline -0.003 -15"><span class='ocrx_word' id='word_1_315' title='bbox 1852 4237 1975 4290; x_wconf 88' lang='lat' dir='ltr'>tam</span> <span class='ocrx_word' id='word_1_316' title='bbox 1988 4233 2231 4303; x_wconf 89' lang='lat' dir='ltr'>Italiam,</span> <span class='ocrx_word' id='word_1_317' title='bbox 2253 4232 2535 4305; x_wconf 88' lang='lat' dir='ltr'>simulque</span> <span class='ocrx_word' id='word_1_318' title='bbox 2557 4234 2616 4289; x_wconf 91' lang='lat' dir='ltr'>et</span> <span class='ocrx_word' id='word_1_319' title='bbox 2636 4234 2818 4287; x_wconf 87' lang='lat' dir='ltr'>fames</span> <span class='ocrx_word' id='word_1_320' title='bbox 2838 4230 3037 4299; x_wconf 88' lang='lat' dir='ltr'>nimia,</span> <span class='ocrx_word' id='word_1_321' title='bbox 3061 4232 3123 4285; x_wconf 92' lang='lat' dir='ltr'>ut</span> <span class='ocrx_word' id='word_1_322' title='bbox 3147 4230 3321 4285; x_wconf 90' lang='lat' dir='ltr'>etiam</span> <span class='ocrx_word' id='word_1_323' title='bbox 3345 4232 3492 4286; x_wconf 92' lang='lat' dir='ltr'>mul-</span> 
     </span>
    </p>
   </div>
   <div class='ocr_carea' id='block_1_53' title="bbox 1854 4324 3492 4399">
    <p class='ocr_par' dir='ltr' id='par_1_53' title="bbox 1854 4324 3492 4399">
     <span class='ocr_line' id='line_1_53' title="bbox 1854 4324 3492 4399; baseline -0.002 -16"><span class='ocrx_word' id='word_1_324' title='bbox 1854 4328 2039 4384; x_wconf 89' lang='lat' dir='ltr'>titudo</span> <span class='ocrx_word' id='word_1_325' title='bbox 2060 4331 2379 4384; x_wconf 86' lang='lat' dir='ltr'>castrorum</span> <span class='ocrx_word' id='word_1_326' title='bbox 2404 4345 2462 4384; x_wconf 91' lang='lat' dir='ltr'>se</span> <span class='ocrx_word' id='word_1_327' title='bbox 2488 4326 2744 4385; x_wconf 85' lang='lat' dir='ltr'>traderet</span> <span class='ocrx_word' id='word_1_328' title='bbox 2763 4324 3175 4399; x_wconf 88' lang='lat' dir='ltr'>Langobardis,</span> <span class='ocrx_word' id='word_1_329' title='bbox 3196 4328 3259 4380; x_wconf 91' lang='lat' dir='ltr'>ut</span> <span class='ocrx_word' id='word_1_330' title='bbox 3272 4328 3492 4398; x_wconf 90' lang='lat' dir='ltr'>tempe-</span> 
     </span>
    </p>
   </div>
   <div class='ocr_carea' id='block_1_54' title="bbox 1414 4485 2184 4542">
    <p class='ocr_par' dir='ltr' id='par_1_54' title="bbox 1414 4485 2184 4542">
     <span class='ocr_line' id='line_1_54' title="bbox 1414 4485 2184 4542; baseline -0.004 -1"><span class='ocrx_word' id='word_1_331' title='bbox 1414 4486 1611 4541; x_wconf 71' lang='lat' dir='ltr'>NOTIE</span> <span class='ocrx_word' id='word_1_332' title='bbox 1649 4485 1961 4541; x_wconf 83' lang='lat' dir='ltr'>SEVERINI</span> <span class='ocrx_word' id='word_1_333' title='bbox 2002 4485 2184 4542; x_wconf 87' lang='lat' dir='ltr'><strong>BINII.</strong></span> 
     </span>
    </p>
   </div>
   <div class='ocr_carea' id='block_1_55' title="bbox 174 4593 1745 4659">
    <p class='ocr_par' dir='ltr' id='par_1_55' title="bbox 174 4593 1745 4659">
     <span class='ocr_line' id='line_1_55' title="bbox 174 4593 1745 4659; baseline 0.008 -13"><span class='ocrx_word' id='word_1_334' title='bbox 174 4596 200 4627; x_wconf 78' lang='grc'><strong><em>⁸</em></strong></span> <span class='ocrx_word' id='word_1_335' title='bbox 226 4594 370 4648; x_wconf 90' lang='lat' dir='ltr'>Cum</span> <span class='ocrx_word' id='word_1_336' title='bbox 392 4593 659 4652; x_wconf 80' lang='lat' dir='ltr'>Romana</span> <span class='ocrx_word' id='word_1_337' title='bbox 689 4597 855 4654; x_wconf 88' lang='lat' dir='ltr'>sedes</span> <span class='ocrx_word' id='word_1_338' title='bbox 885 4600 958 4655; x_wconf 90' lang='lat' dir='ltr'>ob</span> <span class='ocrx_word' id='word_1_339' title='bbox 989 4603 1269 4656; x_wconf 89' lang='lat' dir='ltr'>tumultus</span> <span class='ocrx_word' id='word_1_340' title='bbox 1288 4601 1521 4659; x_wconf 90' lang='lat' dir='ltr'>bellicos</span> <span class='ocrx_word' id='word_1_341' title='bbox 1553 4619 1745 4659; x_wconf 87' lang='lat' dir='ltr'>vacas-</span> 
     </span>
    </p>
   </div>
   <div class='ocr_carea' id='block_1_56' title="bbox 112 4664 1748 4746">
    <p class='ocr_par' dir='ltr' id='par_1_56' title="bbox 112 4664 1748 4746">
     <span class='ocr_line' id='line_1_56' title="bbox 112 4664 1748 4746; baseline 0.01 -32"><span class='ocrx_word' id='word_1_342' title='bbox 112 4664 193 4746; x_wconf 53' lang='lat' dir='ltr'>snet</span> <span class='ocrx_word' id='word_1_343' title='bbox 228 4680 466 4746; x_wconf 75' lang='lat' dir='ltr'>menses</span> <span class='ocrx_word' id='word_1_344' title='bbox 499 4666 697 4722; x_wconf 88' lang='lat' dir='ltr'>decem</span> <span class='ocrx_word' id='word_1_345' title='bbox 735 4674 793 4746; x_wconf 77' lang='lat' dir='ltr'>et</span> <span class='ocrx_word' id='word_1_346' title='bbox 832 4674 948 4725; x_wconf 86' lang='lat' dir='ltr'>tres</span> <span class='ocrx_word' id='word_1_347' title='bbox 977 4672 1119 4742; x_wconf 90' lang='lat' dir='ltr'>dies,</span> <span class='ocrx_word' id='word_1_348' title='bbox 1169 4674 1525 4744; x_wconf 89' lang='lat' dir='ltr'>Benedictus,</span> <span class='ocrx_word' id='word_1_349' title='bbox 1575 4692 1748 4746; x_wconf 88' lang='lat' dir='ltr'>quem</span> 
     </span>
    </p>
   </div>
   <div class='ocr_carea' id='block_1_57' title="bbox 111 4732 1747 4816">
    <p class='ocr_par' dir='ltr' id='par_1_57' title="bbox 111 4732 1747 4816">
     <span class='ocr_line' id='line_1_57' title="bbox 111 4732 1747 4816; baseline 0.01 -30"><span class='ocrx_word' id='word_1_350' title='bbox 111 4732 285 4816; x_wconf 51' lang='lat' dir='ltr'>graeci</span> <span class='ocrx_word' id='word_1_351' title='bbox 313 4737 607 4816; x_wconf 66' lang='lat' dir='ltr'>Bonosum</span> <span class='ocrx_word' id='word_1_352' title='bbox 620 4741 942 4816; x_wconf 67' lang='lat' dir='ltr'>nominant,</span> <span class='ocrx_word' id='word_1_353' title='bbox 958 4732 1183 4798; x_wconf 78' lang='lat' dir='ltr'>creatus</span> <span class='ocrx_word' id='word_1_354' title='bbox 1196 4749 1283 4799; x_wconf 91' lang='lat' dir='ltr'>est</span> <span class='ocrx_word' id='word_1_355' title='bbox 1294 4746 1453 4816; x_wconf 87' lang='lat' dir='ltr'>ponti</span> <span class='ocrx_word' id='word_1_356' title='bbox 1464 4732 1552 4800; x_wconf 52' lang='lat' dir='ltr'>fe&#39;x</span> <span class='ocrx_word' id='word_1_357' title='bbox 1569 4732 1660 4801; x_wconf 73' lang='lat' dir='ltr'>die</span> <span class='ocrx_word' id='word_1_358' title='bbox 1686 4751 1747 4801; x_wconf 84' lang='grc'><strong>16</strong></span> 
     </span>
    </p>
   </div>
   <div class='ocr_carea' id='block_1_58' title="bbox 108 4802 1749 4889">
    <p class='ocr_par' dir='ltr' id='par_1_58' title="bbox 108 4802 1749 4889">
     <span class='ocr_line' id='line_1_58' title="bbox 108 4802 1749 4889; baseline 0.009 -31"><span class='ocrx_word' id='word_1_359' title='bbox 108 4802 254 4889; x_wconf 66' lang='lat' dir='ltr'>ittaii,</span> <span class='ocrx_word' id='word_1_360' title='bbox 281 4824 451 4889; x_wconf 32' lang='lat' dir='ltr'>anno,</span> <span class='ocrx_word' id='word_1_361' title='bbox 463 4810 671 4889; x_wconf 78' lang='lat' dir='ltr'>Christi</span> <span class='ocrx_word' id='word_1_362' title='bbox 688 4802 1090 4889; x_wconf 76' lang='lat' dir='ltr'>Redemptoris</span> <span class='ocrx_word' id='word_1_363' title='bbox 1107 4820 1229 4889; x_wconf 82' lang='lat'>573.</span> <span class='ocrx_word' id='word_1_364' title='bbox 1261 4802 1438 4886; x_wconf 67' lang='lat' dir='ltr'>Hujus</span> <span class='ocrx_word' id='word_1_365' title='bbox 1484 4821 1749 4889; x_wconf 89' lang='lat' dir='ltr'>tempore</span> 
     </span>
    </p>
   </div>
   <div class='ocr_carea' id='block_1_59' title="bbox 108 4873 1753 4958">
    <p class='ocr_par' dir='ltr' id='par_1_59' title="bbox 108 4873 1753 4958">
     <span class='ocr_line' id='line_1_59' title="bbox 108 4873 1753 4958; baseline 0.01 -30"><span class='ocrx_word' id='word_1_366' title='bbox 108 4873 473 4958; x_wconf 64' lang='lat' dir='ltr'>Langobardi</span> <span class='ocrx_word' id='word_1_367' title='bbox 494 4882 749 4937; x_wconf 82' lang='lat' dir='ltr'>maxima</span> <span class='ocrx_word' id='word_1_368' title='bbox 768 4900 833 4958; x_wconf 83' lang='lat' dir='ltr'>ex</span> <span class='ocrx_word' id='word_1_369' title='bbox 854 4873 1015 4955; x_wconf 75' lang='lat' dir='ltr'>parte</span> <span class='ocrx_word' id='word_1_370' title='bbox 1038 4886 1325 4942; x_wconf 91' lang='lat' dir='ltr'>idolorum</span> <span class='ocrx_word' id='word_1_371' title='bbox 1343 4873 1626 4943; x_wconf 52' lang='lat' dir='ltr'>cultores:</span> <span class='ocrx_word' id='word_1_372' title='bbox 1652 4891 1753 4943; x_wconf 88' lang='lat' dir='ltr'>Ec-</span> 
     </span>
    </p>
   </div>
   <div class='ocr_carea' id='block_1_60' title="bbox 109 4946 1751 5027">
    <p class='ocr_par' dir='ltr' id='par_1_60' title="bbox 109 4946 1751 5027">
     <span class='ocr_line' id='line_1_60' title="bbox 109 4946 1751 5027; baseline 0.009 -27"><span class='ocrx_word' id='word_1_373' title='bbox 109 4946 348 5027; x_wconf 29' lang='lat' dir='ltr'>clesiam‘</span> <span class='ocrx_word' id='word_1_374' title='bbox 378 4950 506 5004; x_wconf 90' lang='lat' dir='ltr'>dira</span> <span class='ocrx_word' id='word_1_375' title='bbox 532 4946 928 5023; x_wconf 78' lang='lat' dir='ltr'>persecutione</span> <span class='ocrx_word' id='word_1_376' title='bbox 946 4962 1243 5027; x_wconf 85' lang='lat' dir='ltr'>vexarunt,</span> <span class='ocrx_word' id='word_1_377' title='bbox 1266 4960 1394 5013; x_wconf 90' lang='lat' dir='ltr'>loca</span> <span class='ocrx_word' id='word_1_378' title='bbox 1413 4976 1574 5016; x_wconf 89' lang='lat' dir='ltr'>sacra</span> <span class='ocrx_word' id='word_1_379' title='bbox 1589 4960 1751 5015; x_wconf 78' lang='lat' dir='ltr'>effos-</span> 
     </span>
    </p>
   </div>
   <div class='ocr_carea' id='block_1_61' title="bbox 107 5024 1748 5102">
    <p class='ocr_par' dir='ltr' id='par_1_61' title="bbox 107 5024 1748 5102">
     <span class='ocr_line' id='line_1_61' title="bbox 107 5024 1748 5102; baseline 0.009 -31"><span class='ocrx_word' id='word_1_380' title='bbox 107 5024 534 5102; x_wconf 60' lang='lat' dir='ltr'>eissanctorurn</span> <span class='ocrx_word' id='word_1_381' title='bbox 545 5029 867 5102; x_wconf 62' lang='lat' dir='ltr'>martyrum</span> <span class='ocrx_word' id='word_1_382' title='bbox 889 5029 1159 5102; x_wconf 80' lang='lat' dir='ltr'>sepulcris</span> <span class='ocrx_word' id='word_1_383' title='bbox 1180 5024 1579 5101; x_wconf 82' lang='lat' dir='ltr'>profanarunt,</span> <span class='ocrx_word' id='word_1_384' title='bbox 1609 5032 1748 5085; x_wconf 69' lang='lat' dir='ltr'>mdi-</span> 
     </span>
    </p>
   </div>
   <div class='ocr_carea' id='block_1_62' title="bbox 108 5087 1751 5173">
    <p class='ocr_par' dir='ltr' id='par_1_62' title="bbox 108 5087 1751 5173">
     <span class='ocr_line' id='line_1_62' title="bbox 108 5087 1751 5173; baseline 0.01 -32"><span class='ocrx_word' id='word_1_385' title='bbox 108 5087 231 5169; x_wconf 74' lang='lat' dir='ltr'>licia</span> <span class='ocrx_word' id='word_1_386' title='bbox 253 5091 313 5145; x_wconf 90' lang='lat' dir='ltr'>in</span> <span class='ocrx_word' id='word_1_387' title='bbox 336 5093 627 5173; x_wconf 73' lang='lat' dir='ltr'>suburbiis</span> <span class='ocrx_word' id='word_1_388' title='bbox 648 5087 1201 5173; x_wconf 25' lang='lat' dir='ltr'>Romaa‘dir‘uerunt‘,</span> <span class='ocrx_word' id='word_1_389' title='bbox 1242 5106 1505 5157; x_wconf 89' lang='lat' dir='ltr'>sanctum</span> <span class='ocrx_word' id='word_1_390' title='bbox 1546 5087 1751 5158; x_wconf 85' lang='lat' dir='ltr'>Cerbo-</span> 
     </span>
    </p>
   </div>
   <div class='ocr_carea' id='block_1_63' title="bbox 111 5169 1753 5246">
    <p class='ocr_par' dir='ltr' id='par_1_63' title="bbox 111 5169 1753 5246">
     <span class='ocr_line' id='line_1_63' title="bbox 111 5169 1753 5246; baseline 0.009 -33"><span class='ocrx_word' id='word_1_391' title='bbox 111 5176 267 5246; x_wconf 81' lang='lat' dir='ltr'>mum</span> <span class='ocrx_word' id='word_1_392' title='bbox 280 5169 620 5246; x_wconf 71' lang='lat' dir='ltr'>episcopum</span> <span class='ocrx_word' id='word_1_393' title='bbox 632 5183 762 5222; x_wconf 92' lang='lat' dir='ltr'>cum</span> <span class='ocrx_word' id='word_1_394' title='bbox 774 5169 887 5223; x_wconf 90' lang='lat' dir='ltr'>suis</span> <span class='ocrx_word' id='word_1_395' title='bbox 900 5171 1118 5246; x_wconf 77' lang='lat' dir='ltr'>clericis</span> <span class='ocrx_word' id='word_1_396' title='bbox 1129 5172 1187 5225; x_wconf 91' lang='lat' dir='ltr'>in</span> <span class='ocrx_word' id='word_1_397' title='bbox 1202 5174 1461 5246; x_wconf 82' lang='lat' dir='ltr'>exsilium</span> <span class='ocrx_word' id='word_1_398' title='bbox 1475 5174 1753 5244; x_wconf 84' lang='lat' dir='ltr'>fugarunt</span> 
     </span>
    </p>
   </div>
   <div class='ocr_carea' id='block_1_64' title="bbox 111 5236 1751 5314">
    <p class='ocr_par' dir='ltr' id='par_1_64' title="bbox 111 5236 1751 5314">
     <span class='ocr_line' id='line_1_64' title="bbox 111 5236 1751 5314; baseline 0.01 -30"><span class='ocrx_word' id='word_1_399' title='bbox 111 5236 408 5304; x_wconf 87' lang='lat' dir='ltr'>octoginta</span> <span class='ocrx_word' id='word_1_400' title='bbox 420 5237 932 5314; x_wconf 85' lang='lat' dir='ltr'>rust_icos,quo_rum</span> <span class='ocrx_word' id='word_1_401' title='bbox 947 5243 1333 5314; x_wconf 86' lang='lat' dir='ltr'>quadraginta</span> <span class='ocrx_word' id='word_1_402' title='bbox 1356 5236 1751 5300; x_wconf 69' lang='lat' dir='ltr'>immolatitias</span> 
     </span>
    </p>
   </div>
   <div class='ocr_carea' id='block_1_65' title="bbox 110 5308 1748 5388">
    <p class='ocr_par' dir='ltr' id='par_1_65' title="bbox 110 5308 1748 5388">
     <span class='ocr_line' id='line_1_65' title="bbox 110 5308 1748 5388; baseline 0.009 -32"><span class='ocrx_word' id='word_1_403' title='bbox 110 5318 313 5388; x_wconf 67' lang='lat' dir='ltr'>earnes</span> <span class='ocrx_word' id='word_1_404' title='bbox 344 5308 673 5388; x_wconf 77' lang='lat' dir='ltr'>comedere,</span> <span class='ocrx_word' id='word_1_405' title='bbox 703 5308 804 5388; x_wconf 75' lang='lat' dir='ltr'>alii</span> <span class='ocrx_word' id='word_1_406' title='bbox 835 5308 1008 5388; x_wconf 55' lang='lat' dir='ltr'>caput</span> <span class='ocrx_word' id='word_1_407' title='bbox 1036 5308 1223 5388; x_wconf 60' lang='lat' dir='ltr'>caprae</span> <span class='ocrx_word' id='word_1_408' title='bbox 1244 5316 1487 5370; x_wconf 87' lang='lat' dir='ltr'>adorare</span> <span class='ocrx_word' id='word_1_409' title='bbox 1522 5333 1748 5371; x_wconf 86' lang='lat' dir='ltr'>recusa-</span> 
     </span>
    </p>
   </div>
   <div class='ocr_carea' id='block_1_66' title="bbox 110 5372 1751 5458">
    <p class='ocr_par' dir='ltr' id='par_1_66' title="bbox 110 5372 1751 5458">
     <span class='ocr_line' id='line_1_66' title="bbox 110 5372 1751 5458; baseline 0.009 -31"><span class='ocrx_word' id='word_1_410' title='bbox 110 5372 283 5456; x_wconf 47' lang='lat' dir='ltr'>bant,</span> <span class='ocrx_word' id='word_1_411' title='bbox 298 5378 581 5458; x_wconf 79' lang='lat' dir='ltr'>supplicio</span> <span class='ocrx_word' id='word_1_412' title='bbox 608 5372 811 5458; x_wconf 78' lang='lat' dir='ltr'>mortis</span> <span class='ocrx_word' id='word_1_413' title='bbox 836 5372 1172 5458; x_wconf 65' lang='lat' dir='ltr'>affecerunt.</span> <span class='ocrx_word' id='word_1_414' title='bbox 1208 5387 1321 5458; x_wconf 82' lang='lat' dir='ltr'>Hac</span> <span class='ocrx_word' id='word_1_415' title='bbox 1350 5388 1751 5458; x_wconf 88' lang='lat' dir='ltr'>persecutione</span> 
     </span>
    </p>
   </div>
   <div class='ocr_carea' id='block_1_67' title="bbox 110 5450 1752 5529">
    <p class='ocr_par' dir='ltr' id='par_1_67' title="bbox 110 5450 1752 5529">
     <span class='ocr_line' id='line_1_67' title="bbox 110 5450 1752 5529; baseline 0.009 -31"><span class='ocrx_word' id='word_1_416' title='bbox 110 5461 177 5499; x_wconf 84' lang='lat' dir='ltr'>ea</span> <span class='ocrx_word' id='word_1_417' title='bbox 206 5450 492 5529; x_wconf 82' lang='lat' dir='ltr'>miracula</span> <span class='ocrx_word' id='word_1_418' title='bbox 531 5452 898 5529; x_wconf 73' lang='lat' dir='ltr'>contigerunt</span> <span class='ocrx_word' id='word_1_419' title='bbox 924 5472 1051 5529; x_wconf 65' lang='lat' dir='ltr'>quae</span> <span class='ocrx_word' id='word_1_420' title='bbox 1098 5456 1158 5510; x_wconf 91' lang='lat' dir='ltr'>in</span> <span class='ocrx_word' id='word_1_421' title='bbox 1191 5450 1367 5529; x_wconf 43' lang='lat' dir='ltr'>libris.</span> <span class='ocrx_word' id='word_1_422' title='bbox 1387 5459 1752 5529; x_wconf 89' lang='lat' dir='ltr'>dialogorum</span> 
     </span>
    </p>
   </div>
   <div class='ocr_carea' id='block_1_68' title="bbox 111 5523 1755 5599">
    <p class='ocr_par' dir='ltr' id='par_1_68' title="bbox 111 5523 1755 5599">
     <span class='ocr_line' id='line_1_68' title="bbox 111 5523 1755 5599; baseline 0.008 -29"><span class='ocrx_word' id='word_1_423' title='bbox 111 5523 488 5599; x_wconf 69' lang='lat' dir='ltr'>recensentur</span> <span class='ocrx_word' id='word_1_424' title='bbox 500 5523 658 5599; x_wconf 73' lang='lat' dir='ltr'>apud</span> <span class='ocrx_word' id='word_1_425' title='bbox 670 5523 1305 5599; x_wconf 44' lang='lat' dir='ltr'>eumdem—Gregorium</span> <span class='ocrx_word' id='word_1_426' title='bbox 1325 5528 1395 5583; x_wconf 92' lang='lat' dir='ltr'>de</span> <span class='ocrx_word' id='word_1_427' title='bbox 1414 5523 1611 5583; x_wconf 74' lang='lat' dir='ltr'>sancto</span> <span class='ocrx_word' id='word_1_428' title='bbox 1627 5532 1755 5585; x_wconf 89' lang='lat' dir='ltr'>Cer-</span> 
     </span>
    </p>
   </div>
   <div class='ocr_carea' id='block_1_69' title="bbox 110 5585 1749 5679">
    <p class='ocr_par' dir='ltr' id='par_1_69' title="bbox 110 5585 1749 5679">
     <span class='ocr_line' id='line_1_69' title="bbox 110 5585 1749 5679; baseline 0.007 -37"><span class='ocrx_word' id='word_1_429' title='bbox 110 5585 601 5679; x_wconf 13' lang='lat' dir='ltr'>bqnioiepisclop-o,</span> <span class='ocrx_word' id='word_1_430' title='bbox 627 5594 886 5679; x_wconf 77' lang='lat' dir='ltr'>Santulo,</span> <span class='ocrx_word' id='word_1_431' title='bbox 913 5585 1159 5679; x_wconf 72' lang='lat' dir='ltr'>aliisqu</span> <span class='ocrx_word' id='word_1_432' title='bbox 1178 5600 1551 5679; x_wconf 79' lang='lat' dir='ltr'>presbyteris.</span> <span class='ocrx_word' id='word_1_433' title='bbox 1579 5600 1749 5679; x_wconf 79' lang='lat' dir='ltr'>Justi-</span> 
     </span>
    </p>
   </div>
   <div class='ocr_carea' id='block_1_70' title="bbox 111 5667 1755 5744">
    <p class='ocr_par' dir='ltr' id='par_1_70' title="bbox 111 5667 1755 5744">
     <span class='ocr_line' id='line_1_70' title="bbox 111 5667 1755 5744; baseline 0.007 -31"><span class='ocrx_word' id='word_1_434' title='bbox 111 5675 215 5739; x_wconf 79' lang='lat' dir='ltr'>nus</span> <span class='ocrx_word' id='word_1_435' title='bbox 226 5667 926 5744; x_wconf 38' lang='lat' dir='ltr'>imperato‘rAnastasium</span> <span class='ocrx_word' id='word_1_436' title='bbox 938 5667 1383 5744; x_wconf 69' lang='lat' dir='ltr'>Antiochenam,</span> <span class='ocrx_word' id='word_1_437' title='bbox 1402 5671 1475 5744; x_wconf 83' lang='lat' dir='ltr'>ob</span> <span class='ocrx_word' id='word_1_438' title='bbox 1488 5672 1755 5742; x_wconf 58' lang='lat' dir='ltr'>quaedam</span> 
     </span>
    </p>
   </div>
   <div class='ocr_carea' id='block_1_71' title="bbox 112 5734 1754 5812">
    <p class='ocr_par' dir='ltr' id='par_1_71' title="bbox 112 5734 1754 5812">
     <span class='ocr_line' id='line_1_71' title="bbox 112 5734 1754 5812; baseline 0.01 -30"><span class='ocrx_word' id='word_1_439' title='bbox 112 5734 359 5787; x_wconf 89' lang='lat' dir='ltr'>crimina</span> <span class='ocrx_word' id='word_1_440' title='bbox 380 5734 457 5788; x_wconf 92' lang='lat' dir='ltr'>illi</span> <span class='ocrx_word' id='word_1_441' title='bbox 475 5736 700 5812; x_wconf 73' lang='lat' dir='ltr'>objecta</span> <span class='ocrx_word' id='word_1_442' title='bbox 717 5738 1062 5812; x_wconf 81' lang='lat' dir='ltr'>depositum,</span> <span class='ocrx_word' id='word_1_443' title='bbox 1078 5734 1379 5812; x_wconf 72' lang='lat' dir='ltr'>relegavit.</span> <span class='ocrx_word' id='word_1_444' title='bbox 1395 5734 1525 5806; x_wconf 70' lang='lat' dir='ltr'>Qua</span> <span class='ocrx_word' id='word_1_445' title='bbox 1538 5759 1600 5797; x_wconf 89' lang='lat' dir='ltr'>re</span> <span class='ocrx_word' id='word_1_446' title='bbox 1623 5759 1754 5796; x_wconf 90' lang='lat' dir='ltr'>cum</span> 
     </span>
    </p>
   </div>
   <div class='ocr_carea' id='block_1_72' title="bbox 112 5807 1753 5889">
    <p class='ocr_par' dir='ltr' id='par_1_72' title="bbox 112 5807 1753 5889">
     <span class='ocr_line' id='line_1_72' title="bbox 112 5807 1753 5889; baseline 0.009 -33"><span class='ocrx_word' id='word_1_447' title='bbox 112 5807 581 5889; x_wconf 58' lang='lat' dir='ltr'>magnam_apud</span> <span class='ocrx_word' id='word_1_448' title='bbox 602 5807 810 5889; x_wconf 49' lang='lat' dir='ltr'>Deuni—</span> <span class='ocrx_word' id='word_1_449' title='bbox 831 5807 1114 5889; x_wconf 79' lang='lat' dir='ltr'>offensam</span> <span class='ocrx_word' id='word_1_450' title='bbox 1150 5807 1358 5869; x_wconf 59' lang='lat' dir='ltr'>mérito</span> <span class='ocrx_word' id='word_1_451' title='bbox 1401 5814 1753 5889; x_wconf 68' lang='lat' dir='ltr'>incurrisset,</span> 
     </span>
    </p>
   </div>
   <div class='ocr_carea' id='block_1_73' title="bbox 118 5876 1756 5955">
    <p class='ocr_par' dir='ltr' id='par_1_73' title="bbox 118 5876 1756 5955">
     <span class='ocr_line' id='line_1_73' title="bbox 118 5876 1756 5955; baseline 0.007 -28"><span class='ocrx_word' id='word_1_452' title='bbox 118 5876 317 5930; x_wconf 87' lang='lat' dir='ltr'>omnia</span> <span class='ocrx_word' id='word_1_453' title='bbox 342 5876 424 5931; x_wconf 88' lang='lat' dir='ltr'>illi</span> <span class='ocrx_word' id='word_1_454' title='bbox 455 5876 727 5952; x_wconf 86' lang='lat' dir='ltr'>deinceps</span> <span class='ocrx_word' id='word_1_455' title='bbox 763 5880 823 5935; x_wconf 93' lang='lat' dir='ltr'>in</span> <span class='ocrx_word' id='word_1_456' title='bbox 843 5882 1009 5953; x_wconf 90' lang='lat' dir='ltr'>pejus</span> <span class='ocrx_word' id='word_1_457' title='bbox 1036 5899 1204 5939; x_wconf 90' lang='lat' dir='ltr'>ruere</span> <span class='ocrx_word' id='word_1_458' title='bbox 1226 5888 1542 5955; x_wconf 87' lang='lat' dir='ltr'>coeperunt.</span> <span class='ocrx_word' id='word_1_459' title='bbox 1571 5876 1756 5941; x_wconf 69' lang='lat' dir='ltr'>Persaé</span> 
     </span>
    </p>
   </div>
   <div class='ocr_carea' id='block_1_74' title="bbox 444 5976 1005 6046">
    <p class='ocr_par' dir='ltr' id='par_1_74' title="bbox 444 5976 1005 6046">
     <span class='ocr_line' id='line_1_74' title="bbox 444 5976 1005 6046; baseline 0.005 -3"><span class='ocrx_word' id='word_1_460' title='bbox 444 5976 717 6045; x_wconf 78' lang='lat' dir='ltr'>PATROL.</span> <span class='ocrx_word' id='word_1_461' title='bbox 768 5979 1005 6046; x_wconf 82' lang='lat' dir='ltr'>LXXII.</span> 
     </span>
    </p>
   </div>
   <div class='ocr_carea' id='block_1_75' title="bbox 1850 4598 3492 4676">
    <p class='ocr_par' dir='ltr' id='par_1_75' title="bbox 1850 4598 3492 4676">
     <span class='ocr_line' id='line_1_75' title="bbox 1850 4598 3492 4676; baseline -0.004 -17"><span class='ocrx_word' id='word_1_462' title='bbox 1850 4620 2064 4676; x_wconf 87' lang='lat' dir='ltr'>magna</span> <span class='ocrx_word' id='word_1_463' title='bbox 2105 4606 2296 4676; x_wconf 84' lang='lat' dir='ltr'>strage</span> <span class='ocrx_word' id='word_1_464' title='bbox 2327 4600 2640 4676; x_wconf 78' lang='lat' dir='ltr'>exercitum</span> <span class='ocrx_word' id='word_1_465' title='bbox 2677 4601 2798 4676; x_wconf 84' lang='lat' dir='ltr'>ejus</span> <span class='ocrx_word' id='word_1_466' title='bbox 2829 4599 3278 4676; x_wconf 83' lang='lat' dir='ltr'>prostraverunt.</span> <span class='ocrx_word' id='word_1_467' title='bbox 3312 4598 3492 4676; x_wconf 75' lang='lat' dir='ltr'>Cujus</span> 
     </span>
    </p>
   </div>
   <div class='ocr_carea' id='block_1_76' title="bbox 1849 4669 3491 4750">
    <p class='ocr_par' dir='ltr' id='par_1_76' title="bbox 1849 4669 3491 4750">
     <span class='ocr_line' id='line_1_76' title="bbox 1849 4669 3491 4750; baseline -0.004 -20"><span class='ocrx_word' id='word_1_468' title='bbox 1849 4676 1935 4730; x_wconf 91' lang='lat' dir='ltr'>rei</span> <span class='ocrx_word' id='word_1_469' title='bbox 1955 4669 2401 4750; x_wconf 50' lang='lat' dir='ltr'>nuntium&#39;durn</span> <span class='ocrx_word' id='word_1_470' title='bbox 2418 4672 2508 4750; x_wconf 77' lang='lat' dir='ltr'>_ad</span> <span class='ocrx_word' id='word_1_471' title='bbox 2535 4669 3161 4750; x_wconf 70' lang='lat' dir='ltr'>ipsum_imperatorem</span> <span class='ocrx_word' id='word_1_472' title='bbox 3200 4669 3491 4750; x_wconf 76' lang='lat' dir='ltr'>perlatum</span> 
     </span>
    </p>
   </div>
   <div class='ocr_carea' id='block_1_77' title="bbox 1851 4738 3490 4813">
    <p class='ocr_par' dir='ltr' id='par_1_77' title="bbox 1851 4738 3490 4813">
     <span class='ocr_line' id='line_1_77' title="bbox 1851 4738 3490 4813; baseline -0.003 -13"><span class='ocrx_word' id='word_1_473' title='bbox 1851 4749 2019 4813; x_wconf 87' lang='lat' dir='ltr'>esset,</span> <span class='ocrx_word' id='word_1_474' title='bbox 2066 4747 2263 4799; x_wconf 85' lang='lat' dir='ltr'>mente</span> <span class='ocrx_word' id='word_1_475' title='bbox 2306 4738 2667 4797; x_wconf 75' lang='lat' dir='ltr'>abalienatus</span> <span class='ocrx_word' id='word_1_476' title='bbox 2715 4738 2851 4809; x_wconf 60' lang='lat' dir='ltr'>fuit;</span> <span class='ocrx_word' id='word_1_477' title='bbox 2894 4738 3490 4813; x_wconf 63' lang='lat' dir='ltr'>dilucidisihterdum</span> 
     </span>
    </p>
   </div>
   <div class='ocr_carea' id='block_1_78' title="bbox 1850 4811 3489 4883">
    <p class='ocr_par' dir='ltr' id='par_1_78' title="bbox 1850 4811 3489 4883">
     <span class='ocr_line' id='line_1_78' title="bbox 1850 4811 3489 4883; baseline -0.004 -11"><span class='ocrx_word' id='word_1_478' title='bbox 1850 4811 2163 4872; x_wconf 79' lang='lat' dir='ltr'>intervallis</span> <span class='ocrx_word' id='word_1_479' title='bbox 2187 4815 2261 4869; x_wconf 90' lang='lat' dir='ltr'>ad</span> <span class='ocrx_word' id='word_1_480' title='bbox 2293 4813 2586 4868; x_wconf 90' lang='lat' dir='ltr'>modicum</span> <span class='ocrx_word' id='word_1_481' title='bbox 2627 4813 2907 4867; x_wconf 88' lang='lat' dir='ltr'>duntaxat</span> <span class='ocrx_word' id='word_1_482' title='bbox 2936 4811 3214 4882; x_wconf 86' lang='lat' dir='ltr'>temporis</span> <span class='ocrx_word' id='word_1_483' title='bbox 3241 4813 3489 4883; x_wconf 89' lang='lat' dir='ltr'>spatium</span> 
     </span>
    </p>
   </div>
   <div class='ocr_carea' id='block_1_79' title="bbox 1849 4883 3492 4964">
    <p class='ocr_par' dir='ltr' id='par_1_79' title="bbox 1849 4883 3492 4964">
     <span class='ocr_line' id='line_1_79' title="bbox 1849 4883 3492 4964; baseline -0.003 -21"><span class='ocrx_word' id='word_1_484' title='bbox 1849 4888 2209 4964; x_wconf 77' lang='lat' dir='ltr'>resipiscens.</span> <span class='ocrx_word' id='word_1_485' title='bbox 2252 4885 2481 4964; x_wconf 38' lang='lat' dir='ltr'>Ab.l_1_oc</span> <span class='ocrx_word' id='word_1_486' title='bbox 2521 4883 3005 4964; x_wconf 44' lang='lat' dir='ltr'>‘maloncorporis</span> <span class='ocrx_word' id='word_1_487' title='bbox 3072 4883 3361 4964; x_wconf 76' lang='lat' dir='ltr'>liberatus</span> <span class='ocrx_word' id='word_1_488' title='bbox 3405 4887 3492 4938; x_wconf 89' lang='lat' dir='ltr'>est</span> 
     </span>
    </p>
   </div>
   <div class='ocr_carea' id='block_1_80' title="bbox 1851 4954 3489 5031">
    <p class='ocr_par' dir='ltr' id='par_1_80' title="bbox 1851 4954 3489 5031">
     <span class='ocr_line' id='line_1_80' title="bbox 1851 4954 3489 5031; baseline -0.003 -17"><span class='ocrx_word' id='word_1_489' title='bbox 1851 4954 2085 5031; x_wconf 81' lang='lat' dir='ltr'>quando</span> <span class='ocrx_word' id='word_1_490' title='bbox 2117 4958 2191 5012; x_wconf 93' lang='lat' dir='ltr'>ad</span> <span class='ocrx_word' id='word_1_491' title='bbox 2219 4954 2649 5031; x_wconf 73' lang='lat' dir='ltr'>conciliandum</span> <span class='ocrx_word' id='word_1_492' title='bbox 2808 4954 3065 5031; x_wconf 81' lang='lat' dir='ltr'>divinum</span> <span class='ocrx_word' id='word_1_493' title='bbox 3097 4972 3314 5031; x_wconf 84' lang='lat' dir='ltr'>numen</span> <span class='ocrx_word' id='word_1_494' title='bbox 3348 4959 3489 5009; x_wconf 90' lang='lat' dir='ltr'>tem-</span> 
     </span>
    </p>
   </div>
   <div class='ocr_carea' id='block_1_81' title="bbox 1850 5025 3486 5103">
    <p class='ocr_par' dir='ltr' id='par_1_81' title="bbox 1850 5025 3486 5103">
     <span class='ocr_line' id='line_1_81' title="bbox 1850 5025 3486 5103; baseline -0.004 -17"><span class='ocrx_word' id='word_1_495' title='bbox 1850 5025 2301 5103; x_wconf 74' lang='lat' dir='ltr'>plumexstruxit</span> <span class='ocrx_word' id='word_1_496' title='bbox 2322 5025 3106 5103; x_wconf 34' lang='lat' dir='ltr'>DeigenitrieiMarimtqum</span> <span class='ocrx_word' id='word_1_497' title='bbox 3153 5026 3204 5103; x_wconf 81' lang='lat' dir='ltr'>ei</span> <span class='ocrx_word' id='word_1_498' title='bbox 3258 5030 3486 5103; x_wconf 77' lang='lat' dir='ltr'>tantum</span> 
     </span>
    </p>
   </div>
   <div class='ocr_carea' id='block_1_82' title="bbox 1852 5095 3485 5172">
    <p class='ocr_par' dir='ltr' id='par_1_82' title="bbox 1852 5095 3485 5172">
     <span class='ocr_line' id='line_1_82' title="bbox 1852 5095 3485 5172; baseline -0.004 -15"><span class='ocrx_word' id='word_1_499' title='bbox 1852 5095 2168 5158; x_wconf 73' lang='lat' dir='ltr'>sanctitatis</span> <span class='ocrx_word' id='word_1_500' title='bbox 2208 5095 2496 5172; x_wconf 65' lang='lat' dir='ltr'>praestitit,</span> <span class='ocrx_word' id='word_1_501' title='bbox 2531 5100 2610 5172; x_wconf 87' lang='lat' dir='ltr'>_ut</span> <span class='ocrx_word' id='word_1_502' title='bbox 2653 5097 2904 5172; x_wconf 90' lang='lat' dir='ltr'>dilucido</span> <span class='ocrx_word' id='word_1_503' title='bbox 2944 5095 3243 5172; x_wconf 68' lang='lat' dir='ltr'>intervallo</span> <span class='ocrx_word' id='word_1_504' title='bbox 3265 5098 3485 5172; x_wconf 81' lang='lat' dir='ltr'>potius,</span> 
     </span>
    </p>
   </div>
   <div class='ocr_carea' id='block_1_83' title="bbox 1852 5166 3484 5240">
    <p class='ocr_par' dir='ltr' id='par_1_83' title="bbox 1852 5166 3484 5240">
     <span class='ocr_line' id='line_1_83' title="bbox 1852 5166 3484 5240; baseline -0.004 -12"><span class='ocrx_word' id='word_1_505' title='bbox 1852 5173 2068 5228; x_wconf 88' lang='lat' dir='ltr'>cunctis</span> <span class='ocrx_word' id='word_1_506' title='bbox 2098 5166 2251 5226; x_wconf 70' lang='lat' dir='ltr'>recte</span> <span class='ocrx_word' id='word_1_507' title='bbox 2290 5166 2593 5240; x_wconf 88' lang='lat' dir='ltr'>dispositis,</span> <span class='ocrx_word' id='word_1_508' title='bbox 2637 5171 2850 5240; x_wconf 86' lang='lat' dir='ltr'>statum</span> <span class='ocrx_word' id='word_1_509' title='bbox 2889 5166 3219 5238; x_wconf 79' lang='lat' dir='ltr'>reipublicae</span> <span class='ocrx_word' id='word_1_510' title='bbox 3260 5167 3321 5220; x_wconf 91' lang='lat' dir='ltr'>in</span> <span class='ocrx_word' id='word_1_511' title='bbox 3362 5171 3484 5221; x_wconf 89' lang='lat' dir='ltr'>tuto</span> 
     </span>
    </p>
   </div>
   <div class='ocr_carea' id='block_1_84' title="bbox 1853 5238 2761 5313">
    <p class='ocr_par' dir='ltr' id='par_1_84' title="bbox 1853 5238 2761 5313">
     <span class='ocr_line' id='line_1_84' title="bbox 1853 5238 2761 5313; baseline -0.006 -14"><span class='ocrx_word' id='word_1_512' title='bbox 1853 5246 2177 5300; x_wconf 90' lang='lat' dir='ltr'>collocaret.</span> <span class='ocrx_word' id='word_1_513' title='bbox 2212 5243 2318 5313; x_wconf 66' lang='lat' dir='ltr'>(Ea:</span> <span class='ocrx_word' id='word_1_514' title='bbox 2341 5238 2565 5295; x_wconf 69' lang='lat' dir='ltr'>niiscell.</span> <span class='ocrx_word' id='word_1_515' title='bbox 2592 5238 2761 5311; x_wconf 81' lang='lat' dir='ltr'>Hist.)</span> 
     </span>
    </p>
   </div>
   <div class='ocr_carea' id='block_1_85' title="bbox 1924 5306 3486 5384">
    <p class='ocr_par' dir='ltr' id='par_1_85' title="bbox 1924 5306 3486 5384">
     <span class='ocr_line' id='line_1_85' title="bbox 1924 5306 3486 5384; baseline -0.004 -15"><span class='ocrx_word' id='word_1_516' title='bbox 1924 5318 1952 5358; x_wconf 72' lang='grc' dir='ltr'>ι)</span> <span class='ocrx_word' id='word_1_517' title='bbox 1982 5314 2161 5369; x_wconf 88' lang='lat' dir='ltr'>Annis</span> <span class='ocrx_word' id='word_1_518' title='bbox 2182 5306 2448 5384; x_wconf 88' lang='lat' dir='ltr'>quatuor,</span> <span class='ocrx_word' id='word_1_519' title='bbox 2474 5327 2675 5384; x_wconf 85' lang='lat' dir='ltr'>mense</span> <span class='ocrx_word' id='word_1_520' title='bbox 2694 5306 2810 5384; x_wconf 76' lang='lat' dir='ltr'>uno</span> <span class='ocrx_word' id='word_1_521' title='bbox 2825 5312 2884 5363; x_wconf 90' lang='lat' dir='ltr'>et</span> <span class='ocrx_word' id='word_1_522' title='bbox 2902 5306 3106 5384; x_wconf 84' lang='lat' dir='ltr'>viginti</span> <span class='ocrx_word' id='word_1_523' title='bbox 3132 5307 3486 5384; x_wconf 85' lang='lat' dir='ltr'>octo_diebus</span> 
     </span>
    </p>
   </div>
   <div class='ocr_carea' id='block_1_86' title="bbox 1853 5377 3486 5463">
    <p class='ocr_par' dir='ltr' id='par_1_86' title="bbox 1853 5377 3486 5463">
     <span class='ocr_line' id='line_1_86' title="bbox 1853 5377 3486 5463; baseline -0.006 -21"><span class='ocrx_word' id='word_1_524' title='bbox 1853 5388 2049 5463; x_wconf 83' lang='lat' dir='ltr'>sedem</span> <span class='ocrx_word' id='word_1_525' title='bbox 2068 5377 2666 5463; x_wconf 41' lang='lat' dir='ltr'>pontiﬁciamtenuit...</span> <span class='ocrx_word' id='word_1_526' title='bbox 2687 5381 2841 5463; x_wconf 73' lang='lat' dir='ltr'>Qbiit</span> <span class='ocrx_word' id='word_1_527' title='bbox 2869 5377 3024 5463; x_wconf 83' lang='lat' dir='ltr'>enim</span> <span class='ocrx_word' id='word_1_528' title='bbox 3052 5395 3206 5463; x_wconf 70' lang='lat' dir='ltr'>anno</span> <span class='ocrx_word' id='word_1_529' title='bbox 3244 5377 3486 5434; x_wconf 83' lang='lat' dir='ltr'>Redem-</span> 
     </span>
    </p>
   </div>
   <div class='ocr_carea' id='block_1_87' title="bbox 1854 5452 3482 5599">
    <p class='ocr_par' dir='ltr' id='par_1_87' title="bbox 1854 5452 3482 5599">
     <span class='ocr_line' id='line_1_87' title="bbox 1854 5452 3391 5579; baseline -0.007 -66"><span class='ocrx_word' id='word_1_530' title='bbox 1854 5459 2034 5530; x_wconf 90' lang='lat' dir='ltr'>ptoris</span> <span class='ocrx_word' id='word_1_531' title='bbox 2059 5452 2241 5511; x_wconf 81' lang='lat' dir='ltr'>nostri</span> <span class='ocrx_word' id='word_1_532' title='bbox 2266 5460 2388 5523; x_wconf 82' lang='lat'>577,</span> <span class='ocrx_word' id='word_1_533' title='bbox 2416 5453 2601 5579; x_wconf 69' lang='lat' dir='ltr'>pridie</span> <span class='ocrx_word' id='word_1_534' title='bbox 2624 5452 2911 5535; x_wconf 80' lang='lat' dir='ltr'>Kalendas</span> <span class='ocrx_word' id='word_1_535' title='bbox 2936 5452 3196 5530; x_wconf 80' lang='lat' dir='ltr'>Augusti.</span> <span class='ocrx_word' id='word_1_536' title='bbox 3380 5519 3391 5531; x_wconf 39' lang='lat'><strong><em>.</em></strong></span> 
     </span>
     <span class='ocr_line' id='line_1_88' title="bbox 1928 5522 3482 5599; baseline -0.006 -16"><span class='ocrx_word' id='word_1_537' title='bbox 1928 5542 1951 5569; x_wconf 85' lang='grc' dir='ltr'>ο</span> <span class='ocrx_word' id='word_1_538' title='bbox 1982 5530 2104 5593; x_wconf 84' lang='lat' dir='ltr'>Quo</span> <span class='ocrx_word' id='word_1_539' title='bbox 2134 5531 2392 5599; x_wconf 87' lang='lat' dir='ltr'>tempore</span> <span class='ocrx_word' id='word_1_540' title='bbox 2465 5525 2789 5599; x_wconf 70' lang='lat' dir='ltr'>angebardi</span> <span class='ocrx_word' id='word_1_541' title='bbox 2832 5539 2889 5577; x_wconf 79' lang='lat' dir='ltr'>in</span> <span class='ocrx_word' id='word_1_542' title='bbox 2939 5522 3159 5599; x_wconf 70' lang='lat' dir='ltr'>italiam</span> <span class='ocrx_word' id='word_1_543' title='bbox 3197 5523 3482 5599; x_wconf 72' lang='lat' dir='ltr'>venerint,</span> 
     </span>
    </p>
   </div>
   <div class='ocr_carea' id='block_1_88' title="bbox 1854 5592 3487 5671">
    <p class='ocr_par' dir='ltr' id='par_1_88' title="bbox 1854 5592 3487 5671">
     <span class='ocr_line' id='line_1_89' title="bbox 1854 5592 3487 5671; baseline -0.006 -17"><span class='ocrx_word' id='word_1_544' title='bbox 1854 5592 2027 5671; x_wconf 83' lang='lat' dir='ltr'>supra</span> <span class='ocrx_word' id='word_1_545' title='bbox 2049 5599 2160 5671; x_wconf 86' lang='lat' dir='ltr'>dixi</span> <span class='ocrx_word' id='word_1_546' title='bbox 2186 5592 2425 5671; x_wconf 24' lang='lat' dir='ltr'>infnotis</span> <span class='ocrx_word' id='word_1_547' title='bbox 2446 5596 2525 5671; x_wconf 74' lang='lat' dir='ltr'>ad</span> <span class='ocrx_word' id='word_1_548' title='bbox 2550 5592 2737 5671; x_wconf 73' lang='lat' dir='ltr'>Vitam</span> <span class='ocrx_word' id='word_1_549' title='bbox 2764 5592 3018 5671; x_wconf 78' lang='lat' dir='ltr'>Joannis.</span> <span class='ocrx_word' id='word_1_550' title='bbox 3048 5593 3178 5648; x_wconf 67' lang='lat' dir='ltr'>Haec</span> <span class='ocrx_word' id='word_1_551' title='bbox 3201 5592 3487 5671; x_wconf 75' lang='lat' dir='ltr'>Anastasii</span> 
     </span>
    </p>
   </div>
   <div class='ocr_carea' id='block_1_89' title="bbox 1854 5664 3488 5741">
    <p class='ocr_par' dir='ltr' id='par_1_89' title="bbox 1854 5664 3488 5741">
     <span class='ocr_line' id='line_1_90' title="bbox 1854 5664 3488 5741; baseline -0.007 -15"><span class='ocrx_word' id='word_1_552' title='bbox 1854 5664 2096 5727; x_wconf 73' lang='lat' dir='ltr'>fortasse</span> <span class='ocrx_word' id='word_1_553' title='bbox 2126 5666 2657 5741; x_wconf 65' lang='lat' dir='ltr'>intelligendasunt</span> <span class='ocrx_word' id='word_1_554' title='bbox 2674 5667 2743 5741; x_wconf 92' lang='lat' dir='ltr'>d_e</span> <span class='ocrx_word' id='word_1_555' title='bbox 2766 5664 3104 5741; x_wconf 83' lang='lat' dir='ltr'>eorumdem</span> <span class='ocrx_word' id='word_1_556' title='bbox 3130 5664 3488 5741; x_wconf 54' lang='lat' dir='ltr'>grassatione</span> 
     </span>
    </p>
   </div>
   <div class='ocr_carea' id='block_1_90' title="bbox 1854 5733 3486 5813">
    <p class='ocr_par' dir='ltr' id='par_1_90' title="bbox 1854 5733 3486 5813">
     <span class='ocr_line' id='line_1_91' title="bbox 1854 5733 3486 5813; baseline -0.009 -16"><span class='ocrx_word' id='word_1_557' title='bbox 1854 5743 1971 5809; x_wconf 90' lang='lat' dir='ltr'>illa,</span> <span class='ocrx_word' id='word_1_558' title='bbox 2007 5758 2183 5813; x_wconf 89' lang='lat' dir='ltr'>quam</span> <span class='ocrx_word' id='word_1_559' title='bbox 2213 5733 2442 5795; x_wconf 73' lang='lat' dir='ltr'>sanctus</span> <span class='ocrx_word' id='word_1_560' title='bbox 2482 5738 2789 5810; x_wconf 88' lang='lat' dir='ltr'>Gregorius</span> <span class='ocrx_word' id='word_1_561' title='bbox 2821 5737 2971 5792; x_wconf 88' lang='lat' dir='ltr'>inter</span> <span class='ocrx_word' id='word_1_562' title='bbox 3012 5733 3188 5791; x_wconf 63' lang='lat' dir='ltr'>saevas</span> <span class='ocrx_word' id='word_1_563' title='bbox 3220 5733 3486 5790; x_wconf 66' lang='lat' dir='ltr'>Ecclesiae</span> 
     </span>
    </p>
   </div>
   <div class='ocr_carea' id='block_1_91' title="bbox 1855 5812 2639 5885">
    <p class='ocr_par' dir='ltr' id='par_1_91' title="bbox 1855 5812 2639 5885">
     <span class='ocr_line' id='line_1_92' title="bbox 1855 5812 2639 5885; baseline -0.008 -17"><span class='ocrx_word' id='word_1_564' title='bbox 1855 5812 2286 5885; x_wconf 80' lang='lat' dir='ltr'>persecutiones</span> <span class='ocrx_word' id='word_1_565' title='bbox 2314 5813 2639 5885; x_wconf 71' lang='lat' dir='ltr'>enumerat.</span> 
     </span>
    </p>
   </div>
   <div class='ocr_carea' id='block_1_92' title="bbox 1931 5878 3253 5956">
    <p class='ocr_par' dir='ltr' id='par_1_92' title="bbox 1931 5878 3253 5956">
     <span class='ocr_line' id='line_1_93' title="bbox 1931 5878 3253 5956; baseline -0.005 -17"><span class='ocrx_word' id='word_1_566' title='bbox 1931 5884 2006 5956; x_wconf 85' lang='grc' dir='ltr'>(α)</span> <span class='ocrx_word' id='word_1_567' title='bbox 2033 5883 2251 5938; x_wconf 89' lang='lat' dir='ltr'>Eadem</span> <span class='ocrx_word' id='word_1_568' title='bbox 2273 5882 2450 5938; x_wconf 86' lang='lat' dir='ltr'>habet</span> <span class='ocrx_word' id='word_1_569' title='bbox 2468 5881 2607 5936; x_wconf 91' lang='lat' dir='ltr'>Cod.</span> <span class='ocrx_word' id='word_1_570' title='bbox 2641 5897 2748 5936; x_wconf 91' lang='lat' dir='ltr'>ms.</span> <span class='ocrx_word' id='word_1_571' title='bbox 2781 5878 3058 5952; x_wconf 85' lang='lat' dir='ltr'>Hardysil.</span> <span class='ocrx_word' id='word_1_572' title='bbox 3091 5880 3253 5937; x_wconf 84' lang='lat' dir='ltr'>LABB.</span> 
     </span>
    </p>
   </div>
   <div class='ocr_carea' id='block_1_93' title="bbox 3096 5984 3173 6044">
    <p class='ocr_par' dir='ltr' id='par_1_93' title="bbox 3096 5984 3173 6044">
     <span class='ocr_line' id='line_1_94' title="bbox 3096 5984 3173 6044; baseline -0.013 0"><span class='ocrx_word' id='word_1_573' title='bbox 3096 5984 3173 6044; x_wconf 71' lang='grc'>22</span> 
     </span>
    </p>
   </div>
  </div>
