4006 6238
461 338 561 391 683

799 331 1154 388 BENEDICTI
1188 330 1380 387 ΡΑΡίΕ
1426 331 1449 384 1
1486 329 1577 386 AD
1614 327 2065 384 GRANDENSEM
2104 325 2584 383 PATRIARCHAM
2622 325 2961 383 EPISTOL/E
3000 324 3475 384 FRAGMENTUM.

3738 326 3846 381 684

462 459 591 498 rare
622 443 816 514 posset
844 440 1099 513 inopiam
1140 439 1329 495 famis.
1361 437 1527 503 Quod
1563 438 1695 492 dum
1735 436 2099 508 cognovisset
2118 448 2177 522 Α
2196 436 2429 492 basilica
2455 436 2608 490 beati
2639 436 2789 492 Petri
2807 435 3049 508 apostoli
3067 435 3398 503 secretario,
3413 432 3601 507 pridie
3623 433 3841 488 Kalen-

461 537 715 593 Justinus
737 535 884 608 [ϐοά.
903 531 1436 605 Luc.,Justinianus]
1456 531 1744 603 piissimus
1758 531 2093 603 imperator,

465 632 602 704 quia
617 632 799 686 Roma
812 629 1239 701 periclitaretur
1249 628 1406 682 fame
1424 628 1481 681 et
1492 626 1843 681 mortalitate
1868 624 1951 697 [In
1966 625 2094 681 Cod.

462 728 592 781 Luc.
635 726 782 780 deest
825 728 883 778 et
931 721 1327 793 mortalitate],
1372 719 1530 775 misit
1567 720 1626 774 in
1664 721 1993 791 Egyptum,
2043 721 2101 773 et

469 818 732 875 oneravit
757 833 931 872 naves
964 817 1278 883 frumento,
1313 818 1371 869 et
1396 814 1713 870 transmisit
1745 815 2013 868 Romam.
2032 814 2102 866 Et

465 914 543 969 sic
572 913 840 967 misertus
870 915 955 965 est
981 911 1130 964 Deus
1153 908 1347 964 Italiae.
1382 910 1445 963 In
1476 908 1596 963 istis
1617 908 1910 963 laboribus
1937 910 1995 961 et
2022 906 2104 961 af-

464 1005 809 1061 ﬂictionibus
839 1004 1059 1076 positus
1095 1002 1245 1076 [ϐοά.
1268 1005 1424 1067 Luc.,
1453 1002 1542 1056 his
1570 1001 1789 1075 diebus]
1823 1000 2105 1056 sanctissi-

465 1117 593 1155 mus
614 1099 953 1154 Benedictus
964 1114 1114 1170 papa
1130 1100 1394 1153 mortuus
1414 1100 1518 1153 est.
1539 1095 1648 1161 Qui
1667 1096 1921 1167 sepultus
1938 1098 2025 1150 est
2042 1095 2105 1149 in

2198 531 2300 585 das
2321 530 2563 602 Augusti
2592 531 2678 602 [In
2707 531 2833 589 Cod.
2866 534 2995 587 Luc.
3020 532 3169 586 deest
3186 530 3373 603 pridie
3400 529 3696 585 Kalendas
3725 532 3846 584 Au-

2197 624 2390 698 gusti].
2425 624 2524 679 Hic
2553 624 2689 679 fecit
2731 626 3163 682 ordinationem
3202 642 3382 680 unam
3428 642 3534 696 per
3571 641 3844 680 mensem

2197 718 2585 787 decembrem,
2619 718 2982 791 presbyteros
3008 719 3362 792 quindecim,
3396 719 3679 774 diaconos
3701 722 3843 786 tres,

2199 812 2497 884 episcopos
2522 829 2627 884 per
2672 813 2896 875 diversa
2934 815 3060 870 loca
3098 830 3344 869 numero
3382 812 3589 884 viginti
3635 830 3846 868 unum.

2197 908 2269 962 Et
2306 907 2546 962 cessavit
2593 892 2957 980 episcopatus
3012 925 3245 963 menses
3288 910 3424 976 tres,
3474 908 3599 963 dies
3639 907 3848 963 decem

2206 999 2355 1073 (Cod.
2385 1003 2513 1058 Luc.
2535 1001 2696 1058 addit
2722 1002 2826 1056 sub
2852 1002 2945 1057 die
2974 1005 3043 1058 3O
3070 1002 3287 1058 mensis
3305 1001 3481 1075 Julii].

460 1259 3840 1295 ψ

1610 1415 1919 1487 JOANNI
1965 1414 2359 1487 DOMJNICI
2403 1414 2699 1484 MANSI.

781 1578 894 1652 IN
960 1575 1701 1652 FRAGMENTUM
1767 1574 2326 1652 EPISTOLIE
2396 1574 2963 1650 BENEDICTI
3029 1573 3547 1651 CENSUBA.

536 1862 938 1929 Longiusculum
963 1860 1310 1927 fragmentum
1346 1861 1578 1927 epistolas
1604 1861 1873 1913 Benedicti
1899 1876 2048 1926 papa).
2081 1876 2147 1913 ex
2171 1863 2398 1913 Gratiani
2422 1862 2572 1928 palea
2616 1862 2683 1913 ad
2723 1876 2841 1913 can.
2877 1865 2958 1923 18,
2994 1877 3044 1912 c.
3078 1861 3160 1923 27,
3205 1874 3257 1924 q.
3291 1864 3343 1923 2,
3387 1859 3474 1909 hic
3516 1858 3741 1909 exhibeo
3784 1858 3853 1908 ab

472 1947 714 1996 omnibus
739 1944 950 2009 quidem
986 1958 1083 1993 ceu
1107 1943 1467 2007 apocryphum
1494 1944 1768 2009 rejectum,
1795 1942 1888 1993 sed
1912 1943 2094 1994 dubito
2129 1959 2195 1995 an
2221 1944 2427 1995 merito.
2453 1945 2758 2008 Quanquam
2784 1943 2924 1994 enim
2959 1942 3269 2008 suspicionis
3295 1955 3400 1991 suae
3423 1940 3599 1991 titulus
3624 1940 3760 2004 ipse,
3799 1944 3858 1991 ut

472 2027 526 2077 in
552 2026 712 2077 Editis
735 2025 943 2089 legitur,
978 2025 1169 2074 mereri
1194 2028 1384 2089 potest,
1410 2026 1714 2089 ambiguum
1742 2028 1820 2075 est
1841 2028 2017 2075 tamen
2040 2039 2165 2076 num
2189 2027 2425 2076 sincerus
2447 2026 2675 2076 Gratiani
2706 2025 2885 2075 Codex
2929 2024 3170 2075 eumdem
3205 2022 3444 2087 prteferat
3477 2021 3565 2086 qui
3596 2021 3653 2070 in
3691 2020 3857 2071 Editis

472 2112 704 2171 apparet.
731 2106 1009 2156 Gratianus
1035 2105 1174 2155 enim
1204 2106 1372 2156 editus
1400 2106 1670 2170 epistolam
1695 2106 1831 2157 hanc
1857 2107 2016 2156 latam
2039 2106 2257 2170 praefert
2274 2107 2593 2158 Patriarchw
2620 2107 2890 2168 Gradensi,
2915 2106 3003 2170 qui
3037 2119 3161 2155 sane
3195 2103 3491 2169 patriarcha
3520 2102 3788 2151 Benedicti
3832 2102 3854 2149 Ι

470 2190 617 2237 astate
646 2186 813 2236 audiri
836 2185 1072 2236 nondum
1097 2191 1343 2250 ceperat.
1374 2188 1568 2237 Verum
1593 2186 1649 2236 in
1682 2201 1802 2237 meo
1831 2186 2029 2237 decreti
2071 2186 2282 2249 Codice,
2318 2188 2460 2251 quod
2496 2189 2688 2238 saeculo
2731 2187 2846 2251 ipso
2889 2186 3136 2247 Gratiani,
3183 2186 3264 2235 vel
3311 2185 3457 2234 initio
3499 2182 3857 2243 succedentis,

473 2266 724 2331 scriptum
739 2280 848 2317 non
872 2267 1015 2316 inani
1049 2268 1354 2332 conjectura
1385 2268 1644 2332 suspicor,
1670 2268 1742 2319 ita
1764 2269 1883 2332 lego
1909 2284 1923 2317 :
1956 2268 2256 2318 Benedictus
2286 2284 2461 2319 servus
2481 2283 2742 2319 servorum
2771 2270 2866 2317 Dei
2887 2270 2955 2318 N.
2981 2269 3219 2316 salutem.
3250 2267 3309 2315 In
3332 2264 3567 2328 margine
3590 2263 3861 2324 veroalia,

476 2351 533 2397 ut
555 2346 814 2411 suspicor,
841 2347 931 2397 sed
956 2361 1104 2411 usque
1126 2349 1338 2412 antiqua
1367 2364 1525 2399 manu
1550 2349 1782 2399 additum
1804 2354 1883 2399 est
1911 2365 1924 2399 :
1953 2349 2242 2399 Graduemi
2273 2350 2608 2414 patriarchas,
2636 2354 2687 2399 et
2715 2351 2985 2399 Domim'co
3018 2350 3131 2413 ejus
3170 2347 3514 2411 suffraganeo.
3549 2343 3724 2394 Lectio
3761 2344 3860 2392 ista

476 2427 802 2491 praecipuum
828 2433 1193 2492 argumentum
1217 2429 1466 2480 adversus
1505 2430 1857 2480 sinceritatem
1898 2430 2053 2494 hujus
2088 2430 2319 2495 epistolae
2356 2435 2588 2481 enervat.
2633 2431 2827 2480 Verum
2867 2430 3037 2480 adhuc
3077 2431 3378 2493 perseverat
3412 2424 3659 2489 suspicio,
3702 2425 3757 2473 in
3793 2438 3859 2473 eo

477 2508 617 2572 quod
640 2508 950 2557 Benedictus
972 2522 1177 2557 servum
1204 2523 1467 2559 servorum
1498 2511 1589 2558 Dei
1614 2524 1725 2559 sese
1752 2510 1997 2574 appellat,
2023 2524 2179 2574 quem
2204 2525 2327 2561 sane
2353 2510 2559 2561 titulum
2588 2511 2809 2574 ccepisse
2843 2510 3004 2571 aiunt,
3029 2524 3060 2560 a
3096 2512 3275 2560 sancto
3312 2506 3583 2571 Gregorio.
3628 2507 3695 2555 At
3734 2518 3861 2554 cum

476 2589 620 2637 testis
644 2588 755 2652 ejus
778 2588 1109 2638 institutionis
1132 2604 1163 2638 a
1184 2594 1375 2646 \sancto
1407 2590 1659 2654 Gregorio
1686 2595 1870 2655 emptae
1897 2592 2123 2641 Joannes
2166 2593 2417 2643 diaconus
2453 2592 2693 2643 aﬁeratur
2736 2592 2963 2655 scriptor
2994 2592 3156 2641 multo
3199 2588 3460 2639 recentior
3501 2590 3651 2637 astate
3690 2583 3865 2635 sancti

477 2668 731 2731 Gregorii,
756 2669 911 2718 unica
936 2668 1046 2733 ejus
1071 2670 1349 2720 auctoritas
1372 2670 1502 2721 tanti
1533 2672 1836 2722 testimanda
1863 2686 1969 2722 non
2007 2676 2102 2737 est,
2142 2678 2198 2724 ut
2237 2673 2465 2724 validum
2509 2688 2574 2723 ex
2614 2688 2676 2723 ea
2720 2676 3085 2736 argumentum
3132 2674 3315 2721 contra
3355 2670 3496 2718 illam
3547 2666 3866 2716 deducatur.

470 2750 739 2813 Utcunque
784 2762 869 2798 res
904 2749 1091 2800 habeat
1126 2764 1265 2811 sese,
1299 2765 1420 2801 cuin
1454 2766 1521 2801 ex
1561 2753 1805 2802 Gratiano
1858 2753 2075 2803 minime
2112 2758 2318 2805 constet
2355 2754 2563 2804 cuinam
2603 2753 2887 2804 Benedicto
2936 2752 3215 2803 tribuenda
3256 2750 3475 2815 epistola
3515 2748 3598 2806 sit,
3645 2746 3867 2797 alterius

475 2829 692 2880 fortasse
718 2830 985 2880 Benedicti
1012 2830 1267 2896 scriptum
1292 2834 1402 2883 erat
1430 2832 1711 2885 sincerum.
1741 2833 2012 2885 Variantes
2035 2848 2152 2899 qua
2175 2836 2230 2886 in
2252 2837 2445 2887 ansulis
2468 2836 2745 2901 adscriptas
2770 2838 2910 2898 sunt,
2944 2832 3191 2885 Romanis
3231 2831 3431 2882 decreti
3471 2828 3868 2880 correctoribus

480 2910 757 2962 debentur.

670 3479 1134 3563 FRAGMEN
1145 3481 1353 3564 TUM
1428 3485 1923 3568 EPISTOL/E
1998 3490 2130 3571 AD
2201 3487 2861 3570 GRANDENSEM
2933 3477 3697 3567 PATRIARCHAM.

1181 3791 1429 3851 PALEA.

2222 3798 2383 3853 uxori
2409 3812 2541 3861 suae,
2568 3800 2619 3851 et
2647 3798 2809 3851 erunt
2828 3792 2937 3848 duo
2961 3792 3022 3847 in
3041 3805 3203 3846 carne
3228 3802 3341 3843 una
3366 3784 3520 3858 (Gen.
3542 3781 3622 3853 ιι).
3645 3777 3873 3844 Quibus

557 3879 898 3949 Benedictus
923 3882 1131 3939 Servus
1162 3902 1455 3943 servorum
1479 3885 1626 3943 Dei"
1667 3888 1988 3945 Grandcnsi
2016 3906 2118 3961 pa-

482 3975 750 4033 triarchas
767 3976 1034 4045 salutem,
1069 3980 1178 4033 etc.

558 4069 669 4122 Lex
698 4068 902 4124 divina:
928 4070 1354 4127 constitutionis
1373 4074 1753 4145 apostolicam
1781 4076 2123 4132 cathedram

493 4160 630 4234 [Al.,
650 4160 867 4235 sedem]
892 4163 1065 4218 totius
1085 4166 1276 4236 posuit
1296 4167 1451 4222 orbis
1470 4172 1755 4223 terrarum
1782 4170 2122 4241 magistram

493 4254 642 4327 [Cod.
669 4257 821 4319 Luc.,
846 4257 1299 4332 magistratum],
1334 4265 1396 4315 ut
1424 4261 1706 4333 quidquid
1731 4263 1939 4335 ubique
1966 4266 2122 4320 loco-

486 4365 617 4403 rum
642 4348 957 4419 dubitatur,
980 4351 1050 4405 ab
1068 4369 1138 4405 ea
1154 4353 1301 4408 ratio
1324 4354 1585 4424 ejusdem
1602 4357 1948 4428 requiratur.
1969 4360 2120 4414 Atia-

488 4446 579 4498 tus
612 4446 699 4497 est
731 4447 925 4498 autem
969 4462 1074 4499 nos
1117 4446 1233 4499 suis
1282 4446 1485 4502 litteris
1535 4449 1796 4520 ejusdem
1834 4453 2125 4507 cathedra:

489 4554 791 4605 sessorem,
821 4553 887 4590 ac
914 4542 1317 4607 percunctatus
1345 4545 1431 4596 est
1458 4543 1691 4613 quidam
1725 4548 1942 4600 vestras
1989 4546 2122 4619 [Al.,

488 4631 590 4704 vir]
624 4631 863 4687 nomine
887 4634 1158 4701 Joannes,
1187 4650 1293 4704 pro
1320 4635 1608 4691 connubio
1634 4638 1767 4692 ﬁliae
1794 4656 1909 4695 suae
1936 4656 2128 4711 super-

489 4725 663 4781 stitis:
692 4726 852 4796 cujus
865 4742 1029 4782 soror
1049 4725 1325 4783 defuncta
1346 4729 1573 4784 cuidam
1596 4730 1815 4801 juveni,
1831 4734 2124 4805 Stephano

491 4819 752 4890 nomine,
772 4820 1124 4892 simplicibus
1144 4821 1331 4877 verbis
1347 4823 1538 4878 fuerat
1557 4824 1923 4896 desponsata,
1954 4831 2011 4881 et
2031 4845 2128 4882 an-

490 4918 729 4985 tequam
775 4915 848 4969 ad
894 4915 1121 4987 nuptias
1163 4917 1512 4987 perveniret,
1554 4924 1743 4974 morte
1787 4925 2122 4991 praeventa:

493 5012 685 5063 utrum
699 5009 912 5064 scilicet
923 5026 1055 5063 cum
1070 5009 1278 5064 eodem
1286 5010 1499 5082 juvene
1512 5013 1693 5084 possit
1706 5015 2127 5071 matrimonum

493 5103 771 5158 celebrari
804 5103 1124 5174 superstitis
1153 5104 1304 5173 ﬁliae,
1333 5123 1441 5160 nec
1471 5123 1565 5162 ne.
1594 5108 1854 5180 Namque
1886 5113 2128 5165 testatus

2220 3890 2408 3946 verbis
2438 3889 2690 3945 innotuit
2718 3904 2837 3944 non
2863 3887 3029 3942 aliter
3046 3885 3235 3938 virum
3266 3884 3324 3936 et
3355 3878 3665 3934 mulierem
3694 3887 3873 3945 posse

2221 3986 2348 4040 fieri
2362 4001 2538 4039 unam
2552 3980 2925 4050 carnem,nisi
2943 3977 3157 4034 carnali
3168 3975 3373 4047 copula
3388 3972 3495 4027 sibi
3510 3968 3870 4025 cohaereant.

2224 4078 2329 4144 Qui
2344 4095 2484 4150 ergo
2500 4092 2871 4149 nequaquam
2886 4074 3088 4128 mistus
3109 4073 3494 4124 estextranese
3520 4060 3745 4117 mulieri
3766 4060 3875 4113 foe-

2225 4173 2361 4227 dere
2394 4171 2656 4243 nuptiali,
2690 4186 2803 4241 quo
2830 4171 2995 4240 pacto
3021 4182 3125 4237 per
3145 4163 3301 4218 nuda
3331 4156 3659 4232 sponsionis
3686 4152 3872 4208 verba

2223 4271 2465 4338 possunt
2496 4282 2610 4320 una
2634 4280 2766 4319 caro
2787 4262 2935 4330 ﬁeri,
2976 4260 3305 4315 nullatenus
3337 4255 3597 4309 valemus
3631 4245 3867 4303 intueri.

2224 4359 2631 4431 Propinquitas
2656 4358 2813 4412 enim
2837 4353 3133 4427 sanguinis
3153 4351 3339 4406 verbis
3361 4347 3585 4413 dicitur,
3603 4360 3719 4398 non
3734 4357 3870 4395 ver-

2224 4454 2312 4521 bis
2336 4453 2602 4522 efﬁcitur,
2626 4451 2726 4506 sed
2753 4450 2901 4524 [Cod.
2937 4453 3087 4512 Luc.,
3112 4464 3230 4502 non
3251 4442 3440 4499 verbis
3456 4439 3722 4501 efﬁcitur,
3739 4434 3865 4506 sed]

2225 4564 2415 4618 neque
2435 4547 2690 4601 osculum
2702 4544 2852 4617 parit
2864 4533 3538 4615 propinquitatem,quod
3565 4527 3864 4605 lAJ.,quiaj

2228 4642 2446 4696 nullam
2460 4640 2598 4695 facit
2613 4638 2911 4710 sanguinis
2926 4625 3711 4693 commixtionem.Quoniam
3725 4638 3873 4677 vero

2227 4736 2305 4790 ita
2331 4751 2566 4806 prorsus
2591 4750 2715 4789 sese
2737 4732 2915 4787 habet
2938 4747 3029 4785 res
3050 4726 3288 4785 Joannis
3315 4724 3495 4792 istius,
3529 4723 3593 4775 ut
3610 4717 3746 4773 velit
3773 4732 3872 4770 se-

2227 4829 2479 4884 cundam
2515 4828 2695 4882 tiliam
2716 4826 2824 4880 illis
2872 4823 3087 4896 nuptiis
3135 4821 3429 4892 ecpulare,
3478 4814 3567 4869 cui
3608 4811 3869 4885 primam

2219 4924 2347 4996 jam
2373 4923 2706 4978 decreverat
2730 4920 3101 4992 desponsare,
3134 4930 3376 4969 censura
3404 4906 3700 4983 apostolici
3738 4920 3871 4958 ma-

2228 5018 2500 5090 gistratus
2527 5015 2875 5071 mandamus
2885 5014 2994 5067 hoc
3015 5011 3231 5081 absque
3262 5007 3432 5062 ullius
3453 5000 3708 5059 criminis
3728 4997 3873 5053 vitio

2226 5129 2394 5185 posse
2414 5112 2560 5178 ﬁeri,
2583 5111 2627 5165 si
2650 5108 2945 5179 utriusque
2965 5105 3145 5178 partis
3164 5101 3379 5158 sederit
3403 5095 3701 5155 voluntati.
3720 5094 3870 5148 Nam

492 5196 1055 5271 hujusreirationem
1077 5198 1229 5269 apud
1246 5188 1557 5255 voshaberi
1579 5202 2129 5275 ambiguam.Quam
2149 5192 2205 5266 C.
2230 5223 2332 5261 cur
2376 5205 2771 5277 prohibeatur,
2800 5201 2955 5274 quod
2980 5196 3411 5272 prohibendum
3435 5193 3575 5264 [Αι.,
3606 5185 3868 5261 prohibi-

493 5295 611 5349 Deo
641 5293 883 5347 docente
904 5290 1203 5345 reddimus
1231 5292 1319 5346 his
1349 5294 1536 5349 verbis
1561 5297 1958 5355 certissimam.
1987 5300 2125 5355 Pro-

494 5388 771 5459 toplastus
796 5385 911 5454 ille,
943 5385 1107 5441 radix
1142 5389 1200 5440 et
1227 5386 1390 5458 origo
1418 5393 1616 5444 nostro
1648 5388 1795 5462 [Cod
1836 5394 1991 5461 Luc.,
2020 5410 2125 5448 no-

494 5482 630 5552 stra]
662 5481 981 5534 detractam
1001 5479 1110 5534 sibi
1128 5483 1347 5535 costam
1372 5480 1432 5535 in
1450 5483 1759 5538 mulierem
1780 5485 1980 5539 videns
2017 5487 2130 5541 for-

494 5579 733 5643 matam,
748 5574 1087 5646 prophetico
1102 5573 1305 5646 spiritu
1321 5575 1474 5630 inter
1484 5576 1596 5632 alia
1612 5577 1853 5649 protulit
1873 5595 1885 5632 :
1900 5580 2129 5649 Propter

492 5670 588 5725 hoc
624 5670 895 5755 relinquet
924 5670 1076 5725 homo
1103 5674 1323 5741 patrem
1355 5674 1407 5725 et
1451 5676 1699 5742 matrem,
1734 5675 1787 5727 et
1833 5672 2132 5731 adhaerebit

566 5814 700 5888 {De
714 5812 826 5888 hoc
856 5812 1026 5888 titulo.
1051 5817 1110 5867 ut
1143 5816 1228 5888 est
1250 5814 1309 5867 in
1337 5814 1546 5888 Codice
1574 5817 1833 5888 Lucensi,
1867 5822 2129 5888 superius

497 5878 630 5932 dixi.
667 5882 838 5934 Deest
853 5897 989 5934 vero
1012 5882 1074 5935 in
1104 5884 1313 5939 eodem
1336 5886 1544 5941 Codice
1586 5906 1691 5945 vox
1720 5878 1901 5959 palea.
1933 5878 2124 5949 Mans].

2228 5300 2375 5371 tum]
2392 5315 2689 5371 nunquam
2705 5302 2905 5352 sancta
2925 5295 3217 5366 Scriptura
3233 5291 3488 5346 declarat
3506 5286 3534 5341 ‘2
3548 5283 3663 5341 Sed
3673 5296 3872 5352 neque

2227 5394 2541 5449 mundana:
2586 5395 2761 5464 leges,
2794 5388 3228 5451 connumeratis
3270 5380 3532 5457 personis
3559 5392 3687 5450 quae
3714 5376 3877 5429 inter

2228 5505 2288 5545 se
2315 5489 2544 5561 nuptias
2574 5487 2733 5543 nonb
2764 5484 3136 5553 contrahunt,
3169 5481 3239 5536 de
3265 5472 3597 5549 hujusmodi
3646 5467 3873 5541 aliquid

2229 5584 2447 5639 dicunt.
2475 5585 2555 5638 Ne
2597 5598 2738 5653 ergo
2782 5578 3084 5651 abnegetis
3125 5574 3282 5649 quod
3323 5567 3661 5643 negandum
3710 5562 3875 5618 nulla

2228 5678 2453 5734 ratione
2481 5676 2698 5733 docetis
2730 5674 2867 5749 [Αι.,
2897 5668 3277 5742 monstratis].

2300 5825 2327 5865 δ
2356 5826 2417 5878 In
2448 5823 2588 5880 Cod.
2618 5824 2751 5877 Luc.
2785 5821 2948 5876 deest
2969 5834 3102 5883 non,
3132 5819 3191 5872 et
3229 5811 3503 5893 sequitur,
3540 5803 3880 5862 contrahunt

2229 5896 2296 5950 de
2326 5912 2382 5950 re
2408 5896 2741 5964 hujusmodi.
2768 5894 2936 5947 Idem.
