4006 6238
1000 478 1995 600 BENEDIGTI
2093 481 2621 608 PAPE
2727 482 2795 601 I

429 685 1312 829 EPISTOLA“
1407 688 1643 826 AD
1740 689 2287 828 DAVID
2383 687 3386 834 EPISCOPUM.

779 1009 1018 1075 Probat
1047 1029 1131 1075 ex
1173 1010 1376 1074 sacris
1404 1010 1661 1087 litteris,
1697 1028 2034 1076 summam
2063 1011 2451 1076 Trinitatem
2487 1012 2812 1078 unitatem
2850 1032 3016 1078 esse.

280 1141 773 1198 Reverendissimo
798 1142 959 1199 fratri
987 1145 1248 1216 episcopo
1276 1143 1449 1199 David
1473 1187 1487 1215 ,
1517 1144 1850 1201 Benedictus
1872 1158 1933 1231 Α
1952 1150 2088 1201 Deus
2117 1147 2309 1210 Israel,
2342 1149 2441 1217 qui
2461 1147 2608 1202 sedes
2650 1162 2809 1217 super
2852 1148 3125 1203 cherubim
3165 1147 3295 1217 (Isa.
3334 1149 3584 1220 xxxvn)?

212 1235 455 1291 salutem
483 1236 542 1292 in
568 1237 826 1292 Domino.

282 1330 648 1401 Respondere
692 1330 895 1385 litteris
941 1330 1138 1385 vestris
1161 1330 1385 1402 plenius
1430 1332 1709 1403 cogitavi;
1754 1332 1851 1387 sed

212 1439 340 1479 cum
371 1424 482 1478 hoc
506 1424 836 1492 meditarer,
858 1427 1050 1479 tantus
1068 1441 1159 1480 me
1174 1425 1336 1480 dolor
1351 1426 1555 1498 tetigit,
1586 1430 1648 1481 ut
1671 1427 1853 1499 magis

212 1519 345 1573 ﬂere
373 1528 555 1590 quam‘
594 1518 810 1590 aliquid
850 1518 1061 1588 dicere,
1107 1519 1417 1574 delectatus
1457 1521 1584 1575 sim.
1632 1520 1738 1575 Sed
1780 1538 1852 1575 ne

211 1612 468 1666 funditus
488 1616 827 1680 remaneret,
850 1628 1032 1683 pauca
1048 1611 1208 1666 vobis
1227 1612 1533 1668 rescribere
1549 1614 1760 1681 curavi,
1781 1614 1852 1669 ad

213 1706 431 1777 potiora
459 1722 556 1760 vos
593 1708 850 1776 tempora
892 1721 1143 1777 congrue
1170 1705 1432 1761 invitans.
1475 1707 1634 1771 Quod
1658 1712 1851 1763 autem

212 1799 416 1854 litterae
462 1804 579 1854 tuae
625 1804 793 1854 testes
826 1804 978 1869 sunt,
1011 1800 1288 1870 quosdam
1314 1800 1464 1854 intra
1504 1801 1852 1872 provinciam

213 1893 483 1948 Baeticam
508 1909 649 1962 esse,
674 1892 773 1964 qui
789 1892 1066 1964 dicerent,
1086 1894 1379 1948 neminem
1404 1895 1676 1950 veraciter
1690 1913 1853 1967 posse

211 1987 475 2059 probare,
503 1986 837 2041 Trinitatem
878 1987 1154 2041 unitatem
1194 1987 1337 2057 fieri,
1368 2004 1499 2042 cum
1526 2005 1711 2059 neque
1742 1992 1854 2043 tres

210 2098 414 2152 unum,
435 2097 626 2153 neque
651 2094 834 2135 unum
860 2079 918 2134 in
945 2081 1125 2135 tribus
1152 2086 1339 2152 posset
1364 2098 1710 2153 quemquam
1728 2098 1854 2153 pro-

209 2175 333 2247 prie
356 2175 675 2248 approbare
721 2191 735 2228 :
783 2191 921 2245 quas
967 2175 1038 2229 ob
1086 2192 1299 2245 causas,
1347 2174 1703 2231 dilectissime
1750 2176 1849 2247 ﬁli,

211 2270 471 2324 consulta
515 2268 620 2323 tibi
666 2268 989 2339 apostolica:
1019 2268 1167 2323 sedis
1194 2269 1452 2323 misimus
1479 2311 1493 2338 ,
1525 2274 1590 2324 ut
1627 2274 1726 2324 aut
1764 2270 1853 2323 his

212 2379 304 2417 eos
324 2363 394 2417 ad
426 2366 643 2417 rectam
680 2362 853 2417 fidem
880 2362 1127 2417 converti
1160 2362 1349 2433 facias,
1395 2366 1496 2417 aut
1522 2362 1592 2416 ab
1621 2363 1855 2418 ecclesia

211 2461 519 2528 antequam
546 2455 717 2527 pestis
746 2457 866 2511 11ωο
896 2456 1064 2510 latius
1090 2456 1433 2528 divulgetur,
1472 2457 1730 2528 repellas.
1758 2457 1855 2511 His

1952 1239 2006 1294 Si
2033 1240 2220 1294 unitas
2246 1256 2362 1295 non
2387 1242 2490 1309 est,
2516 1255 2690 1311 quare
2720 1258 2734 1294 :
2763 1244 2861 1310 qui
2881 1242 3049 1304 sedes,
3070 1241 3232 1309 dixit,
3256 1245 3314 1297 et
3335 1258 3452 1297 non
3482 1242 3582 1313 qui

1952 1333 2176 1400 sedetis,
2190 1338 2247 1387 et
2258 1334 2517 1405 adjunxit
2538 1332 2748 1405 (Labb.,
2769 1333 3065 1407 abstruxit]
3081 1336 3109 1389 ?
3136 1334 3191 1390 Si
3208 1334 3448 1390 Trinitas
3466 1352 3583 1391 non

1952 1431 2054 1497 est,
2086 1443 2260 1498 quare
2288 1426 2348 1482 in
2373 1429 2702 1500 Regnorum
2744 1428 2890 1482 libro
2935 1427 3158 1497 dicitur,
3206 1431 3425 1484 Domine
3448 1432 3588 1486 Deus

1952 1524 2300 1591 omnipotens,
2340 1524 2479 1576 Deus
2514 1523 2704 1585 Israel,
2739 1536 3000 1577 sermones
3043 1524 3125 1576 tui
3157 1522 3339 1591 ﬁdeles
3364 1527 3492 1578 sunt
3517 1524 3592 1592 (II

1952 1616 2080 1683 Reg.
2112 1630 2209 1681 v11,
2241 1615 2326 1669 III
2357 1617 2486 1684 Iteg.
2515 1616 2671 1686 vui)?
2696 1615 2751 1670 Si
2777 1614 2961 1668 unitas
2993 1630 3108 1668 non
3135 1619 3237 1684 est,
3276 1631 3451 1685 quare
3477 1618 3582 1680 tui,

1953 1707 2178 1778 dicitur,
2209 1713 2266 1763 et
2291 1724 2429 1774 non,
2458 1708 2648 1775 vestri,
2686 1707 2873 1779 potius
2899 1707 3232 1763 intimetur?
3258 1708 3314 1763 Si
3342 1709 3585 1765 Trinitas

1951 1818 2068 1856 non
2093 1807 2193 1870 est,
2225 1817 2328 1855 cur
2354 1801 2414 1855 in
2458 1801 2677 1872 psalmo
2708 1817 2838 1856 Lv111
2875 1804 3135 1856 cantatur
3161 1818 3173 1856 :
3207 1804 3425 1857 Domine
3449 1807 3588 1859 Deus

1951 1899 2236 1958 virtutum,
2286 1898 2423 1949 Deus
2459 1896 2647 1958 Israel,
2688 1894 2905 1949 intende
2946 1895 3022 1949 ad
3061 1895 3369 1951 visitandas
3411 1911 3589 1953 omnes

1953 1992 2174 2059 gentes?
2215 1988 2271 2043 Si
2317 1989 2503 2043 unitas
2529 2005 2646 2043 non
2689 1994 2794 2057 est,
2834 2005 3010 2059 quare
3052 1989 3269 2043 intende
3294 1990 3503 2060 posuit,
3531 1995 3589 2044 et

1952 2099 2088 2152 non,
2117 2081 2412 2152 intendite,
2440 2087 2505 2137 ut
2540 2081 2875 2153 praedicatus
2903 2086 3007 2150 est,
3032 2081 3313 2136 intimavit
3331 2083 3359 2136 ?
3383 2083 3439 2137 Si
3464 2083 3583 2138 Tri-

1953 2177 2097 2231 nitas
2122 2192 2237 2230 non
2262 2181 2364 2243 est,
2392 2192 2567 2247 quare
2593 2176 2653 2230 in
2672 2174 3005 2246 Apocalypsi
3029 2174 3196 2229 tertio
3220 2175 3363 2230 dixit
3400 2193 3414 2230 :
3442 2178 3586 2233 Sana

1952 2275 2087 2334 ctus,
2098 2274 2334 2333 sanctus,
2349 2274 2585 2333 sanctus,
2602 2272 2852 2325 Dominus
2871 2272 3008 2324 Deus
3019 2271 3367 2339 omnipotens,
3382 2272 3480 2339 qui
3489 2276 3588 2336 est,

1954 2369 2005 2419 et
2018 2366 2113 2434 qui
2124 2368 2240 2418 erat
2257 2362 2443 2433 (Apoc.
2474 2363 2545 2433 1v)
2557 2363 2584 2416 ?
2614 2362 2668 2417 Si
2688 2361 2876 2416 unitas
2890 2378 3006 2416 non
3026 2364 3129 2428 est,
3144 2377 3318 2433 quare
3333 2378 3469 2432 non,
3489 2363 3589 2434 qui

1955 2463 2106 2525 sunt,
2134 2455 2447 2528 pluraliter,
2478 2455 2710 2525 sed,qui
2723 2459 2860 2518 erat,
2889 2454 3244 2525 designavit?
3267 2454 3325 2509 Si
3345 2455 3587 2510 Trinitas

213 2550 426 2622 (frater)
460 2550 878 2621 Scripturarum
904 2550 1245 2605 testimoniis
1280 2551 1535 2621 (Ithacius
1573 2551 1703 2607 adu.
1741 2554 1853 2607 Va-
1873 2530 1932 2603 B
1956 2568 2075 2606 non
2104 2555 2204 2620 est,
2236 2566 2413 2621 quare
2438 2549 2498 2604 in
2533 2548 2968 2604 Deuteronomio
2999 2548 3213 2603 dictum
3242 2552 3368 2603 est:
3405 2552 3589 2605 Domi-

212 2645 507 2714 rimadum,
538 2661 588 2699 c.
622 2644 670 2717 l)
716 2644 995 2699 unitatem
1026 2644 1309 2699 Trinitatis
1352 2661 1614 2716 agnosce,
1660 2648 1716 2700 et
1756 2645 1855 2700 dc-

214 2739 332 2793 sine
382 2738 725 2792 Arianorum
775 2737 1110 2809 pravitatem
1166 2738 1364 2809 sequi,
1422 2743 1483 2793 ut
1533 2738 1603 2792 ab
1659 2739 1858 2793 eadem

215 2832 389 2903 possis
442 2837 807 2905 peccatorum
858 2831 1278 2902 indulgentiam
1326 2832 1663 2904 promereri,
1719 2832 1858 2887 Isaia

214 2928 493 2999 propheta
519 2927 739 2982 dicente
768 2943 781 2980 :
831 2927 969 2982 Vide
1008 2929 1292 2981 Dominum
1335 2927 1562 2981 sabaoth
1590 2927 1858 2981 sedentem

215 3036 374 3091 super
393 3023 650 3076 thronum
676 3021 960 3084 excelsum,
980 3024 1030 3075 et
1047 3022 1320 3091 seraphim
1345 3020 1565 3075 stabant
1585 3022 1643 3074 in
1659 3022 1855 3075 circui-

217 3120 275 3169 tu
301 3115 418 3185 ejus
445 3135 462 3170 :
491 3131 586 3170 sea:
610 3116 713 3169 ala
739 3118 857 3179 uni,
898 3119 949 3169 et
979 3130 1073 3169 sea:
1099 3115 1204 3169 alae
1231 3115 1414 3169 alteri.
1447 3115 1666 3169 Duabus
1708 3115 1854 3169 vela-

221 3209 346 3263 bant
369 3211 569 3277 faciem
593 3209 725 3278 ejus,
754 3208 965 3263 duabus
985 3212 1166 3263 autem
1188 3210 1442 3264 uelabant
1461 3209 1625 3280 pedes
1656 3208 1787 3278 ejus,
1809 3212 1859 3263 et

217 3303 424 3359 duabus
449 3304 728 3359 volabant.
760 3307 830 3359 Et
854 3304 1166 3358 clamabant
1200 3304 1274 3358 ad
1301 3304 1643 3366 alterutrum,
1673 3304 1856 3358 dicen-

219 3401 291 3452 tes
318 3417 335 3452 :
361 3400 618 3461 Sanctus,
644 3402 884 3461 sanctus,
904 3402 1161 3464 sanctus;
1194 3400 1448 3454 Dominus
1473 3402 1612 3453 Deus
1632 3398 1859 3453 sabaoth

218 3492 342 3561 (Isa.
388 3492 486 3564 v1).
523 3492 583 3548 Si
612 3491 853 3547 Trinitas
878 3508 993 3546 non
1023 3495 1126 3561 est,
1159 3508 1334 3563 quare
1377 3490 1565 3559 tertio,
1605 3495 1854 3561 sanctus,

218 3585 518 3641 dixerunt?
546 3588 613 3641 Et
638 3585 684 3640 si
711 3585 899 3641 unitas
925 3602 1042 3640 non
1061 3590 1164 3653 est,
1196 3601 1369 3656 quare
1398 3585 1501 3640 sub
1527 3585 1676 3640 trina
1700 3600 1858 3656 repe-

216 3680 408 3736 titione
434 3696 622 3735 unum
637 3681 815 3735 Deum
837 3696 900 3734 ac
916 3679 1221 3734 Dominum
1249 3680 1588 3735 intimarunt
1607 3680 1633 3734 ‘l
1660 3679 1717 3735 Si
1742 3678 1858 3733 Tri-

220 3774 361 3828 nitas
389 3791 509 3829 non
538 3779 641 3845 est,
682 3791 785 3828 cur
808 3774 869 3828 in
902 3774 1183 3828 Geneseos
1207 3774 1413 3828 dicitur
1452 3790 1465 3828 :
1520 3776 1671 3829 Dixit
1696 3777 1854 3835 Deus,

218 3869 343 3935 fecit
369 3873 531 3932 Deus,
552 3872 601 3923 et
622 3868 894 3923 benediarit
911 3871 1048 3923 Deus
1077 3867 1283 3939 (Genes.
1312 3868 1389 3939 1)?
1413 3866 1469 3922 Si
1504 3883 1636 3921 vero
1669 3865 1856 3920 unitas
1876 3903 1932 3979 Ο

219 3977 331 4017 non
360 3965 465 4032 est,
497 3978 671 4034 quare
701 3960 867 4016 tertio
896 3961 1058 4031 dixit,
1090 3963 1255 4031 Deus,
1279 3965 1336 4016 et
1360 3978 1476 4015 non
1500 3961 1633 4015 deos
1660 3960 1852 4030 plura-

219 4054 345 4111 liter
369 4056 825 4112 commendavit?
855 4057 922 4110 Et
958 4055 1004 4109 si
1037 4055 1277 4110 Trinitas
1303 4072 1419 4110 non
1447 4059 1550 4125 est,
1590 4070 1767 4126 quare
1794 4053 1855 4107 in

223 4150 404 4205 Exodo
431 4151 654 4205 dictum
692 4155 776 4205 est
800 4149 967 4203 tertio
996 4166 1010 4204 :
1060 4153 1296 4213 Domine,
1345 4150 1577 4213 domine,
1622 4149 1851 4212 domine,

221 4246 506 4300 miserator
531 4248 581 4299 et
608 4245 906 4299 misericors
950 4243 1144 4314 (Exod.
1176 4244 1390 4315 xxx1v)?
1435 4243 1493 4298 Si
1519 4242 1707 4298 unitas
1734 4259 1853 4297 non

224 4342 322 4405 est,
347 4354 528 4410 quare
555 4338 691 4392 dum
719 4337 886 4393 tertio
916 4336 1144 4405 diceret,
1169 4337 1431 4408 Domine,
1456 4342 1649 4409 postea
1674 4336 1850 4390 mise-

225 4440 375 4492 rator
397 4436 766 4508 singulariter
783 4435 947 4505 dixit,
970 4438 1028 4490 et
1049 4453 1166 4490 non
1186 4436 1563 4504 miscratores,
1581 4440 1646 4490 ut
1662 4435 1851 4507 plures

223 4531 560 4600 ostenderet,
590 4529 913 4585 intimavit?
938 4529 994 4584 Si
1008 4529 1249 4585 Trinitas
1274 4547 1395 4587 non
1421 4535 1523 4597 est,
1558 4545 1660 4584 cur
1686 4527 1857 4582 Abra-

224 4622 356 4679 ham
378 4625 450 4680 ad
479 4624 662 4680 ilicem
688 4624 935 4679 Mambre
955 4624 1176 4694 sedens,
1196 4623 1491 4696 tribusque
1534 4638 1853 4691 occurrens,

224 4719 323 4772 uni
350 4720 581 4783 domine,
612 4718 754 4772 dixit
788 4718 990 4789 (Genes.
1022 4718 1208 4790 xv111);
1248 4724 1305 4773 et
1337 4734 1453 4772 non
1494 4715 1576 4787 (ut
1620 4716 1854 4787 viderat)

225 4816 399 4872 tribus
419 4817 772 4872 salutationis
791 4817 1126 4889 obsequium
1144 4816 1433 4872 reddidit?
1457 4816 1512 4871 Si
1531 4815 1718 4869 unitas
1739 4830 1857 4869 non

226 4909 325 4974 est,
368 4924 544 4979 quare
592 4924 725 4962 cum
773 4909 909 4963 Mos.
933 4908 1125 4977 (Exod.
1160 4906 1260 4979 111),
1294 4910 1431 4962 Deus
1466 4906 1767 4967 Abraham,
1805 4907 1856 4958 et

226 5001 358 5057 Deus
390 5004 568 5066 Isaac,
600 5008 650 5058 et
693 5006 829 5058 Deus
870 5003 1055 5065 Iacob,
1098 5000 1264 5057 tertio
1302 5001 1530 5068 diceret,
1576 4999 1857 5054 unitatem

228 5097 540 5167 ostendens,
570 5099 683 5152 Hoc
706 5097 842 5151 mihi
869 5112 1062 5151 nomen
1088 5100 1185 5160 est,
1225 5094 1398 5164 dixit;
1451 5099 1508 5149 et
1545 5109 1684 5162 non,
1730 5093 1856 5146 Haec

229 5194 356 5244 sunt
378 5196 570 5246 nostra
596 5190 850 5260 nomina,
874 5189 1228 5261 designavit?
1255 5188 1312 5244 Si
1339 5187 1581 5243 Trinitas
1606 5202 1721 5241 non
1749 5188 1853 5254 est,

229 5298 396 5355 quare
422 5284 591 5339 David
622 5285 787 5340 tertio
812 5283 955 5339 dixit
999 5301 1012 5338 :
1051 5284 1338 5340 Benedicat
1370 5297 1466 5337 nos
1510 5285 1669 5344 Deus,
1721 5283 1858 5335 Deus

228 5382 419 5443 noster,
450 5379 725 5434 benedicat
765 5394 859 5434 nos
900 5382 1038 5434 Deus
1082 5377 1300 5449 (Psalm.
1351 5375 1535 5447 xcv1)?
1572 5374 1629 5430 Si
1668 5372 1858 5428 unitas

229 5486 341 5525 non
365 5478 465 5543 est,
508 5489 683 5545 quare
719 5489 875 5542 cum,
913 5476 1052 5529 Deus
1103 5471 1269 5526 tertio
1297 5470 1665 5538 nominasset,
1700 5469 1855 5523 bene-

230 5564 390 5631 dicat,
419 5572 478 5622 et
500 5583 639 5637 non,
671 5566 1026 5637 benedicant,
1056 5564 1315 5638 adjunxit
1336 5566 1364 5619 ?
1394 5564 1450 5621 Si
1477 5561 1717 5619 Trinitas
1742 5577 1859 5615 non

232 5664 331 5733 est,
370 5677 470 5718 cur
494 5661 661 5759 Isaias
704 5661 890 5717 denuo
936 5661 1126 5718 dixit:
1167 5662 1388 5718 Domine
1432 5662 1571 5716 Deus
1611 5656 1857 5721 sabaoth,

1953 2660 2054 2700 nus
2078 2648 2217 2700 Deus
2247 2649 2400 2707 tuus,
2444 2647 2581 2699 Deus
2618 2645 2919 2699 misericors
2964 2648 3061 2707 est,
3113 2646 3165 2696 et
3197 2643 3385 2697 audiet
3415 2659 3593 2700 vocem

1958 2745 2107 2794 tuam
2137 2738 2371 2808 (Denter.
2402 2737 2514 2809 1v)?
2540 2737 2595 2792 Si
2624 2737 2808 2791 unitas
2828 2753 2946 2791 non
2970 2740 3072 2806 est,
3096 2752 3271 2807 quare
3290 2737 3478 2793 audiet
3494 2755 3592 2809 po-

1956 2832 2087 2899 suit,
2122 2834 2179 2886 et
2212 2848 2327 2886 non
2364 2831 2615 2901 audient,
2647 2829 2966 2885 intimavit?
2992 2830 3046 2885 Si
3072 2829 3313 2885 Trinitas
3340 2848 3456 2886 non
3484 2838 3590 2897 est,

1957 2942 2132 2998 quare
2154 2926 2215 2979 in
2240 2926 2369 2979 Jesu
2394 2925 2540 2980 Nave
2565 2924 2770 2979 dicitur
2794 2924 2940 2978 libro
2964 2940 2977 2978 :
3015 2927 3272 2981 Dominus
3295 2929 3434 2981 Deus
3461 2926 3588 2982 deo-

1955 3036 2077 3076 rum
2103 3024 2183 3075 est
2205 3018 2377 3090 (Iosue
2402 3036 2477 3088 11;
2506 3023 2660 3074 Deut.
2691 3019 2789 3099 x)?
2822 3018 2880 3073 Si
2918 3018 3105 3072 unitas
3133 3034 3250 3073 non
3284 3024 3385 3086 est,
3414 3036 3589 3091 quare

1957 3119 2052 3177 est,
2084 3113 2247 3181 dixit,
2277 3118 2331 3168 et
2368 3131 2505 3182 non,
2551 3119 2703 3181 sunt,
2732 3129 2890 3168 more
2920 3111 3223 3167 locutionis
3248 3112 3508 3169 induxit?
3536 3115 3593 3170 Si

1956 3208 2197 3263 Trinitas
2233 3226 2350 3263 non
2389 3212 2493 3278 est,
2532 3224 2708 3279 quare
2729 3208 2876 3261 Elias
2904 3207 3116 3261 orando
3139 3206 3239 3277 (III
3256 3211 3386 3277 Reg.
3413 3208 3589 3279 xvm),

1956 3306 2197 3368 Domine,
2225 3286 2456 3367 domine,
2493 3303 2703 3357 domine
2738 3306 2874 3357 Deus
2898 3301 3087 3365 Israel,
3123 3303 3335 3357 ostende
3377 3304 3508 3373 quia
3534 3308 3595 3358 tu

1957 3413 2009 3453 es
2038 3401 2174 3453 Deus
2201 3413 2371 3461 meus,
2404 3395 2590 3452 dixit?
2617 3396 2676 3451 Si
2702 3396 2892 3451 unitas
2914 3412 3031 3450 non
3056 3400 3160 3463 est,
3189 3412 3384 3468 quare,
3414 3401 3590 3452 osten-

1956 3493 2041 3555 de,
2071 3495 2127 3546 et
2164 3507 2284 3546 non
2321 3491 2617 3559 ostendite,
2664 3468 2893 3561 posuit?
2936 3489 2988 3545 Si
3036 3489 3276 3545 Trinitas
3319 3506 3435 3545 non
3484 3494 3591 3560 est,

1956 3602 2058 3639 cur
2085 3585 2467 3640 Mardocheeus
2496 3583 2708 3638 orando
2738 3584 2963 3653 (Esther.
2993 3587 3130 3654 χιιι),
3160 3586 3399 3647 Domine,
3418 3584 3591 3639 domi-

1954 3695 2019 3734 ne
2039 3684 2176 3734 Deus
2193 3682 2542 3749 omnipotens,
2565 3681 2745 3734 omnia
2764 3680 2824 3731 in
2836 3681 3101 3747 potestate
3128 3682 3223 3732 tua
3245 3681 3393 3740 sunt,
3417 3677 3594 3731 dixit?

1956 3773 2011 3828 Si
2039 3772 2227 3828 unitas
2250 3789 2367 3827 non
2410 3777 2513 3842 est,
2563 3787 2739 3843 quare
2777 3773 2836 3825 in
2880 3775 2973 3825 tua
3021 3770 3229 3841 posuit,
3274 3774 3331 3825 et
3371 3787 3489 3825 non
3529 3770 3593 3825 in

1955 3869 2158 3934 vestra,
2214 3866 2495 3938 signavit?
2548 3865 2607 3921 Si
2656 3864 2897 3920 Trinitas
2940 3880 3057 3919 non
3108 3868 3212 3934 est,
3266 3881 3368 3918 cur
3416 3864 3591 3920 etiam

1954 3961 2149 4016 Judith
2177 3960 2390 4015 orando
2419 3959 2565 4014 dixit
2593 3976 2606 4014 :
2636 3962 2853 4015 Domine
2876 3961 3014 4013 Deus
3038 3960 3276 4014 omnium
3299 3960 3590 4021 uirtutum,

1954 4058 2152 4127 respice
2190 4057 2250 4109 in
2288 4057 2584 4111 orationem
2631 4068 2808 4109 meam
2867 4053 3092 4125 (Iudith.
3142 4052 3254 4125 1x)?
3296 4052 3353 4108 Si
3403 4053 3593 4107 unitas

1954 4167 2071 4206 non
2099 4154 2202 4217 est,
2251 4165 2447 4222 quare,
2498 4150 2718 4220 respice,
2765 4147 2973 4219 posuit,
3020 4151 3079 4202 et
3122 4164 3259 4216 non,
3306 4146 3588 4218 respicite,

1954 4244 2306 4316 designavit?
2345 4244 2401 4299 Si
2438 4241 2678 4297 Trinitas
2718 4258 2834 4296 non
2878 4247 2981 4310 est,
3035 4256 3211 4313 quare
3248 4240 3309 4295 in
3351 4240 3593 4295 Jeremia

1954 4339 2179 4408 dicitur,
2207 4340 2464 4394 Dominus
2500 4341 2637 4393 Deus
2673 4341 2846 4393 vester
2880 4340 3018 4392 Deus
3059 4351 3229 4390 verax
3255 4338 3334 4391 est
3378 4335 3587 4404 (Jerem.

1956 4433 2045 4505 x)?
2072 4432 2127 4488 Si
2156 4432 2345 4488 unitas
2371 4448 2486 4487 non
2512 4436 2616 4501 est,
2646 4447 2841 4503 quare,
2863 4446 3032 4485 veram
3055 4433 3150 4493 est,
3183 4428 3347 4496 dixit,
3375 4433 3587 4497 etnon,

1954 4543 2199 4597 veraces,
2224 4528 2410 4598 potius
2434 4524 2759 4580 intimavit?
2788 4523 2845 4578 Si
2875 4523 3115 4577 Trinitas
3141 4537 3258 4575 non
3282 4525 3384 4590 est,
3414 4536 3591 4592 quare

1955 4621 2016 4676 in
2040 4619 2371 4692 Apocalypsi
2397 4619 2671 4690 scriptum
2698 4620 2785 4672 est
2814 4633 2827 4671 :
2866 4619 3124 4672 Dominus
3161 4618 3299 4671 Deus
3343 4619 3394 4669 et
3420 4617 3588 4685 spiri-

1957 4722 2042 4772 tus
2062 4714 2455 4787 prophetarum
2478 4713 2627 4767 misit
2650 4710 2903 4781 angelum
2919 4725 3093 4776 suum,
3127 4708 3399 4764 ostendere
3422 4711 3590 4764 servis

1953 4812 2067 4866 suis
2101 4823 2220 4878 quae
2239 4810 2445 4877 oportet
2466 4808 2587 4875 ﬁeri
2602 4808 2704 4860 cito
2732 4804 2919 4874 (Apoc.
2948 4802 3027 4875 1)?
3047 4802 3103 4858 Si
3129 4802 3314 4857 unitas
3337 4819 3455 4858 non
3483 4807 3585 4874 est,

1955 4918 2131 4976 quare
2158 4917 2289 4956 cum
2316 4901 2542 4953 Patrem
2568 4903 2625 4953 et
2647 4896 2850 4952 Filium
2873 4901 2930 4953 et
2954 4895 3227 4969 Spiritum
3246 4897 3587 4966 nominasse,

1954 5000 2103 5053 misit
2129 4996 2405 5056 Dominus,
2437 4991 2599 5063 dixit,
2627 4995 2683 5046 et
2705 5007 2841 5061 non,
2871 4990 3170 5060 miserunt,
3188 4990 3291 5044 sub
3313 4991 3592 5061 praetextu

1955 5092 2131 5147 trium
2141 5103 2511 5161 personarum
2523 5091 2578 5141 et
2590 5084 2893 5139 nominum
2903 5083 3220 5139 introduxit
3230 5084 3258 5138 ?
3279 5083 3333 5138 Si
3348 5082 3591 5137 Trinitas

1956 5201 2071 5239 non
2096 5188 2199 5252 est,
2232 5197 2407 5253 quare
2449 5180 2511 5234 in
2554 5177 2988 5234 Deuteronomio
3030 5176 3239 5231 dicitur
3280 5193 3293 5229 :
3337 5177 3592 5231 Dominus

1957 5282 2094 5334 Deus
2121 5280 2294 5332 vester
2318 5276 2403 5329 hic
2427 5279 2524 5338 est,
2551 5277 2686 5329 Deus
2716 5271 2890 5342 (Deut.
2918 5270 3014 5341 x)?
3048 5269 3105 5325 Si
3128 5267 3317 5323 unitas
3341 5283 3458 5321 non
3485 5272 3590 5338 est,

1957 5386 2151 5444 quare,
2179 5372 2279 5427 Hic
2304 5373 2400 5437 est,
2430 5367 2591 5436 dixit,
2619 5371 2675 5422 et
2696 5381 2832 5433 non,
2855 5364 2916 5418 hi
2939 5366 3091 5431 sunt,
3114 5359 3322 5434 plurali
3346 5375 3590 5416 numero

1958 5463 2304 5538 designavit?
2331 5462 2389 5519 Si
2416 5461 2658 5518 Trinitas
2696 5475 2815 5514 non
2843 5462 2947 5528 est,
2977 5471 3153 5529 quare
3183 5454 3246 5508 in
3274 5453 3476 5509 eodem
3500 5454 3590 5509 di-

1958 5559 2104 5615 citur
2130 5558 2273 5614 libro
2306 5574 2321 5612 :
2351 5558 2606 5614 Dominus
2630 5558 2769 5611 Deus
2799 5556 2922 5608 tuus
2944 5593 2961 5615 ,
2994 5554 3130 5606 Deus
3157 5562 3388 5617 magnus
3413 5552 3467 5603 et
3489 5563 3593 5619 po-

1960 5659 2071 5712 tens
2097 5659 2175 5711 est
2203 5652 2423 5727 (Ibid)?
2440 5651 2501 5707 Si
2523 5649 2709 5708 unitas
2724 5663 2841 5703 non
2860 5649 2962 5716 est,
2982 5656 3421 5716 quare,magnus
3431 5646 3483 5698 et
3493 5656 3594 5714 po.

307 5812 331 5843 ⁸
355 5814 509 5873 Falsa
534 5822 592 5873 et
614 5815 1008 5874 commentitia
1033 5815 1104 5871 ab
1129 5815 1332 5872 eodem
1357 5817 1663 5874 Mercatore
1691 5813 1941 5885 farrago.
1962 5812 2130 5868 ιω.
