4016 6240
508 316 611 368 675

1480 311 1735 365 SANCTA
1773 306 2242 377 RADEGUNDUS,
2286 309 2534 366 REGINA
2571 308 2900 365 FRANCl/E.

3785 302 3876 358 676
3940 297 3997 357 ῖιῖῖ

506 422 666 476 cibus
702 436 900 477 earum
938 436 1069 475 cum
1110 418 1511 473 contestatione
1552 419 1741 474 divina
1772 435 1941 474 suum
1987 434 2142 474 com-
2167 432 2228 504 Α
2246 420 2388 475 illud
2414 420 2682 491 signaret,
2714 419 2904 491 aliqua
2938 417 3008 473 de
3045 415 3331 472 sororibus
3368 416 3508 471 vidit
3542 431 3719 487 supra
3748 429 3874 469 mu—
3940 410 4016 499 it?”

506 515 799 579 mendavit
823 513 1259 569 monasterium.
1751 557 1781 582 ,

579 613 669 665 20.
702 610 830 664 Post
867 609 972 662 hoc
1007 607 1223 662 donum
1256 605 1476 661 caeleste
1515 610 1810 678 acceptum
1836 605 2147 662 transmisit

507 703 672 759 beata
712 703 911 756 missos
955 717 1105 766 suos,
1154 698 1542 770 supradictum
1569 700 1984 772 presbyterum,
2013 716 2145 754 cum

510 797 654 866 aliis,
686 797 756 850 ad
785 796 1193 866 imperatorem
1221 810 1352 847 cum
1380 792 1624 865 simplici
1646 794 1981 850 vestimento
2013 810 2143 865 gra-

510 890 619 944 tias
634 905 818 960 agere.
847 890 907 942 In
927 887 1220 942 redeundo
1249 886 1417 958 coepit
1439 903 1600 941 mare
1628 888 1894 942 ﬂuctibus
1907 888 2021 959 agi,
2048 887 2146 942 ubi

511 988 644 1038 sunt
676 983 852 1036 multa
895 980 1145 1052 pericula
1169 980 1338 1052 passi,
1372 981 1647 1052 procellas
1675 982 1886 1037 scilicet
1916 986 1975 1037 et
1998 987 2144 1036 tem-

507 1080 770 1148 pestates,
800 1076 968 1147 quale
989 1092 1047 1130 se
1067 1091 1367 1146 nunquam
1392 1075 1598 1131 vidisse
1622 1075 1980 1145 fatebantur;
2012 1092 2149 1147 qua—

510 1170 772 1241 draginta
818 1169 1019 1224 diebus
1056 1173 1112 1224 et
1149 1168 1525 1240 quadraginta
1563 1169 1821 1224 noctibus
1862 1169 1923 1224 in
1960 1168 2148 1225 medio

510 1263 656 1319 mari
684 1264 842 1318 navis
870 1279 1069 1318 eorum
1094 1262 1347 1334 periculo
1391 1263 1738 1334 subjacebat.
1777 1264 1902 1317 Jam
1931 1263 2001 1317 de
2033 1262 2151 1318 vita

512 1358 870 1429 desperantes
915 1362 1157 1411 mortem
1202 1373 1321 1427 pra
1359 1357 1535 1411 oculis
1582 1357 1876 1427 habentes,
1906 1356 2058 1411 inter
2092 1373 2151 1411 se

510 1468 708 1524 pacem
726 1451 1010 1517 facientes,
1032 1450 1166 1522 quia
1176 1450 1299 1519 jam
1321 1466 1418 1505 eos
1443 1466 1601 1505 mare
1626 1450 1928 1505 absorbere
1953 1449 2148 1522 cupie-

512 1545 627 1614 bat,
659 1561 718 1601 se
744 1544 995 1600 videntes
1030 1543 1091 1598 in
1129 1548 1282 1598 tanto
1323 1544 1600 1615 periculo,
1646 1560 1808 1599 voces
1834 1543 1905 1599 ad
1948 1544 2151 1598 coelum

513 1639 724 1693 dabant
748 1639 1054 1693 clamantes
1078 1655 1142 1692 ac
1168 1637 1418 1693 dicentes
1451 1655 1464 1692 :
1490 1638 1728 1693 Domina
1764 1636 2148 1709 Radegundis,

515 1732 749 1787 subveni
793 1732 966 1786 servis
998 1732 1110 1787 tuis
1148 1749 1161 1786 :
1198 1732 1337 1786 dum
1368 1731 1470 1786 tibi
1508 1730 1822 1801 obedimus,
1872 1731 2153 1786 submersi

2245 529 2376 567 rum
2413 513 2587 568 millia
2630 513 2874 568 millium
2912 512 3238 567 damonum
3275 511 3337 565 in
3366 510 3555 581 specie
3580 524 3879 581 caprarum
3938 496 4016 613 ibi?!

2243 612 2425 662 astare
2466 624 2479 661 :
2523 607 2621 661 ubi
2670 612 2862 662 sancta
2916 606 3208 660 dexteram
3257 606 3484 660 beatam
3539 620 3673 660 cum
3723 601 3881 673 signo
3940 591 3948 613 '
3988 591 4016 643 Ξῖ

2245 701 2425 757 crucis
2453 701 2707 769 elevavit,
2741 699 2925 755 omnis
2956 700 3051 755 illa
3092 698 3398 754 multitudo
3429 698 3765 754 damonum
3792 696 3876 751 fu-
3942 678 4011 743 Ιῑιέίῖ

2248 800 2376 868 gata
2403 810 2685 865 nusquam
2709 793 3050 865 comparuit.
3942 797 3977 868 ιτ

2316 892 2406 946 23.
2428 887 2609 945 Simili
2633 888 2802 943 modo
2827 888 2965 943 dum
2990 891 3121 943 ante
3151 903 3314 941 suam
3336 885 3537 940 cellam
3555 890 3726 940 nocte
3746 885 3883 938 asta-
3944 884 4016 975 με

2246 989 2352 1053 ret,
2383 998 2607 1067 semper
2632 982 2798 1037 corde
2824 986 2881 1036 et
2906 981 2966 1036 in
2993 996 3089 1035 ore
3116 996 3347 1035 cursum
3373 979 3698 1047 decantans,
3737 977 3885 1033 intra
3950 980 4016 1079 Ιίῖῖῖ

2246 1093 2451 1133 arcana
2476 1077 2662 1132 cordis
2691 1075 2780 1130 sui
2809 1080 3020 1130 secrete
3042 1074 3199 1146 jugis
3228 1074 3353 1128 laus
3393 1073 3488 1127 Dei
3516 1071 3881 1144 personabat,
3942 1071 3955 1146 ξ

2247 1174 2522 1226 nocturna
2558 1170 2694 1240 avis,
2725 1184 2855 1240 qua
2896 1168 3224 1224 hominibus
3261 1172 3347 1222 est
3380 1167 3626 1238 ingrata,
3668 1164 3875 1220 vocife-

2249 1282 2381 1320 rans
2422 1265 2479 1319 in
2515 1264 2703 1319 medio
2747 1262 3091 1318 monasterio
3133 1262 3191 1316 in
3219 1261 3422 1316 arbore
3461 1276 3520 1315 se
3559 1259 3883 1316 infestabat.
3948 1262 4016 1347 lli

2250 1358 2393 1413 Dicit
2414 1358 2486 1413 ad
2511 1374 2637 1413 eam
2664 1374 2780 1413 una
2821 1357 2890 1411 de
2940 1355 3292 1410 astantibus:
3339 1354 3572 1410 Domina
3606 1354 3796 1422 beata,
3844 1354 3887 1406 si
3950 1358 4016 1433 ’ἷίῖε

2243 1451 2432 1523 jubes,
2474 1451 2535 1505 in
2579 1450 2750 1506 verbo
2793 1456 2891 1505 tuo
2931 1448 3092 1519 ejicio
3133 1464 3317 1503 avem.
3363 1448 3499 1510 Qua
3544 1446 3681 1502 dicit
3705 1445 3759 1501 ei
3791 1462 3805 1499 :
3836 1445 3891 1500 Si

2250 1549 2434 1615 nocet,
2461 1545 2521 1599 in
2545 1545 2775 1599 nomine
2803 1543 3031 1598 Domini
3057 1542 3218 1612 vade,
3247 1540 3621 1596 nihilominus
3656 1538 3889 1610 signum
3980 1546 4016 1581 λη

2252 1639 2431 1694 crucis
2453 1656 2624 1711 super
2652 1654 2781 1693 eam
2827 1636 3056 1692 faciens.
3096 1635 3421 1690 Ambulavit
3455 1634 3711 1705 dixitque
3752 1633 3841 1687 avi
3872 1649 3885 1686 :

2255 1735 2317 1787 ln
2344 1733 2575 1788 nomine
2610 1731 2832 1791 Domini
2855 1730 3039 1786 nostri
3062 1731 3193 1785 Jesu
3237 1728 3446 1784 Christi
3464 1727 3628 1798 jubet
3655 1725 3889 1782 domina

514 1841 632 1879 non
656 1841 995 1897 pereamus;
1025 1825 1203 1880 libera
1241 1842 1345 1879 nos
1382 1824 1451 1879 de
1494 1824 1692 1880 mortis
1728 1824 1981 1895 periculo
2023 1805 2231 1896 quiaB
2254 1826 2638 1898 Radegundis,
2683 1825 2731 1880 si
2778 1842 2893 1880 non
2925 1841 2996 1879 ex
3021 1823 3118 1879 Dei
3146 1826 3306 1896 parte
3343 1821 3561 1890 venisti,
3590 1824 3657 1875 ut
3684 1820 3758 1874 ab
3784 1820 3891 1874 hoc

509 1918 632 1990 jam
660 1934 814 1973 mare
850 1921 1115 1989 paratum
1145 1922 1229 1973 est
1254 1922 1318 1973 ut
1355 1934 1458 1972 nos
1485 1917 1638 1973 vivos
1666 1917 1983 1973 absorbeat.
2017 1918 2153 1973 Ubi-

519 2027 742 2084 cunque
769 2012 1027 2066 invocata
1052 2011 1213 2066 fuisti
1240 2011 1474 2067 miserta
1499 2028 1581 2076 es,
1610 2028 1761 2067 nunc
1802 2013 2005 2083 adjuva
2028 2017 2154 2068 tuos

516 2117 589 2157 ne
611 2105 864 2173 pereant.
890 2101 975 2155 Ad
999 2101 1101 2155 has
1123 2117 1287 2157 voces
1313 2101 1375 2155 in
1400 2101 1587 2156 medio
1611 2102 1759 2156 mari
1793 2102 2020 2157 advenit
2057 2118 2152 2157 co-

514 2194 881 2273 lumbatqua
907 2195 1213 2267 ter:navem
1240 2212 1439 2251 eorum
1456 2195 1812 2267 circumiens,
1834 2196 2013 2267 “tertia
2036 2196 2155 2251 vice

516 2288 578 2343 in
608 2289 840 2344 nomine
870 2288 1152 2345 Trinitatis
1185 2305 1361 2361 quam
1388 2289 1554 2345 beata
1589 2306 1811 2361 semper
1851 2290 2018 2345 corde
2064 2290 2152 2345 di-

414 2397 431 2403 ·
518 2382 679 2451 lexit,
709 2398 841 2438 cum
865 2382 1094 2450 volaret,
1123 2398 1314 2438 servus
1337 2383 1517 2439 beata
1545 2383 1759 2455 reginae
1788 2383 2020 2439 nomine
2057 2385 2153 2438 Ba-

521 2476 727 2530 nisaios
761 2476 1014 2532 extendit
1054 2492 1310 2546 manum,
1351 2477 1421 2532 de
1467 2477 1645 2532 cauda
1697 2478 1818 2549 ejus
1864 2482 1978 2534 tres
2026 2478 2157 2533 tulit

522 2586 756 2640 pennas,
785 2586 923 2642 quas
951 2569 1095 2624 mari
1124 2570 1456 2642 intinguens
1482 2573 1876 2642 tempestatem
1896 2588 2153 2643 compes-

521 2664 637 2719 cuit
666 2669 723 2719 et
748 2664 818 2719 ad
855 2663 1266 2719 invocationem
1312 2664 1560 2719 nominis
1585 2664 1767 2720 beata
1792 2665 2157 2738 Radegundis

523 2757 786 2813 columba
809 2774 949 2830 qua.
968 2759 1253 2830 apparuit,
1284 2759 1407 2829 ejus
1438 2759 1684 2813 famulos
1728 2758 1798 2814 de
1844 2760 2044 2815 mortis
2062 2760 2153 2831 ja-

522 2869 637 2908 nua
660 2852 791 2907 vita
820 2852 1084 2919 reddidit,
1106 2854 1164 2905 et
1181 2852 1328 2907 facta
1355 2868 1415 2907 es
1459 2852 1839 2925 tranquillitas
1869 2870 2079 2925 magna
2097 2855 2158 2909 in

522 2946 707 3002 medio
734 2946 902 3001 mari.
932 2945 1017 3000 Illi
1044 2961 1173 3000 vero
1198 2946 1307 3000 alta
1351 2962 1484 3001 voce
1520 2947 1824 3002 clamantes
1848 2947 2110 3004 dicebant
2137 2966 2152 3003 :

521 3040 828 3110 Advenisti,
860 3040 1010 3095 bona
1034 3039 1281 3106 domina,
1309 3040 1516 3111 pietate
1541 3041 1727 3112 plena,
1755 3046 1883 3096 tuos
1907 3042 2158 3112 captivos

522 3135 743 3207 eripere
771 3151 845 3191 ne
886 3134 1149 3190 ﬂuctibus
1189 3138 1608 3205 mergerentur.
1637 3135 1722 3189 Ad
1768 3135 1891 3206 ejus
1930 3135 2157 3191 invoca-

521 3228 739 3285 tionem
770 3245 885 3284 non
914 3233 1140 3284 tantum
1163 3228 1271 3299 sui,
1302 3228 1402 3283 sed
1428 3244 1626 3283 omnes
1652 3233 1787 3284 sunt
1804 3229 2025 3285 liberati
2052 3246 2158 3301 per

522 3323 793 3379 virtutem
804 3322 982 3394 ipsius
1001 3323 1227 3378 domna
1244 3322 1623 3394 Hadegundis.
1645 3325 1796 3395 lpsas
1815 3340 2034 3395 pennas
2045 3324 2157 3379 huc

522 3417 849 3487 attulerant,
877 3420 933 3471 et
958 3408 1257 3472 fabricatas
1269 3415 1376 3488 ipsi
1406 3417 1507 3489 qui
1531 3417 1600 3473 de
1637 3422 1823 3473 morte
1848 3422 1982 3473 sunt
2015 3417 2155 3473 libe-

524 3511 650 3579 rati,
694 3527 797 3582 per
834 3512 955 3566 loca
988 3516 1183 3566 sancta
1233 3510 1420 3565 devoti
1461 3510 1760 3567 dederunt.
1808 3510 2158 3584 Ubicumque

524 3602 780 3659 invocata
807 3604 999 3675 fuerit,
1027 3604 1275 3675 benigne
1300 3605 1561 3675 exaudit;
1600 3605 1647 3659 si
1683 3604 2030 3673 febricitans,
2060 3610 2160 3662 aut

522 3698 813 3771 pustulam
836 3698 1073 3768 habens,
1102 3703 1201 3753 aut
1221 3715 1255 3753 a
1281 3714 1619 3771 quacunque
1644 3702 1835 3754 tentus
1852 3698 2155 3756 inﬁrmita-

524 3796 600 3863 te,
622 3809 727 3865 pro
751 3792 1051 3863 interjecto
1075 3792 1502 3865 longinquitatis
1524 3797 1691 3849 terra
1718 3792 1899 3865 spatio
1928 3793 1997 3848 ad
2034 3810 2159 3850 eam

522 3887 716 3942 venire
750 3903 867 3941 non
911 3886 1208 3958 potuisset,
1256 3887 1489 3942 candela
1527 3886 1588 3941 in
1636 3886 1759 3958 ejus
1801 3888 2035 3943 nomine
2063 3905 2156 3943 ac-

524 3996 689 4036 censa
712 3997 941 4036 omnem
966 3981 1183 4038 febrem
1202 3979 1441 4053 depulit.

594 4076 685 4130 2i.
719 4075 1006 4138 Quantum
1035 4091 1194 4130 suam
1221 4073 1723 4145 congregationem
1749 4074 2010 4131 dilexerit
2032 4075 2160 4148 quis

525 4171 684 4228 effari
711 4173 929 4229 valeat?
955 4190 1060 4230 nec
1088 4173 1137 4227 si
1159 4177 1397 4228 centeno
1423 4173 1612 4228 sonitu
1635 4173 1850 4245 lingua
1876 4174 2159 4247 plectrum

524 4271 749 4324 moveat
778 4268 886 4323 hoc
927 4267 1153 4338 explere
1193 4266 1362 4323 valet.
1390 4268 1640 4323 Instituit
1674 4273 1757 4337 ut,
1798 4269 1937 4324 dum
1959 4268 2156 4325 refice-

522 4367 668 4433 rent,
699 4376 925 4433 semper
947 4359 1111 4415 lectio
1148 4361 1455 4433 legeretur,
1490 4365 1558 4418 ut
1600 4379 1714 4418 non
1746 4362 1932 4419 solum
1972 4364 2161 4420 fauces

521 4455 800 4528 accipiant
845 4454 1059 4526 cibum,
1093 4455 1191 4511 sed
1238 4461 1294 4511 et
1316 4472 1481 4512 aures
1511 4457 1748 4513 audiant
1774 4458 1873 4513 Dei
1900 4458 2157 4513 verbum.

2178 3180 2233 3255 C

2252 1920 2374 1975 loco
2399 1920 2667 1987 discedas,
2694 1922 2750 1973 et
2779 1918 3004 1990 penitus
3030 1918 3124 1972 hic
3151 1921 3379 1972 cantare
3406 1932 3520 1970 non
3546 1930 3886 1993 prasumas.
3982 1924 4016 1976 ιῗλε

2253 2015 2546 2085 Tanquam
2578 2013 2625 2067 si
2675 2029 2745 2069 ex
2775 2029 2873 2068 ore
2904 2011 3005 2067 Dei
3030 2012 3313 2083 prolatum
3355 2009 3603 2065 audisset
3629 2008 3891 2077 verbum,
3984 2019 4016 2053 εἰ

2254 2106 2410 2162 dedit
2436 2106 2686 2162 volatum
2709 2109 2768 2161 et
2792 2122 3073 2177 nusquam
3100 2103 3435 2175 comparuit.
3462 2103 3655 2159 Merito
3684 2101 3738 2157 ei
3763 2117 3896 2155 aves
3984 2112 4016 2148 vi

2256 2205 2315 2256 et
2342 2201 2537 2256 bestia
2564 2199 2856 2266 obediunt,
2884 2199 3018 2271 quia
3049 2198 3145 2254 illa
3170 2213 3468 2269 nunquam
3491 2195 3771 2268 prateriit
3794 2196 3897 2249 Do-
3990 2206 4016 2243 :J

2253 2293 2393 2348 mini
2427 2293 2661 2350 obedire
2686 2294 2991 2365 pracepto.
3990 2301 4016 2337 ἐ

2325 2388 2417 2443 24.
2446 2388 2515 2442 Et
2538 2387 2585 2442 si
2604 2403 2707 2459 pro
2733 2386 3062 2441 inﬁrmitate
3090 2384 3386 2458 aliquoties
3411 2383 3767 2455 requiescere
3796 2399 3893 2438 vo-
3992 2396 4016 2432 ξε

2254 2480 2472 2552 luisset,
2494 2480 2698 2553 spiritu
2723 2480 2983 2552 vigilanti
3009 2480 3248 2548 dicebat,
3278 2483 3552 2550 tanquam
3578 2477 3898 2532 admonens
3991 2489 4016 2523 ί]

2256 2592 2384 2631 eam
2420 2591 2550 2647 qua
2575 2574 2860 2647 psalmum
2885 2573 3104 2629 dicebat
3131 2590 3145 2628 :
3179 2576 3318 2645 Age,
3340 2572 3450 2628 dic.
3480 2571 3631 2627 Nulli
3650 2571 3900 2627 dubium
3995 2584 4016 2620 ’ς

2256 2674 2341 2725 est
2359 2669 2513 2741 quod
2539 2668 2870 2741 spiritaliter
2894 2684 3027 2724 cum
3056 2667 3263 2722 sanctis
3298 2666 3592 2738 psallebat,
3614 2671 3712 2720 aut
3738 2670 3896 2720 certe
3998 2682 4016 2714 κ

2258 2779 2362 2820 nee
2385 2780 2553 2835 sopor
2577 2778 2704 2818 eam
2731 2761 3049 2834 superabat.
3078 2762 3231 2816 Mens
3256 2759 3475 2815 intenta
3498 2759 3571 2814 ad
3601 2758 3903 2815 Christum
4000 2773 4016 2807 τ

2256 2857 2586 2929 frequenter
2607 2856 2781 2912 etiam
2806 2856 2868 2911 in
2894 2870 3096 2927 sopore
3120 2854 3319 2926 posita,
3357 2854 3426 2909 de
3457 2854 3652 2908 futuro
3674 2852 3904 2924 judicio
4008 2856 4016 2903 ἒ

2258 2955 2315 3007 et
2340 2951 2409 3007 dc
2445 2954 2657 3007 aterno
2685 2948 2924 3022 praemio
2948 2948 3283 3021 pradicans,
3312 2947 3709 3020 expergefacta
3731 2945 3908 3001 nobis
3972 2936 4016 2997 In

2258 3045 2478 3102 dicebat
2495 3062 2507 3100 :
2524 3045 2798 3118 Colligite,
2819 3043 3067 3116 colligite
3087 3043 3340 3098 triticum
3362 3041 3736 3111 dominicum,
3762 3039 3910 3112 quia
3980 3092 3987 3103 ,
4010 3039 4016 3091 Ξ

2256 3155 2387 3195 vere
2404 3139 2530 3195 dico
2558 3139 2710 3194 vobis
2728 3155 2844 3193 non
2876 3138 2977 3194 diu
2997 3137 3106 3192 erit
3127 3140 3194 3192 ut
3212 3136 3506 3209 colligatis.
3529 3135 3724 3190 Videte
3744 3134 3909 3207 quod
4010 3149 4016 3179 ξ

2257 3233 2400 3302 dico,
2455 3232 2697 3305 colligite
2755 3232 2888 3304 quia
2963 3247 3094 3287 vere
3156 3228 3482 3303 quaesitura
3545 3228 3681 3284 estis
3744 3228 3910 3283 istud

2254 3331 2508 3398 tempus;
2556 3343 2706 3396 vere,
2756 3342 2885 3382 vere
2934 3324 3256 3398 quasitura
3310 3324 3441 3380 estis
3478 3323 3615 3378 istos
3667 3322 3792 3378 dies
3851 3326 3911 3376 et
3982 3320 4016 3353 "

2257 3420 2419 3476 valde
2457 3420 2879 3476 desideratura.
2913 3420 3075 3485 Quod
3124 3419 3229 3475 etsi
3259 3423 3396 3475 tunc
3433 3416 3662 3490 ignavia
3703 3420 3912 3471 nostra

2256 3515 2365 3570 hoc
2397 3514 2585 3587 tepide
2612 3514 2937 3587 accipiebat,
2962 3514 3088 3585 jam
3113 3516 3304 3569 tamen
3328 3529 3483 3569 nunc
3513 3511 3732 3567 venisse
3763 3526 3909 3582 pro-

2256 3608 2458 3664 bemus
2494 3608 2649 3680 quod
2683 3608 2844 3664 dixit.
2889 3609 3033 3664 Illud
3074 3608 3474 3680 propheticum
3512 3607 3573 3662 in
3596 3606 3767 3662 nobis
3798 3604 3915 3660 im-

2257 3704 2475 3775 pletum
2500 3707 2586 3759 est
2616 3719 2630 3758 :
2675 3706 2894 3761 Mittam
2919 3704 3067 3759 vobis
3088 3705 3292 3771 famem
3314 3705 3375 3757 in
3401 3707 3548 3757 terra
3571 3702 3761 3773 (Amos
3791 3704 3910 3773 v1);

2256 3796 2489 3867 famem,
2500 3796 2828 3869 inquit,non
2840 3797 3000 3869 panis
3018 3802 3075 3853 et
3085 3813 3249 3869 aqua
3266 3796 3364 3851 sed
3374 3794 3642 3851 audiendi
3655 3796 3915 3851 verbum

2258 3891 2377 3948 Dei.
2421 3891 2573 3947 Licet
2614 3891 3042 3962 pradicationes
3084 3907 3225 3963 quas
3266 3889 3508 3945 instituit
3539 3890 3912 3959 recitentur;

2258 3989 2451 4041 tamen
2494 3960 2730 4041 cessavit
2785 3984 2880 4040 illa
2926 3960 3271 4041 incessabilis
3317 4000 3453 4054 vox,
3507 3982 3918 4038 desiderabilis
3990 3960 4003 4143 Ι

2258 4078 2587 4143 admonitio,
2602 4079 2781 4135 dulcis
2800 4078 3053 4135 affectus.
3079 4079 3221 4133 Nam
3235 4078 3465 4143 qualem
3481 4077 3727 4143 vultum,
3747 4078 3914 4133 Deus

2258 4078 2587 4147 admonitio,
2602 4079 2781 4135 dulcis
2800 4078 3053 4135 affectus.
3079 4079 3221 4133 Nam
3235 4078 3465 4151 qualem
3481 4077 3727 4145 vultum,
3747 4078 3914 4133 Deus

2257 4173 2564 4247 plasmator
2588 4173 2772 4229 bone!
2802 4174 3032 4246 qualem
3056 4173 3281 4243 faciem,
3323 4173 3550 4245 qualem
3587 4188 3911 4243 personam
3996 4196 4004 4222 ι

2258 4268 2482 4339 habuit,
2508 4268 2634 4340 quis
2676 4270 2860 4339 potest
2903 4284 3161 4340 unquam
3201 4267 3528 4339 exponere?
3554 4265 3667 4321 Sed
3689 4271 3751 4321 et
3792 4266 3912 4321 hoc
3998 4308 4005 4341 ,η

2260 4362 2544 4418 reminisci
2568 4362 2910 4434 supplicium
2933 4367 3036 4418 est.
3069 4364 3179 4417 Nos
3215 4377 3349 4417 vero
3392 4360 3641 4416 humiles
3680 4361 3918 4417 deside.

2259 4472 2451 4511 ramus
2477 4456 2539 4511 in
2559 4472 2625 4511 ea
2649 4455 2983 4527 doctrinam,
3014 4455 3279 4527 formam,
3306 4455 3547 4523 vultum,
3567 4471 3915 4527 personam,

519 4549 804 4622 Quidquid
847 4553 947 4605 aut
980 4550 1104 4604 aliis
1137 4551 1410 4623 pracepit
1447 4555 1548 4607 aut
1596 4552 1720 4623 ipsa
1754 4551 1909 4620 fecit,
1965 4551 2235 4633 omniaD
2257 4549 2568 4619 scientiam,
2596 4550 2887 4623 pietatem,
2922 4549 3256 4619 bonitatem,
3287 4549 3646 4605 dulcedinem
3675 4566 3690 4604 :
3722 4565 3919 4621 quam

520 4649 755 4717 propter
781 4645 959 4701 Deum
987 4659 1212 4716 semper
1236 4645 1517 4717 implevit.
1531 4646 1821 4718 Quidquid
1843 4650 1943 4701 aut
1961 4646 2155 4717 prohi-

519 4738 646 4794 buit
669 4739 812 4811 ﬁeri,
838 4744 938 4795 aut
959 4740 1083 4812 ipsa
1109 4739 1305 4795 vitavit
1347 4739 1549 4811 facere,
1588 4740 1779 4795 omnia
1827 4740 1890 4795 in
1916 4741 2033 4796 zelo
2062 4740 2159 4795 Dei

521 4834 579 4884 et
604 4829 752 4884 nihil
781 4829 1081 4885 carnaliter
1106 4832 1207 4885 aut
1231 4829 1369 4901 egit,
1398 4833 1499 4884 aut
1527 4830 1736 4902 sapuit.
1769 4831 1836 4885 Et
1864 4829 1998 4902 quia
2016 4846 2161 4885 nun-

521 4939 696 4997 quam
720 4924 899 4980 otiosa
921 4924 991 4979 ab
1017 4939 1191 4996 Opere
1229 4923 1331 4979 Dei
1363 4939 1483 4979 esse
1510 4923 1703 4993 voluit,
1732 4923 2024 4979 insistebat
2054 4923 2160 4978 uti-

522 5034 634 5091 que
659 5017 917 5089 orationi,
947 5018 1175 5074 lectioni
1200 5020 1259 5073 et
1306 5018 1678 5091 eleemosynis
1715 5034 1779 5073 ac
1816 5017 2160 5089 pradicatio-

520 5112 688 5169 nibus
721 5113 1090 5182 incessanter,
1139 5111 1403 5167 omnibus
1446 5112 1670 5183 diebus,
1723 5114 1786 5167 ut
1820 5112 1974 5167 nulla
2013 5115 2160 5168 esset

519 5223 649 5281 qua
670 5224 728 5263 se
755 5207 824 5263 de
852 5206 1173 5279 ignorantia
1196 5209 1510 5263 excusaret.

592 5305 683 5358 22.
708 5303 951 5357 Tantum
978 5301 1224 5372 denique
1251 5300 1468 5357 donum
1495 5300 1555 5356 in
1580 5316 1639 5357 se
1669 5300 1948 5373 largiente
1966 5300 2158 5357 divina

521 5397 702 5469 gratia
728 5396 948 5465 habuit,
977 5400 1042 5451 ut
1069 5395 1405 5450 humilitatis
1450 5394 1788 5467 magistrum
1811 5396 1911 5468 qui
1937 5395 2007 5452 de
2031 5396 2158 5451 coeli

522 5491 658 5547 solio
682 5490 752 5546 ad
777 5496 956 5547 terras
986 5489 1277 5546 descendit
1302 5488 1599 5558 imitando,
1629 5489 1934 5545 Dominum
1953 5505 2150 5562 seque-

521 5590 680 5640 retur
698 5585 759 5639 in
779 5584 1002 5656 spiritu,
1026 5600 1366 5657 quocunque
1383 5584 1508 5639 iret.
1530 5585 1833 5655 Postquam
1849 5600 2159 5656 congrega-

518 5678 600 5734 tio
626 5694 685 5734 se
712 5679 1049 5735 recondebat
1083 5679 1208 5751 jam
1242 5679 1310 5733 ad
1350 5678 1763 5750 pausationem,
1794 5678 1908 5748 illa,
1934 5681 2001 5734 ut
2023 5695 2154 5750 per-

517 5777 752 5829 noctans
777 5771 838 5827 in
869 5772 1143 5842 oratione,
1166 5789 1266 5827 sua
1282 5777 1470 5829 sancta
1492 5772 1723 5829 dextera
1743 5772 2156 5829 monasterium

519 5880 627 5938 per
651 5862 882 5936 signum
910 5866 1091 5922 crucis
1118 5866 1381 5923 salvabat.
1403 5866 1656 5933 Quadam
1681 5865 1799 5923 vice
1825 5867 1962 5922 dum
1992 5866 2156 5924 beata

2260 4644 2560 4716 specialem
2586 4662 2621 4699 a
2658 4644 2894 4700 Domino
2918 4643 3071 4700 inter
3110 4650 3343 4700 cateros
3379 4643 3640 4699 homines
3674 4644 3916 4699 habuit.

2327 4741 2417 4794 25.
2445 4740 2626 4803 Quam
2649 4743 2843 4794 sancta
2868 4738 2978 4793 fuit
3000 4738 3119 4794 vita
3139 4739 3283 4810 ejus,
3302 4744 3423 4794 tam
3438 4754 3618 4810 purus
3634 4742 3695 4792 et
3717 4737 3919 4793 dulcis

2256 4836 2531 4903 aspectus.
2562 4836 2707 4889 Ante
2735 4849 2951 4889 annum
2976 4833 3250 4889 transitus
3278 4832 3388 4904 sui,
3417 4832 3556 4888 vidit
3583 4832 3645 4887 in
3668 4832 3798 4888 visu
3828 4833 3919 4888 lo-
4006 4848 4016 4904 ,4

2258 4942 2391 4982 cum
2415 4927 2521 4982 sibi
2547 4932 2829 4999 paratum,
2852 4928 3119 5000 venitque
3140 4927 3213 4983 ad
3229 4943 3358 4984 eam
3371 4926 3597 4999 juvenis
3616 4926 3920 4998 praedives

2257 5005 2697 5092 pulcherrimus,
2744 5026 2801 5077 et
2835 5022 2998 5093 quasi
3035 5022 3354 5094 juvenilem
3396 5021 3613 5077 habens
3650 5026 3922 5089 atatem,

2257 5115 2357 5187 qui
2385 5115 2545 5171 suavi
2568 5119 2720 5171 tactu
2745 5113 3072 5190 blandoque
3098 5117 3380 5189 colloquio
3405 5116 3545 5172 dum
3573 5132 3709 5171 cum
3737 5132 3807 5171 ea
3834 5117 3927 5172 lo-

2257 5168 2547 5281 gigas,
2572 5168 2677 5265 in;
2696 5168 2775 5267 ἀὲ
2784 5168 3070 5281 iii—23a};
3090 5168 3925 5282 agiaggpasma
4014 5168 4016 5303 |

2257 5303 2399 5359 dixit
2423 5303 2477 5359 ei
2500 5321 2514 5360 :
2537 5304 2683 5369 Quid
2703 5322 2796 5361 me
2822 5306 3099 5362 desiderio
3119 5321 3352 5361 accensa
3377 5321 3511 5361 cum
3532 5305 3709 5361 tantis
3727 5305 3929 5378 lacry-

2255 5398 2365 5454 mis
2381 5414 2566 5470 rogas,
2592 5415 2826 5471 gemens
2844 5400 3109 5472 requiris,
3138 5399 3274 5455 fusis
3293 5399 3556 5471 precibus
3568 5400 3781 5472 poscis,
3798 5416 3925 5472 pro

2255 5509 2349 5548 me
2373 5497 2530 5549 tanto
2555 5497 2610 5548 te
2639 5495 2890 5550 cruciatu
2913 5493 3120 5565 afﬂigis
3142 5494 3242 5566 qui
3268 5509 3494 5566 semper
3518 5492 3624 5549 tibi
3651 5493 3927 5550 adsisto?
4014 5488 4016 5505 '

2255 5588 2356 5657 Tu,
2388 5604 2618 5659 gemma
2643 5589 2905 5661 pretiosa,
2938 5587 3159 5644 noveris
3183 5593 3239 5643 te
3268 5588 3331 5643 in
3357 5588 3679 5644 diademate
3705 5588 3925 5660 capitis

2254 5681 2369 5736 mei
2394 5681 2643 5753 primam
2672 5698 2791 5737 esse
2819 5698 3127 5755 gemmam.
3158 5681 3305 5737 Nulli
3332 5681 3571 5737 dubium
3592 5682 3747 5755 quod
3776 5682 3925 5755 ipse

2255 5791 2381 5831 eam
2406 5775 2649 5833 visitavit
2674 5777 2768 5834 cui
2795 5794 2855 5834 se
2880 5780 2999 5834 tota
3023 5776 3317 5834 devotione
3351 5777 3586 5834 tradidit
3614 5776 3816 5834 vivens
3850 5777 3923 5831 in

2254 5886 2488 5943 corpore
2513 5876 2570 5928 et
2594 5871 2838 5944 gloriam
2863 5889 2972 5945 qua
3001 5870 3247 5929 fruitura
3265 5877 3388 5929 erat
3424 5872 3476 5929 ei
3498 5872 3772 5929 ostendit.
3799 5871 3927 5928 Sed
