4016 6240
90 308 224 363 677

1402 303 1573 361 VITA.
1616 303 1815 362 LIBER
1851 302 2213 361 SECUNDUS.

3396 310 3497 364 6'78

90 416 284 472 hunc
321 415 505 471 visum
536 413 805 470 secretius
834 430 965 470 cum
989 412 1406 469 contestatione
1441 414 1662 469 duabus
1683 431 1767 470 sa-
1788 427 1848 500 Α
1868 414 2080 469 Flenda
2101 430 2241 485 ergo
2269 412 2434 468 nobis
2460 412 2586 468 talis
2608 429 2724 469 non
2756 416 2859 481 est,
2886 413 2986 469 sed
3003 413 3325 470 tremenda.
3347 416 3503 470 Ami-

92 510 181 564 tis
194 509 480 565 ﬁdelibus
497 508 783 577 disseruit,
806 513 871 564 ut
884 526 942 564 se
955 508 1258 579 superstite
1279 508 1419 564 nulli
1437 513 1764 565 manarent.

1868 508 2043 563 simus
2076 508 2311 579 quidem
2340 507 2395 561 in
2419 507 2689 579 praesenti
2720 508 2927 563 sazculo
2959 507 3258 564 dominam
3286 511 3344 563 et
3373 525 3496 564 ma-

180 606 271 658 Et
294 604 430 676 quia
456 605 641 659 multa
668 606 801 658 sunt
818 603 1006 658 adhuc
1026 603 1166 658 satis
1184 606 1242 658 et
1257 619 1472 674 magna
1493 620 1619 675 quas
1638 620 1767 674 pro-
1866 605 2014 656 trem
2049 618 2063 656 :
2092 602 2193 656 sed
2218 602 2277 655 in
2299 617 2544 672 regnum
2573 601 2782 657 Christi
2821 602 3206 673 praemisimus
3243 603 3488 658 interce-

96 696 256 764 pter
288 693 675 764 prolixitatem
704 692 1089 765 praeterimus,
1119 709 1192 748 ne
1228 692 1520 763 prolixitas
1568 696 1765 748 nostra

99 787 498 843 audientibus
528 787 719 859 potius
742 787 1045 842 fastidium
1057 790 1499 858 generet,quam
1514 786 1763 841 nitorem

100 882 415 936 sermonis
443 880 580 953 [Al.,
603 881 816 952 sermo]
840 881 1125 936 ostendat.
1141 882 1433 945 Quantum
1456 880 1526 934 de
1539 895 1762 950 amore,

99 974 185 1030 de
224 975 622 1043 nutrimentis,
656 976 728 1030 de
760 974 1060 1041 charitate,
1101 974 1172 1029 de
1212 973 1648 1044 praedicatione,
1691 974 1762 1028 de

104 1068 289 1124 omni
316 1069 560 1124 omnino
582 1072 780 1124 sancta
802 1068 925 1138 ejus
955 1067 1390 1123 conversatione
1440 1067 1763 1121 reminisci-

100 1179 278 1233 mur,
310 1163 638 1218 cruciamur
663 1167 721 1218 et
748 1162 1011 1217 dolentes
1031 1161 1209 1225 oculis
1229 1160 1495 1215 distensis
1520 1160 1763 1232 requiri-

103 1273 251 1311 mus
293 1259 522 1311 tantam
556 1256 853 1327 pietatem,
912 1255 1013 1310 sed
1068 1272 1173 1309 nec
1229 1253 1556 1309 invenimus
1608 1254 1765 1325 quod

101 1350 509 1421 perdidimus.
539 1349 583 1404 Ο
609 1354 727 1404 tam
751 1349 896 1403 dura
919 1347 1174 1403 conditio
1202 1364 1330 1419 quae
1364 1347 1528 1402 nobis
1570 1347 1761 1402 infeli-

104 1444 286 1497 cibus
313 1443 538 1498 evenit!
568 1460 602 1498 ο
630 1443 863 1514 piisima
889 1442 1147 1509 domina,
1171 1442 1394 1497 utinam
1417 1441 1762 1496 obtinuisses

103 1554 251 1592 cum
282 1538 407 1592 caeli
432 1536 699 1604 Domino,
727 1539 789 1591 ut
816 1538 951 1591 ante
978 1539 1035 1591 te
1081 1552 1214 1591 oves
1261 1552 1404 1606 quas
1448 1551 1763 1606 congrega-

104 1648 291 1685 veras
344 1630 671 1686 direxissesl
727 1631 826 1697 Tu,
872 1633 1166 1701 pastorem
1219 1630 1437 1684 bonum
1492 1645 1760 1701 sequens,

107 1741 370 1796 gregem
398 1724 645 1779 Domino
675 1723 1027 1779 tradidisses.

1866 694 2119 751 dentem.
2149 695 2498 750 Admirabile
2522 696 2757 767 quidem
2790 696 3068 767 gaudium
3086 697 3223 751 fecit
3241 697 3300 751 in
3323 698 3495 765 caelis,

1863 787 1923 843 in
1956 789 2122 844 terris
2152 806 2286 844 vero
2314 788 2741 844 intolerabilem
2768 790 2982 844 luctum
3007 791 3261 863 reliquit.

1938 887 2023 937 27.
2081 884 2326 948 Quando
2368 882 2492 953 ejus
2537 886 2735 937 sancta
2783 884 2978 938 anima
3024 885 3096 939 de
3148 886 3255 940 hoc
3291 886 3497 941 saeculo

1864 976 2134 1047 migravit
2163 977 2237 1031 ad
2280 976 2591 1044 Christum,
2626 994 2741 1032 non
2788 981 2913 1031 erat
2950 978 3027 1031 ibi
3071 978 3327 1048 pontifex
3364 980 3493 1034 loci.

1862 1069 2187 1125 Ambulavit
2215 1069 2450 1124 nuntius
2479 1070 2554 1124 ad
2577 1071 2764 1126 virum
2801 1071 3177 1142 apostolicum
3217 1072 3496 1126 domuum

1864 1165 2205 1235 Gregorium
2229 1164 2525 1219 Turouicze
2558 1164 2798 1220 civitatis
2829 1165 3180 1235 episcopum,
3229 1168 3286 1219 et
3325 1166 3492 1219 adve-

1865 1258 1967 1312 nit.
2014 1258 2128 1314 Sed
2174 1262 2456 1329 quantum
2494 1274 2748 1329 praesens
2788 1258 2928 1312 vidit
2969 1260 3146 1313 oculis
3185 1263 3495 1330 antequam

1864 1368 1995 1405 eam
2023 1351 2310 1423 sepeliret,
2334 1352 2403 1406 de
2431 1352 2555 1421 ejus
2580 1351 2884 1406 virtutibus
2913 1352 2971 1405 in
3006 1351 3152 1407 libro
3192 1352 3493 1406 miraculo-

1860 1461 1991 1499 rum
2022 1445 2200 1516 (Greg.
2235 1448 2431 1500 Turon.
2456 1446 2522 1499 de
2552 1444 2637 1499 Gl.
2663 1447 2871 1512 Con/es.
2924 1446 3063 1516 106),
3111 1461 3283 1515 quem
3342 1461 3496 1499 com-

1860 1538 2070 1610 posuit,
2122 1538 2380 1592 inseruit.
2424 1540 2568 1594 Cum
2615 1542 2811 1592 autem
2844 1538 3003 1592 venit
3044 1538 3117 1592 ad
3157 1539 3347 1593 locum
3398 1537 3493 1592 ubi

1860 1634 2124 1686 sanctum
2150 1648 2358 1703 corpus
2375 1632 2608 1703 jacebat
2635 1632 2813 1703 (quod
2841 1632 2961 1703 ipse
2977 1636 3177 1703 postea
3226 1648 3356 1685 cum
3405 1648 3493 1686 sa-

1863 1730 2158 1781 cramento
2193 1727 2521 1796 lacrymans
2560 1725 2809 1791 dicebat,
2853 1726 3008 1797 quod
3058 1726 3115 1779 in
3163 1726 3349 1797 specie
3390 1726 3495 1780 ho-

188 1822 285 1874 26.
316 1821 445 1874 1am
476 1819 551 1873 ad
593 1818 907 1889 gloriosum
961 1817 1088 1887 ejus
1130 1798 1395 1871 venimus
1434 1815 1759 1883 transitum,
1782 1804 1840 1877 B
1864 1820 2035 1874 minis
2056 1820 2383 1891 angelicum
2414 1821 2633 1874 vultum
2668 1819 2909 1889 viderat)
2954 1819 3128 1873 facies
3164 1819 3313 1873 illius
3346 1819 3500 1873 velut

105 1928 301 1984 quem
326 1913 448 1966 sine
460 1912 793 1984 profusione
817 1912 1205 1982 lacrymarum
1220 1910 1411 1966 dicere
1428 1928 1545 1966 non
1561 1927 1760 1982 possu-

106 2023 272 2061 mus.
299 2007 507 2061 Fluunt
517 2007 807 2077 lacrymae,
833 2006 904 2060 de
921 2004 1052 2060 imis
1070 2004 1338 2060 medullis
1359 2004 1610 2075 gemitus
1627 2022 1760 2076 pro-

106 2104 425 2171 rumpunt,
444 2100 543 2154 sed
557 2100 617 2154 in
636 2101 793 2155 nullo
809 2098 1422 2156 consolationislocum
1442 2098 1758 2166 inveniunt,

109 2194 259 2249 dum
282 2194 645 2266 plangimus;
666 2193 714 2248 si
727 2194 798 2249 de
825 2194 948 2265 ejus
967 2193 1125 2247 fideli
1148 2192 1455 2248 devotione
1472 2192 1667 2247 minus
1684 2192 1763 2246 di-

107 2288 333 2355 cimus,
359 2288 486 2358 plus
511 2303 836 2358 peccamus.
868 2288 1056 2358 Usque
1081 2286 1154 2341 ad
1179 2286 1337 2341 diem
1371 2285 1644 2342 transitus
1677 2286 1760 2340 sui

110 2397 448 2452 numquam
476 2380 689 2436 minuit
707 2396 936 2436 cursum
970 2380 1246 2451 implere;
1289 2382 1348 2434 et
1384 2380 1540 2451 quod
1569 2380 1759 2450 coapit,

109 2475 297 2529 corde
320 2473 593 2529 retinuit:
626 2474 763 2546 quia
786 2490 903 2529 non
926 2473 1023 2545 qui
1043 2473 1296 2545 ceperit,
1331 2473 1433 2527 sed
1448 2472 1545 2545 qui
1567 2488 1759 2544 perse-

110 2568 409 2623 veraverit
437 2585 615 2639 usque
640 2568 700 2622 in
730 2568 931 2635 finem,
962 2568 1082 2639 ipse
1110 2567 1297 2622 salvus
1326 2566 1453 2621 erit.
1492 2566 1597 2621 Ubi
1637 2565 1759 2637 jam

114 2661 189 2716 ad
210 2662 401 2717 ﬁnem
422 2662 552 2717 vita:
581 2660 738 2717 venit
756 2664 1020 2716 sanctum
1050 2661 1101 2732 ej
1111 2678 1174 2715 us
1193 2661 1614 2732 corpusculum,
1642 2661 1763 2714 lon-

113 2772 259 2826 gum
294 2756 534 2811 trahens
554 2755 898 2827 martyrium
930 2771 1034 2827 pro
1060 2771 1259 2810 amore
1278 2744 1529 2810 ‘Domini
1554 2770 1568 2819 ;
1607 2753 1763 2807 beati

114 2849 338 2920 [forsan
361 2849 548 2905 beatae
570 2851 632 2905 id
658 2854 736 2906 est
754 2848 1047 2919 Moniales]
1071 2865 1276 2904 omnes
1295 2846 1633 2919 congregati
1651 2847 1762 2901 luc-

116 2945 288 2999 tuose
309 2944 464 2999 circa
483 2943 606 3015 ejus
628 2944 858 2998 thorum
878 2943 1086 2997 flentes
1105 2945 1165 2997 et
1193 2942 1242 3013 ej
1252 2943 1494 3007 ulantes,
1526 2943 1762 3012 pectora

117 3037 283 3092 duris
312 3038 524 3109 pugnis
550 3041 608 3092 et
632 3036 917 3109 lapidibus
937 3036 1232 3103 ferientes,
1254 3051 1421 3090 voces
1455 3034 1529 3089 ad
1559 3035 1759 3090 caalum

119 3130 342 3188 dabant
358 3132 678 3187 clamantes
694 3147 759 3187 ac
780 3130 1068 3187 dicentes:
1098 3128 1442 3197 Domine,ne
1460 3128 1760 3200 permittas

1864 1930 1994 1968 rosa
2016 1916 2075 1967 et
2093 1912 2273 1967 lilium
2306 1912 2595 1984 fulgebat;
2622 1912 2702 1966 ita
2730 1912 3101 1967 tremefactus
3127 1915 3212 1966 est
3236 1929 3301 1966 ac
3340 1914 3497 1966 metu

1864 2023 2190 2073 concussus,
2234 2010 2514 2078 tanquam
2547 2006 2591 2060 si
2623 2009 2756 2060 ante
2789 2005 3157 2077 praesentiam
3184 2005 3368 2059 beatae
3398 2022 3494 2077 ge-

1864 2100 2084 2155 nitricis
2129 2100 2357 2155 Domini
2396 2099 2653 2154 adstaret
2699 2100 2937 2154 devotus
2984 2098 3070 2152 vir
3110 2100 3228 2154 Deo
3270 2099 3494 2169 plenus.

1863 2194 2280 2266 Expectabatur
2306 2193 2561 2265 pontifex
2588 2193 2699 2249 loci
2730 2196 2793 2247 ut
2817 2209 2947 2247 eam
2972 2209 3105 2247 cum
3128 2192 3305 2263 digno
3333 2208 3494 2263 sepe-

1864 2288 1993 2342 liret
2012 2289 2254 2342 honore.
2269 2289 2409 2343 Tota
2430 2287 2807 2359 congregatio
2821 2287 2970 2341 circa
2990 2285 3113 2356 ejus
3131 2288 3324 2340 torum
3341 2289 3497 2340 stans

1861 2382 2171 2453 psallebat;
2196 2380 2291 2435 ubi
2321 2381 2689 2452 psallentium
2718 2381 2801 2434 vel
2828 2380 3124 2451 paululum
3146 2378 3494 2451 quiescebat,

1864 2475 2240 2530 intolerabilis
2259 2476 2525 2547 planctus
2545 2474 2766 2529 aderat.
2789 2473 2999 2528 Triduo
3046 2476 3374 2544 expectatus
3413 2476 3499 2527 est

1862 2568 2141 2642 pontifex,
2170 2568 2308 2640 quia
2332 2568 2486 2623 vicos
2517 2568 2925 2634 circumiebat;
2955 2566 3056 2621 sed
3079 2566 3213 2638 quia
3250 2583 3367 2621 non
3410 2582 3500 2620 ve-

1866 2662 1967 2731 nit,
1998 2661 2357 2734 supradictus
2381 2662 2466 2717 vir
2485 2662 2831 2734 apostolicus
2857 2661 2928 2716 de
2951 2661 3189 2715 caritate
3212 2661 3345 2714 fisus
3364 2660 3498 2732 quia

1855 2758 2102 2827 perfecta
2126 2758 2328 2812 caritas
2351 2758 2504 2824 farus
2544 2758 2717 2811 mittit
2751 2758 2994 2810 timorem
3032 2754 3083 2826 (Ι
3109 2758 3264 2810 Joan.
3305 2754 3401 2825 ιν),
3438 2753 3496 2808 in

1863 2850 2102 2905 Basilica
2132 2853 2341 2905 sancta
2368 2849 2555 2905 Marias
2589 2848 2652 2919 (ο)
2695 2849 2934 2903 nomine
2975 2848 3227 2915 condita,
3270 2847 3366 2901 ubi
3404 2864 3493 2902 sa-

1863 2961 1958 2999 cra
1975 2944 2266 3016 virginum
2291 2960 2533 3015 corpora
2554 2943 2624 2998 de
2647 2942 2998 2999 monasterio
3026 2960 3127 2997 suo
3146 2941 3491 3009 conduntur,

1863 3055 1992 3094 eam
2020 3055 2150 3093 cum
2172 3037 2348 3109 digno
2380 3037 2638 3109 sepelivit
2668 3037 2910 3092 honore.

1933 3136 2021 3187 28.
2058 3133 2207 3186 Dum
2239 3132 2342 3186 sub
2383 3147 2551 3186 muro
2581 3147 2711 3185 cum
2736 3130 3043 3203 psallentio
3075 3132 3336 3185 sanctum
3373 3129 3497 3200 ejus

126 3180 342 3188 __...__
362 3180 674 3187 ________--_
696 3180 757 3187 _-
786 3180 1033 3187 _--__--_
1055 3180 1068 3185 -
1098 3180 1436 3197 --κ-ηρ-
1461 3180 1489 3200 τ
1512 3180 1753 3183 φ-ηρ
1934 3180 2021 3187 -ν,
2059 3180 2207 3186 _____
2239 3180 2339 3186 -.η
2383 3180 2546 3186 -----,
2586 3180 2711 3185 -__
2737 3180 3038 3203 ,____,__-_-
3076 3180 3336 3185 _____-__-_
3382 3180 3422 3200 ,υ
3438 3180 3492 3183 __

122 3242 227 3280 nos
246 3229 374 3281 tam
394 3241 567 3297 grave
583 3224 863 3280 damnum
878 3224 1019 3295 pati;
1038 3225 1235 3279 lumen
1247 3225 1509 3278 nostrum
1528 3221 1757 3293 recipis,
1781 3180 1836 3255 Ο
1860 3242 2068 3297 corpus
2104 3228 2451 3297 portaretur,
2482 3224 2614 3297 quia
2644 3224 2971 3279 instituerat
3000 3227 3063 3279 ut
3104 3224 3262 3278 nulla
3303 3223 3498 3278 vivens

121 3335 227 3375 nos
260 3336 366 3375 cur
387 3319 449 3374 in
478 3317 735 3374 tenebris
758 3317 1037 3389 relinquis
1056 3317 1084 3372 ‘I
1110 3318 1179 3371 Et
1195 3316 1327 3389 quia
1351 3316 1450 3371 illa
1479 3314 1759 3390 quidquid

121 3413 492 3484 potissimum
512 3414 704 3468 facere
726 3411 923 3480 voluit,
947 3427 1178 3483 semper
1199 3410 1292 3466 die
1307 3410 1515 3466 natalis
1533 3408 1759 3465 Domini

124 3506 316 3562 facere
355 3507 551 3579 elegit,
584 3506 866 3579 gloriosus
902 3505 1179 3561 transitus
1216 3504 1340 3576 ejus
1374 3504 1453 3559 sic
1496 3502 1757 3575 contigit,

125 3600 269 3656 Nam
299 3605 506 3674 quarta
529 3600 676 3656 feria
696 3616 871 3655 mane
897 3600 1089 3671 primo
1108 3600 1235 3653 idus
1258 3599 1564 3671 Augustas,
1606 3596 1761 3669 quod

128 3692 267 3749 fecit
285 3695 438 3750 idem
450 3694 667 3750 mensis
679 3694 801 3749 dies
817 3681 915 3749 xm
930 3693 1027 3765 (a),
1045 3692 1220 3747 clausi
1232 3695 1364 3747 sunt
1378 3692 1427 3763 ej
1437 3708 1499 3746 us
1525 3691 1675 3746 oculi
1689 3691 1758 3763 (b)

131 3790 188 3841 et
210 3788 499 3844 obscurati
521 3792 654 3843 sunt
674 3788 875 3843 nostri.
905 3788 999 3842 Vae
1027 3786 1192 3842 nobis
1223 3786 1360 3859 quia
1377 3785 1757 3858 peccavimus,

131 3881 408 3938 afﬂictum
433 3886 519 3937 est
540 3882 737 3938 dolore
765 3898 863 3937 cor
880 3883 1163 3950 nostrum,
1191 3880 1451 3935 ﬂevimus
1498 3882 1555 3934 et
1594 3879 1758 3950 plan-

132 3974 339 4045 gimus,
380 3976 535 4049 quod
565 3975 776 4031 diutius
808 3992 921 4029 una
948 3991 1053 4030 nos
1081 3978 1139 4029 te
1164 3975 1379 4030 habere
1404 3992 1521 4030 non
1546 3975 1757 4030 merui-

132 4085 271 4125 mus.
290 4072 484 4142 Ipsum
511 4086 685 4125 mane
708 4069 805 4124 ubi
829 4068 995 4124 nobis
1018 4072 1243 4124 tantum
1259 4070 1477 4125 malum
1497 4069 1758 4141 contigit,
1790 4145 1799 4151 _

135 4162 227 4246 ubi
252 4181 370 4219 una
389 4181 514 4233 vox,
536 4182 683 4219 unus
696 4165 981 4235 planctus,
999 4180 1145 4219 unus
1158 4164 1378 4218 clamor
1399 4164 1757 4234 caalospene-

133 4257 356 4325 trahat;
383 4257 649 4329 lapidarii
671 4257 768 4329 qui
789 4257 849 4312 in
870 4259 1073 4313 monte
1102 4257 1512 4330 operabantur,
1540 4257 1602 4310 in
1627 4273 1760 4312 aere

134 4353 441 4409 audierunt
469 4356 741 4426 angelum
766 4355 869 4409 Dei
900 4356 1269 4426 loquentem;
1314 4371 1460 4408 unus
1501 4352 1645 4408 dixit
1690 4352 1762 4407 ad

134 4446 297 4503 alios:
329 4448 468 4520 quid
494 4448 725 4503 facitis?
758 4448 1031 4503 dimittite
1062 4465 1193 4503 eam
1229 4448 1454 4517 adhuc;
1505 4447 1641 4520 quia
1674 4447 1762 4502 hie

1859 3321 2015 3375 foras
2054 3320 2388 3375 monasterii
2405 3319 2649 3391 januam
2682 3319 3059 3391 egrederetur
3083 3317 3181 3389 (ἀ),
3212 3320 3336 3372 tota
3358 3333 3494 3373 con-

1862 3413 2125 3486 gregatio
2156 3430 2329 3485 supra
2356 3429 2589 3468 murum
2621 3414 2967 3481 lamentans,
3020 3413 3101 3467 ita
3130 3414 3194 3466 ut
3237 3412 3496 3484 planctus

1861 3523 2062 3563 earum
2097 3509 2396 3579 superaret
2440 3506 2628 3578 ipsum
2681 3506 3071 3578 psallentium,
3132 3521 3238 3576 pro
3274 3505 3496 3576 psalmo

1861 3602 2167 3673 lacrymas,
2188 3617 2294 3673 pro
2320 3600 2542 3655 cantico
2564 3599 2872 3671 mugitum,
2897 3603 2955 3654 et
2975 3598 3258 3670 gemitum
3286 3615 3390 3670 pro
3414 3599 3495 3653 al-

1860 3694 2035 3750 leluia
2055 3695 2117 3766 (e)
2131 3694 2473 3749 reddebant.
2497 3695 2867 3764 Rogaverunt
2896 3693 3196 3747 desursum
3216 3694 3282 3745 ut
3300 3691 3500 3746 subtus

1862 3791 2081 3843 turrem
2106 3790 2512 3861 repausaretur
2532 3787 2813 3842 feretrum
2831 3785 2889 3839 in
2915 3801 3029 3857 quo
3040 3785 3211 3839 beata
3225 3783 3496 3855 portaba-

1862 3889 1973 3956 tur,
2011 3887 2262 3958 graviter
2306 3886 2655 3943 sustinentes
2706 3885 2830 3955 ejus
2880 3882 3218 3938 absentiam.
3276 3881 3388 3938 Sed
3437 3885 3501 3938 ut

1862 3998 2028 4037 suam
2058 3981 2291 4036 fidelem
2321 3981 2598 4037 Dominus
2627 3980 2950 4035 declararet
2972 3978 3030 4032 in
3054 3975 3243 4032 medio
3278 3975 3496 4048 populi,

1862 4076 1943 4130 ibi
1963 4075 2103 4130 dum
2134 4080 2477 4147 pausaretur
2503 4077 2768 4131 sanctum
2799 4090 3026 4146 corpus,
3054 4087 3269 4127 caecum
3288 4069 3497 4126 illumi-

1863 4169 2043 4224 navit:
2063 4169 2163 4240 qui
2181 4169 2376 4224 multis
2400 4170 2566 4225 annis
2581 4170 2767 4225 lucem
2781 4168 2894 4223 diei
2917 4184 3035 4223 non
3048 4165 3290 4233 viderat,
3304 4165 3499 4220 lumen

1862 4262 2109 4335 recepit;
2140 4264 2237 4335 qui
2260 4263 2334 4318 ad
2356 4280 2560 4319 manus
2582 4266 2795 4319 tractus
2810 4262 3207 4333 venerat,post
3226 4261 3503 4314 feretrum

1865 4358 2020 4411 nullo
2057 4360 2413 4413 sustentante
2463 4356 2681 4425 videns,
2724 4360 3006 4429 tanquam
3053 4355 3097 4409 si
3144 4355 3364 4409 nullum
3408 4352 3505 4408 ha-

1863 4450 2079 4507 buisset
2106 4452 2364 4506 laborem
2391 4452 2709 4518 oculorum,
2753 4450 2826 4504 ad
2874 4452 3137 4505 sanctum
3177 4450 3502 4519 sepulcrum

137 4556 296 4597 voces
331 4542 407 4598 ad
450 4542 679 4598 Domini
716 4545 1106 4614 pervenerunt
1159 4558 1344 4597 aures.
1390 4540 1618 4613 Angeli,
1672 4541 1847 4628 quiD
1871 4544 2030 4611 abiit,
2060 4547 2118 4598 et
2144 4561 2323 4615 usque
2348 4544 2524 4599 hodie
2550 4546 2701 4599 clare
2727 4542 2902 4598 videt.

138 4650 262 4691 eam
291 4636 578 4704 ferebant,
600 4636 1017 4708 respondentes
1044 4635 1311 4691 dixerunt
1340 4652 1353 4690 :
1389 4637 1516 4691 Jam
1552 4636 1767 4691 factum

141 4732 238 4784 est.
269 4730 415 4796 Quid
436 4729 755 4786 faciemus?
778 4731 937 4784 [llam
958 4730 1176 4801 recepit
1195 4729 1515 4801 paradisus,
1539 4729 1635 4785 ubi
1649 4731 1768 4801 glo-

140 4821 314 4879 riatur
339 4841 471 4880 cum
497 4825 763 4881 Domino.
792 4823 1091 4882 Credimus
1134 4823 1289 4896 quod
1320 4840 1425 4880 nos
1451 4840 1567 4879 non
1596 4824 1667 4879 de
1706 4842 1765 4881 se

142 4922 385 4988 separat,
416 4936 541 4991 qua!
562 4936 621 4974 se
653 4918 707 4975 ei
733 4919 961 4990 placere
993 4918 1175 4975 voluit
1207 4934 1338 4973 cum
1387 4935 1503 4991 quo
1540 4923 1761 4991 regnat.

209 5078 281 5152 (a)
312 5081 527 5146 Quarta
566 5080 711 5163 feria
735 5080 1024 5137 Christum
1055 5080 1368 5135 Dominum
1399 5082 1603 5163 natum
1641 5098 1764 5137 esse

144 5149 426 5223 Cedrenus
444 5156 501 5206 et
518 5154 793 5209 Maxxmus
820 5152 1130 5209 Monachus
1156 5168 1320 5223 aeque
1348 5156 1762 5223 existimarunt,

146 5223 202 5271 ut
220 5221 473 5294 Scaliger
501 5224 598 5279 lib.
622 5240 679 5279 v1
709 5224 780 5278 de
823 5225 1115 5280 emendat.
1154 5221 1334 5294 tefnp.
1370 5224 1466 5277 ubi
1504 5224 1573 5279 de
1610 5221 1764 5281 anno

149 5239 202 5271 ιη
220 5239 473 5348 scaliger
501 5239 598 5279 un.
622 5240 679 5279 v1
709 5239 780 5278 ue
823 5240 977 5280 emet

149 5294 344 5364 natalis
414 5294 613 5364 omini,
638 5295 977 5351 observavit.

213 5362 293 5437 (b),
322 5362 627 5437 Gregorius
647 5367 995 5421 Turonensis
1018 5366 1116 5421 lib.
1146 5384 1198 5423 1x
1225 5382 1273 5421 c.
1308 5369 1360 5434 2,
1391 5366 1613 5421 obitum
1641 5385 1767 5423 san-

268 5434 640 5519 Radegundis
658 5438 844 5519 illigat
868 5455 1022 5494 anno
1052 5437 1399 5519 duodecimo
1430 5438 1584 5509 regis
1610 5439 1763 5495 Chil-

151 5502 379 5582 deberti,
411 5502 507 5582 qui
540 5502 855 5581 respondet
887 5526 1042 5582 anno
1084 5509 1293 5566 Christi
1334 5526 1385 5564 ο.
1417 5502 1619 5578 ιιὶνιῐ,
1650 5527 1764 5582 quo

152 5572 701 5637 dominica-littera'E
726 5581 1011 5637 currebat.

218 5648 295 5724 (c)_
311 5652 371 5724 In
407 5651 569 5724 illam
608 5652 905 5708 basilicam
941 5652 1118 5708 modo
1158 5657 1369 5724 sancta:
1395 5651 1766 5724 Radegundis

153 5721 361 5799 nomini
391 5722 642 5799 dicatam
670 5724 978 5795 collegium
1008 5723 1421 5799 canonicorum
1449 5721 1718 5799 successit
1748 5742 1762 5781 :

158 5788 261 5846 alia
277 5808 408 5871 vero
433 5793 600 5871 titulo
631 5788 849 5871 sanctae
874 5796 1059 5871 crucis
1084 5795 1361 5867 insignita
1408 5795 1697 5871 hodieque
1733 5813 1768 5851 a

161 5864 677 5925 sanctimonialibus
708 5866 1092 5925 Benedictinis
1113 5864 1443 5941 occupatur.

1936 4641 2023 4693 '29.
2054 4638 2134 4691 Ne
2173 4637 2651 4709 praetermittatur
2694 4639 2751 4691 et
2796 4635 2951 4691 aliud
3001 4634 3364 4691 miraculum.
3400 4637 3504 4692 Ubi

1867 4749 1993 4788 eam
2033 4731 2294 4802 sepelivit
2320 4731 2682 4802 supradictus
2724 4731 3044 4803 episcopus,
3080 4729 3505 4802 coopertorium

1868 4843 1983 4882 non
2010 4824 2220 4897 posuit,
2250 4827 2565 4895 antequam
2586 4824 2845 4896 pontifex
2873 4824 2982 4880 loci
3016 4822 3257 4880 veniret.
3285 4823 3500 4879 Liberae

1870 4938 1993 4993 quae
2020 4922 2152 4975 ante
2182 4935 2310 4973 eam
2337 4934 2535 4973 cereos
2564 4921 2960 4990 portaverunt,
2988 4922 3126 4975 totae
3152 4918 3211 4974 in
3243 4935 3385 4993 gyro
3415 4936 3501 4975 se-

1940 5081 2021 5161 (d)_
2043 5082 2259 5161 Nempe
2276 5080 2437 5152 juxta
2452 5078 2729 5161 regulam
2756 5095 2930 5150 quam
2971 5083 3199 5161 sanctus
3230 5076 3506 5161 Cassarius

1864 5149 2211 5210 monialibus
2239 5149 2606 5225 praescripsit.
2631 5149 2790 5205 Nam?
2811 5149 3299 5225 recapitulationis
3330 5152 3500 5225 Artic.

1867 5243 1884 5280 1
1928 5225 2125 5280 statuit
2160 5229 2223 5280 ut
2238 5222 2397 5279 nulla
2422 5239 2489 5277 ea:
2519 5222 2666 5277 vobis
2694 5237 2859 5293 usque
2885 5222 2961 5277 ad
2984 5226 3206 5278 mortem
3244 5238 3399 5278 suam
3440 5222 3506 5277 de

1864 5298 2189 5352 monasterio
2216 5296 2417 5366 egredi,
2447 5294 2533 5348 vel
2556 5294 2621 5349 de
2648 5294 2770 5364 ipsa
2804 5294 3026 5348 basilica
3052 5295 3109 5347 in
3147 5309 3256 5363 qua
3272 5293 3502 5366 januam

1866 5369 2097 5434 habetis,
2127 5363 2631 5438 autfpermittatur,
2661 5363 2759 5419 aut
2792 5381 2895 5435 per
2928 5366 3160 5435 seipsam
3205 5363 3502 5435 praesth

1866 5455 2013 5494 mre
2019 5481 2031 5494 .

1940 5510 2005 5582 (e)
2031 5511 2187 5564 Hanc
2214 5508 2427 5582 laetitia:
2457 5524 2657 5582 vocem
2677 5506 2916 5582 alleluia
2929 5505 3066 5562 olim
3106 5506 3164 5560 in
3208 5504 3500 5582 Exsequiis

1866 5577 2204 5653 usurpatam
2218 5580 2344 5651 jam
2368 5581 2665 5637 annotavit
2688 5578 2990 5653 Menardus
3004 5581 3201 5653 noster
3218 5577 3503 5653 inlibrum

1868 5648 2360 5724 sacramentorum
2379 5669 2392 5707 :
2411 5669 2587 5724 quam
2609 5666 2803 5724 vocem
2818 5650 3102 5724 praecipue
3124 5650 3183 5704 in
3210 5648 3503 5724 funeribus

1867 5723 2229 5798 sacerdotum
2255 5722 2670 5798 Grmcissepius
2687 5722 3077 5797 ingeminant,
3100 5724 3165 5779 ut
3189 5722 3411 5778 constat
3436 5735 3502 5776 ex

1870 5793 2243 5867 Euchologio.
