4016 6240
473 283 574 335 679
1443 279 1697 335 SANCTA
1735 280 2199 347 RADEGUNDUS,
2239 280 2487 336 REGINA
2528 280 2856 336 FRANCIA‘I.
3747 285 3869 336 680

470 388 651 460 pulcri
672 387 995 455 adstabant;
1018 404 1379 459 unaquaeque
1404 387 1461 442 in
1484 405 1585 442 suo
1605 405 1771 443 ceree
1805 405 1967 443 suum
1993 405 2095 444 no-
2120 390 2259 475 Ain
2300 389 2453 444 beati
2496 390 2777 445 Antistitis
2813 389 3050 444 Basilica
3077 390 3477 460 vigilaverunt,
3514 394 3642 446 tota
3682 394 3867 444 nocte

471 498 609 539 men
639 482 814 537 dabat
834 483 1269 553 scriptum,tota3
1286 482 1385 535 uni
1407 498 1476 536 ex
1495 482 1724 537 famulis
1741 484 2099 554 eereosipsos
2201 484 2580 555 energumeni
2610 486 3031 551 clamaverunt;
3063 484 3214 539 inter
3240 502 3384 555 quos
3411 485 3687 540 mulieres
3712 484 3871 539 duas

467 577 631 647 juxta
651 576 1077 631 ordinationem
1106 576 1430 630 tradebant.
1466 576 1551 630 Fit
1578 576 1870 631 contentio
1908 577 1967 631 in
2006 594 2102 648 po-
2202 577 2454 649 graviter
2490 577 2800 634 infestabat
2830 577 3113 645 inimicus,
3145 579 3430 650 praecipue
3465 597 3585 633 una
3620 582 3865 633 tantum

473 672 610 742 pulo
636 671 765 738 ;alii
793 670 1063 725 dicebant
1084 686 1280 724 cereos
1298 669 1451 740 ipsos
1471 670 1529 723 in
1564 670 1687 740 ejus
1716 674 1978 725 sanetum
2012 688 2100 725 se-

473 765 735 837 pulcrum
754 764 902 818 mitti
919 764 1129 817 debere
1154 805 1167 832 ,
1198 763 1292 817 alii
1316 763 1600 833 dicebant,
1630 781 1767 819 non.
1792 765 2101 820 Dumistud

475 862 765 929 ageretur,
817 858 887 911 de
913 857 1077 927 pueri
1101 857 1336 912 brachio
1366 858 1465 929 qui
1493 861 1643 913 totos
1666 860 1924 915 tenebat.
1958 877 2105 913 unus

476 951 686 1006 exilivit
712 951 770 1003 in
817 951 995 1003 altum
1032 967 1204 1021 super
1245 968 1481 1006 omnem
1513 954 1811 1023 populum,
1856 958 1913 1007 et
1946 971 2005 1007 se
2046 953 2105 1006 in

478 1048 673 1099 sancto
697 1044 958 1114 sepulcro
986 1044 1059 1097 ad
1085 1044 1459 1115 pedesbeattn
1475 1047 1686 1116 posuit,
1702 1051 1759 1100 et
1780 1048 1933 1118 quod
1947 1046 2109 1101 haesi-

476 1138 725 1205 tabatur,
766 1136 1092 1191 declaravit.
1133 1138 1524 1209 Respicientes
1566 1140 1640 1193 ad
1681 1156 1914 1205 nomen,
1948 1141 2108 1210 cujus

478 1248 622 1299 esse,
645 1247 864 1297 cereus,
888 1230 1187 1284 inventum
1210 1235 1296 1285 est
1313 1232 1497 1287 Calvae
1516 1250 1751 1288 nomen.
1777 1235 1892 1288 Hoc
1906 1234 2109 1288 videns

478 1325 779 1397 episcopus
804 1326 891 1378 vel
920 1325 1109 1378 omnis
1129 1326 1392 1397 populus,
1440 1326 1796 1381 admirantes
1840 1328 2111 1381 virtutem

477 1419 663 1473 beatae
693 1418 1083 1487 Radegundis,
1123 1419 1367 1473 Domino
1402 1420 1841 1475 benedixerunt.
1870 1421 2110 1485 Quanta!

478 1517 609 1585 post
629 1513 751 1582 ejus
780 1512 1086 1567 transitum
1115 1512 1192 1566 ibi
1229 1515 1361 1566 sunt
1401 1513 1569 1568 factae
1611 1514 1866 1583 virtutes,
1912 1513 2113 1584 quanti

482 1605 821 1661 daemoniaci
861 1605 1106 1672 liberati,
1147 1606 1347 1677 quanti
1385 1606 1779 1663 febricitantes
1816 1610 1948 1661 sunt
1982 1608 2112 1661 red—

482 1699 588 1754 diti
611 1699 862 1766 sanitati,
891 1699 1017 1770 quis
1046 1716 1391 1754 enumerare
1422 1702 1653 1755 valeat?

2202 671 2609 739 bacchabatur,
2625 676 2687 726 ut
2702 672 2759 725 in
2779 672 2903 742 ejus
2919 672 3151 726 fremitu
3164 675 3285 727 tota
3296 677 3443 728 trem
3453 677 3579 727 eret
3594 672 3866 727 basilica.

2202 767 2514 838 Postquam
2528 765 2663 819 inde
2683 765 2769 819 vir
2785 766 3496 838 venerabilisArnegisilus
3511 766 3699 822 abbas
3714 766 3871 820 basi-

2205 859 2327 914 licae
2344 860 2527 914 beatae
2545 860 2761 931 regina:
2775 876 2905 913 cum
2923 860 3038 913 suis
3052 861 3343 916 Monachis
3361 860 3549 928 exivit,
3584 862 3663 914 ad
3690 876 3868 913 suam

2206 954 2421 1009 vadens
2464 953 2760 1008 basilicam
2788 971 3015 1008 cursum
3056 954 3318 1026 implere,
3362 972 3540 1026 quam
3576 954 3679 1008 illa
3726 953 3872 1007 satis

2209 1049 2504 1118 dilexerat,
2542 1048 2694 1120 ipsas
2714 1052 2843 1119 post
2871 1065 2930 1102 se
2957 1048 3229 1103 mulieres
3257 1049 3567 1103 audierunt
3598 1049 3869 1102 claman-

2210 1145 2315 1211 tes,
2366 1142 2583 1197 Venite.
2641 1142 2778 1206 Quaz
2828 1143 3103 1213 ingressae
3146 1142 3438 1196 basilicam
3471 1142 3875 1196 vociferantes

2211 1236 2487 1290 domnam
2512 1235 2931 1305 Radegundem
2964 1239 3027 1289 ut
3051 1236 3132 1289 eis
3151 1241 3413 1307 parceret
3432 1235 3871 1307 supplicabant.

2212 1330 2336 1384 Una
2357 1347 2423 1383 ex
2452 1329 2581 1396 illis,
2610 1346 2739 1399 qua:
2767 1329 2994 1399 gravius
3022 1330 3420 1397 tribulabatur,
3447 1330 3575 1401 jam
3597 1333 3692 1382 ter
3734 1329 3869 1398 qui-

2214 1440 2320 1478 nos
2344 1423 2564 1477 habens
2591 1440 2775 1477 annos
2806 1439 2871 1476 ex
2896 1439 3011 1493 quo
3040 1439 3168 1477 eam
3197 1423 3427 1493 spiritus
3459 1439 3716 1494 nequam
3758 1421 3871 1474 ﬂa-

2215 1517 2486 1586 gellabat,
2511 1533 2641 1570 cum
2669 1516 2958 1570 matutina
2985 1515 3301 1583 dicebatur,
3331 1516 3569 1571 saeviens
3590 1514 3872 1570 inimicus

2214 1627 2312 1664 vas
2343 1610 2496 1681 quod
2520 1610 2824 1677 invaserat,
2848 1610 3101 1680 reliquit.
3121 1610 3222 1664 llla
3250 1609 3363 1663 alia
3380 1610 3453 1664 ad
3475 1610 3711 1663 tertiam
3728 1611 3871 1662 ante

2218 1703 2430 1758 ostium
2451 1703 2626 1774 ipsius
2649 1703 2895 1757 basilicae
2912 1706 2997 1757 est
3020 1702 3281 1771 liberata,
3316 1706 3373 1757 et
3402 1704 3552 1758 ultra
3573 1702 3870 1773 nequissi-

555 1796 641 1848 30.
669 1796 745 1848 De
774 1792 1105 1863 Burgundia
1138 1810 1268 1848 cum
1286 1793 1407 1848 viro
1434 1794 1746 1865 apostolico
1768 1795 2014 1850 Leifasto
2041 1794 2116 1866 (a)
2137 1776 2195 1846 B
2218 1814 2345 1851 mus
2369 1795 2548 1850 hostis
2570 1796 2652 1850 eis
2683 1813 2891 1851 nocere
2929 1814 3044 1851 non
3068 1797 3262 1852 valuit.
3287 1797 3473 1861 Quam
3500 1799 3659 1867 larga
3691 1799 3785 1849 est
3816 1797 3873 1850 et

484 1887 752 1959 episeopo
775 1886 1011 1941 veniens
1033 1877 1156 1957 ejus
1177 1887 1327 1941 abba
1341 1887 1576 1942 nomine
1596 1887 1778 1956 Abbo,
1807 1889 1945 1943 dum
1973 1891 2121 1942 esset
2222 1890 2378 1945 dives
2404 1890 2797 1944 misericordia
2822 1891 2922 1945 Dei
2944 1907 3073 1962 quas
3104 1908 3235 1945 suos
3270 1891 3453 1945 vereri
3474 1890 3633 1957 facit,
3657 1893 3717 1944 et
3742 1890 3873 1943 loca

484 1980 722 2036 Pictavis
737 1981 797 2034 in
816 1980 1063 2047 civitate,
1084 1980 1524 2039 dentisincurrit
1553 1981 1808 2036 validum
1838 1983 2117 2037 dolorem.
2221 1983 2464 2055 requirit
2482 1984 2602 2054 ipse
2642 1983 2915 2037 virtutum
2959 1984 3198 2053 largitor
3238 2001 3303 2038 ac
3343 1984 3731 2055 dispensator,
3774 1982 3875 2035 ubi

487 2076 585 2130 Die
608 2077 897 2145 noctuque
919 2091 1031 2140 una
1052 2091 1177 2141 vox,
1201 2090 1348 2128 unus
1369 2074 1536 2129 dolor
1553 2074 1744 2129 inerat
1764 2076 1837 2143 ei,
1869 2079 2120 2131 mortem
2221 2095 2328 2150 per
2347 2095 2479 2132 suos
2507 2078 2705 2131 ﬁdeles
2736 2094 2898 2132 suam
2925 2078 3179 2131 ostendit
3214 2077 3556 2149 potentiam.
3602 2077 3691 2132 Ad
3724 2076 3876 2130 basi-

486 2169 717 2224 evenire
745 2167 851 2222 sibi
877 2170 1083 2239 optans
1118 2170 1180 2222 ut
1202 2170 1362 2222 tanto
1385 2171 1608 2223 careret
1640 2169 1859 2223 dolore.
1890 2169 1997 2234 Qui
2040 2168 2123 2223 in-
2223 2172 2394 2227 licam
2415 2171 2599 2226 sancti
2626 2171 2730 2225 viri
2754 2173 2886 2225 sunt
2915 2171 3012 2224 alii
3040 2171 3287 2239 liberati,
3315 2171 3411 2225 alii
3442 2188 3577 2225 vero
3616 2170 3873 2225 basilicae

486 2263 740 2334 spirante
768 2261 877 2316 sibi
905 2260 1099 2316 divina
1124 2261 1521 2317 misericordia
1541 2263 1766 2334 rogavit
1795 2280 1852 2317 se
1880 2263 2011 2317 duci
2052 2262 2125 2317 ad
2228 2266 2458 2321 domnae
2496 2265 2867 2336 Radegundis
2892 2267 3028 2318 sunt
3045 2264 3247 2320 directi
3274 2282 3286 2319 :
3329 2268 3391 2318 ut
3427 2265 3575 2319 sicut
3619 2265 3878 2335 aequales

480 2359 695 2412 sancta
720 2354 1015 2411 basilicam
1043 2371 1057 2409 :
1097 2355 1195 2409 ubi
1222 2355 1535 2426 ingressus,
1572 2373 1703 2411 cum
1734 2356 1847 2410 ﬁde
1889 2373 1948 2410 se
1992 2360 2125 2411 ante
2228 2360 2415 2431 gratia
2440 2362 2623 2425 erant,
2655 2359 2734 2413 ita
2755 2358 2991 2430 aequalis
3011 2363 3070 2414 et
3096 2358 3274 2412 virtus
3304 2359 3728 2413 ostenderetur.

487 2452 751 2505 sanctum
776 2449 1100 2520 sepulcrum
1125 2451 1292 2504 terrae
1311 2450 1573 2520 projecit,
1595 2453 1844 2505 mortem
1861 2467 1980 2521 pra:
2001 2466 2129 2505 ocu—
2301 2456 2386 2507 32.
2411 2452 2547 2517 Quis
2577 2453 2727 2507 male
2754 2447 2993 2521 habens,
3025 2452 3286 2524 quamvis
3307 2452 3420 2506 vita
3444 2451 3810 2523 desperatus,
3831 2450 3879 2503 si

486 2543 556 2600 lis
605 2542 846 2609 habens,
895 2543 1108 2613 pallam
1162 2544 1523 2614 corporalem
1572 2543 1820 2615 desuper
1866 2547 2127 2598 sanetum
2228 2548 2441 2620 pallam
2470 2546 2854 2601 subteriorem
2878 2546 3347 2618 custosejusdem
3366 2545 3511 2601 sacri
3531 2544 3880 2616 sepulcriin-

490 2636 780 2691 tumulum
806 2634 1099 2689 mordicus
1126 2635 1529 2706 apprehendit.
1553 2636 1661 2699 Qui
1681 2640 1901 2708 septem
1929 2636 2130 2691 diebus
2231 2640 2470 2694 tinxitin
2488 2640 2664 2695 calice
2679 2657 2865 2712 aquas,
2880 2646 2938 2696 et
2958 2640 3118 2695 dedit
3137 2640 3191 2695 ei
3209 2640 3558 2695 febricitanti
3578 2639 3875 2711 poculum,

493 2746 600 2785 nec
623 2729 815 2785 cibum
839 2732 1179 2799 sumpserat,
1212 2745 1318 2783 nec
1343 2746 1545 2785 somno
1579 2730 1736 2784 reﬁci
1780 2733 2027 2801 poterat,
2071 2730 2130 2784 in
2232 2751 2348 2789 non
2388 2734 2583 2789 statim
2615 2716 2859 2788 ut'bibit
2900 2738 3033 2790 ante
3081 2738 3345 2789 sanctum
3387 2735 3511 2805 ejus
3544 2735 3877 2805 sepulcrum

494 2824 604 2880 hoc
629 2840 822 2879 morsu
848 2839 1022 2893 sopor
1049 2823 1317 2891 accessit;
1359 2823 1525 2878 dolor
1555 2824 1833 2893 discessit,
1861 2841 2035 2879 sanus
2061 2824 2133 2878 ad
2227 2829 2428 2900 jacens
2459 2845 2631 2901 sopor
2661 2828 2917 2896 accessit,
2942 2829 3179 2883 morbus
3204 2828 3478 2882 recessit?
3506 2828 3731 2884 Christo
3760 2828 3876 2880 lar-

494 2917 809 2989 hOSpitium
848 2916 1038 2971 rediit
1083 2916 1250 2980 011οά
1288 2920 1417 2988 post
1459 2917 1583 2989 ipso
1618 2919 1906 2973 referente
1944 2919 2135 2989 plures
2235 2922 2427 2993 giente
2451 2922 2716 2977 omnibus
2737 2922 2939 2976 diebus
2963 2922 3021 2976 in
3040 2922 3275 2978 nomine
3297 2922 3474 2993 ipsius
3490 2921 3875 2977 DominiJesu

494 3012 906 3083 cognoverunt,
949 3010 1047 3064 ubi
1072 3026 1133 3064 se
1158 3010 1547 3067 fatebaturde
1586 3011 1788 3066 mortis
1820 3012 2001 3082 janua
2034 3028 2137 3082 per

494 3106 766 3160 virtutem
791 3104 1020 3158 domum
1036 3103 1406 3174 Radegundis
1430 3121 1551 3158 esse
1571 3108 1921 3161 revocatum.

569 3202 656 3255 31.
684 3201 755 3253 Et
774 3199 909 3270 quia
934 3214 1062 3253 mos
1082 3197 1242 3251 estin
1264 3197 1572 3252 festivitate
1592 3199 1747 3253 beati
1775 3199 1972 3253 Hilarii
2009 3199 2140 3254 reli-

500 3293 627 3366 quis
641 3291 995 3349 Monasteriis
1014 3290 1381 3346 circumcirca
1411 3291 1704 3362 proximis,
1727 3309 1855 3363 quae
1881 3296 2016 3347 sunt
2037 3293 2134 3361 ibi,

501 3402 683 3458 usque
700 3386 759 3440 in
780 3385 1035 3440 mediam
1048 3387 1278 3439 noctem
1297 3384 1519 3455 vigilias
1534 3386 1847 3454 celebrare;
1862 3387 1933 3441 de
1944 3387 2139 3442 media

501 3484 671 3535 nocte
688 3479 1082 3551 unusquisque
1100 3478 1276 3533 abbas
1289 3495 1419 3533 cum
1433 3479 1549 3533 suis
1569 3479 1840 3534 fratribus
1871 3480 1944 3535 ad
1972 3498 2140 3536 suum

500 3574 808 3629 revertitur
823 3572 1237 3629 manasterium
1262 3589 1488 3628 cursum
1509 3573 1818 3629 celebrare.
1853 3574 2140 3639 Quamdiu

562 3744 650 3873 λα)
697 3743 974 3799 Leifastus
1022 3760 1120 3799 seu
1158 3744 1417 3798 Lefastus
1470 3742 1770 3816 episcopus
1817 3744 2136 3812 Eduensis,

614 3821 769 3873 utan.
792 3819 922 3873 post
945 3815 1252 3873 Siagrium.
1284 3815 1381 3873 aui
1407 3832 1561 3870 anno
1583 3833 1648 3870 nc
1681 3815 1842 3873 obiit.
1875 3819 1938 3869 ut
1969 3815 2136 3870 sentit

504 3815 769 3887 d’Autun,
791 3819 922 3941 post
945 3815 1252 3897 Siagrium,
1284 3815 1381 3887 qui
1407 3832 1561 3870 anno
1583 3815 1842 3885 nc’obiit,
1875 3819 1938 3869 ut
1969 3815 2143 3870 sentit

504 3888 739 3944 Carolus
813 3903 843 3942 e
886 3889 1087 3944 Ceinte
1141 3904 1200 3941 in
1247 3887 1455 3941 Annal.
1500 3888 1699 3942 Franc.
1758 3887 1832 3942 ad
1881 3904 1976 3942 an.
2014 3890 2138 3953 600,

2237 3015 2442 3072 Christi
2474 3016 2553 3069 ibi
2579 3017 2777 3071 multas
2797 3016 3032 3071 virtutes
3072 3018 3238 3085 ﬁunt,
3290 3016 3443 3071 unde
3476 3016 3729 3070 recessit.
3764 3015 3881 3068 Nos

2238 3126 2469 3181 quoque
2498 3109 2671 3164 etiam
2710 3110 2867 3164 ﬁdeli
2907 3110 3212 3165 devotione
3251 3114 3309 3165 et
3343 3110 3645 3165 sedulitate
3685 3107 3883 3164 debita

2238 3220 2583 3258 veneramur
2609 3203 2668 3257 in
2697 3204 2882 3272 terris,
2909 3205 3069 3275 cujus
3090 3205 3288 3259 anima
3322 3204 3686 3271 conﬁdimus,
3733 3218 3883 3273 gau-

2240 3296 2442 3351 demus
2473 3301 2531 3351 et
2559 3298 2875 3369 gloriamur
2901 3299 3057 3370 quod
3080 3300 3423 3371 praefulgeat
3445 3298 3507 3352 in
3539 3296 3711 3364 caelis,
3751 3295 3883 3368 ipso

2238 3394 2550 3462 praastante
2588 3391 2840 3462 quicum
2866 3394 3032 3447 Patre
3059 3397 3118 3447 et
3145 3393 3358 3464 Spiritu
3406 3394 3605 3447 sancto
3651 3390 3787 3445 vivit
3822 3394 3887 3443 et

2239 3487 2448 3556 regnat
2471 3484 2531 3539 in
2559 3487 2768 3541 saecula
2788 3487 3144 3542 saeculorum.
3168 3488 3373 3542 Amen.

2241 3752 2477 3823 num.7.
2509 3749 2933 3823 sammarthani
2963 3751 3292 3823 Auspicium
3320 3752 3474 3807 inter
3508 3751 3800 3823 Siagrium
3829 3758 3893 3808 et

2240 3818 2533 3874 Lefastum
2565 3821 2784 3876 locant:
2810 3822 2909 3876 sed
2937 3818 3097 3893 prior
3109 3825 3398 3879 sententia
3419 3824 3491 3878 ob
3512 3818 3890 3879 Baudoniviae

2241 3892 2468 3945 tetatem
2499 3893 2881 3963 praeferenda.

1061 4265 1506 4341 SANCTAE
1558 4266 2273 4366 RADEGUNDIS,
2324 4271 2756 4346 REGINzE
2808 4273 3332 4350 FRANCUE.

1599 4443 2808 4611 TESTAMENTUM,

881 4783 1887 4938 EPISTULA“
1986 4667 2260 4959 Αἴξ
2386 4794 3487 4950 EPISGOPOS.

582 5156 735 5211 Hane
759 5155 923 5211 initio
954 5154 1228 5210 institutae
1259 5157 1720 5229 congregationis
1749 5176 1865 5216 suae
1895 5178 1999 5234 pro
2029 5163 2151 5235 ejus
2176 5164 2353 5221 tutela
2382 5169 2437 5222 et
2463 5165 2758 5223 stabilitate
2786 5165 3027 5241 scripsit,
3055 5169 3404 5243 concilioque
3424 5170 3747 5229 Turonensi
3766 5191 3887 5231 con-

509 5245 852 5301 ﬁrmandam
880 5245 1082 5301 absens
1110 5244 1331 5302 obtulit.

508 5402 607 5472 ﬁ,"
632 5402 757 5481 Non
782 5400 949 5457 video
962 5401 1365 5481 quodtempus
1379 5402 1510 5460 huic
1530 5406 1786 5481 epistolae
1804 5408 1993 5481 aptius
2016 5428 2151 5467 con-

512 5420 607 5472 m,-
632 5420 757 5457 μου
782 5420 949 5457 νιαθο
962 5420 1119 5473 quoa
1136 5420 1365 5529 tempus
1379 5420 1510 5460 nunc
1530 5420 1786 5478 epistowc
1804 5420 1993 5481 aptius
2016 5428 2151 5467 con-

512 5476 701 5544 gruat,
733 5489 910 5544 quam
952 5473 1156 5528 concili
1188 5491 1226 5530 II
1303 5478 1622 5533 uronensis.
1654 5480 1797 5534 Cum
1826 5482 1981 5536 enim
2026 5483 2156 5537 scri-

508 5547 610 5615 pta
659 5544 741 5621 sit
775 5544 849 5598 ad
886 5545 1184 5621 episcopos
1218 5546 1533 5621 illosipsos
1574 5550 1751 5621 (quod
1811 5568 1879 5605 ex
1924 5553 2154 5608 illorum

508 5614 786 5691 rescripto
820 5614 998 5688 patet)
1044 5614 1427 5691 qui‘concilio
1465 5614 1781 5675 Turonensi
1827 5622 2155 5691 adfuerunt,

508 5686 818 5757 verisimile
846 5691 932 5757 est
950 5686 1081 5742 tum
1106 5688 1180 5742 ad
1202 5706 1301 5743 eos
1341 5689 1597 5757 missam,
1638 5708 1767 5747 eum
1810 5709 1925 5748 una
1968 5686 2158 5750 essent

509 5754 574 5808 in
605 5771 675 5810 eo
696 5756 944 5835 concilio
963 5759 1320 5835 congregati.
1352 5760 1461 5824 Qui
1476 5754 1707 5835 hanein
1723 5762 1987 5835 longiora
2010 5770 2158 5822 tem-

516 5840 658 5893 pora
683 5825 973 5895 differunt,
994 5832 1052 5882 et
1068 5825 1211 5899 post
1229 5846 1412 5885 annos
1442 5829 1642 5902 viginti
1668 5825 1856 5903 paulo“
1869 5839 2001 5890 ante
2036 5837 2156 5892 obi-

2256 5417 2421 5505 ξι
2435 5415 2996 5505 ξδρςμξῌᾳᾷεέυηὰθ
3010 5418 3893 5505 scriptamvoluntmrazterquam

2258 5485 2469 5563 quodsa
2490 5488 2766 5563 Gregorio
2784 5485 3105 5563 Turonensi
3122 5485 3492 5563 refelluntur,
3504 5485 3603 5563 qui
3622 5485 3789 5548 initio
3804 5495 3890 5549 in-

2258 5557 2466 5632 stitutae
2495 5558 2567 5632 a_b
2604 5557 3179 5632 ea'congregationis
3221 5561 3436 5617 editam
3469 5557 3664 5631 docet,
3690 5564 3787 5619 lib.
3821 5582 3893 5632 ix,

2258 5644 2383 5709 cap.
2408 5631 2495 5696 39,
2518 5629 2634 5715 hoc,
2653 5629 2967 5715 etiamnoin
2986 5632 3472 5715 animadvertunt,
3500 5629 3895 5715 Euphronium

2260 5701 2592 5780 episcopum
2617 5701 2703 5773 (ut
2727 5701 2798 5756 de
2834 5703 3057 5757 caeteris
3078 5704 3175 5786 qui
3207 5721 3331 5785 una
3377 5701 3719 5775 rescribunt,
3761 5708 3894 5763 nihil

2260 5769 2467 5844 dicam)
2495 5788 2565 5844 ea
2609 5776 2872 5844 tempora
2903 5791 3021 5828 non
3056 5778 3332 5844 attigisse,
3376 5780 3615 5844 totoque
3654 5780 3895 5844 amplius

2262 5791 2467 5841 (licam)
2495 5791 2565 5825 ea
2609 5791 2872 5844 tempora
2903 5791 3021 5828 non
3056 5791 3332 5846 attigisse,
3376 5791 3615 5849 tetoque
3654 5791 3826 5850 ampli

2262 5840 2546 5897 decennio
2574 5848 2781 5902 sanctae
2812 5844 3182 5917 Badegundis
3211 5846 3429 5904 obitum
3450 5848 3826 5920 praevertisse.
