4016 6240
166 315 251 369 681

1634 304 1918 362 NOTITIA.

3412 315 3514 367 682

226 416 471 474 Dominis
497 416 728 484 sanctis,
752 418 809 471 et
832 416 1146 487 apostolica
1177 415 1311 470 sede
1344 413 1701 486 dignissimis
1719 414 1777 468 in
1798 427 1858 499 Α
1878 429 2075 484 pronae
2098 412 2309 467 mentis
2322 412 2509 469 studio
2531 413 2793 485 cogitans
2819 415 2994 470 etiam
3022 415 3093 470 de
3115 416 3359 472 aliarum
3379 435 3512 489 pro-

164 513 369 571 Christo
412 511 691 583 patribus,
748 510 1016 565 omnibus
1070 508 1351 582 episcopis
1408 508 1778 580 Radegundis

163 602 448 676 peccatrix.

225 700 496 766 Congruae
526 693 866 765 provisionis
887 697 1021 748 tunc
1040 693 1384 748 roboraliter
1404 691 1479 746 ad
1506 690 1776 745 effectum

164 790 330 846 tendit
348 788 664 855 exordium,
682 804 814 843 cum
831 787 1199 859 generalibus
1211 786 1489 857 patribus,
1515 784 1784 851 medicis;

162 902 219 940 ac
255 882 594 955 pastoribus,
636 882 797 937 ovilis
838 882 945 935 sibi
987 880 1277 936 commissi
1318 896 1489 935 causa
1545 878 1778 933 auribus

162 978 407 1043 traditur,
430 992 750 1047 eorumque
773 975 1030 1030 sensibus
1060 973 1775 1044 commendatur,quorum

162 1070 503 1143 participatio
535 1070 608 1124 de
630 1071 909 1124 charitate
932 1069 1259 1135 consilium,
1281 1068 1351 1122 de
1369 1069 1655 1139 potestate
1668 1066 1779 1120 suf-

161 1164 490 1236 fragium,de
514 1164 773 1220 oratione
796 1164 1123 1218 ministrare
1142 1161 1775 1234 poteritinterventum.

158 1261 216 1313 Et
240 1258 511 1330 quoniam
540 1258 676 1314 olim
703 1257 901 1313 vinclis
941 1257 1235 1312 laicalibus
1280 1256 1560 1323 absoluta,
1586 1255 1779 1311 divina

158 1352 479 1425 providente
495 1352 882 1424 etinspirante
900 1351 1232 1419 clementia,
1248 1350 1323 1405 ad
1343 1349 1637 1422 religionis
1651 1366 1781 1406 nor-

158 1463 302 1501 mam
316 1446 433 1501 visa
457 1462 585 1502 sum
612 1446 932 1501 voluntarie
962 1445 1105 1500 duce
1132 1444 1356 1500 Christo
1380 1445 1683 1511 translata;
1712 1460 1779 1499 ac

219 1592 243 1621 "
266 1593 438 1650 Soror
464 1591 648 1646 sancti
669 1589 897 1646 Caesarii
920 1606 932 1645 ε
969 1592 1068 1644 aut
1095 1591 1248 1643 certe
1264 1588 1465 1659 junior
1489 1588 1691 1654 altera,
1734 1588 1778 1642 si

154 1668 290 1735 degit
306 1667 482 1734 legas.
500 1666 631 1718 Duae
650 1660 933 1735 siquidem
956 1660 1484 1735 ejusdem‘nominis
1498 1663 1555 1713 et
1574 1676 1778 1714 mune-

156 1730 236 1791 risv
258 1730 515 1791 Caesarie
556 1730 807 1788 fuerunt.
840 1734 965 1787 Una
994 1732 1173 1786 sancti
1201 1730 1429 1785 Cmsarii
1473 1746 1776 1799 germana,

154 1824 317 1889 quam
347 1806 626 1889 Caesarius
646 1806 826 1885 frater
847 1804 1079 1889 condito
1097 1820 1129 1856 a
1151 1820 1209 1856 se
1232 1802 1586 1889 monasterio
1609 1801 1780 1881 abba-

155 1872 337 1933 tissam
359 1877 637 1949 prafecit,
672 1875 839 1946 eique
870 1876 1154 1949 regulam,
1190 1874 1294 1927 sub
1336 1889 1449 1943 qua
1494 1889 1627 1949 cum
1664 1872 1780 1926 suis

154 1942 377 2017 viveret;
416 1947 683 2003 instituit.
713 1942 1005 2002 Posterior
1044 1946 1245 2013 altera,
1285 1942 1413 2015 quae
1453 1942 1653 2015 priori,
1693 1960 1780 1997 su-

1878 507 2146 575 fectibus,
2183 509 2245 560 ut
2276 511 2574 563 annuente
2599 508 2839 564 domino
2864 526 2997 564 mea
3014 508 3301 565 desideria
3326 512 3514 567 efﬁce-

1878 604 2079 656 rentur
2102 601 2339 673 reliquis
2353 602 2673 673 profutura,
2696 602 3031 659 instituente
3055 607 3227 676 atque
3248 621 3514 661 remune-

1876 697 2043 749 rante
2067 696 2596 765 przeccllentissimo
2624 696 2842 753 domno
2864 714 3001 769 rege
3022 699 3291 767 Clotario,
3315 716 3515 755 mona-

1878 788 2116 842 sterium
2136 789 2456 859 puellarum
2474 790 2702 846 Pictava
2721 792 2861 846 urbe
2882 791 3171 860 constitui,
3194 793 3516 849 conditum-

1878 898 2011 953 que,
2043 885 2323 953 quantum
2344 884 2489 938 mihi
2502 885 2900 940 muniﬁcentia
2929 886 3143 957 regalis
3170 890 3256 942 est
3278 887 3509 959 largita,

1877 977 2030 1031 facta
2055 976 2369 1032 donatione
2402 978 2614 1033 dotavi.
2654 980 2890 1051 Insuper
2928 981 3365 1052 congregationi
3410 997 3513 1052 per

1878 1086 1975 1124 me
2012 1070 2235 1126 Christo
2275 1075 2581 1143 praestante
2620 1075 2872 1128 collectae
2913 1075 3209 1144 regulam,
3252 1074 3355 1129 sub
3400 1091 3514 1146 qua

1879 1166 2076 1220 sancta
2105 1165 2349 1221 Caesaria
2376 1164 2631 1235 deguit‘,
2656 1170 2763 1221 etc.

1948 1260 2179 1329 Reliqua
2224 1260 2424 1314 videsis
2479 1264 2603 1314 tom.
2648 1261 2885 1329 pravo-ed.
2929 1263 3030 1316 col.
3085 1265 3208 1325 5'22,
3258 1263 3352 1316 ubi
3404 1262 3514 1317 haec

1880 1354 2109 1423 epistola
2136 1370 2169 1407 a
2195 1352 2448 1421 Gregorio
2480 1355 2781 1408 Turonensi
2803 1357 3062 1421 refertur.

1880 1587 2115 1660 perstite
2141 1587 2328 1642 adhuc
2354 1587 2599 1645 Caesario
2627 1588 2932 1655 defunctas,
2962 1590 3019 1642 in
3050 1589 3351 1644 abbatissae
3386 1608 3511 1647 mu-

1883 1676 2019 1713 nere
2046 1660 2334 1727 successit,
2361 1663 2423 1714 ut
2443 1662 2642 1714 auctor
2661 1662 2747 1713 est
2766 1659 3081 1730 Cyprianus
3103 1661 3161 1713 in
3188 1662 3312 1716 Vita
3333 1664 3516 1718 sancti

1881 1730 2131 1803 Caesarii,
2158 1747 2329 1803 quam
2341 1731 2611 1803 iCzesarias
2632 1731 2800 1801 hujus
2828 1735 3034 1801 rogatu
3061 1734 3402 1803 composuit.
3430 1735 3514 1788 Ab

1882 1802 1987 1856 hac
2018 1802 2223 1875 eadem
2238 1801 2611 1875 Badegundis
2636 1803 3160 1875 regulamCaesarii,
3190 1801 3364 1875 quam
3388 1822 3511 1860 mo-

1882 1874 2129 1927 nasterio
2161 1889 2263 1928 suo
2287 1874 2562 1941 traderet,
2591 1873 2823 1944 expetit.
2850 1874 2968 1929 Jac.
3002 1875 3157 1929 Sum.

623 2170 1601 2387 DECRETUM
1738 2249 3052 2416 EPISCOPORUM,

744 2484 910 2538 QUOD
956 2482 1262 2530 SUSCEPTA
1304 2481 1522 2527 BEATE
1561 2480 1951 2526 BADEGUNDIS
1995 2480 2297 2527 EPISTOLA
2342 2480 2904 2527 CONSCRIPSERUNT.

210 2624 473 2679 Dominae
504 2623 872 2694 beatissimos,
892 2628 951 2680 et
995 2626 1057 2680 in
1104 2623 1326 2680 Christo
1366 2622 1617 2679 ecclesiae
1647 2622 1776 2678 filia:
1797 2636 1853 2709 B
1876 2640 2090 2679 mensa:
2110 2622 2422 2679 divinitatis
2454 2623 2750 2695 provisura
2773 2622 3052 2691 remedia,
3076 2626 3184 2679 etc.

147 2717 514 2789 Radegundi,
552 2720 943 2790 Euphronius,
994 2721 1389 2787 Praetextatus,
1431 2719 1775 2785 Germanus,

146 2812 304 2879 Felix,
318 2812 748 2881 Domitiannus,
771 2813 1049 2869 Victorius
1069 2816 1128 2867 et
1142 2814 1481 2882 Domnolus,
1505 2810 1775 2883 episcopi.

208 2904 465 2961 Sollicita
481 2911 612 2962 sunt
631 2906 853 2978 jugiter
878 2907 1028 2962 circa
1069 2924 1251 2978 genus
1290 2907 1618 2963 humanum
1666 2907 1776 2961 im-

1949 2719 2177 2788 Reliqua
2204 2718 2404 2773 videsis
2434 2719 2592 2785 Greg.
2622 2708 2823 2773 Turon.
2873 2718 2966 2772 lib.
3004 2734 3077 2782 1x,
3122 2734 3243 2789 cap.
3284 2720 3374 2788 39,
3405 2718 3507 2773 col.

1881 2815 1981 2867 516
2003 2817 2127 2868 tom.
2151 2812 2388 2882 praeced.

1296 3234 1464 3281 ANNO
1511 3234 1727 3281 DOMINI
1775 3232 2343 3280 DLXXIII-DLXXVII.

540 3380 2038 3585 BENEDICTUS
2192 3379 2826 3579 PAPA
2984 3381 3130 3582 Ι.

840 3843 1303 3932 NOTITIA
1391 3846 1535 3933 EX
1623 3846 1962 3933 LIBRO
2052 3820 2805 3932 PONTIFICALI.

204 4119 583 4217 Eenedictus'
607 4124 843 4180 natione
862 4125 1157 4181 Romanus
1168 4144 1237 4182 ex
1260 4132 1424 4200 patre
1447 4127 1761 4197 Bonifacio,
1785 4141 1839 4217 ρ
1867 4125 2094 4200 eodem]
2132 4129 2393 4197 tempore
2436 4139 2580 4196 gens
2606 4122 3157 4195 Langobardorumc
3192 4121 3398 4178 invasit
3423 4126 3505 4179 to-

138 4213 276 4268 sedit
304 4232 493 4272 annos
520 4216 548 4257 ι)
573 4221 821 4289 quatuor
842 4218 938 4291 (a),
966 4237 1229 4276 mensem
1272 4239 1473 4292 unum,
1516 4222 1638 4277 dies
1680 4222 1759 4276 vi-

135 4305 269 4375 ginti
302 4313 432 4365 octo
467 4310 617 4380 [Cod.
649 4314 798 4377 Luc.,
840 4314 1096 4387 novem].
1130 4315 1400 4386 Ejusdem
1433 4315 1582 4389 [Cod.
1612 4319 1760 4379 Luc.,

1862 4223 1984 4276 tam
1998 4220 2240 4290 Italiam,
2262 4218 2545 4291 simulque
2567 4221 2626 4275 et
2645 4220 2827 4274 fames
2848 4217 3047 4286 nimia,
3071 4219 3133 4272 ut
3158 4217 3332 4272 etiam
3354 4219 3501 4273 mul-

1862 4315 2048 4371 titudo
2070 4319 2389 4372 castrorum
2413 4331 2472 4371 se
2498 4313 2753 4371 traderet
2772 4310 3185 4386 Langobardis,
3206 4314 3269 4366 ut
3281 4315 3500 4383 tempe-

1425 4472 1621 4528 NOT/E
1658 4472 1971 4528 SEVERINI
2014 4472 2193 4528 BINII.

190 4582 214 4613 ⁸
239 4580 381 4634 Cum
404 4581 668 4638 Romana
698 4584 866 4641 sedes
896 4586 968 4641 ob
1000 4589 1279 4642 tumultus
1298 4589 1530 4645 bellicos
1562 4606 1754 4646 vacas-

128 4650 207 4732 set
242 4666 477 4732 menses
509 4653 707 4708 decem
745 4661 803 4732 e_t
843 4661 959 4711 tres
988 4658 1130 4729 dies,
1177 4661 1535 4729 Benedictus,
1583 4678 1757 4732 quem

127 4718 297 4802 {irasci
324 4723 615 4802 Bonosum
629 4728 952 4802 nominant,
968 4718 1193 4785 creatus
1207 4735 1293 4785 est
1304 4718 1560 4802 pontifex
1578 4718 1669 4788 die
1693 4736 1757 4787 16

124 4788 265 4876 ltaii,
292 4788 1102 4876 a‘nno‘ChristiRedemptoris
1118 4806 1240 4876 573.
1272 4788 1448 4873 Hujus
1495 4808 1758 4876 tempore

126 4858 484 4946 Langobardi
504 4868 758 4923 maxima
777 4887 843 4946 ex
862 4858 1026 4941 parte
1048 4873 1335 4928 idolorum
1353 4858 1636 4929 'cultores.‘
1662 4858 1761 4931 Ec-

125 4931 358 5012 clesiiam‘
386 4936 516 4991 dira
540 4931 939 5009 persecutione
958 4948 1255 5012 vexarunt,
1278 4946 1404 4999 loca
1423 4964 1583 5002 sacra
1598 4947 1760 5002 effos-

124 5010 543 5087 sissanctorurn
556 5015 877 5087 martyrum
899 5015 1170 5087 sepulcris
1190 5010 1589 5087 profanarunt,
1619 5018 1757 5072 acdi-

123 5073 243 5154 ﬁcia
265 5077 323 5131 in
345 5079 637 5159 suburbiis
658 5073 865 5159 Roma;
884 5073 1212 5159 diruemnt,
1253 5092 1516 5142 sanctum
1556 5073 1759 5144 Cerbo—

125 5162 276 5230 mum
290 5155 630 5230 episcopum
643 5170 771 5208 cum
783 5155 897 5208 suis
910 5156 1129 5230 clericis
1140 5158 1198 5211 in
1213 5159 1471 5230 exsilium
1486 5160 1761 5230 fugarunt

125 5221 417 5290 octoginta
430 5238 493 5275 ru
502 5223 943 5299 st_icos,quo_rum
957 5229 1343 5299 quadraginta
1368 5221 1760 5285 immolatitias

124 5304 321 5382 parties
352 5294 683 5382 comedere,
712 5294 815 5382 alii
846 5294 1019 5382 caput
1046 5294 1497 5382 capras-adorare
1534 5318 1757 5382 recusa-

122 5357 292 5443 bant,_
307 5364 590 5443 supplicio
617 5357 821 5443 mortis
846 5357 1182 5443 affecerunt.
1219 5372 1331 5425 Hac
1360 5373 1759 5443 persecutione

125 5446 189 5484 ea
217 5437 502 5513 miracula
541 5439 909 5513 contigerunt
934 5458 1062 5512 quae
1109 5442 1169 5496 in
1202 5437 1377 5497 libris-
1397 5444 1761 5513 dialogorum

123 5509 498 5585 recensentur
510 5509 667 5585 apud
679 5509 1013 5585 eumdem'G
1022 5513 1315 5585 regorium
1335 5514 1405 5569 de
1424 5509 1621 5569 sancto
1637 5516 1764 5571 Cer-

122 5571 610 5665 139141397epi89‘0p-0‘,
636 5581 896 5665 Santulo,
924 5571 1170 5665 aliisde
1187 5586 1561 5665 presbyteris.
1589 5584 1759 5665 Justi-

122 5660 226 5726 nus
236 5653 936 5730 imperatorstnastasium
950 5653 1393 5730 Antiochenam,
1411 5658 1484 5730 ob
1497 5658 1765 5728 quaedam

123 5720 367 5773 crimina
387 5720 469 5774 illi
486 5722 710 5799 objecta
727 5724 1073 5799 depositum,
1088 5720 1389 5799 relegavit.
1404 5720 1534 5793 Qua
1547 5747 1610 5785 re
1632 5746 1764 5784 cum

124 5794 592 5876 magnamapud
610 5794 820 5876 Deum‘
841 5794 1123 5876 offensam
1161 5794 1368 5855 merito
1410 5801 1763 5876 incurrisset,

128 5863 325 5918 omnia
348 5863 436 5917 illi
466 5863 738 5938 deinceps
772 5866 833 5922 in
853 5869 1020 5941 pejus
1047 5886 1215 5926 ruere
1236 5876 1551 5943 coeperunt.
1581 5863 1767 5930 Persa:

456 5962 728 6031 PATROL.
779 5966 1016 6034 LXXII.

1860 4606 2075 4662 magna
2114 4594 2305 4662 strage
2335 4587 2650 4662 exercitum
2686 4587 2808 4662 ejus
2839 4585 3287 4662 prostraverunt.
3319 4582 3501 4662 Cujus

1858 4662 1946 4716 rei
1964 4654 2409 4715 vnuntium'dum
2443 4658 2517 4712 ad
2543 4654 2733 4728 ipsum
2761 4654 3171 4728 imperatorem
3209 4654 3500 4728 perlatum

1861 4735 2029 4800 esset,
2076 4734 2271 4785 mente
2315 4724 2676 4800 abalienatus
2725 4724 2861 4795 fuit;
2904 4724 3500 4800 dilucidis_interdum

1859 4796 2173 4859 intervallis
2196 4801 2269 4856 ad
2302 4799 2594 4854 modicum
2635 4800 2916 4854 duntaxat
2945 4796 3223 4868 temporis
3250 4798 3497 4868 spatium

1859 4874 2217 4945 resipiscens.
2261 4872 2345 4926 Ab
2374 4871 2490 4945 hoc
2529 4868 3014 4945 _malo__c_orporis
3080 4868 3352 4923 liberatus
3413 4873 3500 4923 est

1860 4940 2095 5018 quando
2127 4945 2201 4999 ad
2228 4941 2658 5018 conciliandum
2818 4940 3075 5018 divinum
3106 4956 3323 5018 numen
3354 4944 3498 5018 tem-

1859 5011 2311 5089 plumexstruxit
2333 5013 3115 5089 DeigenitricihMarimhqum
3266 5015 3493 5089 tantum

1861 5081 2178 5145 sanctitatis
2218 5081 2504 5157 prmstitit,
2541 5088 2620 5157 _ut
2663 5084 2912 5139 dilucido
2952 5081 3252 5157 intervallo
3274 5083 3494 5157 potius,

1861 5160 2078 5214 cunctis
2107 5152 2261 5212 recte
2299 5153 2602 5226 dispositis,
2646 5158 2859 5209 statum
2899 5152 3227 5223 reipublicae
3268 5152 3329 5205 in
3370 5155 3493 5207 tuto

1862 5231 2187 5285 collocaret.
2222 5228 2328 5298 (Ea:
2351 5226 2575 5281 miscell.
2602 5226 2770 5297 Hist.)

1934 5303 1961 5342 ι)
1991 5300 2171 5353 Annis
2192 5293 2458 5369 quatuor,
2485 5312 2685 5352 mense
2703 5293 2819 5369 uno
2835 5298 2893 5349 et
2910 5293 3113 5369 viginti
3140 5293 3495 5369 octo_diebus

1862 5372 2060 5426 sedem
2078 5364 2675 5442 pontiﬁciamtenuit.
2696 5366 2850 5442 Qbiit
2878 5364 3033 5442 enim
3061 5381 3215 5442 anno
3253 5364 3495 5421 Redem-

1862 5444 2044 5515 ptoris
2070 5435 2251 5497 nostri
2276 5446 2398 5509 577,
2426 5439 2611 5515 pridie
2630 5438 2921 5515 Kalendas
2946 5435 3205 5515 augusti.

1938 5528 1961 5555 ο
1992 5515 2114 5580 Quo
2141 5506 2403 5585 tempore
2429 5506 2797 5585 Langobardi
2841 5510 2899 5563 in
2949 5506 3167 5585 Italiam
3205 5507 3492 5585 venerint,

1865 5579 2039 5659 supra
2060 5586 2172 5659 dixi
2196 5579 2436 5659 ininotis
2457 5583 2536 5659 ad
2559 5579 2747 5659 Vitam
2773 5579 3027 5659 Joannis.
3058 5580 3186 5634 Haec
3210 5580 3496 5659 Anastasii

1864 5651 2107 5714 fortasse
2138 5654 2517 5726 intelligenda
2534 5657 2666 5708 sunt
2683 5654 2753 5726 die
2776 5651 3114 5726 earumdem
3139 5651 3495 5726 grassatione

1864 5731 1983 5798 illa,
2019 5745 2193 5800 quam
2224 5721 2453 5781 sanctus
2492 5725 2798 5800 Gregorius
2830 5724 2981 5779 inter
3022 5721 3197 5777 saevas
3230 5721 3493 5776 Ecclesia:

1867 5799 2297 5874 persecutiones
2324 5799 2649 5852 anumerat.

1942 5872 2017 5943 (α)
2043 5871 2261 5925 Eadem
2284 5868 2461 5925 habet
2479 5867 2618 5923 Cod.
2651 5883 2759 5921 ms.
2790 5866 3067 5940 Hardysil.
3100 5867 3261 5923 ιω.

3105 5969 3182 6030 22
