4016 6240
447 335 548 387 683
787 328 1141 384 BENEDICTI
1176 327 1367 383 PAPAE
1413 327 1436 382 1
1474 325 1565 381 AD
1601 324 2053 381 GRANDENSEM
2092 321 2573 380 PATRIARCHAM
2609 322 2948 379 EPISTOLIE
2987 321 3462 381 FRAGMENTUM.
3725 324 3829 378 684

447 455 578 494 rare
608 440 803 510 posset
832 436 1087 510 inopiam
1128 435 1317 492 famis.
1349 434 1515 500 Quod
1551 435 1683 489 dum
1723 433 2085 505 cognovisset
2105 446 2164 519 Α
2184 433 2417 488 basilica
2441 433 2595 487 beati
2625 433 2776 488 Petri
2794 431 3037 505 apostoli
3055 432 3385 501 secretario,
3400 430 3587 504 pridie
3609 431 3826 486 Kalen-

447 534 701 590 Justinus
724 532 872 605 [Cod.
890 527 1424 602 Luc.,Justinianus]
1445 528 1731 600 piissimus
1746 528 2080 599 imperator,
2185 527 2287 582 das
2309 527 2549 599 Augusti
2578 528 2665 599 [In
2694 528 2820 586 Cod.
2852 530 2983 584 Luc.
3007 528 3156 583 deest
3173 527 3360 599 pridie
3386 526 3683 582 Kalendas
3713 529 3829 581 Au-

452 625 1393 700 quiaRomapericlitareturfame
1412 622 1831 677 etmortalitate
1855 621 1937 694 [In
1953 622 2081 678 ϐοά.
2184 621 2378 695 gusti].
2413 621 2510 675 Hic
2539 621 2677 677 fecit
2718 622 3150 679 ordinationem
3190 639 3369 676 unam
3415 639 3521 693 per
3557 638 3828 676 mensem

449 724 579 778 Luc.
622 723 769 777 deest
812 724 870 775 et
919 717 1315 791 mortalitate],
1361 716 1518 771 misit
1556 717 1613 770 in
1651 718 1981 788 Egyptum,
2031 717 2089 769 et
2185 714 2572 783 decembrem,
2605 715 2969 789 presbyteros
2995 715 3350 789 quindecim,
3383 716 3665 771 diaconos
3689 719 3827 783 tres,

456 816 719 871 oneravit
745 830 919 869 naves
952 814 1265 879 frumento,
1301 814 1359 865 et
1382 810 1701 866 transmisit
1731 810 2090 864 Romam.Et
2186 809 2485 881 episcopos
2509 826 2614 881 per
2659 810 2883 869 diversa
2921 812 3047 867 loca
3086 827 3330 866 numero
3369 810 3576 881 viginti
3622 826 3829 864 unum.

452 910 530 965 sic
558 910 828 963 misertus
858 912 944 961 est
969 908 1119 961 Deus
1140 905 1335 960 Italiae.
1370 907 1432 960 In
1464 905 1585 960 istis
1605 904 1898 959 laboribus
1924 906 1982 957 et
2010 902 2091 957 af-
2183 905 2256 958 Et
2292 904 2533 958 cessavit
2580 886 2943 977 episcopatus
2998 921 3232 960 menses
3274 908 3410 973 tres,
3460 904 3585 959 dies
3625 904 3832 959 decem

450 1001 796 1058 ﬂictionibus
828 1001 1047 1072 positus
1083 999 1233 1072 [ϐοά.
1257 1002 1412 1064 Lua,
1442 999 1530 1053 his
1557 998 1776 1071 diebus]
1809 996 2092 1053 sanctissi—
2194 995 2343 1069 [Cod.
2372 999 2500 1054 Luc.
2523 998 2683 1054 addit
2709 998 2812 1053 sub
2839 998 2932 1054 die
2962 1002 3030 1055 30
3057 998 3273 1054 mensis
3292 997 3469 1071 Julii].

451 1113 581 1151 mus
601 1095 941 1150 Benedictus
951 1111 1102 1167 papa
1119 1096 1381 1150 mortuus
1401 1096 1506 1150 est.
1526 1092 1636 1158 Qui
1655 1092 1909 1164 sepultus
1925 1094 2012 1146 est
2030 1090 2092 1146 in

448 1255 3825 1293 ψ

1597 1411 1907 1483 JOANNI
1951 1410 2347 1482 DOMINICI
2391 1410 2686 1480 MANSI.

769 1574 882 1648 IN
948 1571 1688 1648 FRAGMENTUM
1755 1571 2314 1648 EPISTOL/E
2384 1570 2950 1647 BENEDICTI
3016 1570 3532 1647 CENSUBA.

523 1858 926 1925 Longiusculum
951 1857 1297 1923 fragmentum
1333 1857 1565 1923 epistola:
1591 1856 1860 1909 Benedicti
1887 1872 2035 1922 papae
2068 1872 2134 1909 ex
2158 1858 2559 1925 Gratianipalea
2604 1858 2671 1909 ad
2711 1873 2829 1909 can.
2865 1862 2945 1920 18,
2981 1873 3031 1908 c.
3064 1857 3147 1919 27,
3192 1870 3245 1921 q.
3279 1860 3330 1919 2,
3374 1856 3460 1905 hic
3503 1855 3729 1905 exhibeo
3771 1854 3839 1905 ab

461 1942 702 1992 omnibus
728 1940 938 2005 quidem
973 1954 1071 1990 ceu
1095 1940 1454 2004 apocrypbum
1481 1940 1755 2004 rejectum,
1782 1939 1875 1990 sed
1900 1939 2082 1990 dubito
2117 1955 2183 1990 an
2208 1941 2414 1991 merito.
2441 1942 2745 2004 Quanquam
2771 1939 2911 1990 enim
2946 1938 3256 2004 suspicionis
3281 1952 3388 1987 suae
3409 1937 3587 1987 titulus
3612 1936 3747 2001 ipse,
3786 1941 3846 1988 ut

460 2022 514 2073 in
540 2022 701 2072 Editis
723 2021 931 2085 legitur,
965 2021 1157 2070 mereri
1182 2024 1372 2085 potest,
1397 2021 1701 2085 ambiguum
1729 2024 1807 2071 est
1828 2024 2004 2071 tamen
2027 2035 2153 2071 num
2177 2022 2413 2073 sincerus
2434 2022 2663 2073 Gratiani
2694 2022 2873 2071 Codex
2916 2021 3157 2071 eumdem
3192 2019 3431 2084 praeferat
3463 2018 3552 2083 qui
3584 2017 3640 2067 in
3680 2017 3845 2067 Editis

461 2106 693 2167 apparet.
721 2102 997 2151 Gratianus
1022 2101 1161 2151 enim
1190 2101 1359 2152 editus
1387 2102 1657 2167 epistolam
1683 2102 1818 2153 hanc
1844 2103 2003 2153 latam
2026 2102 2243 2166 prmiertv
2262 2104 2581 2154 Patrz'archw
2607 2103 2877 2165 Gradensi,
2902 2102 2990 2166 qui
3024 2116 3147 2152 sane
3181 2100 3477 2165 patriarcha
3506 2098 3777 2148 Benedicti
3821 2099 3842 2147 Ι

458 2186 606 2232 astate
635 2181 803 2232 audiri
824 2181 1060 2232 nondum
1085 2186 1330 2246 coeperat.
1361 2184 1555 2233 Verum
1580 2182 1636 2232 in
1669 2197 1789 2233 meo
1818 2183 2016 2233 decreti
2058 2182 2270 2246 Codice,
2305 2184 2447 2247 quod
2483 2185 2675 2235 saeculo
2719 2184 2833 2247 ipso
2876 2183 3123 2243 Gratiani,
3170 2183 3251 2231 vel
3297 2181 3443 2231 initio
3485 2179 3846 2240 succedentis,

461 2262 713 2327 scriptum
728 2276 837 2313 non
861 2262 1003 2313 inani
1037 2264 1341 2328 conjectura
1372 2264 1631 2328 suspicor,
1658 2264 1728 2315 ita
1751 2265 1871 2329 lego
1897 2279 1910 2314 :
1944 2264 2244 2315 Benedictus
2274 2280 2448 2315 servus
2468 2280 2729 2315 servorum
2759 2267 2853 2314 Dei
2874 2266 2942 2315 N.
2968 2265 3206 2313 salutem.
3237 2264 3296 2311 In
3320 2260 3555 2324 margine
3578 2273 3705 2310 vero
3720 2260 3849 2320 alia,

464 2347 520 2393 ut
544 2342 802 2407 suspicor,
829 2343 920 2392 sed
945 2357 1092 2407 atque
1113 2344 1325 2408 antiqua
1353 2359 1512 2395 manu
1537 2345 1770 2395 additum
1791 2350 1871 2395 est
1898 2360 1911 2395 :
1940 2345 2229 2395 Graduensz'
2260 2346 2595 2411 patriarcha,
2624 2350 2674 2395 et
2702 2347 2972 2396 Domim‘ca
3005 2347 3118 2410 ejus
3157 2344 3500 2408 suﬁraganeo.
3538 2340 3712 2390 Lectio
3748 2340 3851 2389 ista

464 2424 790 2487 precipuum
817 2428 1180 2487 argumentum
1205 2425 1452 2476 adversus
1492 2425 1843 2475 sinceritatem
1886 2426 2040 2490 hujus
2076 2426 2307 2491 epistolae
2344 2431 2576 2477 enervat.
2620 2427 2814 2476 Verum
2854 2427 3025 2476 adhuc
3064 2427 3365 2489 perseverat
3399 2421 3647 2485 suspicio,
3689 2421 3744 2469 in
3781 2434 3851 2470 eo

464 2504 605 2568 quod
629 2503 938 2553 Benedictus
961 2518 1165 2553 servum
1190 2519 1453 2554 servorum
1485 2507 1577 2554 Dei
1600 2520 1713 2556 sese
1740 2507 1984 2570 appellat,
2010 2521 2166 2570 quem
2191 2522 2314 2557 sane
2341 2507 2546 2558 titulum
2576 2507 2796 2570 coepisse
2830 2506 2991 2567 aiunt,
3017 2520 3047 2556 a
3083 2509 3262 2556 sancto
3299 2502 3571 2567 Gregorio.
3616 2503 3682 2551 At
3722 2515 3852 2551 cum

462 2584 608 2633 testis
632 2585 742 2648 ejus
764 2584 1096 2634 institutionis
1119 2600 1149 2634 a
1170 2590 1362 2641 sancto
1394 2586 1647 2650 Gregorio
1673 2591 1858 2651 emptae
1884 2588 2111 2637 Joannes
2153 2588 2404 2639 diaconus
2440 2589 2680 2639 atleratur
2723 2588 2950 2652 scriptor
2981 2588 3143 2637 multo
3186 2584 3447 2636 recentior
3488 2587 3640 2633 aetate
3678 2580 3858 2631 sancti

464 2664 719 2727 Gregorii,
743 2665 900 2714 unica
925 2665 1034 2729 ejus
1059 2666 1336 2717 auctoritas
1360 2667 1488 2717 tanti
1520 2668 1823 2718 aestimanda
1850 2682 1956 2718 non
1994 2672 2089 2733 est,
2129 2673 2186 2720 ut
2224 2669 2454 2719 validum
2497 2684 2562 2719 ex
2602 2683 2664 2719 ea
2708 2672 3071 2732 argumentum
3120 2670 3302 2717 contra
3342 2666 3483 2714 illam
3534 2662 3859 2712 deducatur.

459 2747 727 2810 Utcunque
773 2758 857 2795 res
892 2745 1078 2796 habeat
1113 2760 1251 2808 sese,
1286 2762 1407 2798 cum
1440 2762 1508 2797 ex
1548 2749 1792 2799 Gratiano
1845 2748 2062 2799 minime
2099 2754 2306 2801 constet
2342 2751 2550 2801 cuinam
2592 2750 2875 2800 Benedicto
2924 2748 3202 2799 tribuenda
3243 2747 3463 2811 epistola
3501 2745 3586 2802 sit,
3633 2744 3860 2793 alterius

463 2825 679 2958 tioréasse
706 2826 973 2877 Benedicti
1000 2827 1254 2893 scriptum
1279 2832 1389 2879 erat
1417 2829 1698 2881 sincerum.
1729 2830 1999 2881 Variantes
2023 2844 2140 2895 quas
2162 2831 2217 2882 in
2241 2832 2432 2883 ansulis
2456 2832 2733 2897 adscriptae
2758 2834 2897 2894 sunt,
2931 2829 3179 2880 Romanis
3218 2828 3417 2879 decreti
3458 2825 3860 2877 correctoribus

505 2921 532 2957 e
574 2912 745 2958 entur.

505 2912 745 2959 ebentur.

658 3475 1339 3560 FRAGMENTUM
1414 3480 1910 3564 EPISTOLAE
1985 3486 2117 3566 AD
2189 3483 2849 3566 GRANDENSEM
2920 3473 3687 3562 PATRIARCHAM.

1169 3786 1415 3846 PALEA.

543 3875 885 3945 Benedictus
911 3878 1118 3934 Servus
1149 3897 1441 3938 servorum
1466 3880 1613 3938 Dei'
1654 3883 1975 3940 Grandensi
2004 3901 2105 3957 pa-

470 3969 737 4027 triarchae
754 3972 1021 4039 salutem,
1055 3976 1165 4028 etc.

2127 3805 2186 3879 B
2209 3794 2371 3848 umori
2397 3807 2528 3855 sua,
2554 3796 2606 3847 et
2634 3794 2796 3846 erunt
2815 3788 2923 3844 duo
2948 3788 3009 3841 in
3028 3799 3191 3841 carne
3216 3798 3329 3838 una
3354 3779 3507 3879 (Gen.
3528 3776 3609 3849 ιι).
3632 3775 3873 3841 Quibus

2209 3885 2395 3941 verbis
2424 3884 2677 3940 innotuit
2705 3899 2823 3939 non
2849 3882 3016 3937 aliter
3035 3880 3223 3933 virum
3255 3879 3313 3931 et
3343 3873 3649 3929 mulierem
3681 3886 3874 3941 posse

2208 3981 2336 4035 fieri
2348 3996 2525 4035 unam
2539 3975 2911 4045 carnem,nisi
2929 3972 3144 4029 carnali
3155 3971 3362 4042 copula
3377 3967 3482 4022 sibi
3497 3966 3873 4021 cohaereant.

545 4065 656 4117 Lex
686 4063 890 4118 divina:
915 4066 1342 4122 constitutionis
1360 4069 1741 4139 apostolicam
1768 4072 2110 4127 cathedram

479 4155 617 4229 [Αι.,
637 4156 854 4229 sedem]
880 4157 1052 4212 totius
1071 4160 1263 4230 posuit
1283 4162 1438 4217 orbis
1457 4167 1742 4219 terrarum
1768 4165 2110 4237 magistram

480 4248 629 4322 [Cod.
656 4252 808 4314 Luc.,
832 4251 1286 4327 magistratum],
1320 4260 1383 4309 ut
1411 4256 1693 4328 quidquid
1717 4258 1926 4330 ubique
1954 4261 2110 4315 loco-

471 4360 604 4399 rum
628 4343 944 4414 dubitatur,
966 4345 1036 4400 ab
1056 4363 1125 4400 ea
1140 4348 1288 4403 ratio
1312 4349 1573 4419 ejusdem
1589 4352 1935 4423 requiratur.
1956 4355 2108 4409 Atla-

473 4443 566 4493 tus
598 4442 685 4493 est
717 4442 911 4493 autem
956 4456 1061 4495 nos
1105 4441 1221 4494 suis
1268 4441 1473 4496 litteris
1522 4444 1783 4515 ejusdem
1822 4448 2112 4503 cathedra:

475 4548 778 4601 sessorem,
807 4549 873 4586 ac
900 4537 1304 4603 percunctatus
1332 4539 1419 4590 est
1445 4537 1678 4608 quidam
1712 4543 1930 4595 vestras
1976 4541 2110 4614 [Al.,

475 4625 576 4699 vir]
610 4627 849 4682 nomine
873 4630 1144 4696 Joannes,
1174 4645 1280 4699 pro
1307 4630 1595 4687 connubio
1620 4633 1753 4688 tiliae
1781 4651 1896 4690 sua:
1924 4652 2116 4707 super-

476 4721 650 4776 stitis:
680 4722 839 4792 cujus
852 4738 1016 4778 soror
1035 4721 1311 4778 defuncta
1333 4724 1563 4780 cuidam
1583 4725 1803 4797 juveni,
1818 4729 2111 4800 Stephano

478 4814 738 4885 nomine,
759 4815 1111 4887 simplicibus
1130 4817 1318 4872 verbis
1333 4818 1525 4874 fuerat
1544 4820 1910 4892 desponsata,
1941 4827 1999 4877 et
2019 4841 2115 4879 an-

477 4912 715 4980 tequam
763 4910 836 4964 ad
880 4910 1108 4981 nuptias
1151 4912 1499 4983 perveniret,
1542 4919 1731 4970 morte
1774 4921 2110 4987 prmventa:

480 5007 672 5058 utrum
685 5003 1042 5059 scilicetcum
1057 5005 1265 5060 eodem
1273 5006 1486 5076 juvene
1500 5009 1679 5080 possit
1694 5010 2114 5067 matrimonum

479 5098 758 5153 celebrari
791 5098 1111 5169 superstitis
1140 5099 1290 5169 ﬁlias,
1322 5118 1428 5156 nec
1458 5119 1552 5157 ne.
1581 5104 1841 5176 Namque
1872 5108 2115 5161 testatus

2212 4074 2316 4139 Qui
2331 4090 2471 4145 ergo
2485 4087 2857 4144 nequaquam
2872 4069 3075 4123 mistus
3096 4070 3182 4120 est
3195 4069 3482 4120 extraneae
3508 4057 3741 4114 mulieri
3762 4057 3877 4111 fne-

2212 4169 2348 4223 dere
2381 4167 2643 4238 nuptiali,
2677 4181 2790 4237 quo
2816 4166 2982 4235 pacto
3008 4178 3113 4233 per
3132 4159 3290 4214 nuda
3320 4153 3649 4229 sponsionis
3677 4150 3875 4205 verba

2210 4267 2451 4334 possunt
2481 4277 2597 4316 una
2621 4276 2753 4315 caro
2774 4257 2921 4326 ﬁeri,
2964 4256 3293 4311 nullatenus
3326 4251 3586 4305 valemus
3620 4243 3870 4300 intueri.

2211 4355 2618 4427 Propinquitas
2643 4354 2802 4408 enim
2824 4350 3120 4423 sanguinis
3140 4347 3328 4403 verbis
3350 4343 3574 4407 dicitur,
3593 4356 3713 4395 non
3730 4354 3871 4393 ver-

2212 4450 2299 4504 bis
2324 4448 2588 4518 efﬁcitur,
2613 4447 2713 4501 sed
2740 4446 2888 4519 [Cod.
2924 4449 3075 4508 Luc.,
3100 4460 3217 4497 non
3239 4438 3428 4495 verbis
3444 4435 3717 4497 efﬁcitur,
3735 4431 3870 4503 sed]

2212 4560 2402 4614 neque
2422 4542 2677 4597 osculum
2689 4541 2840 4612 parit
2850 4529 3526 4611 prOpinquitatem,quod
3554 4524 3868 4600 [A1.,quia]

2214 4638 2433 4691 nullam
2446 4636 2584 4691 facit
2600 4634 2897 4706 sanguinis
2913 4621 3705 4689 commixtionem.Quoniam
3722 4635 3875 4675 vero

2214 4732 2292 4786 ita
2318 4747 2552 4802 prorsus
2578 4746 2702 4785 sese
2724 4729 2902 4783 habet
2924 4743 3016 4781 res
3038 4723 3276 4781 Joannis
3300 4720 3484 4787 istius,
3518 4720 3584 4772 ut
3600 4712 3742 4770 velit
3774 4730 3875 4768 se-

2213 4824 2465 4880 cundam
2501 4824 2681 4879 ﬁliam
2702 4822 2812 4877 illis
2860 4820 3074 4893 nuptiis
3122 4816 3418 4889 copulare,
3465 4810 3556 4865 cui
3598 4808 3876 4881 primam

2206 4920 2334 4992 jam
2361 4919 2692 4974 decreverat
2716 4917 3087 4988 desponsare,
3121 4926 3363 4966 censura
3392 4903 3695 4979 apostolici
3734 4918 3877 4957 ma-

2215 5014 2487 5085 gistratus
2513 5011 2861 5067 mandamus
2872 5010 2982 5064 hoc
3002 5007 3218 5078 absque
3249 5004 3419 5059 ullius
3440 4998 3705 5056 criminis
3724 4996 3877 5051 vitio

2213 5124 2381 5181 posse
2402 5107 2547 5175 ﬁeri,
2570 5107 2615 5160 si
2636 5105 2933 5175 utriusque
2953 5102 3132 5174 partis
3151 5097 3365 5154 sederit
3390 5091 3697 5150 voluntati.
3716 5092 3878 5145 Nam

478 5194 648 5266 hujus
660 5191 1043 5247 reirationem
1063 5193 1217 5264 apud
1233 5195 1543 5251 voshaberi
1566 5198 2115 5271 ambiguam.Quam
2137 5188 2191 5262 C
2218 5219 2318 5257 cur
2362 5200 2758 5273 prohibeatur,
2787 5197 2941 5270 quod
2967 5192 3398 5268 prohibendum
3422 5190 3565 5261 [Al.,
3596 5184 3876 5258 prohibi-

480 5290 596 5344 Deo
627 5288 871 5343 docente
892 5286 1191 5342 reddimus
1218 5288 1306 5343 his
1335 5290 1523 5345 verbis
1548 5292 1945 5351 certissimam.
1974 5296 2113 5351 Pro-

478 5384 759 5455 toplastus
783 5381 899 5450 ille,
931 5381 1094 5436 radix
1130 5385 1187 5437 et
1214 5382 1378 5454 origo
1406 5390 1603 5441 nostro
1635 5384 1782 5459 [Cod.
1823 5391 1979 5458 Luca,
2007 5407 2112 5445 no-

480 5477 617 5547 stra]
649 5477 968 5531 detractam
989 5475 1097 5531 sibi
1116 5480 1334 5531 costam
1359 5477 1418 5532 in
1436 5480 1745 5536 mulierem
1767 5482 1967 5537 videns
2004 5484 2117 5539 for-

480 5575 721 5638 matam,
735 5570 1074 5642 prophetico
1089 5570 1292 5642 spiritu
1309 5571 1460 5627 inter
1471 5574 1583 5629 alia
1600 5576 1840 5647 protulit
1860 5593 1872 5631 :
1888 5579 2115 5647 Propter

479 5666 575 5721 hoc
612 5666 882 5753 relinquet
912 5666 1064 5720 homo
1092 5670 1311 5737 patrem
1342 5670 1396 5722 et
1438 5674 1686 5738 matrem,
1722 5675 1774 5725 et
1819 5671 2118 5728 adhaerebit

528 5811 690 5886 {De
702 5808 815 5886 hoc
844 5808 1013 5886 titulo
1038 5814 1099 5863 ut
1130 5814 1216 5886 est
1238 5811 1297 5864 in
1324 5811 1532 5886 Codice
1560 5813 1821 5883 Lucensi,
1854 5818 2115 5886 superius

485 5875 618 5928 dixi.
654 5878 825 5930 Deest
840 5893 976 5930 vero
1001 5879 1060 5932 in
1091 5882 1300 5936 eodem
1323 5882 1530 5938 Codice
1573 5901 1678 5940 vox
1707 5875 1887 5955 palea.
1920 5875 2111 5945 MANsr.

2214 5296 2361 5367 tum]
2379 5311 2677 5366 nunquam
2693 5310 2792 5348 san
2801 5298 2891 5347 cta
2911 5291 3205 5362 Scriptura
3221 5287 3477 5342 declarat
3494 5282 3523 5337 ‘I
3536 5280 3655 5337 Sed
3669 5295 3879 5351 neque

2214 5390 2527 5445 mundana:
2570 5390 2749 5460 leges,
2781 5384 3216 5448 connumeratis
3258 5376 3519 5453 personis
3547 5389 3681 5447 quae
3708 5374 3883 5428 inter

2215 5502 2275 5542 se
2302 5485 2531 5558 nuptias
2561 5483 2721 5539 nonb
2751 5481 3122 5550 contrahunt,
3156 5477 3226 5532 de
3252 5469 3589 5545 hujusmodi
3636 5465 3878 5539 aliquid

2216 5582 2433 5637 dicunt.
2462 5582 2542 5635 Ne
2584 5595 2725 5649 ergo
2769 5574 3070 5647 abnegetis
3112 5571 3269 5646 quod
3311 5564 3653 5640 negandum
3705 5562 3880 5616 nulla

2213 5676 2439 5731 ratione
2467 5673 2684 5729 docetis
2717 5670 2854 5745 [Al.,
2883 5666 3265 5739 monstratis].

2287 5821 2314 5861 ι)
2342 5822 2405 5875 In
2434 5819 2575 5876 Cod.
2604 5820 2738 5874 Luc.
2771 5818 2934 5873 deest
2957 5831 3089 5880 non,
3119 5816 3179 5869 et
3217 5809 3491 5890 sequitur,
3527 5802 3880 5859 contrahunt

2215 5892 2283 5946 de
2310 5909 2370 5946 re
2395 5892 2727 5959 hujusmodi.
2755 5890 2922 5944 Idem.
