4016 6240
1005 481 1999 604 BENEDIGTI
2098 485 2624 612 PAPE
2730 487 2799 606 ι

434 688 1316 831 EPISTOLAa
1411 692 1646 829 AD
1743 693 2290 832 DAVID
2387 691 3389 839 EPISCOPUM.

783 1011 1022 1077 Probat
1052 1031 1136 1078 ex
1178 1013 1380 1077 sacris
1408 1013 1665 1090 litteris,
1701 1032 2037 1080 summam
2067 1014 2454 1080 Trinitatem
2490 1016 2817 1082 unitatem
2854 1036 3019 1083 esse.

284 1143 778 1200 Reverendissimo
802 1145 964 1202 fratri
991 1147 1252 1219 episc0po
1280 1146 1452 1202 David
1477 1189 1491 1218 ,
1521 1147 1854 1204 Benedictus
1875 1161 1936 1235 Α
1955 1153 2091 1205 Deus
2119 1151 2312 1213 Israel,
2346 1153 2444 1221 qui
2464 1151 2612 1206 sedes
2653 1166 2813 1222 super
2856 1154 3129 1208 cherubim
3169 1152 3298 1222 (Isa.
3338 1154 3587 1225 xxxvn)?

216 1238 457 1293 salutem
486 1238 546 1293 in
573 1240 830 1295 Domino.

287 1333 653 1403 Respondere
696 1332 898 1388 litteris
946 1333 1141 1388 vestris
1163 1333 1388 1405 plenius
1433 1335 1712 1406 cogitavi;
1757 1336 1853 1391 sed

217 1442 345 1481 cum
376 1426 485 1480 hoc
509 1427 839 1494 meditarer,
862 1429 1052 1483 tantus
1070 1444 1162 1483 me
1178 1428 1339 1483 dolor
1354 1429 1558 1500 tetigit,
1589 1434 1652 1485 ut
1674 1430 1856 1502 magis

218 1520 350 1575 ﬂere
378 1528 558 1592 quam‘
597 1520 814 1592 aliquid
854 1521 1064 1590 dicere,
1110 1522 1420 1577 delectatus
1461 1524 1588 1578 sim.
1636 1523 1742 1578 Sed
1784 1541 1855 1578 ne

217 1614 470 1669 funditus
492 1618 831 1683 remaneret,
854 1631 1036 1685 pauca
1052 1614 1211 1669 vobis
1229 1615 1537 1671 rescribere
1552 1616 1763 1684 curavi,
1784 1617 1855 1672 ad

219 1708 434 1779 potiora
463 1724 560 1762 vos
595 1711 853 1779 tempora
895 1724 1145 1779 congrue
1173 1708 1435 1763 invitans.
1478 1710 1638 1774 Quod
1661 1715 1854 1765 autem

217 1801 420 1857 litterae
466 1806 581 1855 tuae
628 1806 797 1857 testes
830 1806 981 1871 sunt,
1014 1802 1291 1873 quosdam
1316 1803 1466 1857 intra
1504 1804 1855 1875 provinciam

218 1895 483 1950 Baeticam
510 1912 653 1964 esse,
677 1894 776 1966 qui
793 1895 1068 1966 dicerent,
1088 1896 1381 1951 neminem
1408 1897 1679 1953 veraciter
1694 1915 1855 1970 posse

216 1990 476 2061 probare,
505 1989 839 2043 Trinitatem
880 1989 1157 2045 unitatem
1196 1990 1340 2060 ﬁeri,
1370 2007 1502 2045 cum
1528 2008 1714 2062 neque
1744 1994 1857 2047 tres

216 2100 418 2153 unum,
439 2099 629 2156 neque
653 2096 837 2138 unum
862 2082 920 2137 in
948 2083 1128 2138 tribus
1154 2088 1341 2155 posset
1366 2101 1712 2157 quemquam
1730 2103 1856 2157 pro-

215 2177 337 2248 prie
361 2178 678 2250 approbare
724 2194 737 2231 :
785 2193 924 2248 quas
970 2177 1040 2231 ob
1089 2194 1302 2248 causas,
1349 2177 1705 2234 dilectissime
1752 2179 1852 2251 ﬁli,

216 2273 470 2326 consulta
519 2270 622 2325 tibi
668 2271 990 2341 apostolica:
1022 2271 1169 2326 sedis
1196 2272 1454 2326 misimus
1480 2314 1495 2341 ,
1526 2278 1592 2327 ut
1629 2278 1728 2327 aut
1766 2273 1856 2327 his

217 2380 308 2419 eos
328 2365 398 2419 ad
429 2368 644 2419 rectam
682 2364 854 2419 ﬁdem
882 2365 1129 2419 converti
1163 2365 1351 2436 facias,
1398 2369 1498 2419 aut
1524 2365 1594 2420 ab
1623 2366 1858 2421 ecclesia

216 2463 519 2529 antequam
549 2458 720 2529 pestis
748 2459 868 2513 haec
899 2458 1067 2513 latius
1092 2459 1434 2531 divulgetur,
1476 2460 1732 2531 repellas.
1761 2461 1857 2515 His

1955 1242 2009 1298 Si
2036 1243 2223 1297 unitas
2250 1260 2366 1299 non
2389 1247 2492 1313 est,
2519 1260 2695 1315 quare
2725 1263 2738 1299 :
2767 1249 2865 1315 qui
2884 1247 3053 1309 sedes,
3074 1245 3236 1314 dixit,
3259 1251 3317 1302 et
3338 1263 3454 1302 non
3485 1247 3585 1319 qui

1955 1336 2179 1405 sedetis,
2193 1341 2251 1392 et
2262 1338 2520 1409 adjunxit
2542 1336 2751 1410 [Labb.,
2773 1338 3068 1411 abstraxit]
3084 1340 3113 1393 ?
3139 1339 3194 1395 Si
3211 1340 3451 1395 Trinitas
3470 1356 3586 1396 non

1955 1435 2058 1501 est,
2089 1447 2263 1502 quare
2291 1431 2351 1486 in
2376 1433 2705 1504 Regnorum
2748 1432 2893 1486 libro
2938 1432 3161 1502 dicitur,
3209 1436 3428 1488 Domine
3451 1437 3590 1490 Deus

1955 1527 2303 1595 omnipotens,
2343 1529 2482 1580 Deus
2518 1528 2708 1589 Israel,
2743 1540 3003 1581 sermones
3046 1529 3128 1581 tui
3160 1527 3342 1595 ﬁdeles
3367 1532 3496 1582 sunt
3519 1528 3595 1597 (II

1954 1620 2083 1687 Reg.
2114 1633 2212 1686 v11,
2244 1619 2329 1674 III
2360 1622 2490 1688 Reg.
2517 1620 2675 1689 vui)?
2700 1619 2754 1674 Si
2780 1618 2964 1673 unitas
2996 1634 3110 1672 non
3137 1624 3239 1688 est,
3278 1636 3454 1690 quare
3480 1623 3586 1685 tui,

1956 1710 2181 1781 dicitur,
2212 1717 2269 1767 et
2294 1728 2433 1779 non,
2462 1712 2652 1780 vestri,
2688 1712 2875 1783 potius
2901 1712 3234 1767 intimetur?
3260 1713 3316 1767 Si
3345 1714 3588 1770 Trinitas

1954 1820 2071 1859 non
2096 1810 2196 1874 est,
2228 1821 2331 1859 cur
2356 1805 2416 1859 in
2460 1805 2680 1876 psalmo
2710 1821 2841 1860 Lvm
2877 1808 3137 1861 cantatur
3163 1823 3176 1861 :
3209 1809 3427 1862 Domine
3451 1811 3591 1865 Deus

1953 1902 2238 1962 virtutum,
2289 1902 2426 1953 Deus
2462 1900 2649 1963 Israel,
2691 1899 2907 1954 intende
2948 1900 3024 1954 ad
3064 1900 3371 1955 visitandas
3414 1916 3591 1958 omnes

1956 1996 2177 2063 gentes?
2217 1992 2273 2047 Si
2319 1993 2505 2047 unitas
2533 2009 2648 2047 non
2692 1998 2796 2062 est,
2837 2009 3012 2064 quare
3054 1994 3271 2048 intende
3297 1995 3505 2065 posuit,
3534 2000 3591 2050 et

1955 2103 2092 2156 non,
2120 2085 2415 2156 intendite,
2442 2091 2508 2141 ut
2542 2086 2877 2157 praedicatus
2906 2090 3010 2154 est,
3034 2086 3315 2141 intimavit
3333 2088 3361 2142 ?
3386 2088 3441 2142 Si
3466 2088 3586 2143 Tri-

1955 2181 2100 2235 nitas
2124 2196 2239 2234 non
2264 2185 2367 2247 est,
2395 2196 2569 2251 quare
2596 2180 2655 2234 in
2675 2178 3007 2250 Apocalypsi
3032 2178 3198 2234 tertio
3222 2180 3365 2235 dixit
3403 2198 3416 2235 :
3445 2183 3589 2238 Sana

1955 2279 2089 2337 ctus,
2101 2278 2337 2337 sanctus,
2351 2278 2587 2337 sanctus,
2605 2277 2854 2329 Dominus
2874 2277 3010 2328 Deus
3021 2276 3370 2345 omnipotens,
3384 2277 3483 2344 qui
3492 2281 3590 2341 est,

1956 2372 2007 2422 et
2020 2369 2115 2437 qui
2127 2372 2243 2422 erat
2260 2365 2445 2437 (Apoc.
2476 2367 2586 2438 1v)?
2617 2367 2671 2422 Si
2690 2365 2878 2420 unitas
2892 2382 3008 2420 non
3028 2369 3132 2433 est,
3146 2383 3320 2438 quare
3336 2384 3472 2437 non,
3491 2369 3592 2440 qui

1957 2466 2108 2528 sunt,
2138 2459 2449 2531 pluraliter,
2480 2460 2597 2527 sed,
2615 2463 2712 2529 qui
2724 2464 2862 2522 erat,
2891 2460 3246 2529 designavit?
3270 2459 3327 2515 Si
3347 2461 3589 2517 Trinitas

218 2551 430 2623 (frater)
460 2552 881 2623 Scripturarum
907 2552 1247 2607 testimoniis
1282 2554 1537 2624 (Ithacius
1575 2554 1705 2610 adv.
1742 2558 1854 2612 Va-
1875 2534 1934 2607 B
1958 2570 2077 2610 non
2106 2559 2207 2623 est,
2239 2570 2415 2625 quare
2440 2554 2501 2607 in
2535 2553 2970 2608 Deuteronomio
3001 2553 3215 2608 dictum
3244 2558 3331 2608 est
3357 2571 3370 2609 :
3406 2558 3591 2611 Domi-

217 2647 509 2716 rimadum,
541 2663 590 2700 c.
624 2647 672 2717 l)
718 2646 999 2701 unitatem
1028 2645 1311 2701 Trinitatis
1353 2664 1616 2718 agnosce,
1662 2651 1719 2703 et
1757 2648 1857 2703 de—

218 2740 335 2795 sine
384 2740 726 2794 Arianorum
776 2740 1111 2811 pravitatem
1168 2740 1366 2812 sequi,
1424 2745 1484 2795 ut
1535 2742 1605 2795 ab
1661 2742 1859 2796 eadem

218 2835 391 2905 possis
443 2839 808 2906 peccatorum
861 2833 1280 2905 indulgentiam
1328 2834 1665 2907 promereri,
1720 2834 1860 2889 Isaia

217 2929 496 3000 propheta
521 2929 741 2984 dicente
770 2945 783 2983 :
833 2929 971 2986 Vide
1009 2931 1294 2984 Dominum
1336 2930 1564 2984 sabaoth
1591 2930 1859 2984 sedentem

218 3038 376 3092 super
395 3025 652 3078 thronum
678 3023 962 3086 excelsum,
981 3028 1032 3077 et
1049 3025 1322 3093 seraphim
1346 3023 1565 3078 stabant
1586 3026 1645 3078 in
1661 3025 1857 3078 circui-

221 3121 277 3171 tu
304 3117 419 3186 ejus
446 3136 464 3172 :
493 3133 588 3172 sea:
612 3118 715 3171 ala:
742 3120 859 3180 uni,
900 3120 949 3171 et
980 3132 1074 3172 sem
1100 3117 1205 3171 ala
1232 3117 1415 3172 alteri.
1447 3118 1668 3173 Duabus
1709 3119 1855 3172 vela-

223 3209 347 3264 bant
370 3212 571 3279 faciem
595 3211 727 3280 ejus,
755 3211 967 3265 duabus
986 3215 1166 3265 autem
1189 3212 1444 3266 uelabant
1463 3212 1627 3283 pedes
1657 3211 1788 3281 ejus,
1810 3216 1861 3266 et

219 3304 426 3360 duabus
450 3306 730 3361 volabant.
761 3309 831 3361 Et
856 3306 1167 3360 clamabant
1200 3306 1275 3360 ad
1302 3307 1644 3369 alterutrum,
1674 3307 1857 3361 dicen-

221 3403 293 3454 tes
320 3418 336 3453 :
363 3402 619 3464 Sanctus,
644 3404 885 3462 sanctus,
906 3404 1161 3466 sanctus;
1194 3402 1449 3456 Dominus
1474 3404 1613 3456 Deus
1634 3401 1861 3455 sabaoth

221 3492 344 3563 (Isa.
388 3496 489 3566 v1).
524 3493 584 3549 Si
613 3493 854 3548 Trinitas
878 3509 995 3548 non
1024 3496 1126 3563 est,
1160 3510 1335 3565 quare
1377 3493 1565 3561 tertio,
1607 3498 1855 3564 sanctus,

221 3586 519 3659 dixerunt?
547 3589 614 3643 Et
638 3587 684 3642 si
711 3588 900 3642 unitas
924 3604 1043 3642 non
1062 3592 1164 3655 est,
1197 3604 1370 3659 quare
1399 3588 1502 3642 sub
1528 3588 1677 3643 trina
1701 3603 1860 3659 repe-

218 3681 409 3738 titione
435 3698 622 3737 unum
636 3683 815 3737 Deum
838 3698 900 3736 ac
916 3681 1223 3736 Dominum
1250 3682 1634 3738 intimarunt?
1661 3682 1718 3738 Si
1743 3681 1859 3736 Tri-

225 3776 362 3830 nitas
389 3793 509 3831 non
538 3781 641 3847 est,
682 3793 785 3830 cur
808 3776 870 3830 in
902 3776 1181 3830 Geneseos
1207 3776 1414 3831 dicitur
1452 3793 1465 3831 :
1520 3778 1671 3831 Dixit
1697 3779 1855 3838 Deus,

1956 2663 2056 2703 nus
2080 2651 2219 2703 Deus
2250 2653 2402 2711 tuus,
2445 2651 2583 2703 Deus
2620 2649 2921 2703 misericors
2965 2652 3063 2711 est,
3116 2652 3168 2701 et
3200 2648 3387 2703 audiet
3417 2664 3595 2706 vocem

1959 2747 2110 2797 tuam
2139 2740 2373 2812 (Deuter.
2406 2741 2516 2811 1v)?
2542 2741 2596 2796 Si
2624 2742 2809 2796 unitas
2829 2757 2948 2796 non
2972 2745 3074 2811 est,
3098 2757 3273 2811 quare
3292 2742 3480 2798 audiet
3496 2760 3593 2814 po-

1958 2835 2089 2903 suit,
2124 2837 2181 2889 et
2214 2852 2330 2889 non
2366 2835 2617 2904 audient,
2648 2834 2968 2890 intimavit?
2993 2835 3048 2890 Si
3074 2834 3315 2889 Trinitas
3342 2852 3459 2891 non
3486 2843 3592 2903 est,

1958 2945 2133 3001 quare
2156 2929 2216 2983 in
2242 2929 2371 2983 Jesu
2397 2928 2543 2984 Nave
2567 2928 2772 2984 dicitur
2796 2929 2941 2983 libro
2965 2945 2979 2983 :
3016 2932 3274 2986 Dominus
3297 2933 3437 2986 Deus
3463 2931 3591 2987 deo-

1956 3039 2079 3080 rum
2105 3028 2185 3079 est
2206 3022 2379 3093 (Iosue
2405 3040 2479 3092 11;
2508 3026 2662 3079 Deut.
2692 3024 2791 3103 x)?‘
2823 3023 2882 3078 Si
2918 3023 3105 3077 unitas
3134 3040 3250 3078 non
3285 3028 3387 3091 est,
3416 3041 3592 3095 quare

1958 3122 2054 3181 est,
2086 3117 2248 3184 dixit,
2278 3122 2333 3173 et
2370 3135 2507 3186 non,
2552 3123 2705 3185 sunt,
2734 3134 2892 3172 more
2921 3117 3223 3172 locutionis
3248 3118 3510 3174 induxit?
3538 3120 3595 3175 Si

1957 3212 2198 3268 Trinitas
2235 3230 2351 3267 non
2390 3217 2494 3283 est,
2534 3228 2709 3283 quare
2730 3212 2878 3266 Elias
2906 3212 3117 3265 orando
3139 3212 3239 3282 (IlI
3256 3216 3387 3283 Reg.
3414 3214 3591 3286 xvm),

1958 3310 2199 3371 Domine,
2226 3290 2457 3371 domine,
2494 3308 2705 3362 domine
2740 3311 2875 3362 Deus
2899 3306 3088 3370 Israel,
3124 3307 3336 3362 ostende
3378 3309 3510 3378 quia
3536 3314 3596 3363 tu

1958 3417 2010 3457 es
2038 3405 2175 3457 Deus
2203 3417 2372 3465 meus,
2405 3400 2591 3457 dixit?
2618 3401 2677 3456 Si
2703 3401 2893 3456 unitas
2916 3417 3032 3455 non
3057 3405 3160 3468 est,
3189 3417 3384 3473 quare,
3415 3406 3592 3457 osten-

1958 3496 2042 3559 de,
2072 3500 2129 3550 et
2166 3512 2284 3550 non
2322 3495 2619 3564 ostendite,
2665 3474 2895 3566 posuit?
2936 3494 2989 3550 Si
3037 3494 3276 3549 Trinitas
3318 3511 3436 3550 non
3484 3500 3593 3565 est,

1957 3605 2059 3643 cur
2087 3590 2468 3644 Mardochaaus
2498 3588 2709 3643 orando
2739 3589 2964 3658 (Esther.
2993 3590 3130 3659 x111),
3159 3591 3400 3653 Domine,
3418 3589 3592 3644 domi-

1956 3699 2021 3738 ne
2040 3688 2177 3739 Deus
2194 3686 2543 3753 omnipotens,
2566 3685 2746 3738 omnia
2766 3684 2824 3736 in
2836 3686 3102 3751 potestate
3129 3686 3223 3737 tua
3245 3687 3393 3747 sunt,
3417 3682 3595 3737 dixit?

1957 3776 2012 3832 Si
2040 3776 2228 3832 unitas
2252 3793 2368 3831 non
2411 3780 2514 3846 est,
2564 3792 2739 3847 quare
2777 3777 2837 3829 in
2879 3780 2974 3830 tua
3022 3775 3230 3846 posuit,
3275 3780 3332 3830 et
3372 3793 3489 3831 non
3529 3776 3594 3831 in

220 3870 345 3937 fecit
371 3875 531 3934 Deus,
553 3875 602 3925 et
623 3870 893 3925 benedixit
911 3873 1049 3925 Deus
1077 3870 1283 3941 (Genes.
1314 3871 1389 3942 1)?
1414 3869 1469 3925 Si
1504 3885 1637 3924 vero
1669 3868 1856 3923 unitas
1877 3906 1932 3982 Ο
1956 3873 2159 3938 vestra,
2215 3870 2496 3942 signavit?
2549 3869 2607 3925 Si
2657 3868 2898 3923 Trinitas
2940 3886 3057 3924 non
3109 3874 3212 3938 est,
3267 3886 3368 3923 cur
3416 3869 3592 3926 etiam

221 3979 332 4019 non
361 3967 468 4034 est,
497 3980 671 4036 quare
701 3962 867 4019 tertio
896 3964 1058 4033 dixit,
1090 3965 1256 4034 Deus,
1280 3967 1337 4019 et
1360 3980 1476 4018 non
1501 3963 1633 4018 deos
1660 3963 1853 4034 plura-

220 4056 347 4113 liter
370 4058 824 4113 commendavit?
855 4059 922 4112 Et
957 4057 1004 4111 si
1036 4057 1277 4113 Trinitas
1304 4074 1419 4112 non
1448 4061 1551 4127 est,
1590 4074 1768 4129 quare
1796 4057 1855 4111 in

223 4151 406 4207 Exodo
433 4153 654 4207 dictum
692 4157 775 4207 est
800 4151 1010 4206 tertio:
1059 4155 1296 4215 Domine,
1345 4152 1577 4215 domine,
1622 4152 1851 4214 domine,

221 4248 505 4301 miserator
530 4250 581 4301 et
608 4247 905 4301 misericors
949 4246 1145 4317 (Exod.
1176 4246 1390 4317 xxx1v)?
1435 4246 1492 4301 Si
1519 4245 1707 4300 unitas
1734 4261 1853 4299 non

224 4344 322 4407 est,
347 4355 527 4423 quare
554 4339 691 4394 dum
719 4339 886 4394 tertio
916 4338 1144 4407 diceret,
1169 4339 1431 4410 Domine,
1455 4344 1648 4411 postea
1673 4339 1850 4393 mise-

224 4441 375 4493 rator
396 4438 766 4509 singulariter
784 4438 946 4507 dixit,
970 4440 1028 4492 et
1048 4455 1166 4493 non
1186 4438 1562 4506 miscratores,
1580 4442 1646 4493 ut
1661 4438 1851 4509 plures

222 4532 558 4602 ostenderet,
589 4531 912 4586 intimavit?
937 4532 993 4587 Si
1008 4531 1248 4587 Trinitas
1274 4549 1393 4589 non
1419 4536 1522 4599 est,
1557 4548 1660 4586 cur
1686 4530 1857 4586 Abra-

222 4624 354 4681 ham
377 4626 450 4681 ad
478 4625 663 4681 ilicem
689 4625 934 4681 Mambre
954 4626 1175 4696 sedens,
1196 4626 1489 4698 tribusque
1532 4641 1852 4694 occurrens,

221 4721 321 4774 uni
348 4721 580 4784 domine,
612 4720 754 4775 dixit
788 4720 989 4791 (Genes.
1020 4720 1207 4792 xvui);
1248 4726 1304 4775 et
1336 4737 1452 4775 non
1492 4718 1576 4790 (ut
1619 4719 1854 4790 viderat)

223 4818 399 4874 tribus
419 4819 772 4874 salutationis
791 4818 1124 4890 obsequium
1144 4818 1430 4874 reddidit?
1456 4818 1511 4874 Si
1530 4818 1717 4872 unitas
1739 4834 1855 4872 non

224 4910 323 4975 est,
367 4926 543 4981 quare
591 4926 725 4964 cum
772 4909 908 4965 Mos.
932 4909 1125 4979 (Brod.
1158 4908 1259 4982 111),
1291 4913 1430 4964 Deus
1465 4909 1766 4970 Abraham,
1805 4910 1855 4961 et

223 5004 355 5058 Deus
388 5006 566 5068 Isaac,
599 5010 650 5059 et
692 5007 829 5059 Deus
870 5004 1055 5067 Iacob,
1097 5002 1264 5059 tertio
1301 5003 1530 5071 diceret,
1575 5002 1854 5056 unitatem

225 5098 538 5168 ostendens,
568 5100 681 5154 Hoc
704 5098 842 5152 mihi
868 5113 1063 5152 nomen
1088 5102 1184 5161 est,
1225 5097 1398 5166 dixit;
1450 5101 1507 5151 et
1544 5112 1682 5165 non,
1728 5096 1855 5149 Hinc

226 5196 354 5247 sunt
376 5197 568 5247 nostra
594 5192 849 5262 nomina,
873 5191 1227 5263 designavit?
1254 5190 1311 5246 Si
1337 5189 1579 5246 Trinitas
1605 5206 1720 5244 non
1748 5191 1852 5258 est,

226 5301 395 5357 quare
420 5286 589 5341 David
619 5286 786 5342 tertio
810 5285 953 5341 dixit
998 5302 1011 5340 :
1050 5286 1337 5342 Benedicat
1368 5300 1465 5339 nos
1509 5287 1667 5347 Deus,
1719 5287 1856 5338 Deus

226 5384 417 5445 noster,
448 5381 722 5436 benedicat
763 5396 858 5436 nos
898 5383 1037 5436 Deus
1080 5378 1300 5450 (Psalm.
1350 5378 1533 5449 xcw)?
1571 5377 1627 5433 Si
1667 5376 1857 5431 unitas

228 5488 338 5528 non
363 5479 464 5545 est,
506 5492 681 5548 quare
716 5491 873 5545 cum,
911 5479 1050 5531 Deus
1102 5474 1268 5529 tertio
1296 5472 1664 5541 nominasset,
1698 5472 1853 5527 bene-

228 5566 390 5634 dicat,
419 5574 476 5624 et
498 5585 637 5641 non,
667 5569 1024 5639 benedicant,
1054 5567 1315 5641 adjunxit
1336 5569 1363 5622 ?
1392 5567 1448 5623 Si
1475 5565 1716 5623 Trinitas
1741 5581 1857 5619 non

231 5666 330 5734 est,
369 5679 469 5720 cur
493 5664 659 5761 Isaias
701 5664 888 5721 denuo
934 5664 1124 5721 dixit:
1165 5665 1387 5721 Domine
1431 5665 1569 5719 Deus
1610 5660 1856 5726 sabaoth,

1955 3965 2150 4020 Iudith
2178 3965 2391 4019 orando
2420 3964 2565 4019 dixit
2594 3980 2607 4019 :
2637 3967 2854 4019 Domine
2876 3967 3014 4019 Deus
3038 3965 3275 4019 omnium
3300 3965 3591 4028 virtutum,

1956 4062 2153 4130 respice
2192 4061 2251 4114 in
2289 4061 2584 4114 orationem
2632 4074 2807 4113 meam
2867 4059 3091 4128 (Iudith.
3141 4057 3254 4129 1x)?
3297 4057 3354 4113 Si
3403 4058 3594 4112 unitas

1955 4170 2072 4209 non
2100 4158 2203 4221 est,
2252 4169 2448 4224 quare,
2498 4156 2718 4224 respice,
2766 4151 2973 4223 posuit,
3020 4156 3078 4207 et
3122 4168 3258 4221 non,
3307 4150 3590 4224 respicite,

1955 4247 2306 4319 designavit?
2345 4246 2402 4302 Si
2438 4245 2678 4301 Trinitas
2718 4262 2833 4301 non
2877 4251 2981 4315 est,
3034 4261 3211 4317 quare
3247 4245 3309 4299 in
3351 4245 3595 4301 Ieremia

1954 4341 2181 4411 dicitur,
2208 4344 2464 4397 Dominus
2500 4345 2638 4396 Deus
2673 4345 2846 4396 vester
2881 4344 3017 4396 Deus
3059 4356 3229 4395 veram
3255 4343 3335 4395 est
3378 4338 3588 4410 (Ierem.

1955 4436 2046 4508 x)?
2073 4435 2129 4491 Si
2156 4435 2345 4491 unitas
2371 4452 2487 4490 non
2512 4440 2616 4504 est,
2646 4451 2840 4506 quare,
2863 4450 3032 4489 veram
3054 4438 3151 4497 est,
3183 4432 3347 4500 dixit,
3375 4438 3431 4488 et
3451 4450 3587 4503 non,

1955 4546 2200 4599 veraces,
2226 4530 2410 4601 potius
2435 4527 2759 4583 intimavit?
2788 4527 2844 4583 Si
2874 4527 3115 4582 Trinitas
3141 4542 3257 4581 non
3282 4530 3384 4596 est,
3414 4542 3592 4598 quare

1955 4624 2016 4680 in
2040 4623 2373 4695 Apocalypsi
2398 4622 2671 4694 scriptum
2698 4625 2785 4676 est
2814 4638 2827 4675 :
2866 4623 3124 4677 Dominus
3162 4623 3299 4675 Deus
3342 4624 3394 4674 et
3420 4622 3589 4691 spiri-

1956 4725 2042 4775 tus
2062 4718 2455 4790 prophetarum
2477 4717 2627 4771 misit
2650 4715 2903 4785 angelum
2918 4730 3093 4782 suum,
3126 4713 3400 4769 ostendere
3422 4716 3590 4769 servis

1952 4816 2068 4869 suis
2101 4827 2220 4882 quae
2239 4814 2444 4880 oportet
2465 4812 2587 4878 ﬁeri
2602 4812 2703 4864 cito
2732 4809 2920 4879 (Apoc.
2948 4808 3027 4879 1)?
3047 4808 3102 4864 Si
3128 4808 3314 4863 unitas
3337 4824 3454 4863 non
3483 4813 3586 4879 est,

1955 4922 2131 4979 quare
2159 4921 2289 4959 cum
2318 4905 2541 4958 Patrem
2568 4908 2624 4957 et
2648 4901 2851 4956 Filium
2873 4906 2930 4957 et
2953 4901 3226 4973 Spiritum
3245 4902 3586 4972 nominasse,

1953 5003 2103 5057 misit
2129 5000 2405 5060 Dominus,
2437 4994 2598 5066 dixit,
2627 5000 2683 5050 et
2704 5012 2841 5066 non,
2871 4994 3169 5065 miserunt,
3187 4995 3290 5050 sub
3312 4997 3592 5068 praetextu

1953 5095 2130 5151 trium
2140 5107 2510 5165 personarum
2522 5094 2578 5144 et
2591 5089 2892 5143 nominum
2903 5088 3257 5144 introduxit?
3278 5089 3333 5143 Si
3347 5088 3591 5143 Trinitas

1954 5205 2070 5243 non
2096 5192 2199 5256 est,
2232 5200 2407 5258 quare
2449 5184 2511 5238 in
2554 5182 2988 5238 Deuteronomio
3030 5181 3239 5236 dicitur
3279 5198 3293 5234 :
3338 5184 3591 5235 Dominus

1956 5286 2093 5338 Deus
2121 5285 2294 5336 vester
2318 5281 2403 5335 hic
2427 5283 2523 5343 est,
2552 5281 2686 5333 Deus
2716 5276 2890 5348 (Deut.
2919 5275 3014 5346 x)?
3048 5274 3104 5330 Si
3128 5272 3316 5328 unitas
3341 5288 3457 5326 non
3484 5277 3590 5344 est,

1956 5391 2151 5448 quare,
2179 5378 2279 5432 Hic
2304 5379 2400 5443 est,
2429 5372 2591 5442 dixit,
2618 5376 2832 5439 etnon,
2854 5368 2917 5424 hi
2939 5372 3091 5435 sunt,
3113 5365 3320 5438 plurali
3345 5381 3590 5422 numero

1957 5469 2304 5543 designavit?
2331 5468 2389 5525 Si
2416 5468 2657 5525 Trinitas
2696 5482 2815 5522 non
2843 5468 2946 5535 est,
2977 5477 3154 5536 quare
3183 5460 3245 5515 in
3274 5460 3475 5517 eodem
3499 5459 3589 5516 di-

1957 5564 2104 5620 citur
2131 5564 2273 5620 libro
2307 5580 2321 5618 :
2351 5565 2606 5620 Dominus
2631 5564 2770 5618 Deus
2799 5564 2922 5616 tuus
2943 5601 2961 5623 ,
2993 5562 3129 5614 Deus
3157 5571 3387 5626 magnus
3412 5559 3465 5611 et
3485 5568 3591 5626 po-

1960 5663 2071 5716 tens
2097 5664 2175 5716 est
2202 5658 2384 5733 (Ibid)
2396 5657 2424 5713 ?
2440 5657 2501 5714 Si
2523 5655 2710 5713 unitas
2724 5671 2840 5711 non
2860 5656 2963 5721 est,
2982 5664 3419 5722 quare,magnus
3429 5652 3479 5705 et
3488 5661 3590 5719 po.

305 5814 330 5846 '
354 5817 508 5875 Falsa
532 5824 589 5875 et
612 5819 1005 5877 commentitia
1030 5819 1102 5875 ab
1126 5820 1331 5876 eodem
1355 5819 1662 5878 Mercatore
1689 5818 1941 5892 farrago.
1962 5809 2130 5873 Lien.
