4016 6240
384 256 487 306 ’ῖ87

1412 250 1750 315 LICINIAN],
1792 246 2366 305 CARTHAGINENSIS
2404 248 2722 306 EPISCOPI.

3657 252 3760 305 688

384 365 516 449 telas,
544 364 600 415 et
621 356 737 415 non
755 358 1053 431 pluraliter
1066 358 1428 414 nominatur?
1449 359 1504 414 Si
1526 358 1765 413 Trinitas
1785 374 1898 411 non
1920 362 2022 426 est,
2048 370 2105 442 Α
2124 357 2250 424 ﬁde,
2281 359 2612 413 attendentes
2638 359 2919 429 Spiritibus
2958 361 3154 414 erroris
3187 362 3237 413 et
3274 357 3535 414 doctrinis
3560 358 3762 414 da’mo-

382 470 484 508 cur
505 454 703 508 Tobias
728 454 908 509 ﬁlium
934 470 1103 508 suum
1130 468 1263 507 cum
1292 453 1353 506 in
1374 454 1554 523 Rages
1573 452 1853 506 civitatem
1882 468 2013 505 cum
2125 452 2339 505 nierum
2364 454 2423 505 in
2452 453 2726 522 hypocrisi
2751 454 3081 523 loquentium
3103 454 3444 508 mendacium
3462 495 3482 516 ,
3506 458 3555 507 et
3580 456 3764 507 caute-

378 547 662 617 Raphaele
685 547 886 617 angelo
904 546 1173 613 mitteret,
1200 546 1537 600 benedicens
1562 561 1680 611 eos,
1713 545 1793 599 ita
1808 544 2012 600 dixisse

379 641 648 695 docetur:
683 644 820 696 Deus
856 640 1154 704 Abraham,
1185 642 1237 692 et
1276 642 1412 693 Deus
1450 640 1627 701 Isaac,
1666 643 1717 693 et
1742 642 1879 694 Deus
1913 641 2009 694 Ja-

376 735 488 797 cob,
537 736 650 804 ipse
687 735 913 804 impleat
964 732 1373 786 benedictionem
1402 746 1557 786 suam
1601 734 1659 785 in
1686 733 1833 787 vobis
1858 732 2008 801 (Tob.

378 828 511 897 vn)?
538 827 594 882 Si
625 827 811 881 unitas
840 841 955 879 non
980 829 1084 891 est,
1113 841 1309 895 quare,
1340 827 1453 895 ipse
1480 826 1723 896 impleat,
1764 825 1924 889 dixit,
1956 829 2012 881 et

376 938 492 977 non
506 921 615 992 ipsi
632 917 1244 991 impleant,intimavit‘l
1256 920 1569 989 Postremo,
1589 920 1635 973 si
1646 918 1885 974 Trinitas
1895 935 2010 973 non

376 1020 476 1083 est,
500 1028 677 1085 quare
708 1010 980 1065 Dominus
1009 1011 1310 1082 discipulos
1336 1028 1466 1066 suos
1492 1013 1553 1066 in
1577 1011 1809 1067 nomine
1829 1011 2009 1067 Patris

375 1112 431 1165 et
462 1107 585 1160 Filii
609 1110 666 1160 et
690 1104 930 1175 Spiritus
971 1105 1151 1159 sancti
1187 1104 1479 1161 universas
1507 1111 1704 1177 gentes
1730 1105 1886 1160 misit
1907 1106 2004 1159 ba-

371 1200 582 1273 ptizare
610 1200 826 1269 (Matth.
856 1199 1084 1270 XXVIII)?
1126 1199 1180 1254 Si
1209 1198 1392 1253 unitas
1426 1216 1545 1254 non
1585 1204 1689 1270 est,
1732 1216 1907 1270 quare
1949 1201 2008 1254 in

370 1296 601 1355 nomine,
652 1291 811 1361 dixit,
845 1296 901 1347 et
947 1309 1082 1361 non,
1136 1293 1195 1346 in
1239 1292 1583 1359 nominibus,
1627 1293 2007 1364 praecipiendo

368 1385 705 1459 perdocuit?
731 1386 787 1440 Si
814 1385 1056 1440 Trinitas
1080 1402 1194 1440 non
1220 1391 1322 1456 est,
1346 1402 1523 1458 quare
1547 1387 1829 1457 apostolus
1858 1388 2002 1441 Pau-

369 1482 458 1536 lus
483 1481 561 1535 ait
588 1497 601 1534 :
634 1483 719 1535 Ea:
758 1483 894 1550 ipso,
936 1484 987 1534 et
1010 1495 1110 1550 per
1138 1482 1334 1550 ipsum,
1368 1485 1418 1535 et
1444 1483 1503 1534 in
1527 1482 1643 1550 ipso
1672 1485 1797 1535 sunt
1824 1483 2005 1535 omnia

368 1576 540 1647 (Rom.
568 1574 685 1644 x1)?
714 1572 769 1628 Si
807 1573 996 1628 unitas
1020 1589 1136 1627 non
1167 1578 1272 1640 est,
1301 1589 1496 1644 quare,
1525 1590 1591 1629 ea:
1617 1575 1755 1644 ipso,
1792 1574 2000 1644 posuit,

368 1674 425 1725 et
450 1685 587 1739 non,
632 1684 702 1721 ex
747 1666 912 1737 ipsis,
959 1666 1243 1721 astruxit?
1295 1666 1351 1721 Si
1396 1666 1550 1733 enim
1601 1672 1753 1722 certo
1797 1667 2003 1722 certius

2114 546 2321 597 riatam
2366 545 2679 600 habentium
2722 562 2878 601 suam
2916 549 3324 611 conscientiam,
3358 547 3765 618 prohibentium

2112 637 2328 701 nubere,
2355 639 2622 694 abstinere
2641 655 2677 694 a
2691 640 2820 695 cibis
2836 655 2965 709 quos
2982 644 3120 696 Deus
3139 643 3341 696 creavit
3359 640 3437 695 ad
3448 642 3758 710 percipien-

2111 729 2241 785 dum
2271 746 2391 785 cum
2414 735 2723 801 gratiarum
2733 737 2958 797 actione,
2987 734 3255 803 ﬁdelibus,
3275 739 3325 790 et
3346 736 3429 789 his
3449 736 3548 804 qui
3571 749 3760 802 cogno—

2110 828 2304 878 verunt
2328 828 2632 894 veritatem,
2670 830 2800 897 quia
2824 830 2995 882 omnis
3019 833 3271 883 creatura
3296 830 3395 883 Dei
3421 829 3559 881 bona
3586 831 3686 890 est,
3712 830 3763 881 et

2108 918 2251 972 nihil
2289 918 2658 987 reﬁciendum,
2691 922 2836 991 quod
2862 937 2981 975 cum
3007 924 3316 991 gratiarum
3344 925 3555 977 actione
3574 922 3758 992 perci-

2102 1012 2281 1080 pitur.
2308 1013 2697 1082 Sanctiﬁcatur
2717 1017 2857 1069 enim
2878 1030 2979 1084 per
3001 1016 3219 1070 verbum
3237 1018 3336 1071 Dei
3359 1020 3410 1070 et
3436 1017 3754 1070 orationem.

2108 1104 2233 1158 Haec
2269 1120 2577 1175 proponens
2608 1109 2901 1173 fratribus,
2934 1108 3099 1163 bonus
3129 1110 3237 1163 eris
3266 1111 3514 1164 minister
3557 1110 3765 1166 Christi

2105 1198 2249 1260 Jesu,
2280 1201 2548 1254 enutritus
2571 1202 2729 1256 verbo
2754 1202 2883 1270 ﬁdei
2907 1206 2958 1255 et
2988 1202 3134 1257 bona:
3157 1202 3434 1265 doctrinae,
3467 1219 3634 1272 quam
3662 1218 3753 1257 as-

2104 1295 2312 1346 secutus
2337 1307 2409 1346 es.
2439 1295 2655 1363 Ineptas
2699 1299 2881 1352 autem
2906 1300 2957 1349 et
2993 1298 3181 1351 inanes
3219 1297 3443 1363 fabulas
3468 1297 3675 1359 devita,
3704 1301 3757 1351 et

2104 1398 2284 1439 exerce
2313 1388 2539 1455 teipsum
2555 1387 2631 1441 ad
2645 1390 2924 1458 pietatem.
2949 1392 3091 1447 Nam
3113 1391 3409 1459 corporalis
3437 1392 3755 1446 exercitatio

2103 1477 2180 1531 ad
2204 1478 2471 1533 modicum
2506 1481 2658 1535 utilis
2700 1485 2795 1536 est.
2838 1484 3019 1537 Pietas
3056 1487 3238 1538 autem
3278 1484 3353 1538 ad
3402 1486 3585 1538 omnia
3636 1486 3753 1538 uti-

2106 1571 2172 1625 lis
2226 1575 2323 1635 est,
2377 1576 2786 1643 promissionem
2834 1576 3032 1632 habens
3089 1580 3215 1632 vita:
3276 1593 3396 1647 quae
3446 1594 3589 1632 nunc
3651 1582 3751 1640 est,

2102 1668 2153 1718 et
2212 1666 2439 1731 futurae.
2504 1668 2703 1723 Fidelis
2765 1685 2934 1724 sermo
2997 1675 3050 1725 et
3097 1673 3245 1726 omni
3291 1673 3591 1741 acceptione
3657 1672 3749 1724 di-

365 1761 613 1818 volueris
642 1761 917 1816 unitatem
943 1760 1233 1814 Trinitatis
1263 1775 1589 1831 agnoscere,
1628 1777 1661 1814 a
1688 1776 1839 1831 saepe
1861 1761 2007 1815 dicto
2027 1746 2084 1818 B
2108 1773 2265 1827 gnus.
2306 1762 2370 1814 In
2415 1761 2511 1816 hoc
2546 1764 2688 1817 enim
2741 1764 3048 1819 laboramus
3081 1770 3132 1819 et
3174 1764 3571 1832 maledicimur,
3613 1768 3751 1834 quia

367 1858 593 1913 doctore
610 1854 868 1927 gentium
887 1854 1136 1925 apostolo
1158 1854 1369 1925 poteris
1382 1854 1640 1908 universa
1660 1854 2004 1924 condiscere,

366 1956 422 2007 et
447 1950 607 2021 sequi
636 1948 969 2003 catholicam
1000 1947 1192 2013 ﬁdem,
1221 1952 1277 2001 et
1300 1946 1642 2001 Arianorum
1667 1948 2005 2018 pravitatem

364 2059 633 2116 respuere
663 2060 677 2096 :
714 2043 904 2099 Gratia
944 2042 1162 2095 Domini
1190 2043 1364 2095 nostri
1398 2044 1522 2095 Jesu
1547 2041 1764 2104 Christi,
1796 2039 2001 2112 inquit,

363 2138 415 2194 et
442 2139 680 2193 Charitas
703 2137 834 2199 Dei,
865 2139 916 2189 et
952 2136 1362 2189 communicatio
1397 2136 1572 2189 sancti
1593 2136 1849 2204 Spiritus.
1876 2136 2005 2204 Ipsa

362 2236 443 2289 est
464 2233 666 2293 Patris,
709 2234 759 2283 et
804 2229 958 2291 Filii,
999 2233 1050 2282 et
1093 2230 1332 2299 Spiritus
1372 2230 1550 2282 sancti
1594 2228 1666 2297 (II
1705 2230 1822 2285 Cor.
1861 2228 1999 2298 XIII).

359 2324 651 2390 Quomodo
678 2326 871 2378 autem
892 2322 954 2376 in
981 2321 1251 2375 Trinitate
1279 2337 1463 2375 unum
1484 2321 1651 2375 sunt?
1681 2320 1814 2392 quia
1841 2323 2002 2376 natu-

357 2440 422 2477 ra
451 2426 622 2493 atque
657 2420 685 2450 ⁸
720 2420 790 2474 ab
818 2419 1061 2474 invicem
1092 2418 1340 2489 separari
1366 2435 1485 2472 non
1527 2423 1786 2488 possunt.
1817 2418 1997 2474 Caete-

358 2530 510 2585 rum,
532 2516 708 2568 frater
728 2512 1072 2582 charissime,
1103 2528 1231 2583 quae
1256 2515 1354 2565 tua
1381 2510 1747 2566 continebant
1771 2511 1995 2582 scripta,

360 2627 426 2665 ex
457 2608 722 2680 subjectis
747 2605 1038 2661 sententiis
1066 2608 1314 2665 maxime
1355 2605 1549 2659 omnia
1591 2605 1799 2676 poteris
1835 2605 1993 2659 colli-

360 2718 494 2779 gere
522 2702 570 2756 ι).
602 2702 831 2755 Necesse
876 2704 979 2769 est,
1019 2699 1196 2753 frater
1230 2697 1579 2766 charissime,
1626 2698 1821 2753 adesse
1852 2698 1995 2753 divi-

358 2813 520 2863 num,
551 2794 645 2849 ubi
672 2795 991 2848 humanum
1035 2797 1213 2847 cessat
1252 2792 1547 2847 auxilium.
1608 2793 1675 2846 Et
1718 2797 1782 2846 ut
1829 2791 1994 2862 juxta

356 2889 674 2962 apostolum
699 2888 935 2943 Paulum
966 2886 1239 2955 dicamus,
1268 2887 1400 2941 licet
1436 2886 1606 2940 verba
1630 2884 1990 2956 replicemus,

357 3001 487 3057 quae
514 2983 633 3055 ipse
660 2982 955 3037 Timotheo
983 2981 1176 3035 scribit
1202 2979 1393 3035 dicens
1423 2996 1436 3033 :
1474 2980 1712 3035 Ecclesia
1737 2981 1834 3034 Dei
1856 2980 1992 3042 vivi,

2105 1865 2381 1920 Speramus
2427 1856 2487 1908 in
2528 1858 2695 1911 Deum
2734 1860 2937 1921 vivum,
2993 1860 3091 1928 qui
3128 1862 3204 1914 est
3236 1859 3480 1913 salvator
3506 1861 3749 1913 omnium

2105 1945 2380 2001 hominum
2400 1989 2418 2011 ,
2447 1952 2783 2021 mamimeque
2809 1953 3069 2021 ﬁdelium.
3097 1954 3331 2023 Praecipe
3359 1953 3469 2007 hac
3505 1956 3556 2007 et
3596 1952 3747 2007 doce.

2103 2040 2269 2093 Nemo
2316 2041 2732 2099 adolescentiam
2762 2050 2912 2100 tuam
2933 2050 3272 2109 contemnat,
3315 2047 3409 2101 sed
3432 2047 3749 2117 ;e:cemplum

2102 2135 2210 2186 esto
2238 2133 2480 2201 ﬁdelium
2509 2138 2569 2190 in
2610 2138 2790 2203 verbo,
2816 2141 2876 2193 in
2911 2143 3334 2202 conversatione,
3373 2142 3431 2194 in
3456 2141 3750 2202 charitate,

2103 2227 2163 2280 in
2188 2226 2314 2294 ﬁde,
2345 2230 2403 2282 in
2430 2233 2700 2287 castitate.
2714 2235 2855 2287 Dum
2873 2235 3045 2297 venio,
3066 2234 3284 2288 attende
3305 2234 3536 2297 lectioni,
3559 2235 3749 2289 emhor-

2103 2321 2317 2383 tationi,
2347 2321 2625 2379 doctrina.
2654 2326 2783 2381 Noli
2794 2328 3062 2397 negligere
3081 2329 3321 2397 gratiam
3349 2343 3467 2397 qua
3488 2330 3547 2382 in
3573 2332 3623 2383 te
3644 2332 3744 2389 est,

2100 2427 2219 2481 qua:
2249 2413 2385 2468 data
2411 2419 2487 2470 est
2508 2417 2610 2471 tibi
2628 2434 2729 2487 per
2748 2421 3094 2489 prophetiam
3120 2437 3240 2474 cum
3267 2423 3607 2490 impositione
3632 2438 3751 2475 ma-

2098 2520 2266 2560 nuum
2288 2509 2629 2576 presbyterii.
2659 2515 2785 2567 Haec
2819 2513 3104 2576 meditare,
3136 2516 3196 2567 in
3224 2515 3307 2569 his
3334 2519 3463 2576 esto,
3502 2519 3565 2569 ut
3604 2532 3746 2585 pro-

2096 2600 2271 2665 fectus
2312 2605 2433 2656 tuus
2473 2606 2815 2672 manifestus-
2848 2609 2919 2661 sit
2966 2608 3229 2662 omnibus.
3282 2608 3514 2663 Attende
3557 2609 3659 2662 tibi
3695 2614 3751 2663 et

2097 2691 2375 2756 doctrinae,
2406 2697 2551 2751 insta
2594 2700 2651 2752 in
2696 2700 2829 2755 illis.
2860 2703 2969 2757 Hoc
3006 2703 3147 2755 enim
3181 2703 3408 2768 faciens,
3434 2705 3485 2756 et
3513 2704 3748 2772 teipsum

2095 2787 2308 2841 salvum
2357 2790 2547 2855 facies,
2601 2797 2651 2846 et
2693 2808 2776 2848 eos
2824 2797 2922 2864 qui
2976 2799 3025 2849 te
3077 2794 3310 2849 audiunt
3364 2794 3411 2864 (Ι
3459 2798 3596 2851 Tim.
3637 2796 3743 2867 III).

2094 2878 2266 2934 Fame
2292 2881 2447 2935 enim
2476 2883 2645 2939 nimis
2687 2886 2964 2958 afﬂigitur
2991 2888 3235 2959 populus
3278 2889 3593 2959 Romanus,
3628 2906 3746 2961 qua

2094 2971 2251 3028 clade
2281 2978 2452 3046 atque
2492 2978 2617 3033 aliis
2648 2980 3025 3036 anxietatibus
3052 2987 3289 3037 vexatus
3329 2982 3570 3067 longam
3613 2982 3742 3055 epi-

355 3080 602 3133 columna
642 3080 691 3131 et
729 3078 1123 3146 ﬁrmamentum
1168 3078 1245 3129 est
1285 3075 1552 3129 veritatis.
1598 3076 1668 3128 Et
1709 3074 1992 3140 manifeste
2012 3113 2066 3188 Ο
2091 3066 2293 3121 stolam
2348 3069 2588 3127 minime
2643 3073 2888 3130 scribere
2949 3077 3116 3131 valui.
3164 3066 3442 3148 Tempore
3480 3093 3745 3149 congruo

652 3175 712 3188 in;
759 3171 958 3188 ,-_A__19-
993 3184 1193 3188 ---η-,μ
1211 3172 1376 3188 ---Λ-----
1435 3167 1985 3188 -.---.Ὶ........⁹Δ-Αι..ι-.-μ
2092 3163 2293 3188 λιι-.--Αἱ
2351 3166 2407 3188 In:
2462 3185 2491 3188 μ
2514 3186 2525 3188 _
2551 3187 2558 3188 κ
2581 3186 2590 3188 Α
2752 3173 2773 3188 n
2878 3173 2932 3188 οη
3051 3174 3106 3188 ο..
3251 3179 3261 3188 .
3600 3176 3616 3188 1
3691 3177 3702 3187 ο

353 3188 612 3242 magnum
637 3175 713 3225 est
733 3171 959 3240 pietatis
985 3172 1402 3230 sacramentum,
1425 3167 1569 3237 quod
1581 3168 1990 3233 manifestatum

355 3272 431 3321 est
453 3269 512 3320 in
532 3279 711 3327 carne,
728 3262 1087 3332 justiﬁcatum
1110 3266 1189 3317 est
1213 3264 1273 3315 in
1295 3263 1515 3332 spiritu,
1544 3263 1808 3331 apparuit
1832 3276 1989 3328 ange-

342 3361 443 3423 lis,
468 3359 830 3430 praedicatum
853 3360 929 3411 est
950 3358 1008 3409 in
1032 3356 1296 3423 gentibus,
1314 3355 1575 3410 creditum
1588 3359 1665 3409 est
1684 3356 1743 3408 in
1766 3355 1988 3419 mundo,

354 3457 692 3523 assumptum
720 3455 796 3506 est
818 3452 877 3504 in
901 3451 1096 3519 gloria.
1125 3451 1362 3520 Spiritus
1385 3454 1562 3503 autem
1589 3450 1874 3516 manifeste
1900 3449 1989 3504 di-

355 3550 449 3611 cit,
477 3548 609 3617 quia
640 3548 700 3599 in
724 3546 1025 3599 novissimis
1052 3544 1376 3614 temporibus
1401 3542 1674 3598 discedent
1700 3543 1926 3613 quidam
1955 3558 1992 3597 a

427 3688 453 3719 ³
490 3690 766 3744 Hactenus
794 3686 967 3742 verba
998 3685 1208 3741 lthacii.
1237 3686 1399 3741 LABB.

426 3760 454 3801 ι)
481 3762 701 3816 Hincm.
748 3759 879 3814 dial.
923 3758 993 3813 de
1034 3762 1179 3812 statu
1220 3756 1468 3812 ecclesiae
1502 3756 1637 3812 citat
1661 3772 1732 3813 ex
1758 3756 1991 3814 Philone

356 3833 604 3890 maxime
632 3834 953 3904 legatorum
982 3846 1016 3884 a
1040 3828 1250 3884 ludatis
1289 3829 1422 3884 Caio
1449 3828 1590 3901 imp.
1620 3828 1989 3886 directorum.

2089 3163 2295 3219 denuoi
2349 3166 2413 3237 (si
2462 3185 2690 3226 necesse
2746 3173 2935 3246 fuerit)
2984 3174 3166 3245 mitte,
3214 3179 3270 3229 et
3295 3191 3361 3230 ea
3405 3192 3535 3247 quae
3586 3176 3741 3231 desi-

2093 3257 2396 3331 deraveris,
2463 3280 2644 3321 sume.
2715 3267 2859 3322 Deus
2920 3274 2975 3323 te
3039 3268 3364 3323 incolumem
3425 3269 3741 3338 custodiat,

2088 3354 2267 3412 frater
2316 3359 2664 3419 charissima.
2714 3366 2916 3422 Amen.
2971 3368 3105 3422 Data
3154 3384 3209 3421 Iv
3257 3368 3443 3423 Nonas
3505 3369 3741 3441 Aprilis,

2087 3450 2304 3506 Iustino
2337 3452 2544 3526 [Labb.,
2572 3459 2908 3534 Iustiniano]
2958 3465 3016 3517 et
3051 3460 3210 3516 Libio
3243 3461 3381 3517 viris
3409 3462 3746 3519 clarissimis

2091 3546 2415 3604 consulibus
2453 3561 2495 3605 ο.

2163 3696 2186 3725 ο
2223 3683 2458 3741 Mendax
2483 3683 2780 3738 consulum
2806 3682 3115 3740 adnotatio.
3147 3684 3310 3742 LABB.

2096 3830 2258 3887 LABB.

356 4018 3733 4054 Μ

1633 4173 1799 4221 ANNO
1861 4174 2078 4221 DOMINI
2124 4174 2436 4221 DLXXXIV.

1320 4222 2780 4550 L‘ICINIANUS,

859 4616 2212 4785 CARTHAGINENSIS
2324 4617 3227 4746 ~EPISCOPUS.

1173 4952 1952 5073 NOTITIA
2061 4952 2327 5073 Ex
2433 4951 2981 5072 αΑνε.

1814 5138 2236 5150 —.-———nc—_

417 5234 739 5292 Licinianus
762 5230 1119 5302 Carthaginis
1143 5230 1440 5301 Spartariae
1466 5229 1527 5285 in
1554 5230 1818 5304 Hispania
1838 5231 1983 5303 epis-
2000 5242 2060 5316 D
2082 5230 2356 5302 quosdam
2382 5229 2482 5301 qui
2524 5228 2825 5285 credebant
2854 5228 3114 5301 epistolas
3155 5228 3225 5283 de
3266 5228 3410 5283 coelo
3432 5227 3726 5284 cecidisse.

345 5350 538 5406 cepus,
554 5329 757 5386 claruit
771 5342 921 5382 anno
947 5327 1070 5381 584.
1103 5326 1336 5379 Exstant
1355 5325 1604 5396 epistolae
1630 5325 1848 5398 aliquot
1884 5325 1982 5379 ha-

343 5433 540 5484 ctenus
552 5423 781 5479 inedita:
803 5440 815 5476 :
840 5436 1045 5491 nempe
1070 5423 1124 5475 1ο
1154 5419 1389 5490 epistola
1407 5419 1478 5474 ad
1494 5423 1752 5483 sanctum
1772 5419 1980 5491 Grego-

341 5521 494 5575 rium
513 5534 740 5591 papam;
763 5519 823 5570 2°
842 5514 917 5569 ad
934 5512 1315 5585 Epiphaniam
1342 5511 1643 5568 diaconum
1665 5529 1766 5568 suo
1793 5516 1849 5568 et
1879 5512 1975 5567 Se-

2081 5323 2385 5394 Descriptas
2414 5328 2547 5378 sunt
2566 5323 2653 5378 hae
2680 5322 2929 5395 epistolae
2961 5340 3027 5377 ex
3057 5321 3259 5378 Codice
3292 5338 3399 5377 ms.
3427 5322 3726 5391 Toletano,

2079 5434 2220 5489 quas
2249 5417 2408 5488 prelo
2436 5417 2652 5488 paravit
2671 5415 2971 5472 cardinalis
2992 5415 3311 5488 d'Aguirre,
3334 5416 3417 5471 uti
3438 5415 3499 5471 in
3521 5415 3729 5470 notitia

2078 5528 2177 5566 sua
2203 5511 2324 5583 ipse
2352 5528 2451 5565 nos
2479 5510 2661 5581 docet,
2685 5528 2817 5583 pag.
2851 5512 2971 5566 lOO.
3001 5511 3069 5566 Et
3096 5510 3267 5565 fidem
3292 5508 3529 5581 quidem
3556 5526 3731 5564 suam

339 5614 460 5668 veri
490 5609 761 5683 episcOpi,
793 5612 856 5662 ut
880 5607 1101 5662 videtur
1136 5606 1448 5661 Malacitani
1495 5606 1750 5675 nomine,
1779 5606 1840 5659 in
1864 5620 1978 5676 qua
2076 5604 2179 5659 hac
2226 5605 2285 5659 in
2334 5609 2493 5677 parte
2552 5604 2810 5661 liberavit
2868 5603 3342 5660 eminentissimus
3388 5602 3726 5674 cardinalis,

341 5705 654 5760 ostenditur
696 5702 928 5771 angelos
961 5717 1079 5754 esse
1110 5699 1283 5754 totius
1310 5698 1559 5771 corporis
1588 5703 1881 5770 expertes;
1914 5700 1974 5752 3°

344 5799 411 5851 ad
426 5794 784 5877 Vincentium
820 5793 1139 5847 Ebusitanae
1166 5793 1367 5847 insulae.
1393 5793 1744 5865 episcopum,
1775 5794 1973 5847 contra

2074 5699 2239 5754 editis
2268 5699 2356 5753 his
2379 5699 2563 5755 tribus
2589 5697 2841 5770 epistolis
2880 5698 3051 5755 Conc.
3091 5698 3245 5770 Hisp.
3293 5701 3433 5754 tom.
3485 5699 3551 5769 ll,
3580 5712 3724 5769 pag.

2073 5793 2193 5848 427.
2225 5793 2458 5866 Scripsit
2481 5793 2800 5849 Licinianus
2842 5797 2899 5848 et
2940 5792 3049 5848 alia
3095 5792 3383 5866 quaedam,
3424 5796 3569 5850 teste
3611 5791 3722 5849 lsi-
