4016 6240
213 478 308 533 689

846 472 1168 533 EPISTOLA
1204 476 1433 545 PRIMA,
1473 478 1561 532 AD
1598 477 1907 534 SANCTUM
1942 477 2335 533 GREGORIUM
2383 474 2623 533 ΡΑΡΑΜ.

3467 480 3571 538 690

211 601 337 655 doro
362 596 669 670 Hispalensi
698 598 768 653 de
797 597 1001 670 Script.
1028 599 1238 654 Eccles.
1276 615 1400 671 cap.
1430 602 1521 668 29,
1549 616 1664 672 pag
1695 640 1708 655 .
1733 603 1822 671 89,
1847 612 1907 686 Α
1927 599 2196 655 stinctum
2219 600 2289 654 ab
2322 599 2565 655 aemulis.
2596 598 2672 655 De
2702 599 2973 657 Liciniani
2999 602 3286 674 opusculis
3311 607 3368 658 et
3391 604 3566 661 Pseu-

211 692 337 748 etin
379 691 447 745 iis
482 690 767 763 praecipue
795 691 1094 763 epistolam
1135 692 1206 747 de
1235 692 1596 748 Sacramento
1638 693 1824 765 bapti-

212 784 414 853 smatis,
460 784 532 839 ad
579 784 914 857 Eutropium
968 785 1250 855 abbatem,
1304 789 1507 857 postea
1559 786 1827 841 Valentia:

209 879 541 952 episcopum,
569 877 670 949 qui
709 878 779 933 ab
817 894 884 934 eo
920 878 1177 950 petierat,
1207 895 1382 951 quare
1420 879 1712 951 baptizatis
1746 880 1829 935 in-

208 972 440 1028 fantibus
488 970 809 1027 chrismatis
865 972 1058 1026 unctio
1108 972 1505 1039 tribueretur?
1554 973 1653 1028 sed
1704 973 1827 1028 haec

206 1066 424 1138 epistola
438 1064 669 1136 periisse
694 1064 937 1120 videtur.
960 1065 1160 1120 Subdit
1188 1066 1453 1137 Isidorus,
1472 1066 1827 1122 Licinianum

205 1158 673 1231 Constantinopoli
708 1158 1058 1230 occubuisse,
1103 1176 1341 1231 veneno,
1392 1164 1455 1216 ut
1495 1160 1706 1230 ferunt,
1736 1177 1830 1216 ex-

1926 692 2235 747 domaximi
2262 692 2323 746 in
2359 692 2637 747 Chronico
2677 693 2823 748 circa
2871 695 2970 749 illa
3020 695 3276 768 ﬁngendi
3318 697 3564 768 licentia,

1926 802 2042 840 non
2084 802 2265 857 pauca
2291 786 2507 841 notavit
2532 785 2878 842 clarissimus
2907 789 3185 846 Antonius
3230 791 3372 845 Bibl.
3408 791 3565 863 Hisp.

1926 880 2048 934 Vet.
2077 879 2178 934 lib.
2207 896 2281 948 Iv,
2323 896 2448 951 cap.
2487 883 2542 947 2,
2588 898 2647 951 p.
2678 884 2805 949 2H,
2836 887 2944 937 etc.
2978 883 3287 954 Epistolam
3326 885 3396 939 ad
3428 886 3565 940 Gre-

1927 972 2154 1044 gorium
2187 988 2393 1043 papam
2420 973 2489 1027 de
2516 972 2660 1039 libro
2688 976 3037 1047 Regularum
3080 978 3247 1048 eruit,
3276 978 3565 1053 ediditque

1926 1065 2232 1121 Dacherius
2269 1065 2538 1139 Spicileg.
2566 1070 2687 1124 tom
2714 1069 2779 1139 ll,
2807 1086 2940 1141 pag.
2968 1072 3095 1127 368.

208 1309 3560 1352 ψ

982 1415 991 1421 ’
1105 1436 1505 1513 LICINIANI,
1555 1436 2248 1506 CARTHAGINENSIS
2293 1441 2672 1519 EPISCOPI,

366 1577 926 1672 EPISTOLA
994 1579 1376 1685 PRIMA,
1435 1582 1588 1674 AD
1655 1582 2181 1677 SANCTUM
2247 1584 2914 1679 GREGORIUM
2982 1586 3395 1679 PAPAM.

1514 1718 1611 1787 (De
1649 1718 1796 1774 libro
1841 1720 2240 1793 Regularum.)

1654 1835 2069 1849 ————

261 1902 492 1959 Domino
517 1903 843 1960 beatissimo
866 1905 1138 1977 Gregorio
1164 1922 1327 1984 papae
1353 1905 1670 1962 Licinianus
1695 1906 1815 1979 epi-
1841 1921 1896 1992 B
1920 1908 2033 1963 vita
2050 1907 2171 1964 sine
2199 1906 2318 1981 [Ms.
2346 1910 2511 1965 Tolet.
2536 1909 2653 1965 sive
2679 1909 2756 1983 in]
2784 1910 3054 1982 potentia,
3073 1911 3345 1983 quoniam
3366 1913 3561 1968 omnia

194 2013 400 2069 scopus.

258 2092 483 2146 Librum
510 2092 857 2164 Regularum
883 2110 917 2147 a
937 2093 1241 2149 Sanctitate
1270 2096 1367 2148 tua
1392 2093 1630 2161 editum,
1662 2098 1720 2149 et
1748 2095 1819 2150 ad

190 2201 285 2239 nos
308 2184 496 2240 divina
527 2187 708 2257 gratia
749 2186 1063 2258 Opitulante
1102 2188 1408 2259 perlatum,
1442 2192 1599 2243 tanto
1640 2188 1818 2243 liben-

189 2279 295 2333 tius
318 2280 581 2351 legimus,
612 2284 824 2351 quanto
854 2281 913 2335 in
942 2297 1008 2335 eo
1045 2281 1324 2352 spiritales
1362 2281 1590 2352 regulas
1635 2281 1816 2337 inesse

190 2373 595 2444 cognoscimus.
625 2374 759 2438 Quis
784 2390 900 2428 non
927 2373 1197 2429 libentius
1215 2374 1386 2445 legat,
1417 2374 1517 2430 ubi
1538 2375 1668 2447 jugi
1692 2392 1812 2431 me-

187 2466 447 2522 ditatione
474 2467 815 2522 medicinam
842 2467 1051 2523 animae
1092 2484 1208 2521 suae
1242 2468 1510 2536 inveniat,
1551 2468 1651 2523 ubi
1676 2486 1812 2524 con-

187 2560 407 2632 temptis
448 2560 624 2631 hujus
648 2561 840 2616 saeculi
866 2561 1037 2617 rebus
1062 2561 1285 2616 caducis
1312 2561 1374 2616 in
1406 2578 1507 2616 sua
1526 2562 1813 2617 mutabili-

185 2657 290 2708 tate
323 2654 694 2724 variantibus,
742 2654 813 2709 ad
858 2658 1085 2710 aeterna:
1110 2655 1241 2709 vitae
1282 2654 1581 2710 stationem
1620 2656 1812 2711 oculos

184 2747 382 2803 mentis
403 2748 623 2819 aperiat
640 2749 668 2803 Ἰ
693 2748 860 2803 Liber
883 2748 975 2803 hic
996 2752 1128 2804 tuus
1153 2749 1414 2804 omnium
1441 2754 1526 2804 est
1546 2749 1675 2804 aula
1700 2750 1813 2805 vir-

183 2844 383 2897 tutum.
409 2842 530 2897 Illic
560 2842 863 2912 prudentia
877 2842 1027 2897 inter
1042 2842 1260 2897 bonum
1284 2847 1341 2898 et
1368 2843 1583 2897 malum
1600 2843 1807 2899 discre-

180 2933 386 2991 tionem
412 2935 613 2990 limitis
646 2935 813 3006 ﬁgit:
855 2936 1077 3006 justitia
1116 2935 1423 3006 unicuique
1464 2952 1565 2990 sua
1590 2936 1806 3005 tribuit,

182 3028 312 3085 dum
353 3032 466 3084 Deo
492 3029 777 3098 animam,
810 3045 1126 3101 corpusque
1175 3029 1381 3084 animae
1430 3029 1641 3084 subdit.
1697 3030 1809 3084 Illic

180 3121 446 3177 fortitudo
474 3122 647 3178 etiam
673 3123 734 3177 in
763 3121 1011 3178 adversis
1041 3127 1098 3177 et
1126 3122 1186 3176 in
1220 3121 1504 3193 prosperis
1527 3122 1810 3193 reperitur

181 3231 401 3289 semper
418 3216 675 3288 aequalis,
697 3232 825 3287 quae
850 3232 955 3270 nec
980 3216 1042 3270 in
1062 3215 1360 3271 contrariis
1384 3216 1686 3287 frangitur,
1704 3232 1808 3271 nec

1920 2018 2057 2057 vana
2084 2002 2187 2057 sub
2222 2003 2356 2058 sole.
2402 2003 2513 2058 Sed
2558 2019 2700 2075 opus
2730 2003 2945 2075 ipsum,
2987 2005 3138 2077 quod
3165 2021 3268 2076 per
3293 2007 3560 2062 eumdem

1918 2095 2199 2149 honorem
2221 2096 2308 2150 vel
2332 2097 2643 2166 potentiam
2669 2098 2750 2167 ﬁt,
2780 2096 2825 2151 si
2852 2102 3004 2152 recte
3029 2103 3200 2169 atque
3231 2099 3445 2154 utiliter
3469 2100 3554 2169 ﬁt,

1917 2188 1973 2243 id
2013 2194 2115 2259 est,
2144 2194 2210 2244 ut
2250 2189 2432 2245 valeat
2463 2190 2535 2244 ad
2580 2207 2705 2243 eam
2747 2191 2985 2245 salutem
3025 2191 3381 2246 subditorum
3427 2209 3557 2264 quae

1916 2283 2227 2337 secundum
2259 2283 2439 2337 Deum
2474 2287 2627 2338 est.»
2654 2285 2891 2354 Propter
2917 2284 3073 2355 quod
3108 2284 3187 2339 ait
3208 2286 3505 2356 Apostolus
3537 2302 3552 2342 :

1915 2377 2019 2443 Qui
2069 2378 2433 2445 episcopatum
2488 2376 2783 2439 desiderat,
2839 2392 2971 2446 opus
3021 2378 3216 2433 bonum
3258 2379 3550 2433 desiderat.

1914 2468 2413 2539 Exponerevoluit
2436 2469 2574 2541 quid
2601 2469 2671 2523 sit
2697 2469 3014 2541 episcopus,
3052 2470 3186 2542 quia
3225 2487 3435 2527 nomen
3468 2475 3554 2527 est

1912 2562 2117 2633 operis,
2170 2579 2288 2617 non
2340 2563 2610 2618 honoris:
2664 2563 2922 2618 Graecum
2977 2568 3063 2631 est
3102 2564 3276 2633 enim,
3322 2570 3379 2619 et
3420 2563 3555 2621 inde

1912 2656 2145 2710 ductum
2186 2655 2543 2725 vocabulum,
2603 2657 2756 2727 quod
2799 2656 2892 2710 ille
2932 2656 3029 2727 qui
3080 2656 3421 2727 praeﬁcitur,
3471 2657 3552 2713 eis

1910 2749 2116 2820 quibus
2133 2748 2442 2821 praeﬁcitur
2458 2748 2893 2820 superintendit,
2911 2766 3107 2803 curam
3124 2749 3332 2805 scilicet
3351 2767 3551 2805 eorum

1876 2919 1882 2924 _
1913 2858 2115 2914 gerens
2142 2859 2155 2896 :
2186 2843 2479 2914 episcopus
2511 2841 2632 2914 [Ms.
2672 2844 2861 2909 Tolct.,
2891 2842 3243 2914 episcopatus
3275 2843 3547 2916 episcOpi]

1909 2936 2118 3007 quippe
2150 2935 2387 2991 intentio
2412 2941 2514 2991 est.
2547 2937 2694 3007 Ergo
2723 2935 3071 3007 episcopum,
3101 2937 3147 2990 si
3177 2937 3418 2991 velimus
3439 2938 3545 2991 La-

1908 3029 2043 3098 tine,
2072 3029 2538 3100 superintendere
2570 3028 2691 3101 [Ms.
2726 3030 2917 3092 Tolet.,
2957 3029 3540 3103 superintendentem]

1908 3138 2143 3192 possum
2166 3122 2374 3178 dicere.
2412 3124 2481 3178 Ut
2506 3122 2782 3194 intelligat
2809 3139 2926 3176 non
2951 3139 3008 3178 se
3037 3138 3158 3178 esse
3194 3123 3543 3195 episcopum,

1909 3216 2009 3287 qui
2033 3232 2280 3287 praeesse
2307 3216 2513 3271 dixerit
2545 3215 2666 3288 [Ms.
2703 3218 2892 3279 Tolet.,
2921 3216 3227 3289 dilexerit],
3256 3233 3371 3270 non
3406 3233 3541 3289 pro-

182 3310 233 3363 in
258 3310 540 3382 prosperis
565 3311 860 3365 exaltatur.
894 3309 1007 3364 Illic
1034 3309 1413 3381 temperantia
1451 3310 1704 3365 furorem
1735 3309 1805 3363 li—
1828 3290 1882 3363 Ο
1908 3309 2088 3364 desse.
2133 3310 2212 3365 ιω
2268 3310 2423 3364 enim
2475 3310 2545 3364 ab
2597 3309 2782 3364 studio
2828 3310 3232 3381 cognoscendae
3293 3310 3545 3365 veritatis

179 3402 378 3459 bidinis
436 3388 682 3475 frangit,
731 3403 1082 3475 discreteque
1142 3402 1521 3474 voluptatibus
1575 3403 1810 3458 modum

180 3497 427 3568 imponit.
460 3497 580 3553 Illic
633 3501 835 3552 cuncta
873 3513 999 3568 quae
1042 3497 1114 3551 ad
1154 3496 1283 3551 vitae
1316 3501 1545 3551 aeternae
1588 3496 1810 3567 partici-

176 3591 327 3661 pium
352 3591 645 3663 pertinent
671 3590 1103 3662 comprehendis
1131 3607 1144 3644 :
1179 3594 1236 3645 et
1260 3606 1375 3644 non
1403 3591 1587 3645 solum
1623 3594 1810 3661 pasto~

178 3684 322 3739 ribus
346 3685 613 3757 regulam
626 3684 848 3739 vivendi
865 3684 1153 3753 describis,
1170 3683 1268 3739 sed
1297 3684 1472 3739 etiam
1497 3684 1587 3738 his
1613 3684 1712 3755 qui
1725 3700 1810 3739 re-

180 3777 397 3848 giminis
411 3778 669 3834 ofﬁcium
679 3778 907 3832 nullum
926 3778 1164 3845 habent,
1183 3778 1411 3833 vivendi
1434 3778 1693 3849 regulam
1713 3777 1809 3832 tri-

175 3871 311 3927 buis.
326 3873 551 3927 Habent
570 3872 722 3927 enim
741 3876 992 3943 pastores
1006 3871 1067 3926 in
1086 3871 1603 3944 quadripartitatua
1624 3871 1809 3927 distri-

175 3965 396 4022 butione
425 3966 624 4039 quales
649 3967 721 4021 ad
742 3967 850 4020 hoc
877 3964 1129 4023 officium
1143 3965 1373 4020 veniant
1388 3983 1404 4034 ;
1420 3964 1612 4036 quales
1630 3965 1807 4019 vitam

177 4064 367 4129 gerant
387 4076 520 4115 cum
548 4060 813 4116 venerint
836 4078 853 4130 ;
881 4060 1124 4131 qualiter
1144 4058 1231 4114 vel
1253 4059 1442 4130 qualia
1458 4059 1692 4113 doceant
1713 4076 1728 4127 ;
1752 4062 1808 4113 et

173 4169 239 4209 ne
250 4154 307 4208 in
322 4157 480 4209 tanto
492 4154 821 4209 sacerdotali
833 4153 1078 4209 culmine
1091 4152 1600 4224 extollantur,quid
1613 4156 1801 4223 agant.

237 4250 587 4303 Attestantur
626 4248 760 4302 huic
797 4247 1023 4302 eximiae
1062 4247 1335 4301 doctrinm
1373 4246 1547 4300 sancti
1586 4244 1806 4317 antiqui

172 4341 352 4397 Patres
399 4342 678 4410 doctores,
731 4341 1166 4412 defensoresque
1213 4339 1493 4408 Ecclesiae,
1541 4339 1803 4407 Hilarius,

172 4435 515 4505 Ambrosius,
544 4436 916 4507 Augustinus,
946 4433 1251 4505 Gregorius
1284 4433 1661 4488 Nazianzenus
1690 4449 1703 4486 :
1744 4431 1806 4486 hi

173 4544 362 4584 omnes
386 4529 776 4585 testimonium
799 4529 901 4584 tibi
915 4529 1193 4600 praebent,
1215 4527 1359 4582 sicut
1373 4525 1638 4598 apostolis
1665 4542 1807 4597 prae-

173 4615 415 4673 buerunt
438 4619 756 4690 prophetae.
786 4618 1030 4673 Hilarius
1058 4621 1282 4672 sanctus
1322 4616 1478 4683 dicit,
1518 4632 1806 4687 exponens

171 4711 335 4765 verba
379 4712 633 4783 Apostoli
685 4711 925 4766 doctoris
976 4710 1257 4783 gentium.
1290 4711 1372 4764 Ita
1408 4709 1621 4764 etenim
1677 4725 1806 4780 quae

170 4804 411 4875 pr0priee
427 4804 739 4877 disciplinae
760 4809 816 4859 et
829 4821 1056 4860 morum
1077 4808 1228 4870 sunt,
1260 4803 1331 4858 ad
1357 4802 1652 4857 sacerdotii
1676 4818 1801 4857 me-

170 4896 336 4952 ritum
365 4899 531 4954 utilia
557 4914 676 4954 esse
706 4899 1005 4971 signiﬁcat,
1035 4898 1081 4952 si
1109 4897 1281 4952 etiam
1309 4897 1433 4951 haec
1462 4913 1589 4967 quae
1616 4896 1687 4951 ad
1708 4896 1804 4951 do-

169 4992 356 5046 cenda:
381 4992 747 5048 actenenda:
783 4992 915 5047 ﬁdei
960 4990 1252 5046 scientiam
1300 4988 1612 5045 necessaria
1648 4992 1800 5059 sunt,

164 5082 306 5139 inter
355 5086 579 5158 reliqua
618 5103 735 5141 non
779 5086 1059 5141 deerunt:
1103 5084 1236 5156 quia
1276 5100 1392 5138 non
1440 5083 1631 5138 statim
1668 5081 1804 5137 boni

165 5180 329 5249 atque
356 5179 517 5233 utilis
544 5179 848 5235 sacerdotis
875 5184 977 5248 est,
1012 5183 1112 5234 aut
1135 5177 1532 5232 tantummodo
1560 5176 1806 5231 scienter

171 5268 318 5349 [Ms..
358 5274 526 5329 Tolet.
598 5272 950 5345 innocenter]
1003 5287 1205 5344 agere,
1258 5274 1357 5325 aut
1407 5270 1804 5325 tantummodo

164 5365 401 5421 scienter
424 5366 767 5437 praedicare;
797 5383 924 5421 cum
954 5370 1010 5421 et
1036 5366 1308 5420 innocens
1336 5368 1559 5419 tantum
1578 5363 1667 5418 sui
1694 5363 1806 5417 suf-

164 5456 307 5514 ﬁciat
331 5457 535 5531 si‘[Ms.
566 5458 753 5532 Tolet.]
789 5458 895 5513 sibi
931 5458 1190 5531 proﬁciat
1228 5457 1358 5527 nisi,
1400 5457 1596 5512 doctus
1623 5456 1714 5526 sit,
1750 5460 1806 5510 et

162 5549 352 5606 doctus
377 5552 491 5607 nisi
518 5553 774 5609 doctrina
801 5552 1061 5608 vivendo.

227 5649 540 5701 Attestatur
570 5646 704 5702 huic
738 5644 860 5718 [Ms.
894 5647 1084 5710 Tolet.,
1137 5646 1192 5701 Si
1218 5645 1535 5699 doctrinam
1568 5643 1807 5699 vivendo

160 5754 273 5793 non
321 5740 574 5811 adjuvet,
625 5740 862 5795 omnino
911 5740 1015 5794 sibi
1060 5739 1204 5794 nihil
1247 5739 1443 5811 prosit.
1502 5742 1808 5793 Attestatur

164 5831 310 5902 huic,
335 5834 472 5904 etc.]
500 5834 643 5889 libro
671 5839 769 5889 tuo
796 5840 1025 5889 sanctus
1053 5833 1385 5888 Ambrosius
1410 5832 1470 5887 in
1504 5831 1615 5885 illis
1647 5830 1809 5886 libris

159 5941 297 5995 quos
319 5926 455 5981 fecit
499 5928 565 5983 de
592 5928 824 5984 Ofﬁciis.
847 5930 1160 5983 Attestatur
1186 5932 1412 5982 sanctus
1453 5924 1807 5997 Augustinus

153 6017 380 6076 dicens:
415 6042 442 6072 ‹‹
479 6024 554 6081 1n
579 6023 802 6083 actione
823 6038 942 6082 non
968 6021 1246 6081 amandus
1271 6025 1357 6082 est
1381 6020 1565 6080 honor
1601 6019 1662 6076 in
1701 6019 1809 6077 hac

1907 3419 2076 3457 nemo
2105 3403 2459 3474 prohibetur,
2489 3404 2640 3475 quod
2661 3404 2731 3457 ad
2751 3403 3036 3458 laudabile
3056 3403 3304 3475 pertinet
3328 3404 3541 3458 otium:

1908 3496 2062 3551 locus
2090 3513 2221 3551 vero
2248 3496 2524 3567 superior,
2562 3497 2681 3551 sine
2708 3513 2820 3568 quo
2855 3496 2976 3567 regi
3015 3496 3260 3567 populus
3297 3513 3415 3551 non
3449 3514 3546 3568 po-

1908 3594 2033 3659 test,
2063 3590 2166 3645 etsi
2190 3590 2271 3645 ita
2294 3590 2557 3644 teneatur
2590 3595 2759 3661 atque
2799 3588 3225 3644 administretur
3266 3593 3327 3644 ut
3361 3590 3540 3657 decet,

1908 3688 2101 3739 tamen
2120 3683 2448 3738 indecenter
2472 3683 2778 3754 appetitur.
2807 3682 3191 3747 Quamobrem
3217 3681 3397 3737 otium
3418 3699 3544 3736 san-

1908 3782 2063 3832 ctum
2130 3776 2338 3848 quaerit
2388 3776 2632 3831 charitas
2680 3793 2693 3830 :
2749 3775 3131 3847 percipiendae
3184 3792 3249 3829 ac
3314 3775 3542 3829 tuendae

1908 3870 2220 3926 vacandum
2248 3873 2332 3925 est
2356 3869 2578 3925 veritati
2612 3868 2732 3941 [Ms.
2757 3869 2947 3936 Tolet.,
2969 3868 3217 3923 veritatis
3247 3868 3542 3939 negotium

1899 3966 2122 4037 justum
2148 3963 2381 4035 suscipit
2423 3963 2722 4017 necessitas
2754 3961 3086 4035 charitatis].
3119 3962 3175 4017 Si
3210 3966 3401 4016 autem
3440 3961 3544 4015 im-
3613 4036 3616 4043 η

1905 4058 2156 4130 ponitur,
2187 4056 2541 4129 suscipienda
2564 4059 2649 4112 est
2676 4060 2911 4128 propter
2937 4056 3223 4110 charitatis
3248 4055 3547 4111 necessita-

1904 4158 2043 4208 tem.
2071 4152 2176 4207 Sed
2203 4167 2309 4206 nec
2336 4151 2413 4205 sic
2433 4150 2764 4205 omnimodo
2784 4149 3032 4205 veritatis
3050 4148 3172 4222 [Ms.
3200 4149 3544 4212 Tolet.,veri-

1906 4245 2026 4318 tati]
2058 4244 2352 4301 delectatio
2381 4244 2693 4300 deserenda
2719 4248 2821 4312 est,
2850 4261 2924 4299 ne
2948 4243 3278 4298 sutrahatur
3307 4243 3403 4298 illa
3421 4259 3545 4297 sua-

1904 4340 2062 4409 vitas,
2096 4342 2153 4394 et
2177 4339 2531 4411 opprimatur
2554 4339 2657 4393 ista
2684 4337 3003 4394 necessitas.

1974 4436 2286 4489 Attestatur
2309 4432 2613 4504 Gregorius
2640 4437 2884 4501 sanctus,
2921 4431 3078 4502 cujus
3104 4430 3313 4501 stylum
3348 4447 3545 4502 seque-

1905 4528 2004 4594 ris,
2041 4527 2203 4597 cujus
2229 4527 2490 4597 exemplo
2519 4526 2845 4581 delitescere
2894 4523 3177 4595 cupiebas,
3223 4527 3285 4577 ut
3323 4524 3544 4593 pondus

1906 4619 2197 4675 sacerdotii
2219 4620 2546 4687 declinares,
2576 4619 2730 4689 quod
2755 4617 2918 4689 quale
2944 4616 3014 4671 sit
3035 4616 3094 4670 in
3133 4620 3249 4671 toto
3275 4616 3418 4671 libro
3444 4621 3543 4672 tuo

1906 4713 2118 4785 liquide
2160 4712 2517 4779 declaratur;
2559 4716 2751 4766 tamen
2798 4714 2988 4782 portas
3025 4710 3178 4781 quod
3232 4710 3541 4766 metuebas.

1902 4806 2127 4862 Pondus
2146 4804 2300 4860 enim
2324 4809 2487 4859 tuum
2508 4814 2733 4858 sursum
2756 4803 2958 4872 fertur,
2978 4820 3094 4858 non
3114 4804 3407 4859 deorsum:
3427 4821 3544 4859 non

1902 4899 2054 4971 quod
2094 4904 2149 4954 te
2174 4898 2245 4952 ad
2270 4897 2387 4951 ima
2412 4900 2654 4967 premat,
2682 4897 2780 4951 sed
2806 4896 2958 4967 quod
2985 4897 3055 4953 ad
3079 4902 3229 4953 astra
3257 4898 3541 4968 sustollat;

1902 4994 2041 5049 dum
2066 5008 2168 5064 per
2198 4991 2291 5045 Dei
2317 4988 2577 5062 gratiam,
2607 4994 2664 5044 et
2689 4990 3028 5045 obedientize
3069 4991 3362 5061 meritum,
3406 5008 3543 5063 ope-

1902 5086 2094 5159 risque
2131 5084 2264 5139 boni
2300 5082 2682 5150 efﬁcientiam,
2707 5083 2770 5136 ﬁt
2814 5100 2982 5138 suave
3025 5085 3177 5155 quod
3222 5101 3325 5155 per
3361 5085 3545 5139 imbe-

1903 5179 2188 5235 cillitatem
2224 5178 2535 5231 humanam
2561 5176 2860 5231 videbatur
2901 5177 3110 5231 habere
3154 5176 3545 5248 gravedinem.

1905 5274 2050 5328 Dicis
2072 5272 2227 5327 enim
2255 5288 2321 5325 ea
2345 5287 2476 5343 qua:
2503 5274 2815 5325 consonant
2837 5270 3109 5340 apostolis
3144 5274 3201 5324 et
3227 5269 3547 5340 apostolicis

1904 5366 2038 5421 viris
2070 5382 2084 5420 :
2110 5365 2352 5438 pulcher
2378 5363 2533 5419 enim
2569 5365 2812 5436 pulchra
2844 5362 3054 5430 dixisti,
3088 5370 3145 5418 et
3198 5363 3257 5416 in
3296 5362 3384 5417 his
3413 5362 3546 5433 pul-

1905 5462 2108 5516 chrum
2132 5465 2187 5515 te
2213 5474 2332 5514 esse
2357 5458 2673 5513 ostendisti.
2702 5458 2840 5512 Nolo
2867 5473 3004 5529 ergo
3035 5460 3090 5512 te
3113 5457 3362 5512 similare
3388 5455 3546 5510 inde-

1906 5567 2036 5605 coro
2079 5549 2281 5622 pictori
2326 5547 2567 5620 pulchra
2609 5546 2903 5619 pingenti;
2934 5545 3069 5618 quia
3119 5545 3389 5618 spiritalis
3445 5545 3547 5600 d0-

1907 5644 2087 5699 ctrina
2114 5660 2146 5696 a
2172 5640 2415 5714 spiritali
2443 5643 2634 5696 mente
2664 5639 3059 5713 proﬁciscitur.
3090 5640 3221 5694 Plus
3265 5638 3552 5710 plerisque

1908 5737 2220 5792 aestimatur
2244 5736 2426 5807 pictor
2445 5735 2617 5789 homo
2639 5750 2812 5806 quam
2838 5732 3147 5788 inanimata
3170 5732 3394 5804 pictura
3418 5746 3431 5784 :
3453 5729 3550 5784 sed

1908 5830 2014 5885 hoc
2039 5846 2156 5885 non
2183 5827 2549 5883 assentationi
2588 5830 2687 5881 aut
2714 5826 3031 5881 adulationi
3060 5828 3305 5898 reputes,
3339 5823 3438 5878 sed
3464 5838 3553 5877 ve-

1909 5923 2090 5993 ritati;
2121 5922 2255 5994 quia
2284 5937 2387 5976 nec
2431 5937 2520 5975 me
2558 5920 2718 5975 decet
2752 5919 2873 5991 [Ms.
2907 5921 3098 5983 Tolet.,
3129 5918 3368 5992 oportet]
3397 5933 3554 5972 men-

1908 6017 2023 6091 tiri,
2064 6032 2168 6074 nec
2209 6020 2263 6073 te
2310 6014 2471 6073 decet
2507 6014 2716 6071 falsum
2750 6014 2980 6073 laudare
3020 6013 3143 6088 [Ms.
3188 6014 3377 6079 Talea,
3419 6011 3557 6069 falso
