4016 6240
416 498 512 550 691
1884 483 2047 538 LICID

2151 483 2200 538 ῚΙ
3687 487 3790 540 692

412 600 678 671 laudari].
717 600 863 670 Ergo
906 598 1074 670 plane
1114 595 1242 650 licet
1284 591 1428 648 fidus
1457 593 1579 662 [Ms.
1622 589 1814 654 Tolet.,
1842 589 2042 664 foedus]
2070 602 2130 679 Α
2150 590 2273 647 talis
2303 591 2596 648 ordinetur
2628 593 2727 665 qui
2748 608 2864 649 non
2889 593 3074 663 debet,
3103 597 3202 648 aut
3227 608 3345 649 non
3376 591 3447 649 sit
3508 591 3610 666 qui
3635 607 3791 651 sacra

417 699 474 751 et
495 698 571 765 te,
600 697 655 750 et
681 692 874 749 omnia
913 696 1010 746 tua
1045 688 1284 761 pulchra
1321 685 1611 756 conspexi,
1651 690 1706 740 et
1747 690 1961 742 memet
1985 685 2045 743 in
2147 685 2416 759 mysteria
2441 686 2686 742 celebret
2709 690 2796 744 vel
2827 688 3132 744 ministret.

413 788 896 862 comparationem
920 785 1007 841 tui
1036 782 1168 838 satis
1195 781 1526 838 indecorum
1550 779 1682 836 Vidi.
2218 789 2361 844 Ante
2411 802 2618 856 paucos
2660 800 2838 839 annos
2874 783 3130 839 Leander
3166 783 3465 856 episcopus
3507 783 3792 855 Spalensis

2147 897 2405 938 remeans
2455 882 2526 936 de
2571 880 2710 934 urbe
2746 879 2923 950 regia,
2970 878 3111 932 vidit
3147 894 3251 933 nos
3285 876 3640 948 praeteriens,
3692 877 3792 949 qui

2146 975 2288 1031 dixit
2311 975 2474 1030 nobis
2502 975 2710 1029 habere
2749 972 2869 1045 [Με.
2907 975 3097 1036 Tolet.,
3133 972 3210 1045 se]
3247 971 3509 1026 homilias
3550 975 3791 1026 avestra

2149 1069 2500 1125 Beatitudine
2532 1069 2708 1124 editas
2737 1068 2805 1123 de
2831 1067 2980 1122 libro
3016 1067 3195 1121 sancti
3219 1067 3339 1122 Job.
3372 1069 3439 1122 Et
3467 1067 3604 1138 quia
3628 1065 3789 1120 festi-

2145 1180 2286 1218 nans
2306 1163 2655 1236 pertransiit,
2677 1161 2916 1216 minime
2942 1178 3034 1216 eas
3060 1161 3379 1232 petentibus
3408 1160 3570 1215 nobis
3598 1164 3791 1214 osten-

2147 1258 2247 1313 dit.
2277 1261 2472 1311 Postea
2505 1273 2638 1311 vero
2684 1255 2963 1326 scripsisti
3000 1255 3050 1309 ei
3102 1255 3172 1309 de
3202 1255 3351 1309 trina
3394 1254 3698 1323 tinctione;
3729 1255 3792 1309 in

2146 1368 2260 1422 qua
2282 1350 2517 1421 epistola
2555 1366 2836 1404 memoras
2875 1349 3222 1420 displicuisse
3250 1347 3402 1402 vobis
3439 1347 3581 1402 illud
3621 1364 3789 1418 opus,

2146 1445 2241 1499 sed
2269 1445 2375 1498 hoc
2401 1442 2698 1498 salubriori
2738 1443 2969 1497 consilio
3003 1442 3262 1497 statuisse
3302 1444 3368 1495 ut
3408 1441 3468 1495 in
3508 1441 3792 1495 librorum

2148 1539 2318 1593 ductu
2353 1536 2472 1609 [Με.
2501 1539 2689 1600 Tolet.,
2708 1536 2926 1608 ductus]
2954 1553 3045 1591 eas
3068 1542 3482 1607 transponeres.
3506 1535 3793 1589 Habemus

2147 1649 2280 1687 sane
2312 1631 2532 1686 libellos
2563 1647 2660 1686 sex
2689 1631 2867 1685 sancti
2900 1629 3095 1684 Hilarii
3139 1629 3384 1701 episcopi
3411 1629 3791 1696 Pictaviensis,

2145 1742 2289 1797 quos
2316 1726 2384 1780 de
2412 1726 2602 1780 Graeco
2635 1725 2897 1795 Origenis
2925 1724 2984 1778 in
3010 1723 3278 1778 Latinum
3304 1723 3473 1778 vertit
3505 1741 3518 1777 :
3549 1723 3646 1778 sed
3671 1739 3793 1776 non

411 1832 582 1893 stum,
618 1831 674 1880 et
710 1825 862 1878 hunc
900 1821 1232 1876 cruciﬁxum
1270 1835 1282 1872 :
1327 1818 1373 1872 si
1421 1821 1614 1872 autem
1660 1834 1774 1871 non
1818 1815 2042 1884 sufﬁcit,
2146 1820 2339 1874 omnia
2369 1820 2684 1874 secundum
2711 1819 2970 1873 ordinem
2995 1817 3123 1872 libri
3155 1817 3334 1872 sancti
3372 1818 3471 1872 Job
3506 1816 3790 1888 exposuit.

408 1936 580 1976 nemo
607 1919 715 1973 erit
742 1917 802 1971 in
821 1917 927 1970 hoc
953 1914 1098 1968 libro
1132 1913 1252 1985 [Ms.
1285 1912 1472 1974 Tolet.,
1503 1910 1640 1983 loco]
1687 1910 1786 1982 qui
1828 1909 2107 1985 peritus_
2147 1916 2211 1968 Et
2237 1913 2367 1967 satis
2399 1913 2576 1967 miror
2616 1913 2910 1967 hominem
2947 1912 3342 1967 doctissimum
3396 1917 3452 1966 et
3503 1917 3790 1978 sanctum,

410 2031 529 2071 esse
557 2013 797 2080 dicatur;
829 2025 999 2064 nemo
1028 2008 1134 2062 erit
1151 2007 1347 2077 utique
1378 2005 1653 2074 sacerdos,
1682 2004 1730 2057 si
1755 2003 1862 2057 nisi
1892 2003 2043 2074 peri-
2063 1979 2121 2052 Β
2146 2013 2209 2062 ut
2237 2009 2307 2062 de
2338 2007 2515 2061 stellis
2541 2006 2775 2060 maenias
2809 2006 3067 2078 Origenis
3095 2006 3447 2060 transferret.
3478 2005 3633 2074 Mihi,
3667 2021 3797 2059 nsa—

486 981 642 1037 Unde
669 993 868 1050 precor
895 991 998 1047 per
1020 973 1258 1046 gratiam
1284 972 1401 1043 Dei,
1434 988 1562 1044 qua:
1587 972 1646 1026 in
1674 975 1727 1026 te
1750 970 2043 1039 exuberat,

412 1081 478 1132 ut
526 1090 642 1130 non
682 1087 912 1142 respuas
950 1070 1386 1140 deprecantem;
1422 1068 1519 1122 sed
1560 1066 1804 1121 libenter
1849 1065 2046 1120 doceas

412 1187 540 1243 quae
562 1183 652 1222 me
671 1168 851 1221 fateor
875 1164 1157 1234 ignorare.
1187 1161 1594 1233 Compellimur
1622 1160 1778 1215 enim
1802 1158 2043 1214 necessi-

411 1269 524 1320 tate
549 1263 734 1317 facere
762 1259 915 1331 quod
940 1258 1137 1311 doceas
1183 1255 1302 1328 [Με.
1337 1257 1525 1318 Tolet.,
1556 1255 1692 1308 dicis
1721 1271 1835 1308 non
1874 1252 2041 1325 ﬁeri].

409 1358 629 1414 Peritus
655 1355 808 1410 enim
834 1354 972 1407 dum
1002 1367 1118 1405 non
1141 1349 1425 1420 reperitur
1454 1349 1552 1421 qui
1574 1349 1642 1403 ad
1674 1347 1923 1402 ofﬁcium
1951 1362 2042 1401 sa-

407 1451 692 1508 cerdotale
719 1447 926 1513 veniat,
951 1445 1089 1517 quid
1109 1444 1361 1498 ﬁendum
1382 1445 1486 1512 est,
1509 1442 1617 1497 nisi
1640 1447 1700 1496 ut
1722 1440 2040 1512 imperitus,

407 1551 474 1602 ut
498 1562 604 1617 ego
633 1560 780 1612 sum,
808 1541 1102 1596 ordinetur
1119 1539 1146 1592 ‘I
1171 1538 1339 1592 Jubes
1366 1541 1431 1591 ut
1455 1553 1571 1591 non
1599 1536 1891 1590 ordinetur
1929 1535 2042 1588 im-

406 1640 641 1712 peritus.
669 1637 776 1692 Sed
795 1637 1098 1705 pertractet
1122 1631 1426 1703 prudentia
1455 1637 1570 1698 tua,
1591 1629 1829 1699 ne'_forte
1855 1629 1925 1683 ad
1952 1645 2046 1699 pe-

407 1733 597 1789 ritiam
630 1731 748 1803 [Με.
781 1730 969 1790 Tolet.,
999 1726 1130 1798 non]
1159 1724 1401 1780 sufﬁciat
1422 1725 1475 1778 ei
1506 1724 1645 1778 scire
1665 1725 1858 1778 Jesum
1886 1721 2045 1777 Chri-

409 2115 500 2165 tus
526 2123 642 2162 esse
666 2121 781 2159 non
812 2102 996 2158 debet.
1029 2099 1273 2171 Bigamis
1301 2098 1456 2153 enim
1491 2101 1688 2169 aperta
1730 2097 1915 2152 fronte
1953 2113 2043 2152 re-

416 2201 687 2269 sistimus,
706 2214 778 2253 ne
801 2198 1218 2251 sacramentum
1242 2193 1439 2264 utique
1465 2195 1880 2262 corrumpatur.
1905 2191 2049 2255 Quid

411 2298 460 2353 si
498 2296 667 2351 unius
701 2292 896 2348 uxoris
925 2289 1009 2344 vir
1037 2293 1167 2342 ante
1212 2303 1468 2356 uxorem,
1520 2286 1817 2340 mulierem
1853 2285 2050 2355 tetige-

409 2391 537 2446 rit?
565 2389 708 2454 Quid
744 2386 791 2439 si
833 2399 1075 2440 uxorem
1119 2399 1234 2436 non
1277 2380 1559 2446 habuerit,
1607 2384 1663 2433 et
1701 2383 1896 2434 tamen
1930 2378 2048 2433 sine

408 2482 664 2539 mulieris
689 2485 844 2536 tactu
869 2495 988 2533 non
1006 2476 1220 2531 fuerit?
1248 2475 1551 2529 Consulare
1587 2490 1689 2527 nos
1733 2474 1876 2544 stylo
1923 2477 2044 2543 tuo,

409 2581 474 2631 ut
524 2592 642 2631 non
675 2573 983 2645 puniamur
1017 2586 1120 2624 nec
1164 2573 1376 2637 nostro,
1423 2583 1528 2622 nec
1570 2567 1754 2622 alieno
1794 2570 2044 2638 peccato.

409 2670 581 2724 Valde
608 2667 761 2723 enim
785 2665 1114 2732 metuimus,
1145 2679 1217 2717 ne
1247 2678 1349 2732 per
1373 2661 1764 2715 necessitatem
1789 2677 1854 2717 ea
1888 2660 2050 2715 facia-

410 2781 538 2819 mus
563 2779 689 2834 quze
719 2777 838 2815 non
864 2759 1155 2814 debemus.
1192 2758 1328 2810 Ecce
1371 2755 1751 2810 obediendum
1782 2759 1865 2809 est
1896 2772 2046 2826 prae-

412 2858 587 2929 ceptis
615 2856 745 2925 tuis,
792 2859 858 2909 ut
884 2853 1008 2908 talis
1037 2851 1152 2920 ﬁat,
1185 2850 1364 2922 qualis
1404 2849 1523 2921 [Ms.
1558 2851 1745 2917 Tolet.,
1775 2849 2046 2922 qualem),

411 2951 719 3025 apostolica
758 2949 923 3004 docet
951 2945 1249 3001 auctoritas
1279 2963 1292 2999 :
1321 2947 1376 2998 et
1400 2960 1516 2998 non
1557 2943 1840 3015 reperitur
1868 2944 2050 3014 qualis

409 3045 724 3118 quaeritur;
756 3041 993 3097 cessabit
1022 3056 1156 3110 ergo
1177 3039 1315 3092 ﬁdes
1335 3054 1465 3109 quae
1492 3040 1712 3092 constat
1735 3053 1805 3092 ex
1829 3037 2046 3106 auditu,

412 3139 650 3195 cessabit
673 3136 1008 3208 baptismus,
1039 3133 1085 3187 si
1109 3149 1227 3187 non
1253 3131 1426 3186 fuerit
1453 3131 1551 3203 qui
1575 3131 1837 3202 baptizet.
1863 3132 2050 3186 Cessa-

411 3234 558 3288 bunt
593 3232 688 3285 illa
719 3231 1066 3284 sacrosancta
1102 3225 1390 3297 mysteria,
1419 3241 1547 3296 quae
1586 3241 1689 3296 per
1732 3225 2050 3280 sacerdotes

411 3325 558 3382 ﬁunt
583 3330 639 3380 et
664 3323 970 3379 ministros.
999 3323 1061 3375 In
1081 3324 1326 3392 utroque
1347 3319 1669 3390 periculum
1693 3323 1921 3389 manet;
1949 3323 2051 3374 aut

2149 2101 2392 2156 ctissime
2421 2102 2600 2167 Pater,
2624 2101 2782 2154 nullo
2811 2103 2973 2170 pacto
2998 2100 3220 2154 suaderi
3245 2105 3448 2172 potest,
3473 2105 3535 2154 ut
3562 2099 3795 2154 credam

2149 2200 2296 2250 astra
2336 2195 2460 2248 coeli
2501 2194 2733 2266 spiritus
2777 2193 2897 2265 [Μς.
2947 2195 3137 2256 Tolet.,
3182 2194 3411 2266 habere]
3469 2193 3796 2259 rationales,

2149 2305 2278 2360 quae
2298 2305 2486 2360 neque
2515 2304 2646 2342 cum
2672 2288 2909 2359 angelis,
2926 2305 3109 2362 neque
3139 2305 3270 2342 cum
3297 2288 3624 2342 hominibus
3651 2289 3803 2342 facta

2151 2399 2269 2439 esse
2295 2382 2585 2454 Scriptura
2623 2387 2814 2436 saneta
2840 2382 3102 2437 declarat.
3137 2382 3412 2453 Dignetur
3431 2399 3568 2454 ergo
3604 2382 3796 2437 Beati-

2151 2478 2285 2531 tudo
2311 2480 2495 2531 vestra
2526 2493 2669 2548 Opus
2709 2476 2897 2547 ipsum
2927 2477 2994 2531 de
3024 2477 3171 2530 libro
3217 2476 3394 2530 sancti
3429 2476 3562 2545 Job;
3611 2476 3707 2531 sed
3742 2481 3806 2531 et

2149 2571 2288 2625 alios
2314 2571 2489 2625 libros
2514 2572 2772 2638 morales,
2805 2587 2946 2640 quos
2974 2570 3169 2624 fecisse
3198 2574 3252 2624 te
3277 2586 3560 2624 memoras
3586 2570 3646 2624 in
3688 2571 3803 2624 hoc

2137 2665 2294 2719 'libro
2344 2665 2716 2736 Regularum,
2775 2663 3072 2735 exiguitati
3130 2662 3248 2734 [Με.
3309 2665 3498 2726 Tolet.,
3562 2667 3803 2734 nostrae)

2149 2758 2554 2813 transmittere.
2589 2757 2691 2812 Tui
2719 2757 2876 2812 enim
2917 2774 3132 2824 sumus,
3175 2761 3271 2811 tua
3313 2758 3503 2828 legere
3546 2757 3802 2812 delecta-

2149 2868 2299 2905 mur.
2328 2851 2583 2922 Optabile
2610 2867 2857 2923 namque
2883 2855 2968 2906 est
2993 2850 3137 2904 mihi
3166 2857 3223 2906 et
3258 2851 3618 2922 praeclarum,
3649 2851 3809 2906 sicut

2149 2949 2281 2999 tuus
2304 2944 2608 3015 Gregorius
2635 2945 2734 3013 ait,
2767 2961 2948 3016 usque
2976 2945 3046 2998 ad
3076 2945 3335 3000 ultimam
3363 2945 3578 2999 discere
3602 2961 3803 3000 senec-

2148 3041 2349 3094 tutem.
2379 3039 2727 3094 Incolumem
2753 3054 3018 3092 coronam
3043 3042 3285 3093 vestram
3323 3039 3394 3093 ad
3419 3039 3804 3094 erudiendam

2151 3132 2450 3187 Ecclesiam
2479 3149 2640 3186 suam
2668 3137 2857 3188 sancta
2885 3132 3126 3187 Trinitas
3155 3133 3303 3186 Deus
3337 3148 3668 3188 conservare
3705 3133 3804 3187 di-

2153 3231 2380 3298 gnetur,
2409 3227 2554 3282 sicut
2582 3231 2863 3300 optamus,
2893 3225 3212 3282 beatissime
3239 3229 3404 3282 Pater
3455 3225 3576 3299 [Ma
3598 3228 3800 3290 Tolet.,

2152 3319 2320 3393 Papa]
2336 3361 2348 3375 .

1921 3561 2297 3628 LICINIANI

878 3696 1432 3791 EPISTOLA
1511 3697 1631 3803 II,
1709 3699 1871 3792 AD.
1935 3698 2642 3791 EPIPHANIUM
2719 3698 3342 3802 DIACONUM,

522 3867 584 3910 IN
629 3864 754 3920 QUA
797 3863 1185 3910 OSTENDITUR
1229 3863 1512 3910 ANGELOS
1557 3864 1634 3907 ET
1674 3862 1909 3907 ΑΝῙΜΑΒ
1955 3862 2343 3908 RATIONALES
2389 3863 2540 3909 ESSE
2584 3864 2882 3922 SPIRITUS,
2932 3863 3071 3909 SIVE
3115 3863 3335 3909 TOTIUS
3380 3864 3684 3910 CORPORIS

1933 3944 2248 3988 EXPERTES
2258 3973 2270 3986 .

1636 4044 1752 4114 (Ex.
1793 4060 1899 4098 ms.
1943 4043 2205 4100 Ecclesia
2243 4045 2578 4115 Toletanae.)

485 4259 725 4315 Domino
780 4263 970 4314 sancto
1039 4259 1204 4314 fratri
1247 4259 1564 4333 Epiphanio
1609 4261 1867 4334 diacono,
1906 4262 2047 4318 Lici-
2069 4275 2124 4349 ρ
2151 4263 2559 4335 cognoscimus,
2593 4265 2743 4336 quod
2771 4269 2983 4336 quanto
3011 4267 3394 4337 congruenter
3413 4264 3808 4336 responderis,

416 4355 620 4410 nianus
647 4359 702 4409 et
723 4355 960 4409 Severus
987 4353 1199 4427 exigui.

486 4448 664 4503 Lectis
684 4448 887 4504 litteris
906 4449 1035 4520 tuis,
1059 4449 1234 4504 frater
1249 4448 1597 4521 charissime,
1629 4451 1830 4522 grandi
1857 4468 2052 4506 sumus

413 4543 788 4599 admiratione
819 4543 1081 4613 permoti,
1116 4559 1183 4598 eo
1223 4545 1373 4615 quod
1413 4545 1719 4615 quemdam
1764 4545 1949 4599 virum
1990 4546 2051 4601 in

412 4643 570 4693 tanto
597 4637 928 4692 sacerdotali
954 4638 1202 4693 culmine
1231 4638 1620 4707 constitutum,
1652 4639 1810 4710 cujus
1841 4656 2051 4695 nomen

416 4732 486 4787 ob
521 4731 895 4786 reverentiam
925 4732 1046 4803 ejus
1082 4732 1265 4788 dicere
1314 4732 1602 4802 nolumus,
1652 4733 1860 4788 sentire
1899 4734 2052 4789 dicas

414 4828 805 4880 creaturarum
831 4825 977 4879 nihil
1006 4842 1124 4881 esse
1155 4826 1306 4897 quod
1337 4825 1614 4897 spirituali
1655 4827 1885 4882 nomine
1915 4845 2048 4883 cen-

413 4923 622 4989 seatur,
653 4935 996 4991 omnemque
1033 4924 1295 4974 naturam
1323 4936 1451 4991 quae
1477 4936 1590 4974 non
1618 4925 1701 4975 est
1727 4922 1877 4992 quod
1907 4923 2051 4976 Deus

411 5018 514 5082 est,
539 5013 814 5086 corporali
840 5013 1008 5067 modo
1035 5016 1256 5068 tantum
1292 5013 1442 5068 ﬁniri
1465 5031 1480 5083 ;
1507 5018 1561 5069 et
1583 5020 1817 5086 excepto
1864 5015 2046 5070 Trini-

409 5114 522 5166 tate
552 5110 690 5177 Deo,
724 5123 839 5161 non
865 5107 1050 5160 solum
1080 5107 1492 5162 irrationalium
1516 5108 1748 5179 spiritus
1766 5110 2052 5181 jumento-

410 5221 560 5271 rum,
583 5204 857 5271 ferarum,
887 5201 972 5256 vel
999 5200 1208 5270 avium,
1236 5202 1321 5256 vel
1352 5202 1725 5274 reliquorum,
1759 5203 1818 5258 in
1846 5205 2052 5276 quibus

411 5301 495 5353 est
520 5296 834 5352 secundum
869 5296 1186 5368 Scripturas
1224 5295 1452 5367 spiritus
1477 5297 1625 5367 vitae,
1656 5315 1848 5353 verum
1880 5299 2050 5354 etiam

408 5391 772 5447 rationalium
803 5390 1035 5461 spiritus
1079 5390 1415 5461 angelorum
1458 5393 1544 5446 vel
1585 5393 1903 5463 hominum,
1936 5411 2052 5449 non

410 5486 613 5540 debere
645 5484 750 5540 dici
782 5484 1032 5556 spiritus,
1065 5484 1160 5539 sed
1188 5501 1442 5557 corpora,
1468 5489 1740 5559 tanquam
1793 5487 2052 5543 homines

407 5595 521 5632 non
529 5579 649 5648 jam
667 5596 736 5633 ex
751 5578 951 5650 spiritu
964 5583 1018 5632 et
1032 5596 1287 5650 corpore,
1308 5580 1403 5634 sed
1431 5597 1501 5636 ex
1517 5581 1734 5635 duobus
1750 5581 2054 5637 subsistant

2153 4358 2340 4412 omnis
2367 4358 2466 4429 qui
2489 4359 2801 4430 Scripturas
2830 4362 3048 4414 sanctas
3086 4359 3276 4430 legere
3314 4362 3372 4412 et
3409 4351 3648 4413 credere
3679 4365 3807 4413 stu-

2152 4451 2266 4519 det,
2297 4451 2588 4523 intelligit.
2618 4452 2788 4506 Addis
2817 4453 3012 4522 etiam,
3042 4457 3108 4507 ut
3150 4452 3253 4507 tibi
3293 4452 3466 4506 libros
3501 4452 3653 4506 beati
3683 4456 3807 4507 Au-

2154 4545 2386 4616 gustini,
2418 4547 2513 4600 sed
2535 4549 2591 4601 et
2620 4549 2957 4600 caeterorum
2989 4546 3086 4618 qui
3109 4547 3178 4602 de
3208 4547 3314 4602 hac
3340 4563 3401 4601 re
3427 4546 3810 4616 deﬁnierunt,

2153 4643 2621 4711 quantoscunque
2661 4640 2871 4695 habere
2900 4640 3180 4708 videmur,
3226 4641 3296 4695 ad
3344 4640 3814 4696 convincendum

2152 4736 2357 4805 virum,
2391 4738 2488 4809 qui
2522 4739 2981 4808 responsionibus
3022 4739 3132 4793 tuis
3165 4740 3488 4794 nullatenus
3521 4741 3817 4795 assentire

2153 4831 2440 4902 dignatur,
2473 4833 2858 4888 transmittere
2889 4834 3234 4888 debeamus:
3268 4835 3355 4889 vel
3383 4838 3531 4889 certe
3559 4834 3726 4889 nobis
3761 4837 3821 4890 si

2152 4924 2363 4996 aliquid
2386 4925 2651 4981 divinitus
2668 4927 2841 4983 fuerit
2860 4927 3222 4999 inspiratum,
3246 4933 3309 4983 ut
3332 4928 3645 4982 scribamus
3669 4929 3823 4984 hor-

2151 5019 2310 5074 taris.
2337 5020 2493 5075 Unde
2525 5021 2661 5075 sciat
2689 5021 2951 5076 sanctitas
2976 5027 3177 5090 vestra,
3219 5022 3265 5076 si
3311 5021 3490 5076 otium
3534 5028 3844 5080 nostmni"

2153 5130 2266 5167 non
2296 5115 2657 5185 perturbaret
2685 5115 2964 5187 temporis
3001 5116 3263 5188 qualitas,
3296 5121 3353 5171 et
3392 5116 3588 5170 liceret
3630 5121 3700 5171 ut
3745 5118 3824 5172 li-

2150 5206 2281 5262 bros
2298 5209 2545 5278 eosdem,
2569 5225 2711 5280 quos
2733 5226 3036 5280 memoras,
3060 5211 3404 5265 haberemus
3423 5210 3480 5264 in
3503 5216 3824 5284 promptu,

2151 5302 2426 5358 voluntati
2453 5307 2566 5358 tua:
2602 5303 2840 5359 voluisse
2885 5321 3104 5376 parere.
3138 5305 3246 5360 Sed
3285 5305 3417 5376 quia
3445 5320 3563 5359 non
3597 5322 3825 5376 possu-

2153 5413 2279 5450 mus
2306 5398 2457 5469 quod
2484 5398 2760 5467 volumus,
2795 5399 2855 5453 id
2881 5399 3080 5453 saltem
3106 5399 3369 5454 volumus
3408 5399 3563 5471 quod
3604 5417 3833 5472 possu-

2152 5507 2281 5545 mus
2318 5509 2330 5546 :
2364 5495 2421 5547 et
2445 5491 2548 5548 tibi
2574 5509 2688 5547 non
2713 5509 2841 5564 quae
2868 5510 2970 5548 nos
2991 5492 3098 5564 ipsi
3126 5493 3471 5548 voluntatem
3497 5501 3834 5565 sequentes

2153 5588 2405 5640 nostram
2483 5586 2718 5642 delinire
2775 5587 3150 5659 potuerimus,
3225 5587 3488 5659 quodque
3541 5589 3835 5659 [Videtur

409 5673 762 5742 corporibus,
795 5677 850 5726 et
883 5673 1068 5743 angeli
1099 5675 1494 5729 tantummodo
1516 5676 1772 5745 corporei
1791 5692 1911 5730 esse
1939 5693 2053 5732 cre-
2071 5655 2130 5729 D
2157 5679 2461 5746 legendum,
2483 5681 2580 5735 sed
2606 5681 2775 5754 quod]
2804 5682 2863 5735 in
2887 5681 3220 5736 memoriam
3248 5685 3502 5736 nostram
3530 5699 3600 5737 ex
3622 5685 3835 5741 senio-

411 5763 633 5817 dantur.
658 5766 770 5817 Hoc
797 5764 969 5818 etiam
993 5766 1052 5820 in
1073 5767 1388 5837 prejudicio
1409 5768 1729 5822 animarum
1749 5770 2052 5839 adducens,

412 5854 562 5920 quod
588 5855 633 5904 si
658 5856 858 5908 locales
885 5857 1088 5926 forent,
1119 5860 1369 5929 profecto
1395 5865 1449 5915 et
1498 5863 1809 5931 corporales
1843 5863 2048 5919 forent.

484 5944 640 5996 Unde
661 5946 845 5999 subito
875 5956 1210 6016 praeventus,
1245 5955 1519 6008 nonnulla
1547 5955 1869 6011 testimonia
1895 5958 2045 6012 Scri-

412 6037 708 6101 pturarum
735 6042 923 6091 contra
953 6041 1058 6094 hoc
1084 6045 1411 6113 opposuisse
1446 6048 1665 6119 scriptis
1693 6050 1804 6105 tuis
1835 6052 2046 6107 inserta

2156 5789 2285 5826 rum
2315 5778 2637 5828 nostrorum
2667 5774 3093 5829 deﬁnitionibus
3133 5775 3460 5847 colligentes
3499 5792 3830 5833 coacerva-

2155 5866 2360 5936 vimus,
2397 5868 2640 5922 scribere
2670 5869 2924 5940 profecto
2955 5868 3299 5924 curabimus.

2221 5960 2329 6014 Sed
2354 5977 2507 6014 nunc
2545 5961 2668 6032 jam
2710 5963 3002 6018 videamus
3039 5963 3177 6035 quid
3217 5964 3284 6019 de
3309 5963 3526 6034 angelis
3557 5964 3836 6022 Psalmo-

2149 6053 2399 6124 graphus
2430 6054 2608 6111 dicat:
2637 6057 2743 6124 Qui
2755 6059 2898 6124 facit
2919 6057 3145 6130 (inquit)
3161 6060 3379 6128 angelos
3398 6073 3520 6116 suos
3544 6061 3830 6129 spiritus,
