4016 6240
161 394 256 447 693

1114 390 1438 448 EPISTULA
1485 389 1550 456 ll,
1600 389 1688 445 AD
1736 387 2152 445 EPIPHANIUM
2199 386 2564 444 DlAC-ONUM.

3425 385 3530 443 694

161 505 211 557 et
232 500 509 557 ministros
534 512 658 557 suos
694 503 969 571 ﬂammam
1010 501 1173 570 ignis.
1202 498 1471 555 Advertat
1494 496 1672 569 igitur
1696 494 1794 569 qui
1815 505 1876 581 Α
1894 495 2180 567 intelligit,
2208 494 2296 551 vel
2321 493 2705 564 ratiocinatur,
2732 490 3044 550 secundum
3055 491 3207 565 quod
3234 492 3370 550 dicit
3385 492 3532 565 Apo-

166 594 295 650 dicit
325 595 562 667 angelos
591 611 889 667 corporeos
924 609 1063 663 esse,
1106 593 1239 666 quia
1271 592 1413 648 dixit
1455 611 1472 648 :
1521 593 1627 661 Qui
1658 592 1796 660 facit
1895 592 2071 647 stolus
2098 607 2113 645 :
2150 592 2316 646 Testis
2341 593 2419 645 est
2448 590 2589 645 enim
2613 589 2751 645 mihi
2774 592 2933 651 Deus,
2959 590 3047 644 cui
3060 591 3232 644 servio
3253 590 3312 644 in
3332 590 3534 659 spiritu

166 690 394 760 Angelos
437 705 562 746 suos
599 692 844 761 spiritus,
892 705 1008 745 non
1046 704 1307 760 corpora.
1343 686 1598 759 Angelus
1638 686 1795 742 enim
1893 700 2027 741 meo.
2054 685 2235 750 Quem
2259 683 2402 739 dixit
2434 682 2528 739 hic
2561 682 2857 756 spiritum,
2890 682 3025 738 alibi
3051 686 3302 740 mentem
3331 682 3531 754 appel-

169 785 372 855 Grtece,
404 785 601 840 Latine
627 786 851 841 nuntius
880 783 1106 854 dicitur,
1146 782 1204 837 id
1234 785 1336 850 est,
1375 781 1476 852 qui
1516 780 1649 835 facit
1690 780 1798 853 spi-

1895 778 1993 847 lat,
2023 777 2261 833 dicendo
2294 794 2308 832 :
2350 780 2463 848 Ego
2488 781 2672 833 autem
2712 780 2885 833 mente
2930 778 3102 832 servio
3148 777 3253 847 legi
3297 778 3417 832 Dei.
3467 776 3537 832 Et

169 880 305 936 ritus
331 895 464 936 suos
492 879 739 935 nuntios.
776 880 1081 951 Propterea
1103 881 1160 933 et
1185 875 1472 949 apostolus
1501 875 1709 930 Paulus
1727 874 1800 930 ad
1898 872 2109 928 iterum
2139 889 2153 927 :
2184 875 2291 931 Nos
2318 875 2500 927 autem
2528 870 2754 944 (inquit)
2793 886 2978 927 sumus
3023 872 3388 934 circumcisio,
3438 871 3537 942 qui

170 973 425 1031 Hebraeos
465 974 547 1030 ait
574 994 589 1030 :
623 978 810 1034 Nonne
835 988 1012 1029 omnes
1037 975 1163 1028 sunt
1190 971 1658 1026 administratores
1682 969 1798 1040 spi-

169 1071 303 1125 ritus
330 1071 390 1133 in
408 1071 773 1125 ministerium
801 1070 954 1123 missi
965 1071 1190 1138 propter
1212 1081 1295 1121 eos
1319 1066 1416 1135 qui
1433 1064 1803 1119 hereditatem

172 1167 389 1235 capiunt
414 1164 615 1219 salutis
634 1166 662 1218 ?
688 1166 751 1218 In
775 1161 979 1233 angelo
998 1160 1152 1216 enim
1177 1175 1388 1215 nomen
1413 1158 1582 1213 ofﬁcii
1601 1156 1803 1213 intellic

1897 968 2097 1038 spiritu
2124 968 2231 1021 Deo
2257 968 2537 1021 servimus.

1974 1059 2189 1115 Dicitur
2214 1063 2269 1115 et
2297 1058 2527 1131 spiritus
2552 1057 2633 1113 vis
2657 1058 2920 1131 quaedam
2949 1058 3156 1114 animae
3174 1062 3366 1115 mente
3392 1057 3534 1115 infe~

1901 1154 2038 1222 rior,
2058 1153 2159 1209 ubi
2184 1155 2412 1208 cunctas
2431 1152 2783 1224 imaginatur
2798 1151 3192 1208 similitudines
3210 1168 3539 1225 corporum,

177 1258 274 1329 git,
304 1257 363 1312 in
383 1256 589 1329 s'piritu
615 1256 813 1312 scilicit
835 1271 1047 1312 nomen
1067 1258 1307 1310 naturai.
1340 1252 1607 1309 Similiter
1630 1251 1804 1307 etiam
1905 1247 2217 1304 secundum
2267 1247 2410 1303 illud
2448 1245 2701 1319 Apostoli

2743 1262 2757 1301 :
2801 1247 2977 1303 Orabo
3025 1240 3247 1318 spiritu,
3295 1247 3457 1303 orabo
3491 1251 3543 1302 et

174 1352 231 1407 in
253 1351 404 1407 Actis
440 1351 825 1423 apostolorum
852 1351 1028 1405 Lucas
1054 1350 1123 1405 de
1148 1348 1411 1421 Philippo
1452 1346 1627 1403 refert
1651 1344 1806 1418 quod
1906 1346 2100 1398 mente.

174 1445 406 1517 angelus
444 1446 519 1501 sit
543 1446 594 1500 ei
620 1445 860 1513 locutus,
912 1447 974 1499 ut
1006 1443 1371 1499 descenderet
1408 1442 1469 1497 in
1511 1454 1809 1496 occursum

176 1539 417 1611 Ethiopi
446 1540 741 1611 eunucho;
773 1544 831 1595 et
868 1542 996 1611 post
1036 1538 1335 1611 paululum
1381 1535 1538 1604 dicit,
1567 1537 1807 1606 praeter-

177 1634 345 1690 misso
374 1634 611 1690 nomine
632 1634 827 1707 angeli
855 1651 869 1688 :
900 1635 1054 1689 Dixit
1074 1637 1255 1688 autem
1276 1633 1501 1702 spiritus
1519 1630 1809 1700 Philippo:

1980 1435 2195 1491 Dicitur
2217 1439 2273 1491 et
2300 1434 2533 1507 spiritus
2566 1433 2827 1489 omnium
2871 1433 3208 1490 animalium
3244 1434 3542 1491 irrationa-

1908 1530 2072 1598 lium,
2102 1529 2416 1585 secundum
2441 1528 2583 1583 illud
2619 1527 2848 1584 Genesis
2873 1545 2890 1583 :
2928 1530 3293 1599 Universaque
3324 1528 3546 1601 (inquit)

1899 1625 2153 1695 jumenta
2176 1626 2235 1678 in
2261 1638 2425 1693 genus
2448 1637 2627 1686 suum,
2653 1627 2704 1677 et
2732 1638 2882 1678 omne
2903 1622 3049 1692 quod
3072 1627 3312 1677 movetur
3328 1624 3387 1677 in
3402 1626 3550 1678 terra

86 1722 95 1735 “
181 1730 399 1792 Accede,
427 1734 480 1785 et
504 1729 740 1800 adjunge
758 1733 807 1784 te
831 1728 906 1783 ad
927 1742 1146 1783 currum
1163 1724 1545 1781 istum.Videat
1563 1722 1813 1795 profecto
1910 1721 1970 1773 in
2005 1733 2195 1787 genere
2230 1732 2355 1800 suo,
2397 1720 2748 1787 cunctumque
2787 1717 3009 1771 volatile
3053 1716 3343 1770 secundum
3389 1730 3554 1787 genus

179 1839 345 1895 quem
389 1822 653 1903 superius
699 1822 921 1879 dixerat
967 1821 1270 1893 angelum,
1315 1821 1511 1891 postea
1550 1816 1814 1890 spiritum
1836 1886 1888 1903 ἢ
1912 1828 2090 1877 suum,
2145 1796 2408 1867 universa
2462 1826 2618 1874 aves,
2678 1825 2961 1881 omnesque
3004 1810 3242 1865 volucres
3302 1810 3557 1880 ingressa

180 1934 513 1990 nuncupari.

248 2013 350 2069 Sed
378 2017 434 2067 et
458 2012 533 2067 de
565 2011 784 2084 angelis
825 2010 1010 2079 malis,
1047 2008 1306 2082 quamvis
1332 2007 1402 2063 de
1429 2005 1693 2061 societate
1720 2005 1818 2059 bo-

180 2124 383 2164 norum
408 2107 747 2179 angelorum
773 2104 1338 2174 desciverint,tamen
1350 2100 1484 2173 quia
1506 2100 1674 2155 unius
1685 2102 1819 2154 sunt

182 2207 417 2271 natum,
445 2204 639 2257 sancta
681 2200 971 2271 Scriptura
1007 2196 1201 2252 multis
1236 2195 1371 2250 locis
1404 2211 1521 2249 non
1559 2210 1654 2249 eos
1697 2208 1820 2247 cor-

185 2313 338 2368 pora,
366 2296 465 2351 sed
498 2295 732 2367 spiritus
762 2310 881 2349 esse
922 2292 1114 2348 refert.
1144 2290 1351 2345 Paulus
1378 2288 1667 2360 apostolus
1694 2287 1773 2342 ait
1799 2304 1813 2342 :

185 2392 331 2460 Quod
357 2406 465 2445 non
489 2392 563 2445 sit
584 2390 735 2443 nobis
760 2388 1063 2442 colluctatio
1084 2385 1343 2441 adversus
1372 2398 1588 2438 carnem
1613 2385 1663 2437 et
1687 2396 1818 2435 san-

78 2550 81 2551 ν
186 2488 413 2555 guinem,
440 2484 537 2539 sed
563 2483 821 2537 adversus
839 2482 1112 2552 principes
1142 2482 1193 2533 et
1227 2481 1537 2548 potestates,
1565 2475 1821 2530 adversus

186 2579 374 2634 mundi
395 2582 624 2633 rectores
648 2576 989 2631 tenebran
1018 2574 1212 2627 harum
1239 2590 1255 2625 :
1288 2574 1477 2625 contra
1503 2569 1823 2639 spiritualia

190 2674 439 2744 nequitiae
475 2673 537 2725 in
579 2670 894 2725 ealestibus.
926 2667 981 2723 Si
1009 2665 1188 2739 igitur
1212 2680 1449 2735 corpora
1473 2666 1677 2732 essent,
1704 2677 1825 2717 non

192 2765 437 2839 spiritus,
464 2780 586 2819 non
613 2762 844 2818 dixisset
887 2778 900 2815 :
948 2764 1135 2815 contra
1178 2758 1497 2830 spiritualia
1534 2757 1821 2826 nequitiae;

192 2860 303 2928 sed,
335 2862 533 2915 contra
560 2855 873 2929 corporalia
887 2853 1178 2925 nequitiae.
1205 2854 1271 2906 Et
1286 2850 1555 2905 Dominus
1571 2849 1631 2904 in
1655 2851 1827 2904 Evan-

195 2954 359 3027 gelio,
382 2956 518 3013 Cum
544 2954 772 3023 spiritus
798 2948 1022 3021 (inquit)
1048 2946 1359 3002 immundus
1400 2946 1593 3000 exierit
1630 2944 1699 2997 ab
1728 2944 1824 2998 ho-

195 3052 351 3111 mine,
374 3048 622 3103 ambulat
638 3062 738 3117 per
763 3045 878 3099 loca
902 3046 1186 3112 inaquosa,
1212 3054 1455 3117 quaerens
1488 3039 1750 3108 requiem,
1778 3041 1831 3091 et

193 3159 294 3198 non
324 3145 577 3204 inveniet,
591 3113 855 3196 et—deinde
872 3137 1036 3192 vadet
1054 3138 1351 3190 etassumet
1373 3113 1574 3203 septem
1596 3133 1830 3203 spiritus

197 3239 468 3308 nequiores
498 3251 570 3291 se.
600 3236 669 3289 Et
692 3234 754 3287 in
774 3234 1107 3303 Regnorum
1132 3228 1294 3283 libris
1320 3226 1585 3282 scribitur
1614 3241 1628 3280 :
1653 3228 1828 3296 Egre-
1851 3262 1906 3337 Ο

197 3333 318 3387 diar
344 3329 569 3403 (inquit)
597 3333 647 3384 et
663 3344 749 3384 ero
763 3328 989 3399 spiritus
1014 3324 1250 3379 mendam
1267 3324 1325 3377 in
1349 3336 1439 3376 ore
1456 3322 1693 3376 omnium
1703 3334 1832 3390 pro-

195 3427 477 3497 phetarum
505 3423 637 3493 ejus.
673 3424 741 3477 Et
767 3420 932 3476 alibi:
960 3421 1199 3490 Spiritus
1222 3416 1597 3485 fornicationis
1625 3414 1832 3485 decepit

202 3535 298 3575 eos.
324 3521 405 3574 En
430 3518 604 3573 habet
628 3533 743 3571 non
772 3515 954 3570 solum
980 3512 1213 3585 angelos
1232 3510 1645 3580 bonos,verum
1663 3506 1835 3563 etiam

201 3614 421 3685 angelos
446 3612 629 3667 malos
655 3609 884 3682 spiritus
914 3604 1255 3678 nuncupari.

269 3711 333 3764 Et
355 3708 491 3780 quia
514 3705 713 3775 multa,
752 3704 822 3759 de
866 3703 1129 3758 thesauro
1158 3698 1578 3770 Scripturarum
1604 3696 1838 3766 propter

204 3803 528 3859 brevitatem
557 3798 834 3855 sermonis
868 3812 1048 3869 pauca
1078 3795 1209 3850 inde
1235 3794 1599 3863 decerpentes
1622 3832 1638 3858 ,
1682 3804 1834 3859 prte-

204 3897 587 3965 termittimus,
604 3910 677 3948 ne
705 3891 993 3947 fastidium
1022 3888 1231 3944 scilicet
1255 3885 1577 3959 legentibus
1608 3896 1840 3954 genere-

204 4008 347 4059 mus,
363 3991 485 4063 ipse
507 3989 602 4061 qui
618 3987 849 4060 angelos
877 3984 1109 4055 spiritus
1134 3999 1248 4037 non
1271 3996 1390 4036 esse
1415 3977 1613 4046 credit,
1636 3975 1838 4030 saltem

205 4086 369 4141 unius
399 4081 712 4140 testimonii
746 4080 1083 4153 paupertate
1116 4077 1361 4131 laetetur.
1391 4072 1645 4128 Proferat
1669 4069 1715 4124 si
1740 4085 1838 4123 us-

207 4180 353 4251 piam
378 4177 800 4249 Scripturarum
820 4171 1059 4245 reperiri
1079 4169 1329 4243 potuerit
1352 4165 1584 4239 angelos
1610 4180 1725 4219 non
1750 4162 1843 4217 de-

208 4273 334 4328 bere
364 4271 598 4344 spiritus
618 4267 905 4341 appellari.
937 4268 1340 4321 Verumtamen
1367 4260 1501 4333 quia
1544 4260 1652 4313 hoc
1681 4258 1840 4312 inve-

209 4366 326 4421 nire
353 4366 678 4420 nullatenus
701 4361 930 4435 poterit,
972 4360 1163 4414 credat
1187 4354 1498 4413 multifaria
1537 4351 1845 4422 multisque

212 4460 387 4515 modis
417 4459 529 4515 dici
571 4457 821 4530 spiritus.
866 4454 1083 4509 Dicitur
1118 4451 1352 4524 spiritus
1378 4450 1547 4516 Deus,
1580 4446 1737 4519 quod
1762 4448 1847 4499 est

211 4558 322 4609 tota
354 4553 613 4621 Trinitas,
641 4549 953 4605 secundum
983 4546 1137 4619 quod
1180 4545 1392 4617 legitur
1439 4542 1499 4597 in
1544 4538 1845 4610 Evangelia

1836 1886 1893 1957 Β
1915 1911 2043 1962 sunt
2088 1906 2164 1961 ad
2207 1908 2319 1965 Noe
2357 1908 2417 1960 in
2458 1920 2663 1973 arcam,
2694 1905 2821 1959 bina
2844 1909 2895 1959 et
2925 1905 3075 1968 bina,
3113 1919 3181 1959 ea:
3213 1906 3358 1959 omni
3395 1919 3556 1960 carne

1914 2003 1972 2055 in
1998 2017 2107 2071 qua
2136 2003 2254 2054 erat
2280 2000 2506 2070 spiritus
2531 2000 2679 2053 vitae.
2712 2000 2774 2052 Et
2817 1997 2986 2069 paulo
3013 2002 3142 2068 post
3168 2014 3183 2051 :
3234 2000 3559 2069 Consumpta

1916 2098 1994 2149 est
2025 2095 2195 2149 omnis
2238 2108 2362 2147 caro
2401 2108 2521 2163 qua:
2569 2092 2885 2147 movebatur
2921 2106 3083 2162 super
3131 2096 3352 2155 terram,
3400 2093 3555 2146 volu-

1916 2204 2085 2251 crum,
2117 2189 2504 2248 animantium,
2545 2186 2859 2248 bestiarum,
2901 2187 3242 2255 omniumque
3278 2186 3560 2255 reptilium

1920 2294 2039 2347 quae
2062 2279 2282 2347 reptant
2310 2290 2470 2346 super
2500 2279 2720 2336 terram,
2758 2276 2998 2329 universi
3020 2275 3274 2337 homines,
3300 2278 3352 2329 et
3369 2278 3563 2328 cuncta

1918 2373 1978 2425 in
2005 2372 2200 2441 quibus
2226 2370 2561 2440 spiraculum
2594 2370 2720 2423 vitae
2751 2372 2847 2431 est,
2876 2371 2935 2423 in
2972 2372 3119 2423 terra
3153 2371 3368 2422 mortua
3406 2370 3555 2423 sunt.

1992 2464 2188 2519 Videat
2212 2463 2393 2535 igitur
2420 2462 2517 2534 qui
2546 2461 2762 2516 nullam
2787 2465 3113 2517 creaturam
3142 2460 3276 2515 dicit
3300 2477 3419 2516 esse
3450 2459 3562 2532 spi-

1922 2559 2119 2625 ritum,
2173 2556 2398 2629 quantis
2445 2555 2784 2611 testimoniis
2824 2570 3112 2610 sacrarum
3138 2554 3564 2626 Scripturarum

1924 2652 2315 2719 convincatur;
2365 2654 2424 2705 et
2475 2649 2695 2704 desinat
2743 2648 2929 2704 dicere
2979 2651 3188 2720 praeter
3231 2646 3566 2702 Trinitatem

1924 2744 2169 2811 Domini,
2220 2760 2389 2799 omne
2417 2743 2567 2816 quod
2596 2758 2713 2798 esse
2739 2744 2941 2814 potest,
2973 2757 3179 2813 corpus
3221 2756 3359 2796 esse.
3388 2741 3569 2796 Omne

1925 2839 2185 2895 videlicet
2211 2854 2438 2909 corpus,
2484 2840 2541 2892 et
2578 2836 2757 2891 altum
2786 2839 2843 2891 et
2866 2835 3068 2903 latum,
3097 2840 3155 2890 et
3182 2835 3419 2906 longum
3460 2836 3564 2902 est,

1928 2933 2179 2990 inveniat
2223 2937 2279 2987 et
2323 2931 2469 2987 dicat
2517 2934 2714 2985 utrum
2742 2928 3029 3001 tripedalis
3064 2945 3138 2983 an
3164 2926 3570 3000 quatripedalis

1930 3029 2001 3083 sit
2025 3026 2215 3082 anima
2240 3024 2491 3081 hominis
2520 3023 2608 3080 vel
2632 3022 2864 3095 spiritus
2887 3022 3096 3094 angeli,
3129 3022 3278 3077 dicat
3301 3022 3479 3077 etiam
3499 3037 3570 3076 ex

1930 3139 2043 3195 quo
2071 3122 2352 3177 elemento
2377 3119 2584 3174 habeat
2608 3116 2977 3172 substantiam
3012 3132 3027 3170 :
3055 3116 3302 3187 exceptis
3328 3118 3573 3186 quatuor

1932 3215 2244 3284 elementis,
2286 3217 2437 3269 terra
2483 3211 2717 3278 scilicet,
2765 3214 2823 3265 et
2867 3226 3033 3281 aqua,
3081 3224 3231 3279 aere,
3281 3210 3370 3264 vel
3413 3208 3571 3280 igne,

1930 3312 2083 3367 unde
2113 3310 2222 3365 alia
2246 3310 2538 3381 compacta
2565 3310 2697 3360 sunt
2723 3320 2979 3376 corpora,
3004 3303 3154 3359 dicat
3178 3303 3443 3375 quintum
3469 3301 3571 3356 ali-

1933 3407 2085 3479 quod
2127 3404 2475 3460 elementum
2499 3400 2651 3456 unde
2676 3400 2882 3471 angelo
2920 3399 3007 3453 vel
3055 3397 3262 3452 animae
3308 3397 3573 3453 substan-

1932 3501 2073 3556 tiam
2118 3500 2232 3554 det.
2286 3496 2393 3553 Sed
2437 3495 2573 3567 quia
2612 3493 2869 3549 invenire
2912 3508 3028 3548 non
3083 3496 3287 3563 potest,
3327 3489 3579 3546 fortassis

1935 3593 2067 3666 quia
2085 3592 2147 3647 in
2168 3588 2464 3647 elementis
2488 3585 2852 3643 excellentior
2864 3601 2962 3641 aer
2976 3585 3065 3640 vel
3084 3584 3236 3656 ignis
3257 3586 3362 3652 est,
3385 3600 3578 3639 aerem

1936 3692 2034 3743 aut
2060 3687 2254 3758 ignem
2278 3684 2488 3755 allegat
2510 3685 2775 3736 naturam
2805 3678 3014 3734 animae
3040 3694 3160 3733 esse
3190 3677 3458 3743 hominis,
3486 3677 3576 3732 vel

1937 3780 2201 3853 spiritum
2230 3777 2440 3850 angeli,
2481 3780 2538 3831 et
2561 3791 2677 3829 non
2703 3774 2880 3846 pudet
2905 3777 2969 3827 ut
3001 3772 3264 3827 credatur
3297 3771 3429 3827 inde
3457 3786 3579 3826 esse

1938 3875 2188 3931 animam
2213 3869 2487 3940 hominis,
2517 3873 2616 3924 aut
2637 3867 2901 3940 spiritum
2927 3864 3136 3938 angeli,
3167 3865 3320 3920 unde
3349 3868 3434 3920 est
3449 3879 3575 3918 cor-

1938 3986 2045 4041 pus
2072 3966 2290 4040 pecoris
2321 3965 2408 4020 vel
2445 3962 2719 4019 hominis.
2759 3962 2941 4016 Omne
2977 3959 3156 4031 igitur
3197 3974 3402 4030 corpus
3428 3957 3581 4029 quod

1939 4062 2093 4132 vivit,
2136 4078 2207 4116 ex
2249 4063 2493 4132 quatuor
2533 4055 2829 4112 elementis
2863 4053 3118 4109 subsistit
3147 4069 3162 4107 :
3194 4068 3398 4124 corpus
3426 4051 3583 4107 enim

1942 4151 2170 4225 proprie
2198 4148 2445 4222 pertinet
2467 4147 2538 4203 ad
2562 4150 2796 4213 terram,
2826 4143 3034 4199 humor
3050 4142 3121 4197 ad
3142 4158 3371 4214 aquam,
3399 4156 3496 4196 aer
3510 4140 3583 4195 ad

1942 4246 2265 4319 pulmones,
2280 4258 2453 4315 quem
2472 4239 2759 4311 accipiunt
2777 4242 2833 4294 et
2847 4237 3095 4293 reddunt
3114 4239 3385 4308 tanquam
3399 4234 3582 4305 folles,

1944 4340 2094 4412 ignis
2114 4340 2186 4395 ad
2217 4338 2425 4393 oculos.

1968 4473 1978 4485 .
2013 4436 2124 4490 Nec
2149 4437 2374 4489 moveat
2398 4429 2551 4503 quod
2577 4427 2846 4495 diximus,
2869 4441 3020 4481 omne
3048 4438 3239 4494 corpus
3265 4423 3409 4493 quod
3426 4425 3583 4487 vivit,

1944 4545 2077 4584 cum
2102 4532 2160 4583 et
2187 4527 2414 4582 arbores
2457 4523 2650 4578 vivant
2692 4526 2749 4577 et
2776 4520 2967 4575 oculos
3012 4534 3130 4573 non
3170 4516 3438 4585 habeant,
3479 4532 3585 4572 nec

211 4648 470 4703 Joannis;
506 4609 637 4705 Cur);
670 4649 805 4700 Deus
834 4609 1060 4713 ερίινίιξιε
1104 4644 1199 4695 εει,
1241 4609 1465 4692 bicitur
1505 4639 1562 4690 et
1604 4632 1846 4706 spiritus
1864 4640 1923 4713 D
1944 4623 2097 4678 unde
2123 4636 2314 4676 aerem
2339 4617 2618 4689 accipiant
2643 4619 2700 4671 et
2724 4614 2985 4670 reddant.
3014 4611 3246 4713 Certum
3266 4614 3351 4664 est
3374 4609 3586 4665 scilicet

214 4743 373 4813 Deus,
402 4740 507 4814 qui
531 4743 615 4795 est
638 4736 807 4793 tertia
828 4735 888 4790 in
914 4734 1190 4789 Trinitate
1214 4747 1472 4804 persona,
1495 4727 1593 4801 qui
1614 4725 1847 4800 proprie

213 4836 527 4908 appellatur
556 4815 797 4904 Spiritus
827 4833 1065 4892 sanctus,
1108 4826 1329 4883 dicente
1373 4821 1639 4896 Apostolo
1674 4838 1688 4876 ε
1749 4820 1853 4876 Ubi

217 4935 387 4985 autem
438 4930 664 5001 spiritus
697 4926 933 4986 Domini,
968 4923 1048 4976 ibi
1089 4921 1329 4976 libertas.
1374 4919 1440 4973 Et
1475 4916 1686 4971 iterum
1731 4930 1746 4969 :
1790 4914 1852 4971 Si

218 5027 333 5095 quis
362 5028 543 5079 autem
561 5023 817 5093 spiritum
840 5018 1044 5076 Christi
1060 5031 1166 5070 non
1194 5014 1372 5075 habet,
1395 5013 1480 5067 hic
1496 5026 1603 5065 non
1620 5013 1696 5065 est
1715 5008 1850 5078 ejus.

218 5118 424 5174 Dicitur
452 5122 510 5172 et
534 5114 767 5189 spiritus
791 5111 1027 5184 angelus
1054 5126 1068 5164 :
1097 5110 1203 5177 Qui
1217 5109 1358 5176 facit
1380 5104 1607 5177 (inquit)
1634 5102 1854 5173 angelos

220 5227 333 5268 suos
373 5213 619 5283 spiritus.
664 5206 823 5263 Unde
858 5206 981 5277 jam
1025 5201 1288 5275 superius
1319 5197 1641 5255 testimonia
1666 5194 1856 5251 redhi-

223 5305 462 5361 buimus.

290 5401 500 5455 Dicitur
525 5403 582 5456 et
628 5396 856 5470 spiritus
882 5394 1077 5449 anima
1101 5388 1354 5446 hominis
1378 5387 1692 5443 secundum
1718 5382 1859 5439 illud

226 5494 445 5550 Genesis
472 5511 486 5549 :
514 5493 788 5550 Formavit
811 5492 981 5560 igitur
1024 5487 1282 5542 Dominus
1322 5487 1460 5539 Deus
1505 5481 1770 5537 hominem
1795 5477 1861 5533 de

231 5589 350 5644 limo
369 5594 541 5652 teme,
558 5591 611 5643 et
629 5587 923 5656 inspiravit
939 5587 998 5638 in
1018 5583 1217 5651 faciem
1236 5578 1348 5649 ejus
1366 5575 1701 5648 spiraculum
1711 5574 1860 5634 vitae,

232 5687 278 5737 et
300 5685 475 5751 factus
497 5686 577 5738 est
603 5683 757 5736 homo
797 5682 856 5733 in
892 5680 1135 5733 animam
1171 5675 1456 5729 viventem.
1489 5671 1559 5725 Et
1602 5667 1865 5723 Salomon

234 5775 308 5832 ait
332 5793 345 5831 :
376 5779 500 5849 Quis
524 5778 624 5832 scit
646 5778 697 5832 si
720 5775 945 5846 spiritus
973 5770 1185 5827 Domini
1210 5766 1453 5823 ascendit
1476 5778 1689 5820 sursum
1707 5763 1737 5815 7

302 5870 510 5926 Dicitur
549 5874 606 5925 et
640 5867 874 5942 spiritus
917 5881 1100 5930 mens,
1150 5877 1281 5934 quae
1321 5864 1406 5914 est
1455 5855 1630 5912 veluti
1674 5851 1869 5907 oculus

243 5963 463 6036 animae;
492 5965 549 6021 id
574 5967 660 6021 est
700 5961 1037 6030 intellectus,
1071 5956 1227 6015 unde
1266 5954 1469 6010 cuncta
1493 5944 1871 6020 intelligibilia

1947 4714 2099 4789 quod
2119 4715 2224 4768 ista
2248 4727 2363 4767 non
2388 4711 2670 4778 habeant;
2697 4710 3094 4763 verumtamen
3121 4707 3178 4758 et
3196 4702 3334 4774 ipsa;
3356 4718 3427 4758 ex
3453 4718 3588 4774 qua-

1948 4816 2080 4866 tuor
2116 4803 2410 4862 elementis
2436 4806 2693 4858 constare
2718 4801 3002 4856 videntur.
3046 4799 3490 4869 Quantacunque
3518 4796 3591 4852 sit

1946 4900 2256 4977 proceritas
2302 4896 2539 4964 arboris,
2585 4894 2698 4950 nisi
2744 4894 2859 4949 ﬁxa
2886 4891 3168 4948 radicibus
3196 4891 3520 4948 continetur
3556 4872 3617 4945 ad

1950 5002 2122 5067 terra,
2148 4993 2316 5050 arbor
2341 5006 2460 5046 esse
2505 5004 2622 5043 non
2659 4992 2867 5060 potest,
2907 4990 2966 5041 et
3006 4985 3118 5042 nisi
3159 5002 3310 5059 aqua
3352 4985 3423 5040 ab
3462 4999 3591 5040 aere

1953 5093 2186 5147 attracta
2209 5102 2314 5160 per
2338 5081 2614 5140 medullas
2642 5080 2859 5135 arboris
2898 5096 3077 5152 usque
3103 5080 3171 5135 ad
3205 5079 3590 5135 summitatem

1953 5184 2125 5241 fuerit
2148 5181 2439 5256 perducta,
2472 5176 2659 5233 vivere
2682 5174 3006 5229 nullatenus
3031 5176 3245 5244 potest:
3279 5177 3336 5228 et
3360 5172 3470 5227 nisi
3494 5187 3593 5226 aer

1956 5279 2026 5335 ab
2050 5279 2184 5349 igne
2210 5273 2383 5333 fuerit
2425 5269 2747 5337 calefactus,
2777 5283 2987 5340 aquam
3014 5267 3198 5323 levare
3247 5282 3361 5320 non
3389 5268 3591 5337 potest.

1960 5372 2213 5444 Denique
2260 5369 2389 5425 ideo
2430 5364 2694 5423 autumni
2747 5362 2957 5435 frigore
3000 5361 3158 5433 lapsa
3195 5359 3403 5415 cadunt
3437 5359 3592 5425 folia,

1960 5468 2093 5541 quia
2119 5482 2216 5522 aer
2243 5480 2359 5520 non
2385 5462 2532 5518 sicut
2559 5477 2732 5517 verno
2758 5462 2856 5514 aut
2886 5455 3077 5511 aestivo
3108 5457 3364 5525 tempore
3392 5452 3594 5508 calefa-

1963 5567 2086 5620 ctus
2112 5565 2325 5617 tantam
2351 5558 2467 5614 vim
2495 5556 2686 5622 habet,
2703 5558 2769 5609 ut
2787 5566 2996 5624 aquam
3023 5549 3092 5604 ad
3119 5547 3412 5620 superiora
3436 5546 3599 5602 arbo-

1968 5658 2043 5713 ris
2068 5657 2266 5722 elevet,
2294 5658 2351 5708 et
2378 5650 2720 5707 viriditatem
2744 5646 2888 5703 foliis
2912 5646 3126 5713 servet;
3159 5643 3257 5699 sed
3282 5640 3553 5714 paulatim
3580 5680 3594 5707 ,

1965 5751 2205 5807 hiberno
2229 5754 2484 5819 tempore
2509 5743 2861 5809 succedente,
2887 5738 3233 5811 frigefactus,
3258 5751 3404 5808 aqua
3427 5733 3499 5789 ad
3517 5732 3602 5788 in—

1968 5845 2172 5901 feriora
2198 5841 2564 5909 descendens,
2592 5838 2760 5893 arbor
2786 5834 3009 5891 arescit.

2043 5939 2190 6010 Ergo
2242 5951 2359 5993 non
2410 5930 2863 6007 improbabiliter
2900 5927 3151 5985 diximus
3194 5937 3363 5981 omne
3397 5935 3603 5993 corpus
