4016 6240
448 324 551 378 695

1910 313 2228 370 LICINLANI

3735 316 3859 369 696

450 429 641 484 vivens
676 443 747 483 ex
800 429 1045 500 quatuor
1092 423 1385 482 elementis
1434 422 1759 478 subsistere.
1814 421 2083 487 Quocirca
2103 431 2163 507 Α
2184 421 2378 477 omnia
2405 421 2529 477 loca
2562 421 2858 479 illocaliter
2899 422 3169 479 continet.
3197 423 3254 480 Si
3277 439 3374 479 vas
3398 423 3580 495 igitur
3622 439 3659 478 a
3705 438 3859 479 vase

449 522 762 578 absurdum
788 526 890 590 est,
912 523 970 576 et
986 537 1019 574 a
1037 519 1283 574 veritatis
1302 516 1500 589 regula
1517 516 1789 585 alienum,
1810 519 1877 571 ut
1894 515 2085 571 anima

447 613 519 668 de
568 611 759 684 aliquo
797 612 1208 667 elementorum
1232 608 1441 662 horum
1467 606 1729 663 credatur
1755 605 2079 661 subsistere.

447 707 511 763 Si
536 722 689 762 omne
712 709 993 776 peccatum
1021 702 1258 773 (dicente
1286 701 1571 772 Apostolo)
1613 700 1970 770 quodcunque
1996 701 2079 767 fe-

448 804 583 857 cerit
610 803 783 862 homo,
798 803 954 853 extra
969 811 1157 866 corpus
1176 800 1272 859 est,
1292 794 1482 850 anima
1502 810 1630 866 quae
1650 810 1881 866 peccare
1900 797 2087 865 potest

447 896 644 967 utique
671 908 873 963 corpus
898 907 1012 945 non
1039 894 1142 957 est,
1173 889 1316 944 sicut
1338 889 1636 960 Apostolus
1664 888 1783 960 ipse
1806 888 1886 942 ait
1912 906 1929 942 :
1955 890 2080 945 Cor-

440 1004 574 1061 pore
601 988 807 1048 absens,
832 986 1031 1054 spiritu
1057 987 1236 1038 autem
1256 998 1515 1054 praesens,
1537 982 1759 1053 judicat
1789 980 2085 1037 hominem

448 1084 509 1138 in
538 1086 694 1138 tanta
730 1084 1012 1135 terrarum
1061 1077 1415 1149 longitudine
1471 1075 1837 1147 disparatum,
1886 1076 2086 1147 procul

448 1175 623 1232 dubio
652 1174 849 1230 anima
872 1172 1065 1228 localis
1092 1188 1212 1227 non
1240 1175 1342 1226 est.
1372 1170 1427 1226 Si
1452 1186 1656 1242 corpus
1683 1169 1860 1224 occidi
1877 1172 2081 1241 potest,

446 1270 655 1338 anima,
686 1268 999 1323 secundum
1036 1266 1189 1339 quod
1215 1265 1485 1321 Dominus
1536 1265 1597 1319 in
1642 1263 1946 1335 Evangelio
1982 1263 2081 1334 ait,

444 1364 624 1419 occidi
666 1378 784 1417 non
828 1365 1041 1434 potest;
1092 1359 1345 1432 profecto
1372 1358 1565 1413 anima
1589 1374 1718 1430 quae
1748 1357 1927 1412 occidi
1968 1373 2085 1412 non

445 1461 652 1531 potest,
679 1473 882 1528 corpus
905 1471 1023 1510 non
1049 1457 1152 1510 est.
1181 1454 1238 1509 Si
1266 1453 1457 1507 anima
1492 1452 1684 1524 imago
1713 1451 1812 1507 Dei
1838 1456 1921 1507 est
1947 1451 2084 1522 (ipse

445 1552 657 1624 quippe
686 1550 863 1606 dicit:
896 1552 1181 1605 Faciamus
1224 1549 1489 1603 hominem
1534 1547 1610 1601 ad
1652 1548 1941 1615 imaginem
1978 1561 2077 1599 no-

444 1650 616 1702 stram
646 1648 698 1699 et
723 1644 1135 1699 similitudinem
1160 1641 1442 1712 nostram),
1484 1644 1541 1696 et
1563 1639 1695 1695 fecit
1719 1640 1865 1694 Deus
1893 1638 2081 1693 homi-

444 1756 580 1795 nem
607 1739 678 1793 ad
702 1737 1012 1809 imaginem
1037 1754 1220 1807 suam,
1272 1739 1327 1790 et
1369 1736 1517 1790 Deus
1559 1734 1928 1805 incorporeus
1957 1736 2078 1802 est;

2186 516 2559 587 contineatur,
2602 515 2742 572 illud
2768 517 3022 589 profecto
3049 517 3240 573 minus
3264 521 3350 574 est
3376 517 3527 589 quod
3563 517 3852 588 interius,

2183 611 2323 666 illud
2351 611 2537 682 majus
2562 614 2648 666 est
2672 611 2823 683 quod
2850 611 3114 668 exterius.
3134 612 3425 677 Quomodo
3444 627 3584 683 ergo
3612 611 3850 680 anima,

2184 704 2328 759 sicut
2370 704 2577 760 dicitur
2616 722 2853 776 parvum
2897 722 3120 777 corpus,
3175 709 3359 761 tantas
3402 704 3853 777 magnitudines

2185 814 2493 868 corporum
2517 798 2813 854 continet?
2853 801 2921 854 Et
2946 799 3154 855 idcirco
3184 799 3290 856 rite
3315 800 3570 855 creditur
3612 799 3847 868 anima,

2185 892 2558 964 quantitatem
2582 893 2819 964 nullam,
2843 892 3174 965 qualitatem
3195 893 3404 951 habere
3423 894 3623 962 ullam,
3648 894 3849 948 Deum

2183 1002 2287 1042 nec
2311 987 2683 1060 quantitatem
2717 1003 2821 1043 nec
2846 987 3177 1059 qualitatem
3213 988 3422 1044 habere
3449 988 3620 1060 :quia
3650 988 3848 1059 igitur

2186 1082 2417 1154 aequalis
2446 1083 2557 1137 Deo
2586 1098 2703 1137 non
2729 1087 2831 1151 est,
2850 1082 3180 1154 qualitatem
3205 1082 3435 1153 habere;
3459 1082 3596 1155 quia
3621 1099 3847 1154 corpus

2184 1192 2299 1231 non
2326 1181 2429 1247 est,
2457 1176 2835 1248 quantitatem
2862 1192 2977 1231 non
3000 1176 3230 1233 habere.

2254 1271 2397 1325 Cum
2423 1270 2593 1325 etiam
2635 1269 2863 1341 cogitet,
2892 1270 2937 1324 si
2964 1273 3180 1342 potest,
3210 1270 3347 1342 quid
3384 1271 3457 1326 sit
3500 1271 3562 1325 in
3592 1286 3843 1342 geome-

2168 1343 2306 1419 tria:
2333 1362 2629 1434 disciplina
2654 1367 2953 1435 punctum,
2982 1364 3117 1436 quid
3148 1364 3208 1419 in
3239 1364 3385 1419 linea
3408 1407 3421 1431 ,
3449 1380 3581 1437 qua:
3606 1364 3842 1420 nullam

2183 1457 2357 1512 habet
2394 1456 2779 1523 latitudinem,
2819 1456 3036 1512 nullam
3073 1457 3455 1525 altitudinem,
3496 1459 3596 1514 sed
3642 1460 3841 1513 solum

2182 1550 2353 1606 habet
2404 1550 2860 1622 longitudinem;
2920 1551 3139 1606 auferat
3186 1551 3364 1607 etiam
3420 1552 3840 1623 cogitationem

2182 1645 2253 1699 ab
2283 1644 2542 1699 omnium
2569 1660 2765 1699 rerum
2796 1660 3198 1716 corporearum
3219 1687 3233 1714 ,
3272 1646 3528 1717 quamvis
3555 1646 3837 1701 minutis-

2183 1738 2476 1809 simarum,
2505 1754 2686 1809 usque
2715 1738 2785 1793 ad
2811 1737 2974 1794 ﬁlum
2998 1755 3243 1806 araneae,
3277 1739 3431 1812 quod
3454 1756 3556 1811 pro
3586 1740 3835 1795 modulo

443 1833 696 1906 profecto
725 1808 933 1901 anima,
961 1848 1089 1902 quae
1119 1832 1309 1902 imago
1336 1829 1433 1883 Dei
1460 1831 1563 1895 est,
1596 1843 1800 1899 corpus
1828 1844 1947 1881 non
1977 1830 2079 1881 est.
2104 1808 2159 1880 B
2184 1849 2284 1887 suo
2311 1836 2367 1887 et
2389 1808 2747 1887 latitudinem
2788 1836 2845 1887 et
2880 1833 3236 1888 altitudinem
3281 1808 3493 1889 habere
3532 1834 3835 1905 dignosci-

443 1929 617 1982 Porro
645 1927 692 1981 si
716 1926 906 1980 anima
933 1941 1137 1996 corpus
1161 1932 1261 1995 est,
1308 1924 1496 1994 imago
1539 1922 1639 1977 Dei
1681 1938 1798 1976 non
1840 1925 1943 1977 est.
1973 1920 2083 1976 Sed

443 2021 580 2093 quia
608 2036 806 2075 verum
834 2023 919 2074 est
941 2018 1253 2091 imaginem
1282 2018 1382 2073 Dei
1412 2032 1530 2072 esse
1562 2015 1832 2085 animam,
1862 2019 1919 2071 et
1944 2031 2079 2070 con-

442 2114 683 2169 trarium
736 2113 1041 2184 Scriptura:
1088 2116 1296 2168 sancta:
1337 2111 1451 2166 dici
1496 2126 1611 2165 non
1650 2113 1854 2182 potest,
1891 2109 2083 2165 anima

441 2225 649 2280 corpus
676 2224 793 2263 non
817 2211 921 2263 est.

514 2302 624 2358 Sed
667 2302 730 2356 in
778 2300 1103 2357 defensione
1145 2299 1467 2354 animarum
1505 2313 1905 2369 corporearum
1944 2296 2082 2352 illud

441 2396 689 2451 maxime
713 2399 967 2450 astruere
993 2394 1232 2463 videtur,
1253 2392 1408 2465 quod
1432 2391 1624 2447 anima
1643 2392 2004 2447 contineatur
2020 2390 2082 2447 in

440 2492 586 2546 loco.
617 2491 903 2560 Rogamus
928 2488 1119 2560 itaque
1163 2487 1502 2558 respondeat
1526 2503 1561 2540 a
1596 2502 1709 2557 quo
1750 2485 1872 2540 loco
1898 2484 2079 2540 conti-

442 2584 568 2640 neri
594 2583 844 2638 animam
884 2598 1065 2653 posse.
1112 2580 1167 2636 Si
1194 2597 1227 2635 a
1252 2595 1488 2653 corpore
1532 2596 1655 2649 suo,
1706 2596 1843 2650 ergo
1876 2580 2080 2635 melius

442 2681 529 2735 est
553 2693 758 2749 corpus
783 2676 934 2748 quod
962 2674 1231 2745 continet,
1264 2690 1437 2746 quam
1462 2673 1653 2729 anima
1678 2689 1806 2745 quae
1832 2673 2082 2729 continet

441 2789 663 2844 corpus.
698 2771 1101 2826 Verumtamen
1126 2768 1260 2841 quia
1289 2768 1493 2823 melius
1521 2783 1640 2823 esse
1670 2783 1873 2837 corpus
1892 2766 2081 2837 anima

441 2866 759 2927 absurdum
805 2868 889 2919 est
924 2863 1145 2933 dicere;
1176 2878 1313 2934 ergo
1340 2877 1456 2917 non
1481 2861 1673 2916 anima
1699 2861 2022 2916 continetur
2046 2877 2080 2915 a

438 2976 697 3032 corpore,
730 2959 829 3014 sed
852 2957 1043 3012 anima
1063 2956 1315 3013 continet
1339 2972 1562 3028 corpus.
1591 2955 1647 3010 Si
1674 2956 1745 3009 ab
1777 2956 1968 3010 anima
1996 2970 2079 3010 re-

442 3054 615 3127 gitur,
661 3053 710 3108 si
747 3052 1079 3121 viviticatur,
1125 3054 1337 3122 quanto
1388 3050 1575 3122 magis
1620 3054 1677 3105 et
1719 3049 2079 3105 continetur?

438 3148 549 3203 Nec
578 3146 731 3202 enim
756 3146 834 3200 sic
862 3145 1065 3217 implet
1089 3160 1292 3215 corpus
1318 3144 1470 3215 quod
1488 3144 1759 3213 continet,
1784 3143 1927 3198 sicut
1951 3147 2081 3198 uter
2098 3184 2153 3259 C

442 3240 663 3259 ',,,,,I-,-!
692 3239 913 3259 _.2J_a___
941 3254 1075 3259 _._---
1129 3241 1192 3259 --Α
1218 3242 1435 3259 Δ.--ι--..-
1468 3237 1704 3259 Ζ-ΔΑ-Ξ---
1741 3237 1807 3259 ,ξι
1852 3253 1960 3259 ..Α-
1993 3253 2053 3259 --

439 3240 669 3311 impleri
691 3239 915 3294 videtur
938 3254 1103 3310 aqua,
1129 3241 1195 3292 ut
1218 3242 1443 3292 tantum
1468 3237 1708 3293 interius
1738 3237 1830 3308 sit,
1852 3253 1967 3297 non
1987 3253 2080 3293 ex-

438 3332 637 3390 terius.
669 3335 806 3388 Tota
833 3331 1011 3403 igitur
1038 3330 1227 3385 anima
1253 3330 1492 3385 interius
1520 3335 1623 3401 est,
1653 3333 1771 3386 tota
1807 3331 2076 3400 exterius,

438 3431 596 3483 tanta
616 3430 700 3482 est
726 3425 786 3480 in
808 3424 1029 3480 minore
1049 3424 1303 3496 corporis
1330 3428 1510 3496 parte,
1534 3428 1745 3496 quanta
1762 3424 1821 3479 in
1840 3424 2074 3496 majore.

437 3520 494 3577 Si
514 3519 668 3575 enim
682 3522 933 3575 extrema
948 3519 1198 3589 corporis
1211 3534 1343 3589 pars
1357 3518 1445 3573 vel
1465 3518 1645 3589 digito
1663 3521 1946 3589 tangatur,
1964 3522 2081 3573 tota

438 3614 627 3670 sentit.
659 3615 725 3668 Et
753 3630 885 3668 cum
911 3628 1108 3668 sensus
1137 3611 1387 3684 corporis
1415 3611 1678 3683 quinario
1704 3628 1945 3667 numero
1973 3611 2080 3667 dis-

436 3706 627 3780 pertiti
670 3706 803 3776 sint,
832 3706 931 3761 illa
957 3706 1252 3778 dispertita
1288 3722 1404 3761 non
1432 3708 1516 3760 est
1545 3705 1604 3760 in
1631 3706 1889 3761 sensibus
1918 3722 1932 3759 :
1962 3711 2081 3761 tota

435 3802 629 3873 itaque
657 3801 829 3871 videt,
856 3804 978 3856 tota
998 3800 1175 3871 audit;
1206 3804 1321 3855 tota
1352 3799 1569 3868 odorat,
1593 3802 1712 3854 tota
1736 3800 1939 3871 tangit,
1961 3805 2079 3856 tota

438 3898 627 3967 gustat
654 3912 668 3949 :
701 3898 757 3950 et
796 3911 928 3949 cum
955 3910 1157 3966 corpus
1186 3898 1375 3950 movet
1412 3893 1535 3966 ipsa
1580 3909 1683 3965 per
1728 3893 1935 3965 locum,
1962 3910 2079 3950 non

436 3992 695 4043 movetur
720 3987 844 4058 ipsa
868 3988 928 4042 in
957 3988 1101 4042 loco.

511 4080 785 4146 Quocirca
808 4080 967 4136 valde
1006 4080 1278 4136 veraciter
1301 4084 1415 4136 tres
1448 4080 1847 4153 intelliguntur
1868 4082 2075 4138 motio-

434 4191 537 4231 nes
561 4178 900 4229 naturarum
933 4191 946 4229 :
979 4191 1094 4229 una
1118 4174 1217 4229 Dei
1242 4216 1256 4245 ,
1303 4190 1432 4246 quae
1460 4190 1567 4230 nec
1599 4174 1661 4229 in
1685 4179 1939 4246 tempore
1970 4180 2075 4244 est,

435 4285 538 4324 nec
563 4269 626 4324 in
661 4269 782 4323 loco
814 4286 828 4324 :
865 4267 974 4323 alia
998 4268 1227 4340 spiritus
1255 4267 1566 4337 rationalis,
1606 4285 1735 4341 quae
1769 4272 1991 4323 tantum
2018 4269 2078 4325 in

435 4366 692 4435 tempore
719 4366 822 4419 est.
867 4362 979 4418 Sed
1015 4362 1251 4418 forsitan
1281 4362 1644 4434 respondebit
1673 4382 1690 4417 :
1720 4364 1787 4418 Ut
1821 4362 1959 4433 quid
1984 4378 2075 4419 re-

434 4456 735 4528 quiritur‘a
751 4472 844 4513 me
862 4458 1073 4529 quanta
1087 4455 1277 4511 anima
1299 4454 1697 4528 magnitudine
1717 4455 2074 4527 extendatur,

2182 1931 2295 1981 tur.
2329 1927 2396 1980 Et
2419 1942 2551 1980 cum
2576 1925 2923 1981 intellexerit
2949 1927 3096 1981 hanc
3121 1927 3350 1998 lineam,
3370 1943 3545 1999 quam
3572 1928 3836 1983 diximus

2180 2037 2297 2075 non
2322 2035 2442 2074 esse
2466 2036 2816 2091 corpoream,
2838 2020 3231 2093 intelligatque
3253 2038 3377 2076 rem
3400 2021 3829 2093 incorpoream,

2180 2112 2460 2185 intelligat
2500 2129 2705 2185 corpus
2731 2130 2846 2168 non
2875 2129 3029 2183 esse;
3062 2114 3342 2186 intelligat
3367 2130 3510 2183 rem,
3538 2131 3668 2186 quas
3703 2116 3833 2187 regi

2180 2207 2240 2262 in
2268 2223 2504 2279 corpore
2531 2206 2919 2276 confirmatur,
2948 2223 3151 2279 corpus
3171 2224 3290 2264 esse
3323 2224 3440 2263 non
3468 2224 3654 2279 posse.
3683 2211 3835 2280 Apo-

2180 2301 2356 2356 stolus
2391 2301 2545 2356 enim
2578 2301 2657 2356 ait
2689 2320 2702 2356 :
2755 2302 2893 2369 Quos
2924 2290 3198 2372 praesciuit
3230 2303 3645 2374 przdestinavit
3698 2318 3829 2358 con-

2179 2398 2379 2463 formes
2413 2398 2533 2465 ﬁeri
2554 2397 2811 2466 imaginis
2840 2396 2969 2451 Filii
2994 2396 3125 2466 ejus.
3158 2396 3440 2468 Intelligat
3465 2396 3645 2467 igitur
3670 2397 3832 2468 quod

2179 2489 2478 2561 Apostolus
2506 2490 2586 2544 ait
2630 2508 2644 2544 :
2692 2491 2799 2557 Qui
2846 2489 3083 2545 adha’ret
3132 2493 3398 2545 meretrici
3440 2506 3609 2545 unum
3634 2506 3831 2561 corpus

2180 2586 2433 2653 eﬁicitur;
2486 2586 2582 2654 qui
2628 2588 2810 2639 autem
2862 2584 3101 2638 adhaeret
3151 2587 3373 2640 Domino
3410 2599 3548 2639 unus
3594 2586 3831 2655 spiritus

2180 2682 2277 2733 est.

2249 2771 2604 2843 QuaprOpter
2631 2771 2943 2826 secundum
2984 2776 3154 2827 rectae,
3177 2771 3312 2827 ﬁdei
3338 2771 3628 2827 catholicae
3672 2771 3822 2827 veri-

2180 2869 2376 2932 tatem,
2404 2864 2688 2920 credimus
2716 2865 3018 2920 Dominum
3048 2865 3453 2937 incorporeum
3481 2865 3678 2921 fecisse
3716 2867 3821 2921 ali-

2178 2975 2291 3031 qua
2326 2958 2658 3031 incorporea
2681 3000 2695 3026 ,
2734 2959 2925 3032 aliqua
2973 2976 3241 3031 corporea
3264 3002 3279 3029 ,
3331 2960 3709 3032 prmposuisse
3762 2960 3825 3015 in

2180 3069 2387 3125 genere
2424 3069 2828 3124 corporearum
2864 3069 3063 3108 rerum
3108 3054 3405 3109 rationalia
3456 3054 3819 3109 irrationabi-

2176 3142 2745 3213 1ibus,intelligibilia
2769 3159 2884 3197 non
2912 3142 3379 3215 intelligentibus,
3390 3142 3546 3213 justa
3571 3143 3819 3214 injustis,

2178 3241 2329 3291 recta
2381 3236 2605 3307 pravis,
2673 3235 3014 3292 immortalia
3074 3237 3423 3291 mortalibus.
3488 3238 3548 3291 In
3611 3253 3823 3307 genere

2177 3329 2354 3401 igitur
2376 3346 2571 3385 rerum
2596 3346 3027 3401 corporearum,
3057 3330 3334 3385 sensibilia
3372 3330 3818 3401 insensibilibus,

2176 3424 2423 3479 viventia
2444 3441 2562 3479 non
2587 3423 2902 3480 viventibus
2920 3467 2934 3494 ,
2963 3424 3207 3480 cmlestia
3232 3424 3599 3480 terrestribus
3618 3466 3632 3492 ,
3664 3441 3818 3479 mas-

2178 3516 2435 3573 culinum
2472 3517 2770 3587 feminino,
2799 3518 3045 3574 maxime
3072 3518 3357 3575 valentem
3403 3518 3596 3574 minus
3624 3520 3818 3597 valen-

2177 3611 2328 3667 tiori.

2249 3705 2356 3761 Sed
2399 3705 2521 3760 haec
2569 3705 2811 3761 dicimus
2839 3705 3198 3767 ostendentes
3242 3706 3379 3778 quid
3428 3706 3636 3762 habeat
3679 3708 3820 3763 ordo

2177 3803 2415 3866 naturae,
2443 3815 2563 3854 non
2589 3800 2727 3871 quid
2755 3804 3017 3855 nostrum
3041 3804 3253 3856 asserat
3280 3800 3664 3856 commodum.
3682 3802 3819 3865 Quis

2177 3908 2293 3948 non
2333 3893 2506 3948 etiam
2532 3893 2697 3948 malit
2721 3894 2929 3949 habere
2956 3910 3164 3965 panem
3193 3910 3365 3966 quam
3394 3893 3624 3965 sorices,
3655 3911 3816 3966 gem-

2178 4003 2331 4042 mam
2354 4003 2526 4059 quam
2569 3987 2842 4042 famulam
2859 3988 2888 4042 ?
2917 3991 2974 4042 et
2998 3987 3338 4060 plerumque
3375 3987 3547 4043 etiam
3573 3989 3818 4060 ammius

2177 4081 2519 4152 appenditur
2538 4097 2717 4153 equus
2742 4098 2916 4153 quam
2948 4098 3141 4138 servus
3164 4124 3178 4151 ,
3209 4082 3349 4137 dum
3373 4081 3585 4137 scilicet
3607 4082 3819 4139 utilitas

2177 4174 2539 4248 appenditur,
2562 4191 2678 4230 non
2704 4176 2841 4231 ordo
2869 4176 3131 4231 creantis.

2248 4269 2355 4324 Sed
2373 4269 2495 4340 jam
2527 4269 2610 4324 vel
2640 4285 2793 4325 nunc
2820 4269 3090 4340 accipiat,
3120 4269 3449 4325 charissime
3476 4269 3669 4340 frater,
3719 4271 3815 4343 qui

2176 4366 2231 4417 te
2250 4362 2487 4417 minime
2514 4362 2709 4419 audire
2736 4363 3027 4433 detractat,
3044 4365 3303 4418 sanctum
3322 4366 3493 4435 atque
3517 4364 3815 4437 egregium

2175 4456 2604 4527 praedicatorem
2635 4455 2945 4512 antistitem
2969 4456 3359 4528 Augustinum
3391 4476 3405 4514 :
3434 4462 3493 4513 et
3517 4457 3649 4512 licet
3672 4475 3814 4529 pene

434 4566 566 4605 cum
590 4550 867 4607 veraciter
892 4554 1101 4623 pateat,
1132 4554 1293 4606 extra
1332 4566 1535 4622 corpus
1580 4567 1747 4605 suum
1793 4566 1914 4605 esse
1956 4549 2233 4632 nonDin
2272 4549 2535 4604 omnibus
2582 4550 2864 4621 opusculis
2891 4550 3027 4618 suis,
3072 4550 3169 4605 ubi
3209 4567 3343 4605 eum
3393 4566 3562 4606 causa
3601 4552 3808 4623 exegit,

433 4660 620 4716 posse,
643 4648 700 4700 et
726 4646 1040 4701 secundum
1068 4644 1521 4717 magnitudinem
1547 4643 1796 4716 corporis
1824 4643 2074 4699 animam

433 4738 747 4809 quantitate
772 4738 924 4794 ﬁniri
940 4739 968 4793 Ἰ
994 4740 1141 4811 Ergo
1168 4738 1215 4793 si
1232 4738 1397 4810 juxta
1423 4738 1799 4810 quantitatem
1821 4738 2074 4810 corporis

432 4831 720 4904 quantitas
746 4835 827 4887 est
870 4832 1077 4887 animae
1093 4875 1107 4903 ,
1137 4836 1296 4888 tanto
1322 4833 1563 4906 quisque
1604 4832 1807 4888 debeat
1833 4848 1955 4888 esse
1980 4849 2071 4887 sa-

433 4924 699 4997 pientior,
753 4929 964 4997 quanto
1012 4925 1186 4981 fuerit
1226 4942 1467 4998 corpore
1511 4925 1801 4998 grandior.
1828 4928 1900 4980 At
1941 4942 2073 4981 vero

433 5035 565 5074 cum
591 5019 928 5091 plerumque
950 5035 1248 5076 cernamus
1275 5020 1641 5093 sapientiores
1662 5035 1783 5076 esse
1803 5020 2069 5092 minores,

430 5130 607 5186 quam
634 5129 870 5187 corpore
899 5114 1249 5187 grandiores,
1278 5131 1395 5171 non
1419 5118 1503 5171 est
1528 5114 1735 5169 animae
1761 5116 2072 5172 secundum

430 5207 679 5280 corporis
691 5208 1069 5281 quantitatem
1083 5209 1388 5282 quantitas.
1397 5211 1569 5265 Porro
1582 5208 1845 5278 autem,si
1856 5213 2073 5266 tantam

428 5303 887 5373 magnitudinem
914 5303 1118 5360 habeat
1146 5303 1355 5373 anima,
1384 5307 1657 5375 quantam
1689 5320 1914 5376 corpus;
1937 5321 2073 5377 quo—

430 5396 599 5451 modo
624 5397 685 5452 in
712 5415 952 5470 parvum
972 5416 1176 5471 corpus
1196 5403 1381 5453 tantas
1402 5414 1709 5470 corporum
1725 5399 2071 5470 granditates

429 5488 748 5569 imaginum
775 5493 1071 5549 continet?
1090 5497 1176 5549 An
1205 5509 1321 5548 non
1337 5508 1534 5548 omnes
1554 5492 1979 5564 magnitudines
1997 5493 2071 5548 ci-

430 5583 669 5639 vitatum
699 5602 839 5658 quas
864 5587 1145 5658 novimus,
1174 5586 1477 5658 montium,
1510 5585 1834 5655 ﬂuminum,
1864 5586 1987 5642 cmli
2014 5592 2070 5643 et

424 5679 612 5745 terrae,
640 5678 729 5733 vel
754 5679 1109 5753 reliquarum
1129 5680 1452 5754 specierum
1467 5680 1657 5735 animo
1671 5679 2028 5736 continemus
2039 5681 2067 5736 ?

425 5767 560 5828 Quis
579 5768 750 5827 etiam
774 5772 931 5828 locus
950 5777 1068 5829 tam
1090 5774 1318 5847 grandis
1337 5774 1546 5831 animae
1563 5789 1695 5828 cum
1716 5777 1870 5828 tanta
1886 5774 2068 5845 spatia

424 5855 678 5917 locorum
723 5865 1013 5922 continet?
1051 5867 1157 5924 Sed
1199 5867 1333 5939 quia
1366 5868 1487 5942 ipsa
1538 5882 1740 5940 corpus
1796 5883 1911 5927 non
1959 5872 2063 5939 est,

2175 4643 2427 4698 animam
2453 4643 2539 4697 vel
2567 4644 2838 4715 angelum
2861 4644 3104 4698 instruat
3130 4644 3556 4715 incorporeum,
3584 4662 3809 4701 verum-

2173 4741 2366 4793 tamen
2414 4737 2549 4809 quia
2588 4737 2854 4809 angustia
2896 4736 3171 4809 temporis
3205 4738 3370 4808 (sicut
3397 4738 3520 4810 jam
3547 4738 3810 4811 diximus)

2175 4835 2438 4903 coarctat,
2456 4831 2630 4887 libros
2659 4832 2781 4903 ejus
2801 4847 2905 4887 nec
2925 4831 3083 4886 vobis
3102 4832 3506 4903 transmittere,
3527 4849 3632 4889 nec
3650 4833 3809 4889 nobis

2172 4927 2361 4997 legere
2388 4929 2564 4996 vacat,
2602 4942 2782 4998 pauca
2828 4925 2997 4981 etiam
3044 4943 3173 4999 quae
3209 4926 3370 4982 nobis
3399 4943 3469 4983 ex
3506 4927 3669 4982 libris
3695 4929 3811 4999 ejus

2175 5020 2246 5076 ad
2270 5020 2784 5093 incorporalitatem
2809 5020 3015 5076 anima;
3035 5024 3134 5076 aut
3148 5021 3338 5093 angeli
3365 5021 3732 5077 astruendam
3754 5023 3809 5078 in

2173 5117 2425 5170 mentem
2449 5114 2704 5185 veniunt,
2735 5113 2978 5171 scribere
3006 5115 3349 5171 curavimus.
3378 5116 3437 5171 In
3466 5114 3613 5171 libro
3640 5115 3809 5188 igitur

2173 5208 2272 5281 qui
2296 5208 2527 5264 titulum
2547 5208 2738 5280 habet,
2755 5209 2832 5264 De
2849 5225 3074 5265 summo
3090 5210 3260 5278 bono,
3277 5226 3450 5282 supra
3464 5214 3807 5267 memoratus

2171 5302 2447 5358 antistes:
2482 5302 2737 5358 «Omnis
2779 5306 2985 5358 natura
3027 5303 3252 5376 (inquit)
3294 5307 3395 5359 aut
3440 5303 3676 5376 spiritus
3715 5310 3807 5361 aut

2171 5413 2373 5470 corpus
2402 5401 2513 5468 est;
2562 5395 2793 5469 spiritus
2818 5396 3300 5453 incommutabilis
3335 5399 3482 5453 Deus
3508 5403 3613 5465 est,
3642 5399 3804 5470 spiri-

2172 5492 2312 5548 ritus
2331 5490 2749 5548 commutabilis
2767 5491 2915 5547 facta
2930 5494 3152 5561 natura,
3176 5491 3274 5547 sed
3292 5508 3531 5564 corpore
3550 5492 3802 5549 melior.»

2173 5586 2233 5641 In
2258 5586 2402 5641 libro
2447 5586 2619 5641 etiam
2661 5586 2731 5641 de
2765 5584 3099 5657 Virginitate
3142 5588 3350 5641 sanctae
3385 5586 3592 5655 Mariis,
3641 5603 3803 5659 quem

2169 5680 2241 5735 ad
2267 5680 2629 5736 Volusianum
2653 5678 2875 5751 scripsit
2903 5696 2915 5734 :
2950 5701 2977 5729 «
3009 5680 3066 5735 Si
3093 5683 3286 5735 autem
3325 5678 3549 5753 (inquit)
3579 5681 3799 5752 quidam

2168 5774 2445 5830 rationem
2475 5774 2633 5829 reddi
2660 5772 2767 5829 sibi
2793 5772 3073 5846 ﬂagitant,
3106 5774 3393 5847 quomodo
3423 5775 3566 5829 Deus
3591 5774 3797 5832 homini

2167 5867 2470 5943 permistus
2508 5868 2600 5940 sit,
2646 5870 2711 5924 ut
2756 5884 2868 5925 una
2892 5866 3055 5927 ﬁeret
3098 5884 3338 5942 persona
3382 5867 3627 5941 Christi;
3677 5887 3795 5927 cum
