4016 6240
129 430 237 481 697

1131 429 1452 488 EPISTOLA
1490 432 1557 502 ll,
1596 434 1686 489 AD
1725 434 2139 491 EPIPHANIUM
2177 434 2540 493 DIACONUM.

3414 440 3517 498 698

124 537 242 591 hoc
267 533 441 592 simul
481 537 607 593 fieri
635 538 968 611 oportuerit,
997 538 1157 612 quasi
1197 540 1479 597 rationem
1507 539 1614 614 ipsi
1645 542 1775 598 red-
1800 557 1860 630 Α
1879 542 1941 598 in
1963 545 2083 599 toto
2131 559 2305 615 quam
2346 544 2407 599 in
2452 543 2664 617 aliquo,
2692 549 2750 601 et
2772 549 2889 602 tam
2935 559 3214 618 magnum
3244 546 3303 602 in
3336 564 3513 620 parvo

124 630 271 686 dant
311 631 383 687 de
438 647 499 687 re
539 647 668 704 qum
718 632 972 705 quotidie
1018 632 1109 702 ﬁt,
1145 635 1433 707 quomodo
1474 635 1780 692 misceatur

121 724 329 781 anima
363 725 605 797 corpori,
643 730 706 781 ut
753 742 863 781 una
906 743 1149 799 persona
1194 728 1290 784 ﬁat
1329 729 1598 785 hominis.
1637 730 1776 786 Nam

122 819 279 873 sicut
304 818 366 873 in
408 819 626 875 unitate
669 836 930 892 personm
969 821 1160 876 anima
1200 823 1385 877 utitur
1426 840 1682 895 corpore,
1714 828 1779 879 ut

121 913 308 967 homo
340 912 444 983 sit;
472 912 550 968 ita
593 914 653 968 in
696 913 913 969 unitate
960 931 1219 987 personae
1249 916 1397 972 Deus
1438 916 1621 972 utitur
1664 918 1768 972 hoc

123 1008 289 1063 mine
346 1013 414 1063 ut
454 1008 707 1063 Christus
758 1008 849 1063 sit.
879 1029 907 1058 »
963 1010 1029 1064 Et
1073 1013 1203 1080 post
1246 1009 1543 1080 paululum
1592 1010 1771 1066 dicit:

126 1124 155 1154 α
176 1104 434 1158 Persona
478 1101 726 1158 hominis
766 1102 1006 1157 mistura
1042 1106 1126 1158 est
1150 1090 1455 1160 animm'et
1488 1104 1771 1176 corporis;

119 1213 379 1268 persona
406 1199 597 1251 autem
630 1195 837 1251 Christi
858 1196 1100 1252 mistura
1125 1201 1211 1253 est
1237 1197 1337 1253 Dei
1363 1203 1420 1254 et
1458 1197 1723 1254 hominis.
1744 1218 1772 1251 io

122 1292 193 1345 Et
221 1294 353 1362 post
376 1290 712 1362 paululum:
750 1291 1192 1347 «Verumtamen
1240 1292 1484 1347 duarum
1508 1292 1774 1364 incorpo-

120 1400 368 1439 rearum
394 1400 589 1439 rerum
616 1383 929 1439 commistio
945 1385 1165 1439 facilius
1183 1385 1337 1441 credi
1363 1386 1574 1456 debuit,
1600 1403 1775 1459 quam

118 1477 306 1534 unius
325 1478 675 1550 incorporem
691 1481 748 1533 et
771 1479 1002 1534 alterius
1025 1495 1330 1551 corporeae.
1354 1480 1496 1536 Nam
1520 1480 1566 1534 si
1586 1481 1778 1536 anima

120 1574 189 1628 in
251 1590 355 1628 sua
399 1578 601 1627 natura
642 1588 759 1627 non
800 1570 1037 1643 fallitur,
1090 1573 1481 1645 incorpoream
1529 1590 1588 1629 se
1655 1591 1774 1631 esse

119 1666 586 1739 comprehendit.
608 1666 781 1722 Multo
798 1666 983 1738 magis
999 1667 1399 1739 incorporeum
1421 1671 1508 1723 est
1525 1668 1773 1723 Verbum

117 1761 250 1832 Dei,
281 1778 347 1816 ac
371 1778 475 1832 per
492 1761 600 1816 hoc
626 1760 793 1816 Verbi
819 1759 918 1815 Dei
948 1764 1005 1816 et
1028 1761 1237 1816 animm
1257 1761 1581 1817 credibilior
1606 1763 1778 1819 debet

119 1872 249 1912 esse
288 1855 627 1925 commistio,
673 1872 847 1927 quam
889 1856 1099 1910 animm
1137 1860 1193 1912 et
1240 1856 1507 1927 corporis.
1557 1856 1665 1912 Sed
1713 1856 1773 1911 in

1879 653 2052 708 quam
2092 637 2153 692 in
2197 654 2428 710 magno.
2478 639 2600 694 Non
2625 638 2803 711 igitur
2849 640 3039 696 localis
3077 645 3161 696 est
3207 640 3416 697 anima.
3448 643 3517 699 Et

1878 730 2153 804 quidquid
2207 730 2428 787 illocale
2471 735 2576 803 est,
2639 749 2976 805 corporeum
3022 751 3137 789 non
3184 739 3287 790 est.
3337 735 3516 808 Igitur

1877 823 2067 878 anima
2105 840 2309 896 corpus
2351 842 2467 880 non
2519 830 2622 882 est.
2653 827 2793 881 ltem
2841 828 3249 884 ratiocinatur:
3306 829 3512 886 Anima

1876 917 2170 973 rationalis
2198 922 2302 989 est,
2325 922 2382 976 et
2422 919 2864 978 substantialiter
2889 921 3037 978 inest
3059 923 3265 979 animm
3294 924 3515 980 ratioci-

1875 1011 2021 1080 nari,
2049 1017 2106 1067 et
2133 1012 2278 1067 ratio
2307 1012 2676 1085 incorporalis
2702 1021 2873 1089 atque
2924 1016 3155 1073 illocalis
3185 1023 3304 1074 est:
3334 1018 3513 1091 igitur

1876 1105 2244 1178 incorporalis
2285 1110 2370 1162 est
2410 1107 2619 1163 anima.
2676 1110 2815 1165 Item
2853 1112 3113 1167 voluntas
3139 1112 3346 1167 animm
3374 1113 3510 1168 sub-

1876 1191 2082 1256 stantia
2100 1201 2223 1272 ejus
2257 1205 2359 1270 est,
2390 1206 2448 1257 et
2481 1202 2525 1257 si
2561 1207 2677 1259 tota
2708 1204 2830 1259 vult
2853 1205 3066 1276 anima,
3106 1209 3223 1261 tota
3252 1208 3509 1263 voluntas

1876 1299 1978 1364 est,
2012 1298 2068 1350 et
2096 1294 2354 1350 voluntas
2397 1312 2601 1368 corpus
2649 1314 2765 1353 non
2813 1303 2914 1354 est.
2946 1300 3125 1371 Igitur
3176 1300 3367 1356 anima
3393 1318 3510 1358 non

1875 1392 1961 1442 est
1982 1404 2208 1460 corpus.
2238 1390 2377 1445 Item
2401 1391 2676 1446 memoria
2701 1391 2933 1448 illocalis
2948 1394 3210 1466 qumdam
3233 1396 3510 1467 capacitas

1875 1485 1977 1552 est,
2006 1498 2134 1555 qum
2157 1499 2261 1538 nec
2290 1484 2653 1541 multitudine
2678 1486 3114 1542 recordabilium
3146 1488 3506 1558 distenditur,

1873 1591 1979 1630 nec
2036 1576 2320 1647 paucitate
2387 1581 2686 1645 tenuatur,
2731 1583 2788 1634 et
2841 1580 3271 1651 incorporaliter
3337 1583 3507 1637 etiam

1874 1665 2253 1737 corporalium
2278 1666 2679 1723 reminiscitur.
2709 1669 2776 1723 Et
2805 1685 2937 1723 cum
2972 1669 3236 1724 meminit
3261 1670 3505 1742 animus,

1874 1761 2024 1814 totus
2066 1759 2348 1829 meminit,
2379 1763 2437 1815 et
2474 1765 2624 1815 totus
2649 1763 2923 1817 memoria
2967 1766 3070 1832 est,
3100 1764 3199 1835 qui
3246 1765 3511 1821 meminit

1872 1856 2023 1908 totus
2049 1872 2063 1908 :
2098 1858 2155 1909 et
2179 1855 2455 1909 memoria
2472 1871 2675 1927 corpus
2701 1872 2819 1911 non
2834 1862 2936 1911 est.
2956 1858 3076 1912 Non
3101 1857 3279 1930 igitur
3304 1874 3507 1930 corpus

117 1951 296 2005 nobis
344 1949 480 2021 ipsis
532 1926 862 2021 experimur
919 1949 1089 2019 illud;
1141 1948 1200 2004 in
1254 1926 1477 2005 Christo
1541 1926 1848 2007 credereB
1872 1950 1956 2002 est
1980 1948 2224 2003 animus.
2254 1949 2391 2003 Item
2432 1926 2635 2019 corpus
2669 1966 2773 2004 nec
2799 1926 3216 2023 appropinquat
3243 1953 3379 2019 Deo,
3401 1926 3506 2007 nec

108 2044 430 2115 jubemur:
482 2044 529 2098 si
577 2048 769 2098 autem
821 2047 1129 2114 utrumque
1179 2043 1342 2098 nobis
1410 2044 1770 2116 inexpertum

117 2138 479 2193 credendum
508 2138 936 2210 prmciperetur,
966 2136 1105 2208 quid
1140 2136 1349 2192 horum
1376 2137 1541 2192 citius
1568 2138 1762 2194 crede-

116 2249 322 2287 remus
346 2233 375 2287 ?
412 2232 705 2297 Quomodo
744 2247 861 2286 non
903 2231 1216 2286 fateremur
1257 2231 1370 2286 duo
1414 2231 1765 2303 incorporea,

116 2342 303 2397 quam
344 2342 527 2380 unum
578 2325 980 2397 incorporeum
1027 2325 1388 2397 alterumque
1433 2341 1768 2396 corporeum

109 2420 344 2475 facilius
398 2419 645 2491 potuisse
697 2419 969 2475 misceri?
998 2441 1026 2469 »
1092 2421 1220 2474 Hmc
1279 2418 1587 2490 disputatio
1632 2435 1768 2474 vera

116 2514 344 2569 ratione
359 2513 684 2585 plenissima
707 2514 904 2586 magni
929 2512 1195 2569 antisnitis
1222 2512 1541 2568 incredulos
1567 2529 1768 2585 provo-

118 2625 260 2662 cans
286 2607 357 2663 ad
384 2606 556 2663 ﬁdem
584 2607 752 2662 ducet
780 2625 797 2677 ;
840 2612 905 2663 ut
928 2607 1140 2662 scilicet
1185 2606 1329 2661 sicut
1376 2606 1615 2661 credunt
1650 2606 1767 2661 ani-

118 2718 281 2757 mam
310 2701 704 2772 incorporea'm
748 2701 993 2773 corpori,
1032 2706 1095 2756 ut
1120 2718 1231 2756 una
1272 2716 1513 2772 persona
1540 2699 1638 2756 ﬁat
1666 2701 1766 2756 ho-

119 2795 297 2851 minis
321 2838 335 2865 ,
388 2794 635 2866 potuisse
688 2794 957 2865 misceri;
1016 2796 1198 2850 multo
1257 2793 1476 2849 facilius
1534 2794 1763 2849 credere

118 2890 335 2945 debent
360 2888 607 2943 Verbum
626 2888 724 2945 Dei
749 2889 1173 2961 incorporeum,
1188 2888 1540 2960 incorporem
1560 2887 1765 2944 animm

118 2983 377 3055 potuisse
404 2982 651 3038 misceri.

188 3080 254 3133 In
279 3077 427 3133 libro
454 3077 627 3132 etiam
651 3077 717 3132 de
742 3078 963 3147 Origine
981 3079 1198 3140 animae,
1221 3092 1392 3150 quem
1417 3076 1489 3132 ad
1507 3080 1765 3131 sanctum

124 3172 537 3244 Hieronymum
600 3172 994 3242 presbyterum
1056 3170 1316 3243 scripsit,
1372 3171 1764 3242 incorpoream

118 3282 350 3338 quoque
378 3281 498 3320 esse
525 3265 775 3319 animam
796 3265 984 3337 inquit
1007 3282 1019 3320 :
1050 3267 1172 3320 etsi
1188 3265 1402 3333 dimcile
1427 3265 1761 3321 tardioribus

110 3360 445 3431 persuaderi
468 3363 657 3429 potest,
690 3360 824 3413 mihi
858 3364 1037 3414 tamen
1060 3360 1239 3426 fateor
1273 3374 1380 3413 esse
1414 3374 1757 3429 persuasum.

119 3456 242 3508 Haec
272 3452 449 3508 verba
471 3452 621 3508 beati
647 3452 947 3523 Augustini
976 3452 1284 3507 ostendunt
1306 3452 1428 3506 illos
1456 3467 1572 3507 non
1592 3468 1759 3524 posse

118 3546 436 3618 intelligere
486 3544 691 3600 animm
758 3545 1273 3617 incorporalitatem
1293 3587 1307 3615 ,
1359 3546 1458 3616 qui
1527 3544 1759 3617 ingenio

116 3641 325 3712 pusillo
350 3656 463 3694 non
490 3638 681 3694 valent
703 3639 1005 3711 sejungere
1034 3654 1302 3711 corporea
1322 3638 1391 3693 ab
1413 3637 1760 3710 incorporeis

116 3735 289 3789 rebus
316 3750 330 3788 :
360 3733 496 3805 quia
521 3732 731 3789 scilicet
753 3737 977 3788 tantum
1002 3733 1252 3805 corporis
1277 3732 1535 3788 sensibus
1556 3732 1756 3800 dediti,

117 3828 258 3883 nihil
280 3844 403 3883 esse
445 3826 772 3882 existimant
795 3827 948 3900 quod
986 3843 1105 3883 non
1129 3843 1232 3899 per
1274 3843 1470 3882 sensus
1507 3826 1758 3898 corporis

115 3922 436 3993 percepisse
459 3920 844 3976 meminerint.
873 3921 1107 3993 Scripsit
1118 3925 1310 3976 autem
1322 3920 1475 3975 idem
1492 3919 1759 3991 egregius

116 4018 321 4071 Doctor
340 4015 553 4071 librum
580 4016 650 4071 de
676 4014 991 4087 quantitate
1012 4014 1241 4083 animm,
1264 4014 1458 4069 multis
1485 4018 1541 4069 et
1558 4013 1755 4067 multi-

114 4111 359 4181 plicibus
395 4108 872 4181 disputationibus
910 4108 1207 4178 refertum,
1237 4109 1296 4164 in
1335 4124 1449 4180 quo
1485 4107 1633 4162 inter
1657 4123 1757 4161 cm—

112 4210 237 4259 tera
265 4204 337 4259 de
364 4202 824 4275 incorporalitate
850 4202 1058 4257 animm
1087 4202 1351 4274 disputat.
1384 4220 1411 4253 «
1432 4202 1553 4256 Non
1579 4201 1753 4272 enim,

115 4299 215 4366 ait,
250 4298 370 4352 ullo
392 4297 582 4363 modo,
612 4301 710 4352 aut
742 4296 934 4367 longa,
964 4300 1063 4351 aut
1092 4296 1224 4365 lata,
1260 4299 1359 4351 aut
1391 4295 1551 4367 quasi
1579 4295 1758 4350 valida

113 4390 452 4462 suspicanda
476 4395 561 4446 est
594 4390 785 4445 anima
818 4405 1149 4461 corporea.»
1180 4390 1290 4443 Ista
1332 4394 1483 4456 sunt,
1516 4393 1582 4443 ut
1612 4388 1755 4443 mihi

109 4485 358 4553 videtur,
388 4488 446 4538 et
470 4485 540 4539 de
577 4483 984 4539 consuetudine
1028 4499 1335 4555 corporum
1387 4482 1467 4537 sic
1504 4482 1755 4537 animam

112 4578 449 4650 qumrimus,
484 4577 723 4649 ideoque
760 4577 911 4632 bene
952 4576 1284 4649 prmcipitur
1327 4576 1497 4631 etiam
1536 4576 1596 4630 in
1636 4593 1755 4647 my-

112 4673 322 4741 steriis,
374 4676 435 4727 ut
474 4671 665 4726 omnia
712 4687 950 4743 corpora
993 4674 1341 4739 contemnat,
1382 4670 1834 4748 universoqueD

114 4766 249 4821 huic
279 4765 496 4820 mundo
531 4765 838 4834 renuntiet,
867 4764 986 4835 qui,
1028 4769 1095 4819 ut
1131 4764 1408 4832 videmus,
1450 4779 1758 4835 corporeus

114 4865 217 4928 est,
256 4859 515 4931 quisquis
548 4876 607 4914 se
636 4858 823 4913 talem
842 4857 999 4913 reddi
1041 4857 1341 4926 desiderat,
1370 4857 1550 4929 qualis
1585 4874 1619 4911 a
1644 4858 1756 4912 Deo

110 4956 295 5008 factus
324 4957 430 5022 est,
473 4953 530 5007 id
556 4957 640 5008 est
670 4946 879 5007 similis
921 4952 1056 5007 Deo.
1108 4952 1228 5005 Non
1270 4950 1424 5005 enim
1456 4951 1564 5006 alia
1605 4950 1755 5005 salus

111 5047 320 5102 animm
345 5051 449 5115 est,
488 5050 587 5101 aut
629 5044 936 5115 renovatio,
965 5049 1065 5100 aut
1106 5044 1490 5100 reconciliatio
1532 5043 1754 5100 auctori

113 5157 239 5196 $110.

182 5231 549 5303 Claudianus,
577 5232 664 5288 vir
691 5233 1118 5302 disertissimus,
1148 5232 1323 5288 edidit
1352 5231 1530 5286 libros
1554 5230 1624 5285 de
1668 5232 1755 5284 ln-

110 5326 509 5399 corporalitate
530 5326 743 5382 animm
763 5331 900 5397 tres,
920 5326 1074 5382 omni
1096 5325 1433 5398 eloquentim
1454 5324 1755 5395 splendore

106 5423 392 5493 fulgentes
419 5436 433 5473 :
462 5420 524 5475 in
550 5421 760 5493 quibus
794 5421 944 5476 inter
969 5424 1172 5476 cmtera
1213 5419 1432 5492 ingenii
1461 5417 1547 5473 sui
1577 5416 1752 5474 docu-

110 5521 305 5571 menta
346 5514 821 5587 praeclarissima:
876 5516 1078 5584 Omne,
1135 5513 1341 5586 inquit,
1394 5511 1613 5567 illocale
1660 5510 1752 5565 in-

108 5624 447 5682 corporeum
486 5624 711 5681 quoque
766 5613 869 5664 est.
907 5609 1081 5663 Porro
1110 5608 1222 5663 vita
1268 5605 1521 5678 corporis
1564 5603 1754 5658 anima

107 5708 208 5773 est,
238 5707 297 5759 et
324 5703 386 5758 in
413 5718 648 5775 corpore
677 5701 815 5758 vivit
841 5720 856 5771 ;
888 5706 944 5757 et
984 5708 1104 5758 tam
1131 5701 1264 5757 vivit
1292 5700 1482 5755 anima
1504 5699 1565 5753 in
1590 5702 1753 5770 parte

108 5796 378 5870 corporis,
399 5812 574 5868 quam
600 5796 659 5851 in
682 5800 802 5852 toto
824 5813 1094 5868 corpore;
1122 5799 1349 5851 tantum
1366 5810 1502 5865 ergo
1532 5792 1661 5847 vitm
1690 5791 1751 5847 in

110 5897 265 5963 parte
295 5891 549 5962 corporis
588 5895 694 5957 est,
722 5896 1003 5963 quantum
1028 5890 1088 5945 in
1117 5893 1234 5946 toto
1262 5904 1516 5961 corpore,
1546 5892 1603 5941 et
1640 5886 1753 5941 vita

108 5987 229 6043 hmc
254 5986 452 6043 anima
467 5988 583 6045 est:
615 6000 723 6045 nec
744 5984 924 6045 locale
954 5989 1040 6043 est
1056 5984 1210 6058 quod
1230 5986 1349 6042 tam
1372 5996 1649 6055 magnum
1668 5984 1754 6040 est

1868 2041 2080 2097 recedit
2098 2058 2131 2095 a
2162 2042 2303 2110 Deo;
2333 2043 2560 2096 animus
2584 2048 2777 2098 autem
2801 2048 2858 2099 et
2884 2045 3169 2115 proximat
3195 2050 3250 2100 et
3275 2046 3504 2117 longin-

1869 2139 2006 2207 quat
2033 2135 2360 2205 illocaliter;
2389 2136 2567 2208 igitur
2617 2137 2842 2191 animus
2889 2138 3083 2192 localis
3112 2154 3229 2193 non
3256 2144 3406 2194 est.»
3437 2141 3505 2194 Et

1869 2228 2153 2284 hactenus
2178 2228 2247 2283 de
2284 2228 2741 2300 incorporalitate
2770 2230 2977 2285 animm
3013 2231 3363 2303 disputatum
3407 2233 3503 2290 sit.

1939 2367 2237 2422 Videamus
2285 2368 2548 2440 deinceps
2568 2373 2766 2424 utrum
2793 2370 3025 2426 assertio
3040 2376 3233 2427 nostra
3258 2388 3325 2427 eo
3352 2374 3505 2444 quod

1866 2462 2199 2533 angelorum
2239 2467 2441 2517 natura
2466 2462 2538 2518 sit
2565 2462 2918 2535 incorporea,
2948 2464 3138 2537 aliquo
3176 2465 3501 2521 testimonio

1867 2555 2181 2611 roboretur.
2212 2556 2413 2611 Beatus
2462 2560 2614 2612 certe
2664 2557 3037 2629 Augustinus,
3066 2558 3197 2613 licet
3220 2559 3281 2613 in
3306 2560 3501 2615 multis

1865 2649 2145 2721 opusculis
2169 2653 2381 2705 astruat
2404 2651 2637 2722 angelos
2658 2651 3051 2723 incorpoream
3075 2668 3195 2707 esse
3215 2658 3498 2724 naturam,

1864 2746 2257 2800 veruntamem
2281 2743 2341 2798 in
2366 2743 2511 2799 libro
2539 2744 2823 2800 Trinitatis
2847 2761 2963 2800 non
3008 2746 3193 2800 solum
3218 2762 3288 2801 ex
3313 2747 3501 2802 incor-

1864 2854 2059 2909 poreo,
2090 2853 2287 2892 verum
2315 2837 2491 2892 etiam
2529 2854 2597 2892 ex
2628 2855 2918 2910 corporeo,
2948 2838 3006 2894 id
3036 2845 3121 2894 est
3173 2856 3243 2895 ex
3281 2840 3494 2912 duplici

1863 2930 2195 2999 substantia,
2222 2946 2316 2985 eos
2345 2946 2466 2986 esse
2496 2937 2797 3001 asseverat,
2826 2936 2891 2987 ut
2910 2949 2979 2987 ex
3006 2946 3119 2988 una
3145 2934 3215 2988 ad
3242 2934 3342 2989 Dei
3370 2950 3500 2989 con-

1866 3024 2290 3096 templationem
2316 3040 2432 3079 non
2458 3025 2740 3094 recedant,
2771 3028 3087 3082 secundum
3122 3028 3274 3099 quod
3304 3028 3498 3082 Domi-

1862 3134 1971 3173 nus
1999 3118 2060 3173 in
2088 3117 2390 3189 Evangelio
2415 3134 2546 3173 cum
2561 3119 2631 3174 de
2657 3136 2772 3174 non
2794 3121 3236 3176 condemnandis
3254 3121 3501 3192 parvulis

1862 3216 2058 3284 ageret
2087 3228 2100 3266 :
2136 3213 2275 3280 Quia
2319 3212 2502 3281 angeli
2526 3228 2707 3267 eorum
2728 3228 2935 3284 semper
2961 3216 3147 3270 vident
3173 3216 3371 3282 faciem
3396 3218 3499 3271 Pa-

1781 3300 1836 3375 C
1862 3308 1961 3361 tris
1988 3308 2112 3367 mei,
2144 3307 2239 3375 qui
2261 3308 2319 3359 in
2344 3306 2488 3361 cmlt's
2514 3311 2591 3361 est
2616 3323 2633 3375 ;
2688 3322 2758 3361 ex
2800 3306 2912 3361 alia
2940 3308 3010 3362 ad
3050 3309 3242 3380 aliqua
3278 3309 3497 3380 agenda

1861 3398 1920 3454 in
1949 3402 2252 3471 conspectu
2269 3398 2572 3454 hominum
2593 3400 2864 3455 veraciter
2887 3406 3217 3474 appareant.
3240 3402 3327 3459 Sic
3346 3402 3500 3458 enim

1788 3532 1795 3539 ς
1860 3493 1918 3548 in
1946 3493 2091 3548 libro
2134 3509 2171 3547 Il
2221 3492 2476 3563 ejusdem
2515 3493 2742 3563 operis:
2800 3516 2829 3542 «
2859 3497 3241 3564 Assumentes,
3289 3495 3494 3568 inquit,

1859 3586 2048 3658 angeli
2093 3586 2441 3657 corporalem
2488 3586 2734 3656 speciem
2764 3604 2798 3641 a
2823 3592 3082 3643 creatura
3130 3605 3398 3660 corporea
3433 3590 3492 3644 in

1858 3697 2027 3735 usum
2070 3679 2370 3735 ministerii
2421 3678 2527 3746 sui,
2557 3679 2702 3734 sicut
2730 3680 2934 3752 cuique
2985 3698 3129 3752 opus
3178 3687 3343 3748 esset,
3397 3688 3499 3738 aut

1858 3774 2046 3847 ipsum
2072 3791 2276 3846 corpus
2293 3789 2459 3830 suum
2479 3774 2571 3828 cui
2590 3791 2706 3830 non
2726 3775 3066 3843 subduntur,
3087 3774 3185 3829 sed
3206 3774 3495 3830 subditum

1859 3873 2085 3939 regunt,
2114 3868 2174 3923 in
2200 3870 2412 3941 species
2450 3887 2589 3943 quas
2613 3871 2807 3925 volent
2843 3868 3292 3923 accommodatas
3328 3872 3497 3940 atque

1858 3964 2018 4033 aptas
2045 3963 2361 4019 actionibus
2400 3966 2516 4020 suis
2566 3965 2935 4019 immutantes
2975 3967 3144 4037 atque
3193 3965 3494 4033 vertentes,

1858 4057 2169 4110 secundum
2222 4057 2552 4114 attributam
2594 4058 2700 4113 sibi
2730 4074 2763 4111 a
2805 4058 3069 4112 Creatore
3122 4056 3492 4127 potentiam.»

1859 4150 1998 4203 Item
2020 4147 2080 4203 in
2108 4148 2253 4205 libro
2270 4167 2333 4205 1n
2351 4168 2523 4224 supra
2548 4154 2996 4217 memoratarum
3016 4150 3297 4205 librorum
3317 4150 3498 4206 :«Non

1857 4243 2043 4297 solum
2068 4244 2266 4315 malos,
2300 4245 2507 4319 inquit,
2537 4247 2635 4302 sed
2677 4262 2781 4301 nec
2815 4246 2996 4301 bonos
3041 4245 3277 4317 angelos
3300 4244 3385 4300 fas
3412 4246 3498 4299 est

1855 4337 2047 4408 putari
2097 4343 2394 4407 creatores,
2444 4340 2509 4408 si,
2538 4357 2643 4412 pro
2694 4339 3005 4395 subtilitate
3060 4337 3148 4392 sui
3196 4355 3394 4394 sensus
3441 4342 3499 4394 et

1855 4430 2130 4502 corporis,
2154 4433 2370 4488 semina
2398 4450 2590 4489 rerum
2620 4433 2856 4489 istarum
2882 4432 3045 4487 nobis
3071 4431 3375 4486 occultiora
3395 4447 3496 4486 no-

1854 4529 2113 4581 verunt.»
2145 4528 2212 4581 Et
2234 4528 2406 4598 paulo
2433 4533 2589 4598 post:
2621 4549 2649 4577 «
2667 4528 2805 4592 Qum
2831 4527 2891 4580 in
2922 4524 3075 4579 cmlis
3103 4528 3253 4593 sunt,
3283 4523 3492 4594 inquit,

1856 4635 1970 4673 non
2027 4620 2455 4690 investigamus,
2495 4637 2608 4692 quo
2656 4637 2851 4675 rerum
2898 4633 3127 4690 genere,
3156 4622 3214 4671 et
3259 4634 3497 4689 corpora

1857 4711 2115 4784 angelica
2144 4713 2455 4767 secundum
2491 4712 2782 4784 propriam
2830 4710 3185 4782 dignitatem,
3209 4715 3267 4766 et
3293 4727 3492 4769 eorum

1856 4806 2118 4877 qumdam
2137 4805 2439 4876 corporalis
2458 4805 2603 4859 actio
2628 4804 3007 4860 continetur.»
3038 4806 3180 4859 Item
3196 4804 3342 4860 libro
3366 4822 3487 4877 vm,

1858 4900 2062 4955 docens
2082 4898 2386 4953 Dominum
2415 4915 2531 4953 non
2560 4914 2676 4953 esse
2705 4914 2929 4969 corpus,
2959 4914 3063 4953 nec
3089 4898 3234 4955 sicut
3274 4900 3491 4972 cogita-

1856 4997 1970 5061 tur,
1998 4992 2215 5065 inquit:
2250 4990 2483 5063 «angeli
2507 4991 2711 5046 mundi
2735 4991 2967 5063 spiritus
2991 4993 3236 5049 cmlestia
3253 5011 3494 5065 corpora

1856 5086 2217 5158 inspirantes,
2261 5090 2429 5158 atque
2457 5085 2531 5139 ad
2577 5084 2875 5140 arbitrium
2923 5102 3038 5157 quo
3074 5087 3326 5142 serviunt
3378 5088 3491 5141 Deo

1856 5185 2161 5247 mutantes,
2189 5183 2360 5251 atque
2385 5195 2444 5234 se
2464 5182 2767 5246 vertentes,
2796 5193 2900 5233 nec
2929 5178 2975 5232 si
3002 5195 3199 5234 omnes
3220 5194 3350 5233 cum
3380 5178 3494 5234 sint

1856 5274 2035 5329 millia
2062 5272 2314 5327 millium
2346 5272 2408 5328 in
2435 5288 2617 5327 unum
2646 5270 2861 5326 collecti
2882 5287 3033 5325 unus
3059 5272 3217 5341 ﬁant,
3246 5287 3351 5326 nec
3381 5272 3491 5326 tale

1857 5367 2072 5438 aliquid
2101 5367 2245 5422 Deus
2273 5371 2375 5437 est,
2397 5382 2501 5421 nec
2530 5365 2574 5420 si
2602 5364 2828 5420 eosdem
2870 5363 3102 5435 spiritus
3129 5364 3249 5419 sine
3291 5380 3488 5435 corpo-

1854 5460 2013 5515 ribus
2042 5460 2273 5533 cogites,
2304 5459 2454 5532 quod
2480 5459 2711 5531 quidem
2742 5456 2950 5513 carnali
2992 5456 3317 5530 cogitationi
3347 5456 3493 5513 diffi-

1854 5553 2135 5610 cillimum
2163 5558 2265 5609 est.

1926 5699 2219 5768 Memores,
2253 5697 2452 5767 frater,
2484 5696 2702 5752 dilectae
2746 5694 3042 5751 sententim
3082 5694 3324 5763 Domini,
3357 5695 3489 5767 quia

1855 5792 2098 5847 duorum
2125 5796 2224 5847 aut
2249 5792 2425 5847 trium
2442 5790 2743 5846 hominum
2762 5788 3151 5845 testimonium
3172 5805 3369 5844 verum
3392 5789 3483 5859 sit,

1856 5884 2030 5939 labori
2059 5890 2251 5940 nostro
2267 5885 2325 5939 in
2351 5887 2505 5939 arcto
2528 5888 2781 5956 tempore
2809 5882 3187 5956 providentes,
3207 5883 3308 5937 hos
3339 5883 3481 5938 duos

1854 5977 2355 6037 excellentissimos
2407 5981 2755 6051 tractatores,
2786 5984 2852 6037 ut
2898 5977 3117 6036 facilius
3170 5976 3381 6049 credat,
3430 5977 3490 6034 in
