4016 6240
513 423 615 474 699

1186 419 1419 474 SANCTl
1467 418 1714 472 VERANI
1763 417 2154 482 SENTENTIA,
2197 416 2284 470 DE
2323 415 2686 472 CASTITATE
2738 415 3198 472 SACERDOTUM.

3788 417 3888 470 700

513 533 790 601 quantum
818 527 1103 599 quivimus
1126 542 1194 582 ex
1220 524 1500 596 opusculis
1526 540 1723 579 eorum
1751 523 2026 579 memoria
2049 539 2140 578 re-
2166 535 2224 609 Α
2244 523 2403 588 Quod
2439 523 2486 579 si
2515 523 2603 578 his
2632 523 2877 579 noluerit
2908 522 3200 590 assentire,
3237 537 3340 578 nec
3373 520 3763 594 plurimorum
3803 527 3889 579 te-

513 623 726 688 tinere,
786 622 992 694 scripta
1043 637 1144 691 per
1197 636 1292 672 vos
1341 618 1683 674 notescenda
1731 618 2140 672 mandavimus.

2245 617 2438 686 stium,
2473 617 2519 671 si
2545 617 2804 688 producti
2828 617 3063 685 fuerint,
3097 617 3372 673 assentire
3398 617 3639 673 curabit.

1411 909 1811 985 LICINIANI,
1860 908 2552 976 CARTHAGINENSIS
2596 908 2974 987 EPISCOPI,

956 1075 1511 1169 EPISTOLA
1581 1075 1730 1180 III,
1806 1029 1956 1167 Αἰ)
2024 1074 2721 1168 VINCENTIUM
2799 1023 3440 1167 EPlSCOPUM

1871 1258 2234 1303 EBOSITAN/E
2275 1259 2337 1303 IN
2345 1258 2532 1303 SULiE.

592 1379 838 1447 Contra
877 1397 981 1442 eos
1016 1379 1136 1463 qui
1172 1379 1523 1444 credebant
1548 1376 1851 1459 epistolas
1880 1377 1959 1439 de
2007 1377 2164 1439 caelo
2205 1375 2505 1439 cecidisse
2543 1377 2614 1439 in
2659 1377 3052 1439 memoriam
3091 1374 3305 1438 sancti
3340 1373 3523 1439 Petri
3547 1373 3800 1441 Romae.

1510 1513 1674 1576 (Nunc
1696 1510 1923 1575 primum
1948 1509 2084 1560 edita
2104 1523 2166 1558 ex
2187 1509 2282 1560 Ms.
2304 1508 2556 1560 Ecclesiae
2582 1509 2878 1573 Toletanaa.)

577 1783 728 1833 Inter
753 1777 930 1832 varias
960 1777 1391 1833 tribulationum
1433 1778 1722 1850 angustias
1762 1793 1880 1831 non
1911 1793 2015 1831 nos
2041 1776 2133 1847 pi-
2156 1788 2214 1858 Β
2236 1777 2521 1846 torquere,
2551 1776 2608 1828 et
2646 1773 2717 1828 ad
2760 1772 3117 1828 excitandam
3168 1769 3466 1826 libidinem
3503 1768 3894 1840 nugatoribus

510 1873 650 1944 guit,
691 1877 926 1943 cogente
970 1872 1243 1927 charitate
1285 1872 1521 1943 Christi,
1567 1874 1687 1927 haec
1727 1872 2140 1944 qualiacunque

507 1971 657 2034 sunt,
690 1967 759 2020 ad
811 1966 1171 2021 Sanctitatem
1198 1971 1442 2020 vestram
1483 1967 1653 2020 verba
1691 1967 1958 2049 dirigere,
2003 1967 2138 2021 insi-

505 2065 745 2114 nuantes
796 2060 1072 2130 accepisse
1122 2077 1223 2114 nos
1267 2061 1482 2115 litteras
1527 2064 1671 2129 tuas,
1720 2065 1776 2115 et
1825 2062 1893 2115 de
1939 2065 2140 2116 vestrae

506 2154 788 2224 sospitatis
827 2154 977 2208 bono
1025 2154 1260 2224 gavisos.
1290 2155 1394 2209 Sed
1424 2155 1482 2208 in
1507 2154 1565 2208 id
1592 2171 1706 2208 non
1735 2154 1972 2210 minime
2003 2172 2137 2209 con-

504 2247 706 2302 tristati
750 2265 964 2316 sumus,
997 2249 1147 2319 quod
1185 2248 1397 2302 litteras
1424 2248 1739 2319 cujusdam,
1765 2266 1908 2320 quas
1936 2250 2006 2304 ad
2033 2267 2140 2304 nos

507 2341 805 2409 direxistis,
835 2342 978 2396 sicut
1029 2348 1144 2397 tute
1177 2342 1430 2397 iudicant
1477 2343 1698 2410 litteras,
1728 2343 2056 2414 susceperis,
2087 2349 2142 2398 et

505 2435 575 2488 de
602 2435 869 2489 tribunali
889 2436 1112 2506 populis
1133 2452 1224 2490 eas
1253 2436 1448 2490 feceris
1473 2437 1820 2492 annuutiari.
1846 2439 1962 2509 Ego
1986 2439 2139 2492 enim

508 2544 639 2582 mox
671 2545 704 2582 a
751 2533 805 2583 te
847 2529 1202 2584 transmissas
1261 2529 1470 2600 accepi,
1505 2530 1566 2584 in
1616 2532 1916 2601 praesentia
1965 2531 2141 2602 ipsius

508 2623 809 2693 perlatoris
835 2624 1132 2678 exordium
1163 2624 1488 2680 litterarum
1515 2625 1766 2695 ipsarum
1814 2625 2010 2697 legens
2036 2644 2052 2695 ;
2086 2631 2143 2682 et

504 2733 623 2770 non
675 2717 957 2786 patienter
993 2719 1195 2786 ferens,
1226 2735 1330 2774 nec
1378 2719 1618 2790 dignum
1665 2720 1876 2773 ducens
1923 2721 2141 2774 namias

507 2809 658 2881 ipsas
685 2812 993 2883 perlegere,
1040 2813 1227 2867 statim
1272 2812 1430 2881 scidi,
1458 2817 1513 2867 et
1539 2829 1632 2867 eas
1671 2814 1729 2866 in
1760 2817 1971 2867 terram
2005 2830 2138 2884 pro-

503 2904 636 2974 jeci,
658 2904 943 2960 admirans
974 2907 1125 2976 quod
1154 2907 1242 2961 his
1269 2906 1532 2961 credulus
1560 2907 1754 2974 fueris,
1786 2911 1842 2960 et
1862 2910 1992 2978 post
2007 2924 2138 2977 pro-

507 2999 814 3069 phetarum
843 3000 1125 3069 vaticinia,
1155 3006 1210 3055 et
1254 3001 1460 3055 Christi
1507 3001 1822 3071 Evangelia,
1855 3002 2138 3072 apostolo-

509 3109 753 3163 rumque
781 3094 902 3162 ejus
933 3095 1223 3164 Epistolas,
1255 3095 1443 3149 nescio
1474 3095 1632 3166 cujus
1657 3094 1904 3149 hominis
1929 3096 2142 3150 litteras

508 3187 612 3240 sub
632 3187 863 3242 nomine
888 3187 1096 3242 Christi
1134 3189 1325 3257 factas,
1355 3189 1476 3259 ejus
1503 3205 1621 3243 esse
1648 3189 1950 3244 credideris
1971 3207 1988 3258 ;
2039 3190 2141 3244 ubi
2161 3162 2215 3236 Ο

508 3295 613 3334 nec
655 3297 840 3335 sermo
885 3282 1138 3353 elegans,
1190 3298 1296 3337 nec
1339 3282 1595 3336 doctrina
1644 3298 1779 3336 sana
1822 3283 2033 3353 poterit
2057 3300 2142 3338 re-

509 3385 682 3440 periri
693 3411 705 3424 .

580 3466 641 3518 In
667 3463 949 3536 principio
975 3465 1152 3536 ipsius
1179 3465 1428 3536 epistola:
1458 3465 1702 3538 legimus
1725 3470 1791 3521 ut
1819 3466 1936 3522 dies
1956 3467 2143 3522 Domi-

509 3559 672 3613 nicus
699 3559 934 3614 colatur.
983 3559 1116 3624 Quis
1154 3559 1310 3614 enim
1355 3559 1722 3630 Christianus,
1756 3577 1871 3615 non
1912 3567 2144 3632 propter

506 3653 697 3724 ipsum
751 3653 923 3723 diem,
963 3654 1058 3708 sed
1101 3658 1334 3725 propter
1386 3653 1858 3710 resurrectionem
1909 3655 2142 3711 Domini

504 3745 680 3801 nostri
704 3748 831 3801 Jesu
862 3747 1086 3814 Christi,
1121 3765 1188 3803 eo
1221 3749 1373 3820 quod
1395 3748 1455 3802 in
1483 3748 1606 3820 ipso
1632 3766 1664 3803 a
1691 3749 1932 3804 mortuis
1958 3766 2143 3806 resur-

508 3841 672 3909 rexit,
701 3842 1232 3896 reverendissimum
1264 3859 1379 3896 non
1413 3843 1620 3897 habeat
1643 3843 1671 3898 ?
1704 3844 1831 3910 Sed,
1863 3848 2141 3915 quantum

507 3935 706 4004 sentio,
733 3935 860 3990 ideo
885 3953 1060 3990 novus
1086 3936 1190 3991 iste
1230 3936 1566 4006 praedicator
1615 3937 1721 3991 hoc
1768 3937 1920 4004 dicit,
1952 3942 2015 3992 ut
2040 3955 2141 3993 nos

500 4029 787 4099 judaizare
837 4030 1156 4100 compellat,
1209 4033 1274 4082 ut
1316 4031 1508 4084 nullus
1541 4030 1646 4084 sibi
1693 4031 1754 4084 in
1799 4032 1997 4085 eodem
2051 4031 2141 4086 die

509 4121 822 4176 necessaria
863 4122 1041 4176 victus
1077 4129 1380 4193 praeparet,
1412 4128 1510 4177 aut
1534 4123 1683 4177 viam
1728 4125 2001 4180 ambulet.
2034 4126 2141 4180 Sed

509 4216 614 4268 hoc
651 4231 822 4285 quam
868 4215 1176 4286 pessimum
1224 4217 1314 4282 sit,
1348 4217 1623 4271 Sanctitas
1669 4220 1766 4270 tua
1804 4219 2138 4288 perpendat.

508 4309 734 4363 Utinam
762 4309 1005 4379 populus
1025 4309 1375 4364 Christianus
1405 4309 1449 4362 si
1464 4308 1552 4362 die
1575 4309 1696 4380 ipso
1717 4311 2007 4364 ecclesiam
2027 4328 2141 4366 non

505 4402 845 4471 frequentat,
881 4402 1108 4473 aliquod
1142 4402 1327 4472 operis
1366 4403 1595 4470 faceret,
1627 4407 1684 4456 et
1726 4419 1841 4456 non
1890 4404 2136 4459 saltaret.

504 4495 808 4566 Meliusque
837 4501 956 4551 erat
979 4496 1100 4551 viro
1136 4497 1369 4551 hortum
1406 4497 1609 4566 facere,
1638 4496 1747 4550 iter
1775 4513 1964 4568 agere,
2007 4514 2136 4552 mu-

504 4589 628 4642 lieri
655 4590 844 4644 colum
888 4595 1102 4657 tenere,
1132 4595 1188 4645 et
1232 4607 1368 4659 non,
1397 4595 1464 4645 ut
1513 4590 1741 4659 dicitur,
1771 4591 2000 4661 ballare,
2029 4592 2135 4648 sal-

506 4689 644 4750 tare,
678 4688 735 4738 et
768 4685 1024 4740 membra
1046 4701 1079 4739 a
1103 4686 1219 4740 Deo
1254 4685 1398 4740 bene
1432 4685 1656 4740 condita
1693 4685 1951 4740 saltando
1993 4685 2138 4741 male

2240 1868 2596 1923 cantionibus
2623 1867 2995 1938 proclamare.

2312 1961 2468 2017 Absit
2487 1977 2622 2032 ergo
2641 1978 2683 2030 a,
2701 1961 3003 2017 Sanctitate
3022 1963 3120 2015 tua
3139 1960 3246 2014 hoc
3266 1958 3516 2026 credere,
3539 1961 3606 2011 ut
3631 1955 3890 2026 epistola:

2241 2077 2393 2114 nunc
2420 2059 2581 2115 nobis
2607 2059 2905 2114 mittantur
2931 2076 2964 2113 a
3000 2058 3240 2113 Christo.
3271 2056 3520 2112 Sufficiat
3541 2054 3697 2110 enim
3729 2053 3894 2125 quod

2241 2155 2460 2209 locutus
2502 2159 2587 2209 est
2617 2154 2678 2207 in
2720 2153 3012 2224 prophetis
3037 2168 3140 2224 per
3165 2168 3222 2206 se
3271 2151 3480 2222 ipsum,
3512 2154 3568 2204 et
3611 2165 3720 2220 per
3753 2164 3893 2202 suos

2241 2249 2540 2320 apostolos.
2571 2249 2709 2302 Nam
2737 2253 2794 2302 et
2831 2247 2920 2300 his
2963 2263 3077 2300 non
3117 2245 3332 2302 litteras
3379 2243 3804 2298 transmittebat
3857 2258 3891 2294 e

2241 2342 2398 2410 coelo,
2432 2341 2529 2396 sed
2555 2341 2765 2412 Spiritu
2804 2344 2992 2394 sancto
3021 2355 3219 2394 eorum
3259 2337 3428 2392 corda
3457 2337 3733 2408 replebat.
3768 2337 3890 2390 Ex-

2241 2436 2416 2507 ceptis
2431 2435 2586 2490 enim
2616 2435 2809 2489 decem
2836 2433 3149 2505 praceptis,
3178 2449 3305 2504 quae
3326 2431 3385 2486 in
3411 2430 3618 2486 tabulis
3646 2429 3895 2501 lapideis

2242 2529 2580 2584 mirabiliter
2601 2529 2731 2583 data
2774 2532 2925 2597 sunt,
2957 2527 3027 2581 ad
3073 2527 3291 2581 nullum
3327 2525 3739 2598 prophetarum
3785 2527 3896 2576 aut

2241 2623 2628 2695 apostolorum
2670 2621 2933 2694 Epistolas
2962 2621 3152 2675 missae
3177 2625 3310 2675 sunt
3334 2621 3404 2674 de
3433 2620 3590 2674 cmlo.
3620 2619 3742 2672 Non
3772 2617 3889 2688 igi-

2240 2723 2335 2772 tur
2360 2717 2555 2772 credas
2598 2733 2728 2788 quae
2759 2731 3055 2787 nunquam
3102 2715 3248 2768 facta
3275 2715 3546 2785 leguntur
3575 2730 3588 2766 :
3631 2729 3745 2784 que
3777 2714 3892 2767 etsi

2239 2812 2384 2866 facta
2415 2815 2619 2878 essent,
2641 2815 2770 2882 post
2797 2809 3271 2881 prmdicationem
3309 2807 3597 2879 Evangelii
3632 2807 3754 2877 jam
3783 2823 3893 2861 ne-

2240 2905 2478 2960 cessaria
2495 2921 2611 2959 non
2643 2907 2793 2958 sunt.
2815 2905 2880 2958 Et
2905 2903 2950 2957 si
2968 2904 3110 2958 forte
3137 2902 3328 2973 ipsum
3353 2918 3563 2962 nomen
3590 2918 3803 2955 novum
3827 2906 3892 2954 te

2240 2999 2553 3066 delectavit,
2582 2999 2714 3069 quia
2741 2998 2860 3068 ipsa
2899 2996 3152 3068 epistola,
3183 2995 3326 3050 sicut
3368 2995 3662 3049 simulator
3694 2995 3890 3065 scrip-

2239 3092 2371 3164 psit,
2407 3093 2476 3147 de
2505 3093 2645 3147 coelo
2690 3091 2978 3146 descendit
3007 3107 3178 3162 super
3213 3090 3390 3144 altare
3433 3089 3638 3144 Christi
3665 3089 3724 3143 in
3751 3105 3890 3143 me-

2241 3185 2424 3241 moria
2451 3186 2629 3240 sancti
2655 3185 2802 3240 Petri
2826 3185 3084 3256 apostoli,
3109 3183 3246 3239 scito
3267 3183 3472 3238 diaboli
3504 3199 3622 3238 esse
3642 3182 3897 3254 ﬁgmen-

2240 3285 2385 3346 tum,
2410 3283 2467 3334 et
2490 3296 2721 3350 omnem
2748 3279 3089 3350 scripturam
3122 3278 3397 3348 divinam,
3429 3277 3746 3349 epistolam,
3786 3283 3899 3331 aut

2243 3374 2504 3446 epistolas
2548 3389 2668 3429 esse
2719 3373 2995 3442 caelestes,
3047 3377 3103 3428 et
3144 3373 3216 3428 ad
3255 3389 3356 3428 nos
3404 3373 3474 3428 de
3515 3372 3655 3427 coelo
3711 3371 3897 3426 fuisse

2193 3519 2198 3522 _
2241 3467 2618 3523 transmissas.

2314 3562 2589 3617 Emendet
2613 3578 2750 3634 ergo
2775 3562 2927 3633 quod
2954 3566 3167 3617 temere
3198 3560 3436 3616 credidit
3460 3560 3736 3616 Sanctitas
3762 3565 3891 3626 tua,

2244 3661 2300 3712 et
2325 3656 2384 3711 in
2415 3655 2719 3726 praesentia
2747 3655 2944 3727 populi
2971 3656 3152 3726 ipsam
3178 3655 3495 3726 epistolam,
3526 3655 3572 3709 si
3599 3660 3681 3709 est
3703 3671 3893 3726 penes

2242 3754 2319 3818 te,
2345 3749 2601 3805 rescinde
2634 3765 2648 3804 :
2698 3753 2755 3804 et
2784 3751 2891 3805 hoc
2916 3756 2973 3804 te
3006 3749 3276 3820 poeniteat
3304 3749 3459 3821 quod
3494 3749 3564 3804 de
3608 3749 3890 3804 tribunali

2242 3860 2368 3899 eam
2392 3843 2592 3900 feceris
2633 3844 2877 3912 recitari,
2904 3843 3056 3898 beati
3107 3844 3344 3914 apostoli
3390 3859 3629 3915 sequens
3670 3843 3885 3898 doctri-

2243 3953 2399 4004 nam,
2429 3938 2586 4008 quod
2610 3937 2762 3992 inter
2787 3941 2990 3992 caetera
3023 3937 3094 3990 ad
3121 3937 3344 3991 Galatas
3371 3936 3594 4007 scripsit
3621 3953 3634 3990 :
3675 3939 3738 3993 Si
3761 3939 3889 4006 quis

2241 4032 2692 4100 euangelizaverit
2727 4031 2876 4085 vobis
2900 4035 3100 4100 praeter
3139 4031 3199 4084 id
3238 4031 3383 4100 quod
3407 4032 3708 4100 accepistis,
3749 4046 3887 4084 ana-

2243 4126 2419 4180 thema
2445 4127 2537 4179 sit.
2567 4125 2674 4180 Sed
2694 4128 2750 4179 et
2779 4124 2919 4178 illud
2943 4124 3311 4194 Evangelium
3336 4123 3522 4177 omnis
3550 4124 3644 4177 lex
3665 4128 3722 4177 et
3747 4140 3884 4193 pro-

2241 4218 2427 4288 phetre
2453 4235 2632 4290 usque
2661 4218 2730 4272 ad
2761 4219 3038 4273 Joannem
3069 4217 3575 4288 prophetaverunt.
3607 4216 3887 4287 Deinceps

2241 4315 2285 4365 si
2316 4329 2427 4383 qua
2457 4329 2601 4365 nova
2625 4311 2715 4366 vel
2752 4311 3018 4366 inusitata
3059 4311 3345 4382 divulgata
3386 4310 3618 4375 fuerint,
3647 4311 3884 4364 omnino

2239 4405 2553 4476 abjicienda
2591 4409 2646 4460 et
2670 4406 2994 4460 detestanda
3041 4404 3314 4460 Sanctitas
3349 4409 3445 4458 tua
3479 4404 3723 4459 noverit.
3774 4403 3886 4457 Ora

2239 4515 2342 4569 pro
2386 4499 2567 4566 nobis,
2597 4499 2824 4554 domine
2867 4504 3058 4555 sancte
3101 4498 3243 4554 etin
3284 4497 3505 4554 Christo
3552 4497 3884 4553 charissime

2238 4593 2430 4647 frater.

1798 5009 1965 5055 ANNO
2006 5011 2223 5057 DOMINI
2255 5012 2424 5056 DLXX
2431 5014 2545 5058 XVI
2556 5043 2570 5058 .

995 5154 2050 5361 SAN’CTUS
2204 5159 3407 5365 VERANUS.

1150 5581 1646 5648 OBSERVATIO
1695 5583 2077 5649 SIRMONDI
2121 5586 2202 5650 IN
2243 5585 2600 5664 SEQUENS
2645 5585 3222 5652 FRAGMENTUM.

558 5727 687 5775 Satis
713 5733 926 5788 apparet
957 5729 1094 5778 hanc
1121 5728 1428 5779 sententiam
1456 5729 1508 5778 in
1533 5729 1731 5793 synodo
1760 5729 1933 5793 aliqua
1958 5730 2152 5780 dictam
2176 5745 2207 5781 ει
2224 5732 2430 5781 Verano
2453 5731 2720 5796 episcopo.
2750 5731 2848 5781 Sed
2875 5731 3024 5794 cujus
3047 5731 3186 5780 sedis
3210 5731 3365 5781 fuerit
3387 5731 3695 5796 episcopus,
3716 5735 3892 5784 Codex

501 5807 664 5853 sancti
691 5808 952 5867 Germani,
980 5811 1118 5857 unde
1147 5813 1393 5871 excerpta
1424 5814 1520 5868 est,
1551 5823 1658 5858 nou
1682 5810 1944 5873 exprimit.
1979 5813 2109 5860 Cum
2141 5812 2243 5861 hoc
2271 5813 2389 5862 loco
2417 5812 2756 5873 intexeretur,
2785 5813 3032 5862 veniebat
3060 5813 3112 5861 in
3139 5816 3370 5862 mentem
3401 5813 3646 5862 Veranus
3670 5815 3890 5863 (labelli-

504 5885 673 5932 censis
714 5885 1011 5947 cpiscOpus,
1045 5889 1138 5948 qui
1177 5889 1427 5950 proximas
1473 5889 1675 5952 synodo
1716 5891 2082 5940 Matisconensi
2122 5905 2160 5941 II
2199 5893 2496 5942 subscribit.
2525 5895 2674 5942 Nunc
2712 5908 2838 5942 vero
2878 5893 3046 5957 aptius
3082 5893 3243 5943 tribui
3270 5907 3420 5958 posse
3449 5893 3660 5944 videtur
3685 5895 3890 5944 Verano

508 5961 854 6025 Lugdunenst,
885 5965 952 6013 ad
978 5979 1131 6029 quem
1158 5973 1360 6018 exstant
1387 5969 1548 6020 Hilari
1572 5984 1721 6034 papas
1745 5969 1995 6034 epistolae,
2022 5972 2086 6022 ab
2125 5986 2291 6037 eoque
2320 5977 2429 6024 tum
2454 5973 2614 6040 dicta,
2639 5988 2762 6026 cum
2785 5975 2840 6025 in
2867 5974 3070 6040 synodo
3095 5974 3450 6041 provinciales
3471 5988 3600 6026 suos
3625 5973 3888 6031 affaretur.
