4016 6240
416 605 1127 739 SANCTI
1223 538 1966 736 venam
2060 551 3236 745 SENTENTIA.

616 834 679 878 IN
720 833 951 887 ALIQUA
993 833 1187 880 HUJUS
1229 832 1537 879 TEMPORIS
1581 831 1824 877 SYNODO
1867 831 2069 890 DICTA,
2117 832 2196 877 DE
2238 831 2578 878 CASTITATE
2620 831 3046 881 SACERDOTUM.

172 952 464 1007 Veranus
487 952 782 1026 episc0pus
807 953 950 1010 dixit
981 970 995 1009 :
1022 953 1154 1020 Quis
1178 954 1576 1027 praesidentem
1607 954 1775 1010 sacris
1796 962 1855 1037 Α
1874 952 2019 1009 doch
2044 968 2161 1009 non
2186 953 2344 1026 prius
2367 970 2543 1027 panes
2570 954 2969 1027 propositionis
2987 954 3236 1027 tradidit,
3258 969 3431 1027 quam
3451 969 3510 1011 se

92 1043 436 1116 altaribus,
467 1051 639 1120 atque
666 1048 737 1104 ad
777 1048 897 1121 ipsa
935 1052 1130 1104 sancta
1180 1053 1504 1104 sanctorum
1544 1049 1777 1106 honoris

94 1138 436 1212 privilegio
468 1140 791 1197 venientem
828 1142 1233 1215 indignissimis
1272 1143 1588 1199 carnalium
1611 1145 1775 1199 volu-

98 1236 356 1305 ptatum
382 1236 760 1291 contaminari
795 1235 1071 1292 illecebris
1096 1237 1383 1308 patiatur;
1409 1254 1473 1292 ac
1514 1238 1619 1293 sub
1656 1238 1776 1310 ipso

102 1327 452 1400 conjugalis
477 1328 718 1385 licentiae
733 1330 966 1385 nomine
985 1331 1304 1403 acquiescat
1321 1331 1652 1403 quempiam
1670 1332 1778 1387 cle-

100 1420 407 1492 ricorum,
439 1427 497 1478 et
521 1423 822 1479 sacerdotis
849 1441 1020 1497 agere
1047 1424 1324 1496 ofﬁcium,
1356 1429 1413 1480 et
1448 1425 1638 1480 mariti
1662 1426 1773 1480 im-

101 1515 282 1585 plere
302 1532 609 1588 personam
627 1535 644 1587 ;
664 1534 794 1572 cum
809 1517 1122 1590 purificatis
1138 1519 1390 1590 corporis
1408 1524 1577 1591 atque
1596 1519 1775 1575 animi

102 1608 394 1664 moribus
430 1610 608 1665 multa
663 1611 1006 1683 cogitatione
1052 1612 1553 1683 perpendeudum,
1602 1628 1774 1684 quam

104 1701 374 1757 idoneus
414 1720 533 1759 esse
571 1704 741 1759 debet
775 1705 824 1759 is
859 1705 959 1777 qui
997 1705 1069 1760 ad
1113 1705 1448 1760 celebranda
1474 1706 1772 1778 mysterio-

104 1811 258 1850 rum
284 1797 414 1851 loca
437 1812 554 1852 non
580 1798 765 1853 solum
790 1814 895 1870 pro
922 1798 1057 1868 suis,
1084 1815 1285 1854 verum
1310 1798 1481 1853 etiam
1504 1815 1610 1870 pro
1633 1799 1772 1855 alie-

106 1889 210 1944 nis
238 1891 491 1963 peccatis
516 1891 923 1948 intercessurus
946 1892 1178 1949 accedit.
1209 1894 1589 1965 lncongruum
1604 1892 1776 1966 siqui-

110 1985 261 2039 dem
291 1985 439 2040 mihi
464 1985 706 2055 videtur,
752 1987 822 2043 de
864 1987 1150 2059 conjugali
1195 1989 1319 2042 toro
1359 1987 1610 2059 aliquem
1637 2004 1768 2043 con-

112 2083 467 2151 surgentem
509 2080 843 2136 altariorum
872 2086 1030 2153 septa
1055 2085 1373 2153 penetrare.
1422 2080 1529 2152 ipsi
1570 2081 1771 2153 utique

112 2173 436 2230 illuminati
481 2183 536 2231 et
581 2176 730 2231 docti
766 2176 835 2232 de
865 2175 1079 2248 Spiritu
1105 2179 1295 2230 sancto
1316 2218 1329 2245 ,
1358 2175 1571 2248 optime
1596 2176 1772 2230 nostis

117 2268 457 2323 oblaturum
486 2269 753 2341 spiritalis
785 2269 1040 2325 sacriﬁcii
1063 2268 1318 2324 victimas
1338 2270 1490 2341 quali
1516 2272 1773 2341 oporteat

1876 1049 1935 1103 et
1958 1063 2166 1119 pueros
2192 1064 2321 1102 suos
2354 1048 2476 1120 jam
2503 1048 2593 1104 die
2619 1048 2789 1105 tertio
2815 1049 3057 1105 mundos
3081 1065 3200 1105 esse
3230 1065 3265 1104 a
3301 1047 3507 1103 mulie-

1875 1141 2035 1197 ribus
2075 1141 2374 1212 fateretur;
2423 1141 2549 1215 quis
2592 1142 2982 1198 immaculatas
3017 1143 3151 1216 agni
3202 1158 3398 1198 carnes
3439 1143 3510 1199 ad

1874 1235 2114 1290 salutem
2156 1236 2357 1291 mundi
2398 1237 2677 1309 praestitas
2718 1241 2846 1309 post
2876 1238 3202 1309 passionum
3242 1237 3509 1311 inquina-

1874 1333 2088 1399 menta,
2120 1330 2209 1385 vel
2238 1329 2410 1386 etiam
2451 1331 2657 1387 audeat
2685 1333 3053 1387 consecrare?
3078 1332 3282 1387 Beatus
3305 1331 3509 1387 Paulus

1874 1423 2158 1493 apostolus
2197 1423 2258 1479 in
2284 1425 2518 1481 veritate
2545 1442 2648 1480 nos
2673 1429 3018 1481 contestatur
3042 1425 3232 1481 dicens
3260 1442 3275 1481 :
3306 1425 3509 1481 Probet

1874 1531 1933 1571 se
1978 1516 2365 1589 unusquisque
2410 1518 2824 1585 ministrorum,
2874 1523 2931 1575 et
2973 1519 3051 1574 sic
3093 1535 3300 1590 panem
3343 1519 3508 1575 illum

1873 1614 2187 1682 praesumat
2222 1611 2424 1667 offerre
2451 1612 2501 1683 (Ι
2520 1612 2638 1669 Cor.
2667 1614 2768 1683 x1).
2796 1614 3001 1668 Notum
3030 1612 3186 1668 vobis
3216 1616 3333 1680 est,
3362 1612 3510 1667 circa

1872 1701 1996 1759 loca
2018 1704 2384 1761 beatitudinis
2409 1711 2632 1775 vestrm,
2665 1707 2769 1761 sub
2802 1723 3149 1779 magnorum
3175 1708 3408 1761 Patrum
3433 1706 3515 1761 di-

1873 1797 2126 1869 sciplina,
2156 1800 2569 1855 monachorum
2596 1801 3067 1873 congregationes
3091 1817 3212 1856 esse
3234 1816 3351 1855 non
3376 1816 3507 1872 par-

1872 1908 1989 1961 vas,
2017 1892 2170 1948 unde
2196 1894 2266 1948 ad
2294 1894 2607 1965 supplenda
2644 1894 2985 1950 clericorum
3009 1895 3193 1949 oﬂicia
3232 1894 3295 1949 in
3322 1910 3510 1966 prom-

1873 1990 1975 2056 ptu
2004 1991 2089 2041 est
2130 1987 2277 2042 viros
2306 1987 2489 2042 bonos
2527 1987 2762 2043 assumi.
2800 1988 2999 2044 Utilior
3023 1993 3109 2043 est
3135 1989 3289 2043 enim
3316 1988 3374 2043 in
3402 1989 3505 2043 Ec-

1871 2080 2044 2135 clesia
2069 2097 2386 2152 paucorum
2410 2081 2695 2137 bonorum
2725 2082 2899 2138 electa
2924 2081 3202 2153 probatio,
3233 2098 3405 2153 quam
3425 2098 3510 2137 er-

1872 2174 2061 2229 ratica;
2102 2175 2481 2230 multitudinis
2520 2175 2824 2248 praesentia
2865 2176 3234 2249 conglobata;
3281 2192 3345 2230 ac
3379 2176 3507 2246 plus
3600 2170 3613 2185 λ

1873 2268 2255 2324 aediﬁcationis
2293 2268 2540 2325 afferunt
2583 2286 2710 2324 rara
2752 2270 2975 2325 virtutis
3013 2269 3305 2341 exempla,
3334 2285 3506 2340 quam

116 2361 262 2433 igne
290 2362 556 2434 ﬂagrare.
599 2363 655 2419 Si
680 2364 836 2418 enim
862 2363 921 2418 in
946 2364 1071 2435 lege
1105 2363 1301 2432 veteri,
1332 2363 1572 2419 abidum
1597 2379 1765 2418 evan-
1789 2341 1846 2414 Β
1869 2362 2155 2434 popularis
2214 2364 2456 2420 licentiae
2516 2363 2813 2420 abundans
2859 2368 2918 2420 et
2980 2363 3298 2420 incorrecta
3352 2379 3504 2436 prae-

122 2456 326 2528 gelicaa
352 2456 714 2529 perfectionis
740 2458 1047 2514 auctoritas
1075 2457 1428 2530 praefulgeat,
1458 2461 1650 2512 sancto
1672 2458 1771 2512 Da-

120 2551 241 2621 vid,
271 2567 406 2606 cmn
430 2551 584 2623 fugae
610 2551 940 2609 necessitate
986 2556 1364 2625 premeretur,
1393 2551 1650 2609 sacerdos
1670 2550 1769 2608 Sa-

1869 2455 2138 2528 sumptio.

1516 2894 1684 2939 ANNO
1716 2892 1933 2940 DOMINI
1966 2893 2108 2939 DXC.

464 3039 1763 3253 PELAGIUE

2020 3043 2771 3244 PAPA
2910 3046 3184 3246 ΙΙ.

1206 3340 1461 3423 (Μαηεὶ
1490 3337 1795 3405 Collectz'o
1829 3337 2075 3406 Concil.
2110 3347 2265 3404 tom.
2298 3338 2450 3422 IX.)

820 3698 1324 3804 NOTITIA,
1401 3695 1546 3781 EX
1631 3694 1971 3780 LIBRO
2063 3692 2817 3779 PONTIFICALI.

204 3853 460 3927 Pelagius
503 3852 529 3883 ⁸
570 3850 797 3909 natione
846 3852 1134 3908 Romanus
1172 3866 1242 3907 ex
1278 3852 1441 3922 patre
1479 3847 1759 3922 Vinigildo
1780 3858 1836 3933 ρ
1867 3843 2013 3918 [Cod.
2058 3846 2211 3908 Luc.,
2258 3843 2581 3917 Unigeldo],
2630 3842 2774 3899 sedit
2808 3858 2989 3899 annos
3026 3843 3242 3913 decem,
3283 3858 3503 3899 menses

1432 4008 1630 4064 NOTxE
1668 4002 1980 4063 SEVERlNI
2018 4000 2198 4057 BINII.

205 4127 231 4155 ³
257 4122 384 4176 Post
406 4119 754 4174 vacationem
779 4118 954 4174 trium
974 4117 1258 4173 mensium
1288 4119 1345 4172 et
1359 4116 1626 4171 undecim
1646 4115 1761 4171 die-

136 4208 288 4260 rum,
338 4191 428 4246 die
476 4193 532 4245 ll
584 4190 912 4245 Novembris
964 4190 1101 4244 anni
1149 4193 1250 4244 577
1293 4192 1422 4260 post
1453 4188 1761 4260 Christum

139 4269 348 4329 natum,
360 4262 515 4316 suble
521 4261 676 4333 gitur
694 4261 954 4333 Pelagius
962 4261 1159 4333 junior
1174 4259 1220 4333 ej
1228 4259 1555 4333 usfnominis
1567 4274 1761 4313 secun-

139 4335 242 4389 dus
265 4331 548 4388 Romanus
579 4331 853 4404 pontifex,
880 4337 1039 4404 patre
1066 4331 1368 4402 Vinigildo,
1396 4334 1471 4397 et,
1503 4335 1569 4384 ut
1593 4335 1759 4401 puta-

140 4412 233 4459 tur
257 4421 321 4459 ex
335 4403 834 4470 nomine,’Gothico
850 4403 1041 4475 potius
1061 4419 1232 4474 quam
1255 4405 1507 4457 Romano
1530 4416 1758 4475 genere.

142 4476 488 4532 Pontilicatus
505 4475 652 4530 illius
683 4470 880 4530 incidit
897 4475 959 4529 in
980 4470 1305 4529 calamitosa
1323 4470 1599 4544 tempora,
1630 4470 1758 4544 qui-

141 4549 244 4602 bus
264 4546 607 4619 Langobardi
630 4547 844 4619 Italiam
870 4545 1177 4619 vastabant,
1206 4551 1375 4617 atque
1404 4543 1761 4619 occidentalis

148 4615 399 4685 Ecclesia,
408 4622 638 4689 propter
656 4618 935 4689 synodum
956 4633 1036 4669 va
1059 4616 1195 4689 sede
1210 4615 1530 4689 apostolica
1553 4630 1759 4685 appro-

147 4691 340 4756 batam,
363 4686 482 4744 diro
510 4686 811 4744 schismate
833 4704 1021 4760 usque
1048 4686 1410 4760 adgﬂibernos
1425 4686 1759 4760 divisaerat.

148 4762 237 4816 His
270 4761 616 4815 consulturus
665 4756 1340 4831 pontifex—sanctissimus
1354 4800 1406 4831 ,Α
1425 4756 1673 4831 consilia
1697 4760 1765 4831 _et

148 4832 349 4903 auxilio,
369 4832 542 4887 sancti
570 4826 827 4903 Gregorii
852 4830 1186 4903 successoris
1225 4829 1317 4903 sui
1352 4829 1563 4903 librum
1589 4826 1764 4903 edidit

148 4921 244 4985 pro
267 4902 454 4985 quinta
478 4898 711 4975 synodo,
736 4919 908 4985 quam
928 4901 1249 4985 defendens
1269 4900 1368 4981 ait,
1390 4900 1504 4985 tria
1519 4898 1764 4985 capitula

171 4991 261 5029 ure
281 4969 595 5045 meritoque
622 4969 1159 5045 condemnataesse.
1201 4971 1463 5045 Meminit
1490 4970 1662 5041 hujus
1690 4969 1760 5023 li-

171 4993 261 5029 ure
284 4993 595 5045 meritoque
622 4993 995 5028 condemnata
1020 4993 1159 5027 esse.
1202 4993 1455 5026 meminit
1490 4993 1662 5041 nuJus
1691 4993 1760 5023 u-

142 4993 270 5101 lielli
295 5048 509 5100 sanctus
523 5044 826 5117 Gregorius
838 5044 904 5117 Vin
924 5042 1158 5117 epistola
1176 5043 1246 5117 ad
1267 5038 1563 5117 Hibernos,
1591 5056 1765 5117 quem

149 5118 297 5198 infra_
301 5117 451 5198 inter.
461 5111 739 5198 epistolas
762 5111 976 5198 Pelagii:
988 5131 1143 5196 nunc
1160 5114 1415 5198 primum
1437 5130 1506 5198 ex
1526 5111 1761 5198 Annali-

148 5190 246 5266 buAs
265 5182 567 5266 Baronii‘in
590 5188 789 5266 _1_uc_em
821 5182 1132 5266 emittimus
1163 5182 1181 5239 Ξ
1209 5185 1277 5239 de
1304 5187 1418 5266 quo
1444 5185 1614 5266 plura
1640 5182 1765 5237 vide

150 5260 285 5314 infra
309 5259 363 5313 in
402 5258 550 5313 notis
587 5258 825 5312 ibidem.
873 5258 1050 5328 Hujus
1091 5256 1442 5327 temporibus
1479 5273 1512 5310 a
1553 5256 1766 5309 Joanne

152 5348 305 5386 sacrm
323 5332 583 5386 Romanae
602 5328 863 5385 Ecclesiae
890 5329 1219 5400 presbytero
1252 5329 1505 5400 erectum
1532 5330 1617 5400 est
1645 5340 1767 5400 era-

152 5402 349 5482 torium_
376 5401 535 5482 apud
572 5401 827 5482 thermas
864 5394 1240 5482 Agrippinas,‘
1263 5398 1414 5470 quod
1444 5396 1618 5482 servis
1645 5394 1762 5482 Dei,
1784 5400 1844 5474 Ι)

151 5465 741 5537 ωοῐιθοὴὶεήίηιὶωω,
770 5465 1360 5542 inserviretﬁlludq—ue
1389 5468 1661 5524 reditibus
1688 5465 1766 5542 lo_-

154 5544 686 5616 cupletavit,scripto
713 5543 782 5597 de
811 5543 904 5616 his
918 5541 1191 5616 omnibus
1204 5538 1581 5616 testamenta:
1610 5538 1763 5616 quod

153 5608 271 5671 cuin
296 5608 510 5687 Pelagio
539 5608 703 5687 papze
727 5613 1077 5687 tradidisset,
1108 5629 1178 5668 ex
1202 5612 1308 5687 hac
1339 5613 1448 5667 vita
1473 5608 1760 5687 migravit.

155 5679 723 5759 Gregoriussucces'sor
733 5685 944 5759 Pelagii
960 5679 1179 5759 mutata
1188 5683 1470 5759 voluntate
1486 5679 1765 5759 testatoris

155 5760 207 5814 in
230 5751 410 5815 eBdem
429 5774 612 5812 sacras
637 5751 897 5828 virgines
900 5755 1191 5810 collocavit
1211 5754 1315 5828 sub
1337 5770 1471 5828 cura
1485 5751 1763 5828 religiosae

156 5831 357 5885 feminae
398 5831 567 5884 Bonae
608 5822 919 5882 abbatissae.
965 5828 1201 5881 Exstant
1244 5826 1312 5880 de
1363 5824 1452 5879 his
1497 5822 1763 5879 omnibus

162 5902 314 5971 ipsius
348 5900 521 5955 sancti
547 5899 801 5971 Gregorii
831 5898 975 5969 epist
1019 5898 1166 5951 libro
1194 5913 1283 5950 νη.
1314 5895 1475 5971 Unde
1496 5892 1764 5962 intelligis

162 5966 446 6029 Romanum
470 5966 797 6045 pontiﬁcem
822 5966 1294 6027 testamentorum
1323 5966 1395 6023 ad
1422 5966 1542 6039 pias
1567 5978 1762 6019 causas

1861 4109 2221 4183 conditorum
2240 4107 2520 4163 arbitrum
2540 4123 2681 4183 esse,
2704 4107 2781 4183 ita
2804 4109 2943 4183 utin
2963 4109 3141 4165 alium
3160 4125 3322 4183 teque
3341 4111 3505 4182 pium

1860 4199 2031 4263 usum
2057 4182 2153 4236 illa
2171 4183 2395 4263 mutare
2415 4179 2610 4263 possit,
2634 4181 2680 4234 si
2703 4180 2759 4263 id
2779 4181 2922 4263 ratio
2950 4179 3307 4263 persuadeat.
3329 4179 3503 4263 Iusti-

1860 4271 1977 4334 nus
1990 4253 2297 4334 imperator
2317 4251 2584 4334 precibus
2604 4255 2811 4334 sancta:
2834 4251 3024 4309 Mariae
3044 4254 3506 4334 vi1_‘_gi_nis_mentis

1863 4323 2091 4379 sanitati
2108 4324 2422 4398 restitutus,
2450 4323 2749 4398 designato
2772 4340 3090 4398 successore
3109 4323 3353 4394 Tiberio,
3377 4330 3507 4398 post

1863 4401 2084 4476 exactos
2111 4394 2340 4476 imperii
2382 4394 2886 4476 annosisexdecim
2919 4394 3507 4476 mensesque‘novem

1862 4484 1994 4522 cum
2014 4466 2282 4538 dimidio,
2293 4482 2363 4519 ex
2392 4466 2499 4520 hac
2519 4466 2632 4520 vita
2653 4467 2900 4538 recessit.
2919 4466 3506 4538 Tiberiusiantequarn

1862 4543 2248 4609 coronaretur,
2270 4536 2818 4609 locasanctaobivit,
2840 4537 3063 4609 SOphiae
3078 4536 3275 4609 uxoris
3299 4536 3506 4593 Justini

1863 4609 2093 4663 insidias
2113 4606 2211 4661 Dei
2241 4606 2454 4661 auxilio
2476 4606 2668 4674 evasit,
2692 4613 2748 4661 et
2779 4606 2933 4662 dum“
2950 4607 3310 4663 insidiantem
3337 4609 3507 4664 bonis

1862 4678 2127 4753 omnibus
2152 4676 2506 4753 _spoliasset,_
2544 4678 2830 4753 eamdem_
2854 4678 2915 4732 in
2956 4678 3215 4733 ordinem
3260 4680 3505 4753 redegit.

1862 4751 2019 4807 Unde
2054 4746 2432 4820 factum_sine
2476 4746 2647 4820 dubio
2684 4748 2837 4820 quod
2874 4764 2988 4803 non
3038 4753 3259 4804 tantum
3309 4746 3506 4807 contra

1862 4822 2074 4903 hostes,
2103 4818 2201 4873 sed
2229 4817 2721 4903 etiamnadversus
2739 4820 2998 4903 iteratam
3040 4821 3270 4903 Sophim
3306 4824 3504 4895 conj“-

1862 4892 2146 4966 rationem
2159 4905 2290 4966 cum
2304 4888 2622 4966 Iustiniano
2638 4891 2663 4943 J
2672 4890 2843 4946 ustini
2862 4899 3101 4963 cognato
3120 4888 3348 4964 initam,
3365 4888 3509 4966 prae-

1863 4965 2009 5040 elare
2035 4959 2427 5040 triumpharit.
2461 4959 2558 5013 Hic
2595 4976 2727 5040 cum
2756 4959 3129 5040 aegrotantem
3166 4959 3507 5040 Eutychium

1863 5031 2549 5108 Constantinopolitanum
2564 5032 2786 5108 episcop
2794 5031 3403 5108 um,Constantin6poli
3416 5037 3513 5091 be-

1863 5104 2242 5161 nedictionem
2272 5103 2342 5156 ab
2372 5119 2437 5157 eo
2475 5103 2869 5173 percepturus,
2898 5103 3194 5173 invisisset,
3226 5103 3509 5163 intellexit

1865 5193 1923 5231 se
1942 5180 2072 5247 post
2094 5178 2585 5247 quatuormenses
2605 5190 2673 5228 ex
2692 5175 2797 5247 hac
2815 5174 2929 5247 vita
2948 5178 3320 5232 avocandum.
3337 5180 3508 5241 Quar-

1864 5255 1922 5303 to
1942 5244 2135 5301 mense
2156 5244 2490 5299 adveniente
2510 5244 2570 5299 in
2597 5246 2866 5300 morbum
2885 5246 3161 5313 incidens,
3182 5247 3507 5304 Mauritium

1865 5318 2022 5390 civili
2045 5321 2101 5371 et
2144 5315 2649 5390 castrensimilitia
2677 5317 2932 5390 clarum,
2975 5319 3254 5374 catholica
3281 5335 3509 5390 quoque

1865 5389 2141 5461 religione
2173 5393 2228 5441 et
2253 5385 2556 5461 virtutibus
2575 5387 2870 5461 illustrem,
2889 5388 3173 5461 Caesarem,
3203 5385 3375 5457 creat,
3407 5385 3508 5445 da-

1865 5457 2036 5533 taque
2060 5459 2143 5514 illi
2171 5475 2347 5533 uxore
2384 5457 2498 5533 filia
2514 5457 2893 5533 Qoustantina
2914 5502 2928 5529 ,
2975 5460 3285 5531 imperium
3322 5461 3509 5517 eidem

1863 5530 1968 5605 pro
1993 5532 2121 5605 dote
2149 5530 2475 5605 assignavit.
2511 5532 2696 5605 Mense
2736 5530 3155 5605 Augustoganni
3187 5535 3311 5602 586,
3341 5533 3507 5589 Tibe-

1865 5601 1982 5659 rius
2005 5603 2339 5682 imperator
2378 5601 2671 5682 piissimus
2710 5601 2920 5682 magno
2977 5603 3169 5682 dolore
3222 5605 3507 5682 benorum

1865 5670 2127 5729 omniuni
2149 5672 2220 5726 ab
2248 5670 2793 5745 impérioinquieto,
2812 5670 2996 5745 prout
3019 5675 3080 5729 in
3108 5676 3322 5729 somnis
3346 5675 3504 5731 vide-
3592 5670 3599 5675 ’

1863 5751 1973 5814 rat,
2001 5745 2070 5818 ad
2106 5748 2370 5818 pacatum
2411 5743 2643 5818 cceleste
2665 5743 2911 5818 regnum
2935 5747 3179 5801 transiit.
3210 5746 3504 5801 Mauritins

1862 5816 2171 5887 imperium
2196 5815 2457 5887 adeptus,
2479 5831 2583 5886 per
2608 5815 2823 5873 litteras
2851 5818 2923 5873 ad
2950 5818 3308 5874 Theodorum
3327 5818 3507 5873 archi-

1864 5885 2206 5960 mandritam
2235 5885 2394 5960 datas
2420 5885 2649 5960 rogavit
2678 5905 2783 5959 pro
2815 5905 2875 5944 se
2902 5891 3078 5960 orari,
3109 5893 3175 5945 ut
3200 5888 3507 5960 imperium

1862 5959 1922 6014 in
1952 5972 2086 6030 pace
2111 5956 2279 6026 tueri,
2308 5962 2365 6012 et
2391 5956 2461 6012 ab
2486 5956 2744 6015 hostibus
2767 5956 3074 6019 defendere
3094 5956 3304 6036 posset:
