4016 6240
522 436 622 490 703

1918 430 2168 487 PELAGI]

2255 429 2412 485 ἈΡιΕ
2450 428 2494 485 ΙΙ
3802 435 3884 491 704

522 553 682 623 duos,
715 552 835 617 dies
871 552 1065 608 decem
1092 559 1139 605 ι.
1187 549 1284 605 Hic
1332 548 1630 604 ordinatur
1677 548 1749 619 (a)
1787 548 1999 619 absque
2036 548 2156 620 jus-
2176 560 2235 633 Α
2255 549 2449 603 mento
2486 551 2891 615 constructam,
2938 552 2994 603 et
3038 548 3245 604 tabulis
3288 549 3574 623 argenteis
3611 552 3888 608 exornavit

522 647 679 702 sione
704 646 979 719 principis
1002 687 1017 713 ,
1046 661 1111 701 eo
1138 644 1289 716 quod
1335 641 1688 714 Langobardi
1725 641 2045 698 obsiderent
2073 642 2153 697 ci-

520 740 751 797 vitatem
778 743 1110 807 Romanam,
1140 741 1195 792 et
1230 736 1411 791 multa
1439 735 1673 791 vastatio
1701 735 1770 790 ab
1800 735 1879 791 eis
1909 736 1970 791 in
2001 736 2158 791 Italia

522 835 699 890 fieret.
719 834 929 889 Eodem
952 839 1208 903 tempore
1234 835 1405 886 tanta:
1430 829 1638 902 pluviae
1666 830 1921 899 fuerunt,
1949 834 2015 885 ut
2031 846 2156 886 om-

523 944 623 983 nes
650 928 918 996 dicerent,
967 924 1102 996 quia
1144 941 1309 996 aqua:
1353 923 1580 979 diluvia?
1618 923 2155 996 superinundarent,

520 1024 588 1077 Et
616 1021 739 1076 talis
766 1019 951 1073 clades
970 1018 1094 1087 fuit,
1128 1018 1356 1091 qualem
1382 1035 1414 1072 a
1443 1017 1652 1073 saeculo
1678 1017 1870 1073 nullus
1895 1016 2160 1073 meminit

519 1114 707 1171 fuisse.
744 1113 957 1169 Eodem
988 1117 1244 1183 tempore
1285 1112 1567 1167 investivit
1596 1127 1800 1183 corpus
1832 1110 1982 1166 beati
2009 1110 2160 1166 Petri

518 1207 756 1279 apostoli
775 1206 983 1262 tabulis
1002 1206 1287 1278 argenteis
1308 1206 1608 1262 deauratis.
1625 1206 1722 1261 llic
1742 1206 1977 1261 domum
1999 1221 2160 1260 suam

520 1301 936 1356 xenodochium
972 1301 1105 1355 fecit
1143 1316 1463 1372 pauperum
1510 1316 1731 1356 senum.
1763 1298 1860 1353 Hic
1884 1298 2018 1355 fecit
2043 1315 2157 1353 cce-

518 1395 824 1451 meterium
850 1394 1000 1450 beati
1027 1394 1301 1450 Hermetis
1343 1394 1628 1465 martyris.
1672 1393 1771 1448 Hic
1810 1392 1943 1449 fecit
1989 1408 2162 1464 supra

520 1505 724 1564 corpus
744 1489 892 1546 beati
913 1488 1201 1545 Laurentii
1219 1488 1483 1561 martyris
1503 1488 1530 1528 b
1556 1487 1842 1543 basilicam
1878 1505 1912 1541 ιι
1951 1486 2155 1542 funda-

2256 641 2580 714 sepulcrum
2593 640 2845 712 ejus.Qui
2858 646 3113 697 mortuus
3124 647 3228 712 est,
3242 648 3298 697 et
3311 644 3573 715 sepultus
3586 643 3663 699 ad
3678 643 3887 702 beatum

2258 736 2489 791 Petrum
2516 735 2841 806 apostolum
2872 752 2926 790 vi
2952 736 3078 791 Idus
3109 736 3441 792 Februarias
3476 736 3557 809 [In
3589 738 3730 795 Cod.
3758 740 3884 807 Lua,

2257 845 2311 883 γι
2335 829 2463 885 ldus
2491 827 2825 884 Februarias
2853 829 3042 902 deest].
3073 830 3171 885 Hic
3197 830 3329 886 fecit
3354 830 3750 887 ordinationes
3773 832 3889 886 duas

2257 938 2360 995 per
2382 938 2639 979 mensem
2675 923 3063 993 Decembrem,
3092 923 3451 995 presbyteros
3477 940 3692 991 Lxxxn,
3722 924 3890 980 diaco-

2255 1034 2358 1073 nes
2408 1033 2527 1084 vm,
2579 1016 2871 1090 episcopos
2904 1032 3010 1089 per
3038 1017 3259 1074 diversa
3295 1018 3416 1072 loca
3458 1034 3716 1073 numero
3746 1036 3893 1075 nvm

2264 1109 2413 1183 [Cod.
2458 1113 2609 1181 Luc.,
2653 1110 3014 1183 presbyteros
3058 1127 3248 1180 xxvm,
3298 1111 3571 1167 diaconos
3616 1129 3723 1180 vn,
3753 1113 3894 1185 etc.f.

2259 1204 2505 1260 Cessavit
2540 1203 2899 1276 episcopatus
2935 1204 3058 1275 ejus
3085 1220 3306 1260 menses
3341 1221 3419 1275 vi,
3464 1206 3587 1261 dies
3615 1222 3731 1261 xxv
3761 1204 3897 1277 [Cod.

2256 1301 2408 1369 Luc.,
2466 1313 2688 1355 menses
2740 1314 2824 1369 ιιι,
2881 1297 2999 1354 dies
3051 1314 3181 1369 xxv,
3236 1298 3339 1359 sub
3386 1299 3479 1356 die
3525 1304 3557 1356 7
3589 1299 3896 1367 Februarii,

2258 1391 2378 1447 ind.
2405 1390 2482 1465 5].

1816 1598 2013 1653 NOTE
2052 1595 2364 1653 SEVERINI
2402 1596 2582 1653 BINII.

593 1698 617 1727 ι
644 1691 805 1744 Auno
848 1688 1059 1744 Christi
1088 1690 1210 1757 590,
1250 1703 1306 1742 vr
1348 1687 1475 1742 idus
1504 1686 1794 1742 Februarii
1820 1687 2152 1741 defunctum

520 1775 641 1816 esse
665 1760 976 1832 Pelagium,
1007 1776 1137 1813 cum
1166 1759 1402 1832 sedisset
1428 1775 1615 1832 annos
1630 1774 1727 1826 xu,
1756 1773 1984 1832 menses
2006 1773 2064 1832 ii,
2097 1760 2155 1811 et

520 1832 639 1885 dies
666 1828 848 1901 xxvu',
879 1835 1096 1885 constat
1125 1847 1194 1885 ex
1223 1830 1383 1884 initio
1425 1828 1781 1899 pontiﬁcatus
1812 1828 1989 1901 sancti
2023 1828 2154 1881 Gre-

521 1903 686 1972 gorii,
717 1903 814 1971 qui
837 1899 1149 1973 postquam
1187 1901 1346 1955 sedes
1369 1901 1676 1973 apostolica
1701 1916 1753 1954 v1
1782 1899 2072 1973 mensibus
2100 1904 2155 1973 et

521 1968 628 2027 xxv
654 1968 863 2053 diebus
894 1968 1115 2053 pastore
1158 1968 1424 2052 vacasset,
1471 1988 1531 2053 ιιι
1573 1972 1772 2053 Nonas.
1804 1968 2153 2053 Septembris

521 2061 670 2098 anno
690 2060 723 2097 v
746 2041 984 2098 Mauritii
1008 2043 1382 2112 imperatoris,
1411 2042 1512 2113 qui
1539 2047 1619 2096 est
1644 2041 1849 2095 Christi
1874 2042 2155 2113 Redemp-

518 2090 1849 2192 {5}};396323156"’iﬁ'ﬁbﬁiitic'aﬁiEhfcéé'siif
1866 2090 2155 2192 ιιεςιῑιξιεεξέῖο
2174 2090 2232 2164 B
2260 2090 2484 2192 esset;
2498 2090 3229 2192 “setamense

520 2185 696 2268 igitur
724 2202 922 2268 errore.
938 2183 1333 2268 labunturqui
1359 2184 1728 2268 depravatum
1748 2183 2025 2268 Anastasii
2042 2188 2161 2237 tex-

520 2255 640 2310 tum
672 2257 874 2324 secuti,
907 2256 1041 2311 huic
1074 2255 1328 2327 pontiﬁci
1357 2272 1535 2309 annos
1569 2255 1846 2327 duntaxat
1874 2271 1908 2309 x
1938 2270 2162 2327 menses

519 2345 563 2407 u_
584 2333 639 2407 et
673 2328 791 2407 dies
812 2345 866 2396 x,
900 2325 1235 2407 attribuunt.
1262 2329 1328 2407 Et
1347 2327 1577 2407 quidem
1597 2326 1811 2407 majore
1836 2342 2026 2407 errore
2057 2325 2157 2406 de-

518 2399 808 2470 cipiuntur
834 2399 935 2469 qui
956 2399 1171 2453 obitum
1190 2396 1421 2470 Pelagii,
1444 2403 1499 2470 et
1518 2398 1857 2470 creationem
1880 2396 2157 2468 Gregorii,

518 2468 604 2524 vel
631 2470 689 2523 in
716 2468 1050 2541 sequentem
1075 2485 1294 2523 annum
1323 2468 1614 2541 rejiciunt,
1641 2469 1726 2523 vel
1743 2468 1981 2541 diverso
2004 2484 2156 2522 anno

517 2539 822 2612 contigisse
861 2541 1133 2612 scribunt.
1175 2539 1575 2612 Longiusvero
1601 2539 1709 2593 hac
1738 2539 1797 2593 in
1834 2555 1895 2593 re
1934 2539 2161 2612 aberrat

520 2609 700 2673 Beda,
730 2611 858 2682 qui,
888 2612 957 2666 de
993 2610 1168 2665 Gestis
1194 2610 1362 2682 Angl.
1404 2609 1553 2682 libro
1580 2626 1616 2677 1,
1636 2627 1769 2682 cap.
1797 2614 1887 2678 23,
1917 2611 2156 2682 creatio-

517 2699 653 2736 nem
678 2681 935 2753 Gregorii
959 2682 1192 2735 collocat
1218 2681 1321 2753 sub
1348 2697 1497 2753 anno
1527 2681 1745 2753 decimo
1784 2682 2023 2735 Mauritii
2054 2681 2158 2735 im-

518 2753 795 2823 peratoris
819 2769 995 2823 quam
1015 2768 1164 2807 anno
1182 2752 1381 2823 quinto
1408 2752 1659 2823 ejusdem
1686 2753 2045 2823 imperatoris
2074 2753 2157 2807 in-

517 2822 757 2904 Choante
778 2822 1081 2904 indictione
1102 2822 1252 2877 nona
1269 2822 2157 2904 contigisse.ipsius‘met‘Gregorii

516 2895 910 2949 testiﬁcatione
938 2900 1173 2963 constat,
1202 2893 1485 2965 principio
1523 2894 1655 2947 libri
1684 2911 1723 2947 ιι
1748 2893 2147 2965 Epistolarum,

516 2965 613 3020 ubi
640 2966 997 3037 pontiﬁcatus
1028 2966 1115 3021 sui
1140 2982 1357 3020 annum
1382 2966 1695 3021 secundum
1721 2970 1985 3020 numerat
2008 2967 2157 3021 Mau-

2254 1685 2374 1740 ritii
2398 1683 2759 1813 imperatoris
2780 1701 2997 1742 annum
3027 1686 3354 1760 septimum.
3379 1687 3515 1744 Vide
3541 1688 3761 1744 Baron.
3783 1690 3900 1755 590,

2254 1773 2414 1812 num.
2486 1799 2500 1811 .

2252 1773 2414 1812 num.
2445 1773 2500 1812 2.

2348 1827 2376 1868 ι’
2405 1828 2550 1902 Cum
2573 1828 2750 1902 sancti
2770 1828 3055 1884 Laurentii
3077 1846 3281 1902 corpus
3296 1830 3371 1902 ab
3391 1830 3672 1902 operariis
3692 1846 3904 1902 quaere-

2254 1902 2430 1968 retur,
2457 1899 2715 1974 miranda
2743 1904 2927 1974 atque
2953 1899 3207 1971 pavenda
3248 1899 3753 1974 illapco—ntigerun—t
3779 1918 3903 1974 qua:

2252 1976 2478 2043 sanctus
2522 1970 3017 2043 Gregorius’libro
3058 1988 3140 2041 ιιι,
3173 1972 3410 2043 epistola
3435 1970 3904 2039 30,'enarrat_his

2255 2042 2442 2096 verbis
2471 2058 2485 2096 :
2518 2064 2545 2091 ‹‹
2578 2042 2797 2097 Sanctae
2826 2043 3120 2097 memoria:
3138 2042 3396 2098 decessor
3416 2060 3583 2098 meus
3610 2044 3816 2098 itidem
3837 2044 3901 2097 ad

3230 2116 3278 2168 is
3303 2115 3570 2187 quaedam
3600 2116 3902 2170 meliorare

2260 2184 2602 2258 desiderans,
2631 2185 2769 2239 dum
2793 2185 3055 2258 nescitur
3068 2184 3174 2258 ubi
3188 2184 3512 2258 venerabile
3537 2203 3757 2258 corpus
3786 2186 3904 2255 ejus

2259 2260 2404 2328 esset
2430 2255 2799 2324 collocatum;
2835 2260 2892 2310 et
2917 2255 3179 2311 effoditur
3199 2257 3569 2328 exquirendo,
3593 2255 3791 2312 subito
3822 2274 3901 2311 se-

2258 2327 2523 2409 pulcrum
2546 2327 2668 2409 ejus
2691 2328 3019 2409 ignoranter
3042 2327 3308 2409 apertum
3336 2332 3439 2409 est,
3461 2328 3589 2409 etii
3622 2329 3728 2399 qui
3756 2345 3903 2409 pra:-

2259 2401 2441 2469 sentes
2462 2403 2629 2469 erant
2653 2404 2822 2469 atque
2848 2397 3179 2453 laborabant
3206 2398 3476 2454 monachi
3501 2405 3557 2453 et
3582 2397 3908 2453 mansione-

2258 2468 2348 2542 rii,
2376 2468 2708 2542 quicorpus
2729 2468 2987 2539 ejusdem
3011 2470 3273 2540 martyris
3292 2470 3577 2537 viderunt,
3598 2471 3770 2542 quod
3785 2471 3906 2542 qui-

2258 2538 2654 2612 dem’miniuie
2683 2538 2929 2612 tangere
2967 2538 3457 2612 prazsumpserunt
3476 2584 3490 2608 ,
3521 2538 3729 2596 omnes
3757 2538 3905 2595 intra

2258 2610 2454 2684 decem
2503 2611 2621 2665 dies
2666 2611 2918 2684 defuncti
2960 2610 3109 2684 sunt,
3156 2610 3241 2665 ita
3270 2615 3337 2666 ut
3376 2612 3566 2666 nullus
3602 2629 3903 2684 superesse

2256 2683 2552 2755 potuisset,
2582 2682 2680 2755 qui
2707 2687 2966 2755 sanctum
2986 2687 3049 2755 et
3069 2683 3291 2755 justum
3315 2698 3523 2755 corpus
3552 2682 3713 2738 illius
3744 2685 3901 2738 vide-

2256 2757 2361 2878 ἰαὶ.
2396 2774 2424 2802 ν)
2454 2754 2582 2878 llaec
2623 2753 2926 2825 Gregorius
2969 2754 3039 2808 de
3080 2753 3691 2826 inventieneicorporis
3723 2756 3905 2810 sancti

2298 2839 2472 2878 auren
2503 2841 2563 2878 ιι.

2298 2824 2563 2878 aurentii.

2323 2895 2384 2964 (a
2435 2894 2569 2949 Cod.
2593 2894 2731 2970 Luc.
2774 2894 2944 2970 habet
2968 2894 3184 2970 aliquid
3221 2912 3446 2951 erasum
3466 2940 3480 2967 ,
3509 2901 3641 2970 post
3665 2914 3805 2970 qua:
3832 2896 3906 2955 lo-

2256 2964 2410 3036 gitur
2438 2982 2452 3020 :
2482 2969 2629 3036 cepto
2656 2966 2900 3034 jussione
3239 2970 3436 3024 Mavsr.

1586 3084 2001 3139 OBSERVATIO
2038 3083 2329 3139 PIIILIPPI
2368 3084 2601 3150 LABBE,
2643 3084 2697 3139 S.
2738 3085 2786 3138 J.

591 3169 649 3222 ln
676 3168 786 3243 line
814 3170 948 3243 God.
987 3186 1092 3243 ms.
1132 3170 1237 3243 viri
1254 3170 1558 3243 clarissimi
1586 3172 1803 3227 Claudii
1830 3173 2034 3243 Hardyi
2063 3189 2151 3228 se-

513 3240 730 3313 natoris
754 3240 1078 3313 Parisiensis
1105 3242 1469 3296 eruditissimi
1495 3260 1607 3313 quo
1636 3244 1910 3297 hactenus
1941 3240 2025 3297 usi
2054 3261 2150 3298 su-

514 3326 645 3364 mus
670 3312 794 3364 haec
830 3311 1112 3366 habentur
1148 3329 1162 3366 :
1202 3314 1252 3367 Α
1283 3314 1433 3367 beato
1458 3311 1614 3368 Petro
1643 3330 1808 3384 usque
1846 3331 1987 3369 nunc
2017 3317 2154 3383 ﬁunt

514 3384 651 3465 anni
677 3397 959 3465 ccccxtiv,
982 3388 1258 3465 etﬂrnenses
1278 3400 1352 3446 vr,
1368 3388 1603 3465 receptis
1622 3387 1925 3465 intervallis
1951 3390 2151 3456 episco-
2175 3384 2231 3459 ρ

506 3457 761 3522 patuum.
807 3456 972 3509 Finis.
1024 3454 1181 3508 Unde
1226 3454 1682 3510 manifestissime
1722 3454 1993 3528 arguitur
2015 3461 2159 3512 Ana-

2254 3172 2490 3247 stasium
2518 3172 3015 3247 bibliothecarium
3042 3190 3177 3247 non,
3196 3191 3395 3230 omnes
3431 3175 3572 3229 vitas
3609 3175 3907 3247 scripsisse

2254 3245 2640 3318 Romanorum
2678 3244 3036 3318 pontificum,
3083 3245 3246 3318 quia
3282 3246 3509 3300 Damasi
3532 3263 3704 3318 papae
3726 3244 3908 3302 aetate

2252 3315 2323 3369 ad
2350 3332 2451 3369 sua
2476 3320 2736 3387 tempora
2777 3315 3119 3383 ﬂoruerunt,
3156 3317 3254 3371 sed
3279 3334 3348 3372 ex
3387 3315 3557 3372 variis
3598 3315 3736 3372 hinc
3769 3319 3906 3373 inde

2256 3391 2679 3460 coagmentasse
2698 3387 3021 3460 universam
3049 3388 3223 3459 illam,
3248 3405 3374 3460 quae
3394 3390 3500 3445 sub
3521 3389 3646 3460 ejus
3664 3390 3903 3445 nomine

2255 3461 2514 3529 apparet,
2542 3457 2945 3513 collectionem.

1378 3746 2093 3901 PELAGII
2231 3746 2733 3876 PAP/E
2872 3752 3002 3877 II

1060 3969 1993 4094 nrrs'rona:
2101 3971 2342 4091 ετ
2442 3971 3345 4093 nscas-ra.

1969 4164 2415 4179 Ψ

867 4256 1190 4312 EPISTULA
1229 4258 1439 4315 PRIMA
1483 4257 1644 4330 [Olim
1671 4258 1792 4331 HI],

961 4377 1031 4416 AD
1065 4375 1378 4417 GREGORIL’M
1416 4377 1695 4419 DIACONUM

555 4466 621 4519 Ut
644 4466 715 4520 ab
740 4468 1064 4537 imperatore
1092 4469 1365 4594 auxiliari:
1388 4474 1574 4595 cqntra
1596 4468 1982 4537 Langobardos
2008 4468 2114 4523 sibi

1199 4556 1341 4595 amne
1367 4557 1425 4595 re
1455 4582 1467 4595 .

1199 4556 1467 4610 ιτηρεῑνρτ.

2248 4256 2588 4311 Praedictum
2641 4261 2833 4312 autem
2880 4257 3117 4312 fratrem
3170 4255 3561 4311 Sebastianum
3602 4256 3892 4328 quomodo

2249 4350 2682 4422 susceperimus,
2712 4351 2802 4406 vel
2828 4350 2886 4406 in
2921 4351 3079 4423 quali
3103 4351 3257 4424 apud
3282 4366 3403 4419 nos,
3434 4355 3489 4404 te
3519 4354 3889 4421 suggerente,
3925 4344 3937 4351 ⁷

2247 4443 2421 4499 fuerit
2444 4444 2737 4513 charitate,
2765 4444 2940 4516 ipsius
2965 4445 3180 4517 poteris
3208 4444 3477 4499 relatione
3501 4459 3847 4514 cognoscere
3871 4462 3888 4513 ;

2247 4536 2345 4608 qui
2388 4536 2560 4592 etiam
2600 4538 2862 4609 promisit
2900 4537 3062 4592 nobis
3100 4537 3463 4593 necessitates
3505 4536 3596 4591 vel
3639 4537 3889 4608 pericula

582 4630 841 4737 Pelagius
865 4631 1158 4704 episcOpus
1182 4633 1385 4689 dilecto
1412 4634 1528 4689 ﬁlio
1554 4634 1823 4705 Gregorio
1855 4633 2106 4688 diacono.
2163 4664 2223 4737 D
2245 4629 2418 4685 totius
2448 4630 2616 4685 Italiae
2640 4630 2898 4703 piissimo
2925 4630 3156 4687 domino
3200 4630 3529 4702 imperatori
3555 4646 3887 4701 suggerere.

581 4722 782 4777 Omnia
809 4724 1041 4796 quidem
1066 4732 1196 4797 quae
1225 4727 1540 4782 necessaria
1562 4727 1811 4797 fuerunt,
1828 4742 1929 4798 per
1956 4727 2141 4781 Hono-

508 4820 696 4871 ratum
714 4818 1001 4873 notarium
1028 4819 1129 4874 tibi
1156 4820 1480 4875 curavimus
1502 4821 1751 4876 indicare
1764 4838 1781 4889 ;
1814 4836 1989 4891 quem
2013 4835 2145 4875 cum

504 4910 678 4965 fratre
707 4952 721 4979 ,
790 4916 848 4966 et
895 4913 1227 4984 coepiscopo
1277 4915 1602 4970 Sebastiano
1658 4914 1728 4969 ad
1787 4913 2145 4969 dilectionem

505 5008 662 5058 tuam
691 5003 1024 5075 direximus,
1056 5009 1121 5061 ut
1147 5007 1283 5079 quia
1307 5008 1416 5062 illis
1445 5007 1505 5061 in
1530 5007 1783 5078 partibus
1826 5008 1896 5062 ad
1922 5009 2141 5063 Raven-

504 5113 642 5151 nam
672 5114 850 5169 usque
878 5114 1033 5153 nunc
1075 5116 1207 5155 cum
1248 5101 1367 5155 viro
1418 5101 1661 5172 glorioso
1705 5100 1933 5156 domino
1980 5101 2143 5156 Decio

502 5190 744 5246 Patricio
770 5190 899 5261 fuit,
927 5191 1048 5265 ipse
1090 5211 1193 5248 sua
1239 5194 1512 5250 relatione
1538 5199 1595 5250 te
1621 5195 1690 5250 de
1726 5195 1988 5251 omnibus
2031 5201 2143 5251 stu-

501 5285 632 5339 deat
656 5285 1006 5342 informare:
1053 5287 1142 5344 vel
1187 5287 1234 5342 si
1276 5304 1388 5360 qua
1424 5288 1742 5343 necessaria
1776 5289 2138 5360 judicaveris,

500 5379 677 5449 possis
727 5380 957 5436 domino
1006 5381 1343 5454 imperatori
1392 5398 1724 5467 suggerere.
1780 5383 1920 5448 Quia
1967 5387 2141 5437 tanta

500 5473 845 5529 calamitates
870 5491 936 5529 ac
960 5475 1352 5531 tribulationes
1383 5475 1542 5531 nobis
1581 5493 1615 5530 a
1650 5476 1882 5547 perﬁdia
1928 5476 2141 5546 Lango-

498 5564 804 5621 bardorum
830 5567 1007 5623 illatae
1043 5574 1193 5638 sunt,
1223 5575 1416 5624 contra
1442 5585 1610 5624 suum
1640 5569 1937 5641 proprium
1958 5568 2141 5638 jusju-

500 5660 763 5726 randum,
798 5664 860 5715 ut
888 5662 1079 5716 nullus
1108 5662 1285 5732 possit
1330 5663 1402 5718 ad
1453 5662 1817 5718 referendum
1857 5661 2135 5717 suﬂicere.

571 5808 591 5825 ⁸
617 5808 697 5860 Ex
722 5806 1181 5881 annotationibus
1200 5808 1422 5864 Labbaei
1447 5825 1575 5881 quae
1596 5810 1748 5881 apud
1779 5810 1953 5865 Mansi
1973 5815 2139 5867 erant

504 5874 576 5944 ad,
601 5875 920 5944 marginem
943 5917 956 5941 ,
997 5878 1283 5933 breviores
1316 5896 1421 5934 nos
1444 5874 1504 5934 in
1535 5874 1693 5936 textu
1720 5881 1870 5937 inter
1900 5882 2137 5937 uncinos

505 5943 863 6016 collocamus,
911 5946 1194 6020 longiores
1238 5966 1368 6007 vero
1408 5951 1559 6008 infra
1599 5952 1871 6025 paginam
1912 5955 2133 6027 relega-

2245 4724 2568 4797 Loquimini
2588 4740 2746 4796 ergo,
2775 4730 2832 4779 et
2856 4728 3091 4780 tractata
3116 4724 3347 4797 pariter,
3378 4723 3666 4795 quomodo
3684 4724 3895 4778 nostris

2244 4817 2471 4891 possitis
2499 4818 2758 4874 celeriter
2801 4818 3101 4874 subvenire
3140 4817 3407 4890 periculis
3450 4836 3464 4872 :
3498 4817 3651 4889 quia
3676 4817 3758 4872 ita
3799 4817 3892 4872 hic

2244 4914 2613 4983 coangustata
2638 4916 2721 4966 est
2744 4912 3088 4983 respublica,
3125 4917 3191 4967 ut
3225 4911 3334 4966 nisi
3374 4912 3517 4965 Deus
3550 4910 3794 4983 piissimi
3830 4911 3893 4966 in

2244 5006 2413 5060 corde
2454 5004 2731 5076 principis
2756 5005 3134 5077 inspiraverit,
3178 5010 3243 5061 ut
3279 5004 3509 5060 insitam
3533 5004 3640 5059 sibi
3664 5004 3893 5059 miseri-

2243 5098 2493 5155 cordiam
2522 5098 2637 5152 suis
2664 5098 2894 5153 famulis
2918 5099 3213 5170 largiatur,
3236 5102 3293 5153 et
3313 5114 3487 5171 super
3519 5098 3680 5152 illam
3706 5098 3893 5153 diaco-

2242 5191 2427 5263 posin,
2457 5192 2544 5246 vel
2568 5207 2751 5246 unum
2776 5192 3115 5263 magistrum
3141 5191 3392 5246 militum
3418 5233 3432 5259 ,
3477 5194 3534 5246 et
3568 5207 3755 5246 unum
3789 5192 3895 5247 du-

2241 5301 2366 5340 cem
2413 5284 2684 5356 dignetur
2731 5285 3061 5355 concedere,
3094 5286 3154 5341 in
3198 5285 3355 5341 omni
3383 5300 3581 5339 sumus
3622 5284 3893 5356 angustia

2242 5377 2519 5448 destituti,
2545 5377 2683 5451 quia
2712 5380 2963 5435 maxime
2989 5382 3180 5453 partes
3205 5381 3477 5435 Romana;
3504 5378 3665 5433 omni
3687 5380 3892 5451 praesi-

2241 5471 2334 5527 dio
2358 5476 2607 5528 vacuataa
2633 5472 2914 5529 videntur.
2950 5475 3016 5529 Et
3061 5473 3345 5529 Exarchus
3389 5472 3615 5542 scribit,
3662 5473 3891 5528 nullum

2238 5565 2405 5620 nobis
2432 5582 2597 5637 posse
2625 5567 2945 5623 remedium
2972 5568 3176 5637 facere,
3212 5568 3424 5639 quippe
3454 5566 3556 5639 qui
3584 5582 3691 5621 nec
3719 5567 3793 5622 ad
3819 5567 3887 5622 il-

2238 5660 2319 5713 las
2348 5663 2539 5731 partes
2582 5660 2975 5717 custodiendas
3012 5678 3070 5717 se
3115 5665 3354 5721 testatur
3391 5677 3556 5733 posse
3597 5660 3886 5718 sufﬁcere.

2238 5826 2387 5888 mus.
2425 5812 2562 5888 Vide
2589 5813 2828 5888 quodin
2872 5815 2985 5870 fine
3021 5832 3258 5888 operum
3286 5814 3499 5888 Pelagii
3538 5815 3883 5885 notavimus,

2238 5882 2382 5938 infra
2412 5883 2518 5939 col.
2542 5882 2666 5940 759.
2700 5886 2851 5943 EDIT.
