4016 6240
35 281 114 332 70ῑί
1300 276 1639 335 EPISTOLA'I
1677 276 1763 334 ET
1798 277 2108 335 DECRETA

3293 280 3393 337 706

35 386 263 455 Imperet
317 399 467 457 ergo
514 382 594 441 illi
638 384 785 442 Deus
830 386 1034 442 nostris
1076 385 1340 442 velociter
1392 387 1659 459 periculis
1680 388 1894 471 Aquia
1920 387 2019 458 qui
2034 386 2300 459 nequiter
2319 383 3070 459 aguntexterminabuntnr,
3099 390 3156 443 et
3177 384 3395 441 inimici

35 478 336 548 subvenire,
366 484 677 551 antequam
708 480 1127 536 nefandissimte
1164 480 1349 552 gentis
1375 481 1655 536 exercitus

35 576 151 638 loca,
181 588 294 643 que
344 573 537 627 adhuc
580 590 614 626 a
654 574 943 646 republica
993 574 1340 643 detinentur,
1384 576 1499 629 Deo
1552 573 1659 627 sibi

35 665 314 733 contrario,
343 667 504 737 quod
529 666 695 735 absit,
720 669 1060 739 praevaleant
1089 684 1387 741 occupare.
1416 667 1657 738 Presby-

35 765 205 814 terum
230 757 255 785 ⁸
285 764 488 815 autem
512 760 579 815 ad
609 778 732 831 nos,
774 763 892 816 Deo
934 762 1258 834 adiuvante,
1301 760 1656 816 retransmit-

35 859 137 908 tere
161 853 368 908 festina
395 873 413 908 :
444 854 580 926 quia
608 859 666 910 et
692 855 751 910 in
792 856 1134 911 monasterio
1158 862 1258 910 tuo
1286 860 1343 910 et
1362 855 1421 909 in
1465 870 1656 925 opere,

35 946 111 1001 cui
138 963 266 1002 eum
296 947 745 1019 praeposuimus,
779 949 1129 1004 necessarius
1157 965 1277 1004 esse
1303 948 1537 1003 omnino
1563 963 1657 1002 co-

40 1040 329 1112 gnoscitur.
362 1042 504 1096 Data
526 1058 579 1095 1v
605 1043 790 1097 Nonas
818 1042 1093 1112 Octobris,
1125 1042 1429 1098 indictione
1458 1044 1512 1096 3.

455 1156 780 1213 EPISTOLA
818 1159 862 1212 ιι
911 1157 1069 1229 [Olim
1108 1157 1235 1229 IVJ,

118 1266 180 1305 AD
210 1264 611 1306 AUNACBARIUM
644 1267 948 1307 EPISCOPUM
978 1266 1481 1307 AUTISIODORENSEM
1511 1250 1538 1290 δ
1630 1272 1647 1286 '

40 1347 219 1411 Regum
287 1346 627 1399 Francorum
678 1346 838 1413 ﬁdem
885 1346 1241 1400 orthodoxam
1294 1344 1655 1405 commendat,

100 1417 450 1483 hortaturque
474 1420 537 1469 ut
572 1417 684 1470 illis
724 1417 975 1478 suadeat,
1020 1433 1087 1471 ne
1126 1432 1244 1471 cum
1289 1416 1662 1486 langobardis

98 1486 264 1552 fcrdus
290 1487 557 1549 habeant,
585 1492 635 1541 et
664 1487 730 1541 de
754 1489 1001 1557 reliquiis
1030 1503 1165 1557 quas
1193 1490 1383 1542 mittit.

100 1598 469 1653 Dilectissimo
493 1599 656 1654 fratri
695 1600 941 1656 Aunario
974 1600 1235 1671 Pelagius
1281 1600 1437 1655 urbis
1466 1600 1660 1656 Romae

37 1692 335 1762 episcopus.

1761 481 1859 535 Dei
1912 498 2043 535 mox
2095 486 2158 536 ut
2209 482 2643 547 exaltabuntur,
2698 481 2842 535 sicut
2888 480 3080 536 fumus
3133 480 3396 536 deﬁcient

1760 574 1980 643 (Psalm.
2028 591 2188 630 xxxvr
2225 617 2239 645 ,
2269 580 2325 630 et
2369 575 2709 646 generaliter
2748 574 3020 646 peribunt
3078 579 3270 644 gentes
3325 573 3394 628 de

1758 672 1912 722 terra
1937 668 2079 737 ejus.
2108 670 2347 739 PrOpter
2382 668 2539 740 quod
2566 684 2659 722 vos
2702 667 2988 735 decuerat,
3017 667 3113 739 qui
3144 667 3253 722 illic
3299 683 3392 743 ca-

1761 760 1985 815 tholicae
2035 761 2293 817 membra
2319 762 2450 817 estis
2502 761 2780 831 Ecclesiae,
2808 762 2910 816 uni
2956 761 3180 833 corpori
3226 760 3399 816 unius

1759 854 1954 925 capitis
1985 854 2392 925 gubernatione
2422 854 2746 925 conjuncta,
2784 853 3049 909 omnibus
3077 854 3283 926 quibus
3310 853 3390 907 vi-

1760 948 1917 1003 ribus
1940 947 2226 1018 valeretis,
2255 947 2377 1019 paci
2406 948 2695 1020 quietique
2720 952 2926 1003 nostrae
2945 964 3047 1019 pro
3071 947 3192 1018 ipsa
3216 949 3395 1004 sancti

1762 1040 2005 1111 Spiritus
2022 1041 2243 1096 unitate
2262 1057 2618 1096 concurrere.
2642 1043 2751 1097 Nec
2762 1042 2926 1098 enim
2948 1041 3231 1097 credimus
3250 1041 3390 1097 otio-

1761 1150 1909 1204 sum,
1936 1150 2042 1189 nec
2076 1134 2195 1189 sine
2225 1151 2434 1206 magna
2475 1134 2681 1190 divinae
2720 1134 3093 1206 providentia:
3138 1135 3389 1190 admira—

1760 1226 1913 1282 tione
1939 1227 2297 1299 dispositum,
2316 1228 2471 1299 quod
2491 1227 2663 1282 vestri
2690 1244 2852 1298 reges
2878 1230 3133 1283 Romano
3151 1226 3394 1299 imperio

1761 1320 1822 1375 in
1848 1321 2176 1377 orthodoxa“:
2201 1321 2331 1376 ﬁdei
2361 1320 2707 1376 confessione
2743 1325 2876 1376 sunt
2904 1320 3115 1375 similes
3140 1339 3156 1391 ;
3188 1321 3299 1376 nisi
3333 1326 3393 1376 ut

1760 1413 1896 1469 huic
1915 1414 2064 1483 urbi,
2088 1432 2157 1471 ex
2183 1431 2295 1486 qua
2314 1415 2499 1469 fuerat
2524 1414 2781 1482 oriunda,
2808 1414 2896 1470 vel
2913 1415 3193 1469 universae
3223 1414 3392 1469 Italiae

1760 1508 2059 1577 ﬁnitimos,
2114 1509 2517 1579 adjutoresque
2566 1511 2879 1580 praestaret.
2946 1508 3145 1563 Cavete
3192 1508 3389 1579 igitur,

1762 1601 2092 1657 charissima
2130 1602 2327 1671 frater,
2357 1617 2430 1655 ne
2473 1602 2608 1656 dum
2656 1602 2885 1673 regibus
2922 1600 3121 1656 vestris
3154 1599 3394 1670 juvandi

1762 1712 1864 1750 nos
1890 1696 2069 1751 virtus
2096 1695 2168 1751 sit
2192 1695 2322 1754 data
2361 1694 2652 1764 divinitus,
2686 1694 2979 1749 charitatis
3016 1697 3221 1748 vestrae
3251 1694 3397 1748 circa

104 1785 545 1840 Laudanda-tuaa
589 1786 879 1841 charitatis
923 1791 1046 1841 vota
1094 1786 1422 1857 relegimus,
1455 1786 1663 1858 quibus
1681 1772 1740 1845 Β
1763 1805 1865 1844 nos
1889 1789 2084 1845 levitas
2109 1794 2419 1860 arguatur:
2452 1789 2551 1860 qui
2576 1788 2687 1843 illis
2712 1792 2769 1843 et
2797 1787 2855 1843 in
2882 1788 3013 1858 ﬁde,
3045 1791 3102 1842 et
3125 1787 3187 1842 in
3215 1786 3397 1843 consi-

43 1885 103 1942 te,
130 1879 232 1933 nisi
262 1880 497 1950 gentilis
538 1885 727 1935 motus
761 1880 1075 1950 obsisteret,
1106 1880 1178 1934 ad
1205 1897 1306 1934 nos
1338 1880 1533 1935 venire
1562 1898 1658 1935 vo-

45 1973 193 2028 luisse
218 1973 529 2045 significas.
562 1974 715 2029 Licet
741 1973 896 2028 enim
932 1974 1281 2045 spiritaliter,
1311 1979 1367 2029 et
1410 1974 1579 2029 simul
1606 1978 1663 2029 et

45 2083 203 2121 unum
225 2083 454 2138 semper
494 2066 673 2122 simus
699 2067 760 2122 in
781 2068 1044 2134 Domino,
1072 2073 1465 2123 verumtamen
1490 2068 1661 2123 etiam

42 2161 344 2230 praesentias
372 2161 704 2233 corporales
730 2165 786 2216 et
821 2161 1170 2233 antiquiores
1193 2166 1402 2232 patres,
1431 2167 1486 2217 et
1513 2161 1662 2233 ipsos

45 2254 282 2325 quaesisse
306 2255 635 2310 invenimus
668 2255 969 2326 apostolos.
999 2256 1106 2311 Sed
1150 2255 1289 2310 dum
1330 2259 1426 2309 tua
1451 2255 1664 2311 deside-

46 2349 130 2416 ria,
159 2364 469 2421 causasque
513 2348 720 2420 quibus
761 2349 1063 2405 obstareris
1103 2364 1438 2420 exponeres,
1470 2349 1661 2404 mirati

47 2458 215 2496 sumus
238 2442 430 2497 minus
456 2448 513 2498 te
544 2443 687 2498 illud
719 2443 871 2514 quod
902 2442 1036 2514 ipsis
1066 2442 1321 2498 obviaret
1347 2442 1659 2499 excusatio-

48 2534 188 2589 nibus
207 2536 535 2592 attendisse.
559 2536 615 2592 Si
636 2536 790 2591 enim
817 2537 1032 2597 mundo
1050 2536 1429 2592 venerabilem
1447 2537 1663 2608 judica-

52 2628 256 2684 tishanc
281 2629 511 2700 urbem,
543 2630 589 2685 si
610 2630 680 2685 ad
705 2646 907 2702 pacem
925 2629 1071 2685 sedis
1087 2630 1408 2701 apostolica:
1436 2634 1661 2685 cuncta-

52 2738 159 2776 rum
172 2738 366 2794 regere
393 2724 786 2779 moderamina
805 2723 1169 2780 ecclesiarum
1187 2724 1536 2795 praedicatis;
1561 2740 1663 2779 cur

53 2832 147 2871 non
170 2820 223 2871 et
248 2817 641 2873 tribulationes
660 2823 899 2888 nostras,
929 2822 986 2873 et
1009 2818 1345 2889 temporales
1372 2818 1661 2889 angustias

54 2910 310 2965 charitatis
354 2912 742 2984 compassione
785 2911 1090 2983 gemiscitis
1116 2912 1143 2966 Τ
1196 2911 1431 2967 scientes
1471 2912 1662 2968 divino

56 3020 135 3073 per
147 3006 471 3075 Apostolum
489 3005 653 3060 nobis
666 3021 763 3060 ore
781 3005 1041 3060 mandari
1067 3003 1236 3077 [Rom.
1267 3021 1384 3074 xm,
1415 3006 1536 3063 Gal.
1559 3006 1632 3080 vr]
1645 3047 1659 3073 ,

55 3102 105 3151 ut
127 3114 224 3152 nos
248 3099 495 3155 invicem
536 3099 859 3171 diligamus,
886 3103 952 3154 ut
977 3115 1152 3154 onera
1188 3098 1433 3154 invicem
1470 3105 1664 3155 nostra
1683 3141 1738 3216 Ο

56 3196 311 3216 ..Α-ι-...---
360 3198 423 3216 --Α
461 3193 674 3216 _.--A:..-
704 3192 940 3216 Δ..-ι...-...
977 3193 1293 3216 .._-:---_..---
1323 3193 1511 3216 -_..:L--_
1561 3210 1660 3216 μμ-

56 3196 335 3261 portemus,
360 3198 427 3248 ut
454 3193 678 3265 quoties
702 3192 947 3248 fratrum
972 3193 1297 3265 quicunque
1323 3193 1530 3263 uritur,
1561 3210 1664 3250 nos

59 3300 264 3341 uramur
292 3304 308 3341 :
341 3287 487 3342 dum
509 3303 655 3359 pene
681 3288 743 3342 in
772 3292 1079 3359 conspectu
1103 3290 1288 3341 vestro
1314 3290 1506 3342 tantus
1534 3304 1660 3343 san-

59 3378 161 3447 guis
182 3379 569 3436 innocentium
606 3380 679 3435 sit
704 3380 935 3450 effusus,
965 3380 1044 3435 ita
1086 3397 1242 3435 sacra
1269 3380 1551 3436 violentur
1575 3382 1657 3436 a1-

58 3472 191 3542 taria,
233 3474 313 3529 ita
364 3475 654 3530 catholica:
692 3475 822 3530 ﬁdei
873 3474 943 3529 ab
993 3473 1306 3529 idololatris
1334 3474 1661 3532 insultetur.

60 3564 290 3623 Novimus
317 3573 373 3624 et
395 3584 515 3639 vos,
547 3569 698 3641 quod
723 3567 1055 3640 temporalia
1080 3568 1187 3622 ista
1211 3568 1435 3640 ﬂagella
1472 3568 1585 3625 sint
1609 3574 1666 3626 et

58 3659 114 3713 ad
135 3661 534 3733 probationem,
567 3662 714 3717 sicut
753 3662 822 3717 de
862 3661 1068 3717 cmlesti
1110 3661 1446 3717 conﬁdimus
1501 3662 1666 3719 mise-

61 3753 265 3824 ratione,
291 3756 589 3827 proﬁciant
615 3774 631 3825 ;
661 3760 718 3812 et
736 3755 1084 3828 proximum,
1113 3755 1258 3811 sicut
1274 3773 1308 3810 a
1342 3756 1502 3811 vobis
1524 3757 1663 3812 scri-

63 3848 207 3921 bitur,
242 3854 515 3910 Dominus
540 3857 736 3911 noster
765 3854 835 3910 de
858 3853 1221 3910 tribulatione
1237 3854 1333 3910 det
1360 3854 1661 3926 gaudium:

66 3966 141 4092 lib‘
172 3968 586 4092 Illitaxgmgzénum,
633 3970 702 4027 de
743 3987 857 4043 quo
904 3974 1129 4026 sanctus
1176 3969 1479 4041 Gregorius
1519 3970 1660 4026 Dial.

132 4078 143 4093 .
172 4056 245 4107 ιιι,
276 4058 324 4097 c.
359 4045 449 4098 36.

120 4110 143 4191 ξ)
165 4112 956 4195 ‘Qastiganda‘inscriptio,.ut
977 4112 1191 4194 legitur
1209 4112 1421 4195 Pelagii
1433 4113 1597 4195 Papa
1614 4114 1665 4168 Π

68 4182 276 4248 epistola.
293 4182 764 4240 Autisiodorensis
792 4182 1256 4257 episc0pi'verum
1282 4187 1339 4239 et
1352 4182 1663 4257 antiquum

67 4264 241 4327 nomen
265 4257 669 4326 Aunacharius,
701 4273 805 4327 pro
828 4255 959 4327 ‘quo
984 4255 1289 4327 interdum
1312 4256 1666 4311 Aunaharius

68 4326 111 4375 et
131 4326 444 4397 Aunaarius,
468 4334 526 4384 et
541 4326 928 4395 Aundrius,ht
951 4326 1057 4381 hoc
1085 4327 1226 4395 loco,
1250 4326 1393 4381 sicut
1416 4342 1485 4380 ex
1502 4327 1666 4381 Chlo-

68 4393 285 4469 tathario
301 4393 512 4454 factum
554 4393 852 4455 Clotarius'.
884 4397 1132 4453 Alteram
1190 4393 1401 4469 Pelagii
1430 4397 1665 4469 hujusce

72 4479 204 4551 papae
228 4468 293 4522 ad
318 4470 631 4551 Aunarium
680 4469 975 4551 epistolam
1015 4469 1183 4551 paulo
1226 4467 1663 4551 post_exhibebi-

70 4548 174 4590 Inus
196 4555 261 4613 ea
299 4558 425 4613 pag.
456 4543 561 4597 420
600 4540 739 4596 tomi
787 4542 804 4595 Ι
842 4540 1196 4595 bibliothecas
1248 4544 1457 4595 nostra:
1502 4556 1661 4595 nova:

72 4621 179 4662 mss.
205 4610 488 4667 librorum.
517 4614 632 4668 Jac.
664 4613 817 4668 Suus.

126 4690 145 4718 ο
192 4681 322 4754 Cum
372 4684 714 4739 innotuisset
782 4682 1008 4753 Pelagio
1079 4684 1333 4754 Romano
1413 4681 1665 4754 pontiﬁci

71 4742 359 4827 Mauricium
441 4756 849 4827 imperatorem
897 4742 1027 4827 post
1064 4742 1661 4827 ΔΤίΙιθινιιιιιςεξοιτιιιεπι·

73 4818 192 4897 ιιιιιι,
218 4826 347 4880 teste
376 4818 569 4882 sancto
596 4826 865 4897 Gregorio
893 4818 951 4880 in
987 4824 1219 4896 epistola
1255 4824 1325 4879 ad
1362 4825 1664 4896 Eulogium

74 4892 119 4971 et
156 4893 413 4971 Joannem
462 4892 1187 4971 Constantinopolitanum,
1219 4912 1429 4971 novum
1461 4896 1484 4971 Δ(
1500 4892 1669 4971 prout

79 4958 177 5015 fieri
188 4958 868 5043 consueveratjdiaconum
881 4967 1008 5022 card
1014 4958 1225 5043 inalem
1236 4958 1665 5043 apocrisiarium

78 5038 274 5110 nomine
307 5039 669 5096 Laurentium
697 5040 769 5094 ad
796 5056 927 5093 eum
959 5038 1129 5093 misit.
1162 5038 1462 5109 Gregorius
1488 5038 1668 5110 igitur

78 5104 300 5191 tempore
312 5111 514 5167 Tiberii
534 5112 632 5166 illo
648 5126 886 5191 munere
903 5111 1046 5191 bene
1065 5104 1666 5191 functus,‘magni:sque

79 5179 368 5253 {nuper-ibus
402 5199 687 5239 sacrarum
710 5181 1107 5253 reliquiarum,
1138 5181 1370 5235 brachio
1389 5179 1666 5236 nimirum

80 5241 123 5297 S.
146 5249 350 5325 Andria,
378 5259 433 5309 et
469 5255 649 5325 capite
687 5254 744 5309 S.
779 5241 942 5308 Lucae
994 5241 1353 5325 evangelista
1401 5253 1665 5325 donatus,

112 5322 187 5397 ost
205 5321 407 5397 obitum
431 5321 636 5381 Tiberii
657 5327 895 5397 Romam
920 5321 1167 5397 reddiit;
1178 5323 1368 5397 ibique
1389 5324 1551 5397 jussu
1572 5325 1670 5397 Pe-

97 5393 189 5454 agii
210 5393 468 5467 adversus
492 5397 823 5467 ingruentcs
846 5395 919 5450 ob
948 5395 1057 5467 tria
1084 5393 1331 5465 capitula
1357 5393 1669 5449 Schismati-

80 5470 156 5537 gos
180 5463 369 5537 stylum
389 5463 658 5523 exercuit.
689 5469 895 5522 Eorum
910 5463 1171 5520 omnium
1196 5471 1365 5537 caput
1389 5467 1498 5520 fuit
1522 5467 1667 5519 Pau-

82 5523 206 5609 linus
226 5523 580 5609 Aquileiensis
609 5538 855 5607 antistes,
884 5543 1188 5609 posteaque
1213 5523 1334 5609 ejus
1363 5553 1666 5609 successor,

83 5598 191 5654 inde
216 5598 334 5679 vero
355 5608 608 5665 Severus.
639 5611 714 5664 De
748 5598 1127 5679 his'a'postolis
1169 5598 1441 5663 Diaconus
1480 5608 1577 5662 lib.
1610 5598 1669 5663 ni

83 5681 185 5739 (δεῖρε
216 5678 292 5751 19⁸
304 5678 375 5751 Ade
404 5682 572 5751 gestis
610 5678 965 5751 Langobard.
995 5680 1118 5734 haec
1147 5679 1370 5734 scribit:
1414 5680 1670 5749 Pelagius

81 5753 206 5824 139p?
230 5748 354 5824 Elia
378 5748 713 5823 Aquileiensi
738 5748 990 5824 Episcopo
1027 5752 1234 5824 nolenti
1275 5753 1386 5824 tria
1428 5752 1672 5824 capitula

90 5810 479 5883 Chalcedonensis
499 5824 699 5901 synodi
730 5810 993 5896 suscipere
1020 5822 1228 5896 (potius
1251 5821 1469 5878 nolenti
1490 5810 1673 5878 trium

1762 1883 1872 1949 liis,
1898 1887 2083 1937 vestro
2110 1882 2419 1938 sacerdotio
2457 1882 2535 1937 sic
2566 1882 2798 1952 devotis,
2828 1881 3067 1936 suadere
3104 1880 3256 1949 talia,
3297 1886 3396 1936 aut

1763 1976 2074 2048 negligitis,
2103 1981 2202 2035 aut
2226 1976 2481 2031 differtis.
2512 1976 2703 2030 Sacras
2722 1979 2916 2030 autem
2934 1974 3222 2046 reliquias,
3253 1991 3393 2046 quas

1762 2074 1818 2125 et
1846 2074 1945 2126 tua
1970 2070 2232 2136 charitas,
2266 2074 2323 2125 et
2349 2069 2790 2140 gloriosissimus
2817 2067 2967 2123 ﬁlius
3000 2072 3195 2123 noster
3231 2068 3397 2139 petiit

1764 2158 2110 2228 dirigendas,
2133 2174 2264 2213 cum
2289 2157 2595 2213 cohaerenti
2621 2158 2725 2212 sibi
2752 2156 3190 2213 sanctiﬁcatione
3213 2161 3397 2213 trans.

1761 2251 2038 2307 misimus.
2069 2253 2305 2324 Propter
2320 2252 2472 2323 quod
2495 2251 2676 2307 nihilo
2704 2250 2892 2306 minus
2918 2251 3310 2320 admonemus,
3330 2254 3396 2307 ut

1763 2362 2008 2417 quorum
2047 2345 2314 2401 virtutem
2347 2345 2619 2417 quaeritis,
2650 2361 2850 2400 eorum
2894 2345 3106 2417 templa
3127 2362 3161 2399 a
3202 2345 3390 2417 pollu-

1762 2440 1919 2497 tione
1945 2438 2205 2509 gentium
2234 2438 2486 2509 liberari,
2515 2439 2575 2493 in
2606 2443 2883 2510 quantum
2911 2439 3067 2493 vobis
3102 2442 3187 2494 est
3211 2441 3392 2511 possi-

1759 2532 1892 2603 bile,
1924 2532 2200 2588 festinetis
2224 2549 2237 2588 :
2272 2537 2328 2588 et
2352 2532 2550 2588 vestris
2580 2531 2811 2603 regibus
2834 2532 3241 2588 instantissime
3266 2549 3390 2589 sua-

1761 2627 1960 2697 deatis,
1988 2630 2267 2698 quatenus
2298 2627 2368 2681 ab
2397 2626 2659 2683 amicitiis
2688 2631 2745 2681 et
2771 2625 3171 2697 conjunctione
3197 2627 3391 2682 nefan-

1762 2720 1979 2776 dissimi
2002 2721 2202 2789 hdstis,
2228 2720 2748 2794 Langobardorum,
2768 2719 2977 2775 salubri
2998 2737 3056 2775 se
3076 2721 3394 2792 provisione

1762 2831 2061 2886 segregare
2079 2814 2374 2884 festinent;
2397 2831 2470 2871 ne
2490 2815 2629 2870 dum
2647 2814 2876 2869 illorum
2891 2814 3153 2869 vindictas
3172 2819 3397 2887 tempus

1763 2909 2077 2979 advenerit,
2101 2908 2245 2964 sicut
2268 2912 2326 2965 et
2344 2909 2522 2964 celere
2547 2908 2670 2963 ﬁeri
2687 2908 2875 2963 divina
2888 2908 3248 2964 miseratione
3267 2925 3398 2964 con-

1762 3004 2010 3073 ﬁdimus,
2030 3019 2231 3058 eorum
2250 3003 2422 3058 etiam
2442 3002 2526 3057 illi
2548 3001 2911 3058 inveniantur
2925 3018 3044 3058 esse
3063 3002 3391 3074 participes:

1763 3098 1896 3169 quia
1920 3096 2196 3169 scriptum
2237 3100 2353 3152 est:
2409 3100 2530 3155 Non
2560 3097 2733 3151 solum
2776 3098 2875 3166 qui
2901 3111 2965 3151 ea
3002 3097 3219 3164 faciunt
3247 3099 3275 3151 ?
3299 3098 3395 3153 sed

1763 3194 1925 3246 etiam
1945 3192 2041 3261 qui
2064 3192 2401 3246 consentiunt
2424 3190 2752 3259 facientibus
2786 3190 3087 3260 puniendos
3118 3192 3294 3262 (Rom.
3325 3190 3394 3261 1).

1763 3285 1909 3339 Deus
1936 3289 1992 3339 te
2021 3283 2368 3340 incolumem
2397 3282 2691 3351 custodiat,
2715 3282 3039 3339 charissime
3063 3284 3260 3340 frater.
3291 3285 3395 3340 Da-
3434 3358 3443 3367 .

1764 3381 1888 3434 tum
1918 3394 1978 3432 ιιι
2017 3379 2203 3433 Nonas
2246 3377 2530 3446 Octobres,
2563 3378 2878 3449 imperante
2921 3378 3130 3434 domno
3171 3377 3395 3435 Tiberio

1762 3472 2253 3545 ConstantinOpoli
2277 3475 2559 3545 Augusto,
2588 3488 2738 3527 anno
2763 3476 2816 3526 7.

2136 3576 2459 3632 EPISTOLA
2507 3586 2531 3616 ο
2581 3576 2648 3629 lll
2706 3573 2866 3647 [Olim
2897 3574 2989 3648 V].

1907 3683 2028 3731 QUAE
2055 3684 2147 3724 EST
2173 3685 2338 3725 PRIIA
2364 3685 2434 3722 AD
2464 3684 2627 3724 ELIAI
2653 3684 2717 3722 ET
2740 3683 3022 3724 EPISCOPOS
3048 3685 3250 3726 Ismuc.

1838 3761 2222 3818 Dilectissimis
2238 3762 2505 3818 fratribus
2525 3760 2660 3817 Eliae
2685 3760 2923 3833 aliisque
2945 3762 3245 3836 episcopis,
3272 3761 3399 3821 uni-

1764 3855 1939 3911 versis
1976 3854 2107 3911 ﬁliis
2149 3857 2210 3912 in
2250 3855 2504 3912 Ecclesiae
2548 3853 2723 3910 lstrias
2766 3855 3025 3927 partibus
3053 3858 3392 3929 constitutis,

1765 3972 2141 4043 capitulorum
2169 3971 2593 4027 damnationem
2618 3971 2679 4026 in
2708 3971 2911 4043 quinta
2946 3973 3163 4043 synodo
3187 3973 3399 4032 factam

1765 4042 2078 4115 approbare
2098 4048 2154 4099 et
2170 4048 2359 4098 ratam
2379 4042 2611 4114 habere)
2639 4042 2923 4114 epistolam
2940 4042 3076 4100 satis
3100 4047 3287 4101 utilem
3300 4050 3399 4103 mi-

1763 4118 1855 4183 sit,
1884 4132 2049 4185 quam
2077 4116 2261 4171 beatus
2290 4117 2573 4185 Gregorius
2602 4131 2723 4169 cum
2762 4115 2942 4170 adhuc
2976 4121 3108 4171 esset
3142 4118 3402 4175 diaconus

1763 4189 1997 4258 scripsit.
2029 4188 2156 4241 Haec
2203 4186 2439 4257 epistola
2468 4186 2646 4258 sancti
2676 4185 2951 4258 Pelagiia
2980 4187 3251 4258 Gregorio
3294 4190 3399 4245 ad~

1763 4257 1876 4339 huc
1902 4258 2514 4339 diacononcon‘scripta,
2546 4257 2816 4339 ejusdem.
2847 4257 3026 4339 plane
3062 4257 3287 4339 generis
3313 4268 3399 4318 est

1766 4329 1927 4400 cujus
1968 4332 2092 4384 erat
2132 4328 2233 4384 illa
2274 4328 2421 4384 beati
2456 4328 2655 4383 Leonis
2699 4328 2918 4383 decima
2959 4330 3029 4384 ad
3071 4328 3400 4389 Flavianum

1766 4400 2005 4481 scripta;
2022 4416 2179 4481 quae
2192 4416 2322 4455 cum
2353 4400 2608 4481 epistola:
2634 4400 3115 4481 nominescripta
3128 4405 3297 4481 esset,
3325 4404 3398 4459 ob

1767 4471 1854 4525 sui
1886 4471 2320 4543 amplitudinem
2336 4471 2515 4543 atque
2541 4476 2843 4543 tractatum
2870 4475 3057 4525 tomus
3083 4471 3398 4531 dicebatur.

1680 4517 1739 4589 D
1764 4544 1909 4598 Nam
1933 4517 2135 4613 etripsa
2160 4542 2370 4612 Pelagii
2396 4517 2632 4666 ggistola
2661 4542 2732 4595 ab
2760 4541 2883 4666 ilplso
2910 4547 3104 4596 sancto

1764 4614 1910 4666 liber
1936 4617 2022 4666 est
2050 4619 2393 4666 nuncupata.
2459 4628 2489 4666 e
2518 4629 2632 4666 quo
2659 4612 2731 4666 ad
2821 4612 3055 4666 iberniae
3103 4613 3397 4666 enisconos

2599 4629 2692 4666 08

1764 4614 1910 4669 liber
1936 4617 2025 4685 est
2038 4612 2393 4685 nuncupata,
2420 4612 2489 4667 de
2518 4629 2632 4685 quo
2659 4612 2731 4666 ad
2758 4612 3055 4685 _Hibern_iae
3103 4612 3397 4685 episcopos

1767 4686 1905 4741 dum
1926 4684 2139 4750 scribit,
2158 4682 2394 4755 epistola
2418 4686 2506 4748 36,
2530 4682 2628 4737 lib.
2652 4699 2733 4749 ιι.,
2758 4682 2877 4736 haec
2896 4683 3096 4738 habet:
3134 4682 3200 4741 Ut
3226 4682 3401 4755 igitur

1766 4757 1831 4811 de
1858 4755 2027 4829 tribus
2042 4754 2318 4829 capitulis,
2340 4755 2537 4829 animis
2554 4756 2748 4829 vestris
2762 4755 2955 4829 oblata
2971 4754 3264 4829 dubietate,
3278 4773 3398 4829 pos.

1769 4830 1841 4883 sit
1856 4827 2158 4893 satisfactio
2176 4824 2519 4896 abundanter
2546 4825 2799 4892 infundi;
2820 4825 3017 4880 librum
3031 4843 3187 4896 quem
3212 4824 3400 4885 de'hac

1764 4914 1823 4955 re
1852 4901 2049 4952 sanctae
2078 4898 2352 4970 memoriae
2375 4895 2610 4970 decessor
2644 4911 2790 4950 meus
2817 4895 3070 4967 Pelagius
3088 4915 3242 4970 papa
3265 4906 3397 4957 sm“.

1762 4973 1969 5041 pserat,
1986 4969 2147 5043 vobis
2176 4966 2576 5043 utilejudicavi
2601 4966 2963 5043 transmittere
2991 4988 3007 5024 :
3040 4966 3195 5041 quem
3222 4975 3272 5027 si
3294 4990 3396 5043 po-

1766 5038 2235 5115 sito_voluntaria:
2276 5038 2601 5115 defensionis
2641 5038 2820 5093 studio
2859 5056 2996 5110 puro
3041 5038 3399 5115 vigilanti-que

1767 5111 1923 5167 corde
1950 5112 2226 5166 volueritis
2249 5110 2499 5178 relegere,
2529 5124 2647 5163 eum
2670 5124 2762 5163 vos
2784 5125 2886 5179 per
2904 5115 3087 5167 omnia
3104 5110 3399 5179 secuturos,

1767 5188 1819 5239 et
1847 5183 1921 5237 ad
1944 5186 2205 5237 unitatem
2240 5185 2481 5235 nostram
2527 5195 2831 5235 reversuros
2872 5183 3044 5237 nihilo
3082 5186 3258 5240 minus
3292 5202 3399 5241 esse

1768 5253 1970 5323 conﬁdo
1998 5271 2015 5307 :
2047 5254 2281 5324 Quantae
2310 5253 2501 5324 autem
2530 5254 2677 5324 esset
2700 5250 2967 5324 efﬁcaciae
2999 5253 3145 5307 liber
3172 5254 3296 5324 iste,
3328 5272 3402 5313 ex

1768 5321 2013 5396 hisquaa
2038 5340 2170 5396 mox
2185 5321 2345 5396 idem
2381 5321 2683 5393 Gregorius
2703 5321 2902 5396 subdit
2918 5322 3238 5396 intelligere
3262 5321 3395 5396 pos-

1769 5393 1989 5464 sumus,
2019 5394 2115 5449 ubi
2144 5393 2224 5449 ait
2252 5411 2265 5449 :
2291 5397 2456 5449 Porro
2480 5397 2528 5449 si
2546 5398 2665 5464 post
2696 5393 2853 5463 hujus
2884 5394 3014 5449 libri
3042 5393 3316 5451 lectionem
3341 5400 3399 5452 in

1768 5484 1832 5523 ea
1857 5484 1967 5539 qua
1991 5469 2114 5522 estis
2140 5466 2418 5521 volueritis
2438 5466 2821 5539 deliberatione
2843 5468 3146 5539 persistere,
3165 5470 3281 5522 sine
3302 5469 3400 5524 du-

1773 5537 1991 5594 bio—non
2016 5540 2222 5593 rationi
2244 5553 2480 5608 Operam,
2499 5537 2593 5593 sed
2616 5537 2965 5608 obstinationi
2983 5553 3074 5591 vos
3098 5538 3231 5593 dare
3254 5556 3399 5595 mon-

1766 5613 1975 5666 stratis.
2008 5611 2160 5664 Hanc
2190 5606 2489 5681 epistolam
2516 5606 2925 5681 illustrissimus
2948 5608 3262 5681 icardinalis
3292 5612 3398 5667 Ba-

1771 5677 2259 5764 ronius‘unancum
2282 5679 2505 5764 duabus
2531 5677 2892 5764 sequentist
2910 5679 3164 5764 ejusdem
3189 5683 3401 5764 Pelagii

1773 5770 1807 5807 a
1842 5752 2067 5823 Nicolao
2098 5751 2275 5806 Fabro
2311 5749 2626 5807 Parisiensi'
2651 5750 2770 5806 viro
2801 5749 3125 5806 doctissimo
3164 5749 3397 5823 accepit.

1844 5824 1988 5881 Cum
1996 5822 2319 5880 adhibitum
2332 5824 2470 5880 satis
2481 5824 2625 5879 bene
2638 5825 3017 5899 preparatum
3028 5822 3403 5897 pharmacum
