4016 6240
611 273 714 327 ’707

610 379 876 453 Pelagius
904 376 1204 450 episcopus
1233 378 1439 430 sancta
1466 374 1723 429 Ecclesia
1760 373 2049 429 catholica
2088 375 2243 430 urbis
2263 383 2325 456 Α

613 476 841 633 Ηοὲἰιῗᾶ
865 566 935 621 ad
962 565 1321 621 dilectionem
1344 565 1609 628 vestram,
1636 560 1842 616 fratres
1860 560 2076 633 ﬁliique
2102 562 2239 616 cha-

610 661 840 731 rissimi,
867 663 1058 714 nostra
1081 656 1296 713 tardius
1323 655 1529 725 scripta
1560 654 1883 727 dirigimus,
1912 672 2032 709 non
2058 657 2238 711 male-

611 756 751 811 vola
778 751 1097 818 voluntatis,
1126 755 1223 804 aut
1257 748 1723 804 dissimulationis
1748 749 1836 803 vel
1874 748 2241 820 negligentia

608 849 780 904 fuisse
806 846 1087 913 credatur,
1115 843 1233 912 sed,
1264 843 1408 897 sicut
1429 842 1631 909 nostis,
1648 843 1978 914 temporalis
2002 842 2240 914 qualitas

611 947 668 998 et
694 940 911 997 hostilis
939 938 1239 995 necessitas
1284 937 1560 1015 hactenus
1584 936 1898 1008 impedivit.
1926 938 2071 991 Nam
2097 936 2242 991 sicut

607 1034 687 1091 ait
730 1032 1002 1088 Dominus
1036 1048 1141 1103 per
1181 1032 1550 1103 prOphetam:
1599 1031 1862 1101 Nunquid
1909 1032 2241 1086 obliviscitur

607 1129 801 1184 mulier
826 1128 1000 1197 ﬁlium
1026 1127 1170 1180 uteri
1187 1127 1276 1180 sui
1303 1126 1427 1194 (Isa.
1457 1123 1641 1195 XLIX)?
1668 1125 1789 1178 Non
1815 1139 1952 1195 ergo
1968 1124 2236 1179 credatur

605 1239 708 1278 nos
732 1221 1013 1276 viscerum
1040 1221 1367 1274 nostrorum
1412 1217 1747 1273 divisionem
1772 1234 1888 1272 non
1914 1234 2047 1277 cum
2076 1218 2237 1290 gravi

605 1315 743 1371 ﬂetu
772 1332 837 1370 ac
863 1313 1077 1387 gemitu
1102 1312 1374 1368 doluisse:
1405 1312 1502 1367 sed
1529 1312 1769 1381 utinam,
1802 1311 2136 1382 charissimi,
2165 1312 2236 1365 il-

603 1409 847 1466 luminet
868 1408 1139 1462 Dominus
1167 1407 1355 1461 oculos
1382 1406 1567 1461 cordis
1596 1405 1784 1472 vestri,
1816 1408 1881 1461 ut
1904 1405 2083 1460 nostri
2108 1423 2235 1461 eor-

604 1505 690 1561 dis
732 1503 974 1576 gemitus
1013 1518 1118 1573 pro
1161 1500 1321 1555 vobis
1362 1499 1551 1555 videre
1604 1500 1848 1571 possitis.
1897 1501 2026 1567 Quis
2074 1504 2234 1563 enim,

605 1598 751 1653 sicut
788 1597 866 1651 ait
905 1596 1104 1650 beatus
1155 1594 1441 1666 apostolus
1472 1593 1547 1664 (Il
1582 1596 1699 1651 Cor.
1731 1593 1870 1663 XXI),
1902 1595 2233 1662 inﬁrmatur,

603 1695 654 1746 et
692 1707 785 1761 ego
815 1706 923 1744 non
961 1690 1245 1758 inﬁrmor?
1273 1689 1394 1757 quis
1432 1686 1866 1750 scandalizatur,
1894 1691 1947 1741 et
1987 1702 2081 1756 ego
2130 1702 2237 1741 non

1893 222 1899 228 ’
1995 267 2219 323 PELAG]

2325 265 2486 322 ἈΡᾸΞ
2524 267 2570 322 II
3878 268 3954 321 708

2414 374 2522 429 Nos
2552 373 2707 429 enim
2732 373 2892 429 illam
2913 372 3086 432 ﬁdem
3109 372 3445 446 pradictam
3462 375 3752 443 tenemus,
3784 374 3841 428 et
3854 390 3956 429 cum

2345 467 2765 540 omni'puritate
2778 468 3141 523 conscientia
3162 484 3342 541 usque
3357 469 3427 523 ad
3443 468 3742 540 sanguinis
3768 466 3962 523 eﬁ‘usio-

2341 579 2477 617 nem
2505 562 2880 632 defendimus,
2930 578 3059 634 qua
3101 562 3173 617 ab
3218 562 3484 634 apostolis
3534 561 3766 632 tradita,
3801 565 3857 616 et
3881 581 3961 634 per

2342 671 2690 711 successores
2715 671 2914 710 eorum
2939 654 3333 711 inviolabiliter
3350 655 3646 725 custodita,
3678 658 3962 711 reverenda

2340 748 2566 804 Nicana
2594 750 2840 821 synodus
2867 753 3251 805 trecentorum
3282 750 3483 805 decem
3508 755 3567 805 et
3590 752 3721 803 octo
3752 750 3959 805 Patrum

2342 844 2587 915 suscepit
2612 848 2785 914 atque
2815 843 3045 915 reliquit
3065 842 3321 917 [redegit]
3348 843 3407 899 in
3427 843 3783 915 symbolum,
3809 844 3897 898 sed
3918 851 3959 900 et

2339 937 2958 1009 Constantinopolitana
2976 942 3206 993 centum
3222 943 3280 993 et
3300 937 3718 1011 quinquaginta
3751 940 3959 993 Patrum

2336 1031 2442 1085 'sub
2468 1031 2579 1102 pia
2612 1031 2904 1086 memoriae
2938 1030 3247 1087 Theodosio
3300 1032 3519 1087 seniore
3569 1031 3838 1104 principe
3882 1032 3952 1086 fa-

2338 1129 2493 1179 ctum
2521 1141 2538 1193 ;
2569 1124 2743 1179 etiam
2787 1123 3071 1195 Ephesiua
3107 1125 3317 1196 prima,
3347 1125 3440 1180 cui
3478 1125 3751 1197 praesedit
3802 1124 3962 1179 beatze

2338 1215 2746 1272 recordationis
2760 1217 3142 1288 pradecessor
3157 1222 3351 1273 noster
3362 1218 3697 1274 Calestinus
3708 1219 3965 1273 Romana

2336 1310 2494 1365 urbis
2532 1311 2784 1380 antistes,
2816 1314 2874 1365 et
2915 1310 3151 1382 Cyrillus
3188 1312 3586 1367 Alexandrina
3636 1311 3960 1383 episcopus:

2338 1404 2438 1458 sed
2463 1408 2520 1459 et
2546 1404 3014 1460 Chalcedonensis
3039 1410 3435 1461 sexcentorum
3458 1405 3701 1476 triginta
3728 1410 3963 1477 patrum,

2338 1514 2466 1570 qua
2496 1498 2600 1552 sub
2629 1499 2741 1570 piae
2770 1498 3059 1553 memoria
3086 1498 3364 1554 Marciano
3392 1498 3740 1571 imperatore
3773 1516 3961 1555 conve-

2336 1592 2455 1646 nit:
2484 1591 2689 1663 cuique
2720 1594 2929 1646 saucta
2950 1592 3350 1648 recordationis
3375 1609 3521 1664 papa
3546 1594 3658 1648 Leo
3686 1610 3794 1665 per
3820 1594 3958 1666 lega-

2338 1688 2423 1739 tos
2445 1685 2683 1740 vicarios
2712 1702 2839 1740 suos
2879 1686 3181 1757 praesedit;
3224 1691 3281 1741 et
3307 1691 3368 1741 ut
3392 1687 3749 1742 diversarum
3790 1687 3963 1743 hare-

600 1787 770 1840 uror?
796 1786 865 1839 Et
890 1783 1028 1837 alibi
1053 1783 1100 1851 (Ι
1125 1783 1244 1839 Cor.
1284 1781 1379 1851 ιιι)
1412 1799 1425 1835 :
1460 1781 1599 1847 Quia
1625 1782 1842 1854 patitur
1879 1796 2048 1835 unum
2076 1797 2235 1836 mem-
2255 1782 2310 1854 B
2334 1796 2462 1833 sum
2492 1780 2814 1835 damnanda
2854 1779 3117 1851 exigebat
3154 1780 3482 1849 adversitas,
3514 1781 3779 1837 eamdem
3803 1781 3963 1836 ﬁdem

603 1879 777 1941 brum,
796 1879 1202 1946 compatiuntur
1220 1877 1399 1929 omnia
1417 1875 1674 1929 membra.
1696 1875 1893 1929 Postea
1908 1891 2044 1946 ergo
2062 1891 2236 1947 quam

600 1975 747 2029 Deus
775 1971 1132 2043 omnipotens
1148 1986 1250 2041 pro
1273 1967 1537 2023 felicitate
1558 1967 2009 2023 Christianorum
2031 1969 2236 2040 princi-

599 2083 737 2139 pum
764 2064 1096 2137 perlabores
1107 2069 1277 2135 atque
1299 2061 1739 2116 sollicitudinem
1752 2061 1853 2116 ﬁlii
1866 2063 2043 2117 nostri
2056 2064 2234 2118 excel-

598 2158 895 2216 lentissimi
908 2157 1204 2229 Smaragdi
1221 2154 1447 2211 exarchi
1464 2160 1522 2210 et
1533 2155 1867 2210 chartularii
1879 2156 2021 2211 sacri
2036 2157 2233 2228 palatii

596 2269 796 2326 pacem
808 2251 969 2307 nobis
980 2251 1212 2307 interim
1224 2250 1313 2304 vel
1332 2249 1588 2320 quietem
1604 2249 1816 2304 donare
1837 2250 2104 2321 dignatus
2125 2253 2227 2318 est,

598 2363 729 2402 cum
759 2344 915 2401 omni
940 2343 1311 2400 sollicitudine
1337 2343 1668 2397 festinamus
1695 2344 1995 2413 praseutia
2029 2343 2103 2398 ad
2134 2361 2231 2399 vos

597 2440 806 2511 scripta
834 2439 1100 2510 dirigere,
1132 2438 1428 2491 hortantes
1452 2439 1510 2490 et
1538 2436 1917 2506 obsecrantes,
1952 2454 2024 2491 ne
2052 2437 2109 2491 in
2138 2437 2226 2491 di-

595 2534 807 2588 visione
834 2531 1087 2586 ecclesia
1117 2529 1352 2585 ulterius
1379 2531 1683 2602 quisquam
1727 2531 1948 2585 studeat
1992 2548 2226 2602 perma-

594 2643 753 2683 nere.
775 2626 882 2681 Nos
910 2625 1066 2679 enim
1094 2623 1406 2679 secundum
1423 2625 1805 2696 evangelicam
1827 2641 2025 2680 vocem
2043 2626 2228 2681 stude-

594 2738 724 2776 mus
762 2718 1106 2775 fraternitati
1130 2735 1193 2772 ac
1231 2718 1523 2773 dilectioni
1569 2720 1790 2787 vestra,
1836 2696 1923 2773 in.
1948 2725 2227 2789 quantum

589 2815 868 2887 fragilitas
891 2817 1082 2868 nostra
1108 2810 1334 2879 sufﬁcit,
1363 2828 1493 2883 qua
1534 2811 1699 2866 nobis
1716 2812 1874 2882 jussa
1908 2817 2061 2881 sunt,
2091 2830 2225 2868 cum

590 2907 908 2966 sinceritate
938 2905 1121 2961 cordis
1141 2905 1438 2960 humiliter
1465 2904 1760 2961 exhibere.
1784 2906 1970 2961 Nostis
1991 2906 2146 2961 enim
2166 2908 2225 2962 iu

589 3001 899 3074 Evangelio
930 2997 1239 3055 Dominum
1268 3000 1721 3072 proclamantem
1752 2992 1906 3071 (Luc.
1941 3002 2100 3072 xxn):
2142 3003 2226 3059 Si-

587 3114 731 3161 mon,
752 3099 954 3165 Simon,
978 3111 1090 3150 ecce
1107 3093 1344 3149 Satanas
1371 3096 1628 3164 expetivit
1653 3108 1766 3157 vos,
1781 3098 1843 3149 ut
1861 3096 2123 3150 cribraret
2151 3097 2223 3150 si-

586 3196 678 3246 cut
705 3158 977 3256 triticum;
1012 3204 1106 3258 ego
1134 3191 1314 3242 autem
1338 3158 1530 3256 rogavi
1550 3202 1653 3258 pro
1681 3192 1728 3242 te
1753 3189 1993 3252 Patrem,
2016 3193 2082 3244 ut
2115 3205 2221 3245 non
2241 3158 2296 3233 Ο

538 3314 554 3329 ο
585 3285 800 3355 deﬁciat
823 3283 953 3352 ﬁdes
970 3287 1087 3345 tua,
1114 3286 1166 3337 et
1193 3285 1252 3335 tu
1272 3296 1550 3336 conversus
1579 3283 1833 3350 conﬁrma
1858 3283 2063 3349 fratres
2082 3288 2216 3339 tuos.

654 3362 1037 3443 Considerate,
1069 3373 1407 3445 charissimi,
1431 3374 1563 3447 quia
1592 3375 1799 3430 veritas
1843 3376 2077 3431 mentiri
2105 3395 2220 3433 non

582 3471 783 3545 potuit,
813 3486 920 3527 nec
952 3470 1093 3525 ﬁdes
1119 3469 1273 3524 Petri
1307 3468 1368 3523 in
1397 3473 1677 3524 aternum
1721 3470 1974 3540 quassari
2012 3472 2220 3542 poterit

580 3568 668 3622 vel
698 3565 938 3620 mutari:
964 3581 1102 3619 nam
1126 3579 1258 3618 cum
1288 3579 1490 3618 omnes
1524 3562 1831 3633 discipulos
1855 3563 2111 3619 diabolus
2146 3566 2219 3621 ad

578 3659 1024 3717 exeribrandum
1043 3657 1385 3731 poposcerit,
1404 3673 1509 3729 pro
1529 3657 1646 3712 solo
1663 3658 1828 3712 Petro
1856 3674 1915 3712 se
1938 3659 2216 3739 Dominus

576 3771 805 3828 rogasse
831 3756 1093 3821 testatur,
1119 3757 1174 3808 et
1198 3752 1268 3807 ab
1295 3768 1362 3807 eo
1390 3751 1566 3806 voluit
1593 3756 1822 3806 cateros
1846 3750 2171 3808 conﬁrmari
2194 3772 2211 3824 ;

577 3850 668 3905 cui
695 3848 867 3905 etiam
903 3863 1009 3919 pro
1039 3845 1242 3918 majori
1291 3845 1595 3901 dilectione
1627 3862 1801 3918 quam
1850 3862 1970 3918 pra
1997 3847 2214 3902 caeteris

575 3942 816 3997 Domino
862 3940 1144 4009 exibebat,
1192 3938 1611 4011 pascendamm
1653 3939 1846 3994 ovium
1892 3940 2213 3997 sollicitudo

577 4035 881 4091 commissa
906 4038 1017 4089 est:
1048 4032 1139 4088 cui
1170 4038 1227 4088 et
1251 4033 1433 4088 claves
1450 4033 1618 4104 regni
1643 4033 1916 4088 calorum
1945 4035 2207 4104 tradidit;

576 4131 633 4184 et
657 4144 830 4199 super
871 4143 1043 4199 quem
1074 4125 1376 4180 Ecclesium
1423 4136 1588 4180 suam
1636 4127 2049 4182 adiﬁcaturum
2091 4145 2210 4184 esse

572 4215 857 4288 promisit,
886 4232 991 4271 nec
1017 4219 1206 4286 portas
1224 4214 1435 4270 inferni
1454 4215 1724 4271 adversus
1744 4234 1874 4271 eam
1902 4218 2209 4289 pravalere

571 4314 806 4366 testatus
851 4315 936 4365 est
963 4311 1179 4381 (Matth.
1215 4310 1322 4379 l6).
1364 4308 1471 4364 Sed
1498 4307 1632 4381 quia
1669 4310 1932 4365 inimicus
1968 4312 2211 4366 humani

572 4405 798 4477 generis
811 4419 991 4477 usque
1016 4403 1076 4459 in
1092 4403 1271 4458 ﬁnem
1297 4404 1489 4458 saculi
1515 4420 1630 4458 non
1653 4404 1889 4475 quiescit
1915 4405 1975 4460 in
1988 4405 2210 4460 Domini

570 4499 873 4555 Ecclesium
903 4500 1054 4555 bono
1082 4498 1288 4554 semini
1314 4497 1769 4569 superseminare
1797 4498 2029 4568 zizania,
2051 4499 2205 4555 ideo-

568 4610 681 4667 que
708 4611 781 4650 ne
799 4594 946 4651 forte
962 4594 1267 4667 quisquam
1286 4593 1538 4665 maligno
1564 4576 1966 4665 studio'aliqua
1981 4593 2048 4648 de
2073 4593 2208 4649 ﬁdei

567 4692 775 4744 nostra
802 4689 1130 4760 integritate
1157 4687 1364 4743 diaboli
1404 4687 1769 4759 instigatione
1810 4686 2028 4758 ﬁngere
2057 4704 2203 4759 pra-

568 4782 875 4854 sumpserit
910 4787 967 4838 et
994 4781 1408 4854 argumentari,
1436 4783 1495 4838 et
1536 4799 1607 4837 ex
1632 4782 1738 4836 hoc
1763 4780 1933 4836 vestri
1967 4781 2205 4837 fortasse

564 4870 866 4928 videantur
877 4872 1054 4927 animi
1080 4871 1422 4944 perturbari,
1435 4870 1814 4927 necessarium
1822 4870 2133 4941 judicavim
2140 4888 2204 4926 us

564 4980 670 5037 per
691 4969 1033 5037 prasentem
1063 4965 1360 5038 epistolam
1387 4968 1662 5033 nostram,
1692 4969 1749 5019 et
1777 4963 1847 5018 ad
1876 4963 2086 5018 viscera
2107 4981 2203 5019 vos

562 5059 760 5114 matris
787 5059 1046 5114 Ecclesia
1081 5066 1146 5115 ut
1187 5060 1396 5116 reverti
1439 5059 1712 5128 debeatis,
1761 5074 1893 5114 cum
1937 5058 2203 5131 lacrymis

563 5153 871 5223 exhortari,
888 5158 945 5208 et
960 5153 1029 5209 de
1045 5154 1176 5209 ﬁdei
1202 5159 1413 5210 nostra
1436 5152 1762 5225 integritate
1787 5153 1947 5209 vobis
1961 5153 2202 5209 satisfac-

561 5247 808 5304 ctionem
832 5253 1088 5304 nostram
1119 5249 1379 5319 mittere;
1425 5252 1703 5320 quatenus
1737 5249 1895 5304 nulla
1939 5248 2114 5321 possit
2140 5249 2198 5302 in

561 5343 824 5400 cordibus
851 5343 1047 5399 vestris
1076 5344 1147 5398 de
1190 5342 1353 5398 nobis
1388 5359 1690 5399 remanere
1739 5343 2003 5416 suspicio,
2032 5348 2097 5399 ut
2137 5342 2199 5398 in

559 5438 733 5493 divini
757 5437 1154 5510 tremendique
1184 5437 1387 5508 judicii
1415 5437 1505 5493 die
1533 5438 1601 5494 de
1636 5437 2019 5494 taciturnitate
2068 5454 2199 5493 mea

558 5548 689 5588 reus
713 5532 954 5588 inveniri
979 5548 1095 5587 non
1121 5532 1354 5604 possim.

557 5647 765 5721 animis
787 5649 1271 5721 schismaticorum
1291 5650 1443 5705 male
1462 5650 1677 5706 aﬁ‘ectis
1703 5648 1847 5705 nihil
1876 5648 2193 5721 prodesset,

553 5718 810 5794 imitatus
835 5720 1128 5794 Pelagium
1153 5723 1195 5791 Ι,
1219 5722 1486 5794 adversus
1512 5722 1662 5794 ipsos
1692 5718 2065 5794 Smara—gdum
2096 5723 2197 5794 Ita:

555 5787 647 5865 lia
688 5787 999 5865 μαι-αξιιηὶ
1034 5787 1319 5865 Ravenna
1355 5787 1661 5865 degentem
1697 5787 2040 5864 exagitavit:
2094 5791 2194 5865 qui

555 5857 709 5913 haud
747 5859 992 5930 impigre
1042 5862 1268 5917 eosdem
1294 5857 1556 5919 coercere
1598 5857 1901 5935 aggressus
1930 5869 2045 5935 est,
2085 5857 2192 5919 n'ec

2337 1890 2449 1928 uno
2485 1864 2797 1945 eodemque
2835 1890 3004 1929 sensu
3044 1874 3352 1929 clementer
3404 1873 3752 1947 [clamantes]
3811 1875 3965 1929 latius

2333 1967 2652 2023 ediderunt.
2683 1968 2792 2023 Sed
2836 1971 2893 2023 et
2930 1966 3225 2039 epistolam
3250 1968 3509 2040 pradicti
3536 1968 3721 2023 beata
3749 1985 3956 2024 memo-

2332 2060 2432 2115 ria
2462 2061 2663 2116 Leonis
2688 2062 2759 2116 ad
2780 2061 3115 2116 Flavianum
3146 2062 3840 2135 Constantinopolitanum
3866 2065 3966 2135 epi-

2332 2170 2569 2226 scopum
2601 2155 2808 2223 datam,
2838 2172 2966 2228 qua
2993 2159 3052 2211 et
3077 2160 3266 2210 tomus
3289 2156 3629 2228 appellatur,
3657 2173 3769 2228 per
3784 2156 3963 2212 omnia

2330 2264 2688 2319 veneramur,
2715 2253 2995 2319 tenemus,
3031 2249 3409 2319 defendimus,
3447 2254 3619 2321 atque
3654 2250 3965 2305 secundum

2331 2340 2453 2412 ejus
2486 2346 2768 2413 tenorem,
2805 2342 3108 2413 adiuvante
3152 2343 3419 2423 Domino,
3465 2343 3874 2414 praedicamus.
3906 2346 3963 2398 Et

2330 2434 2476 2491 sicut
2500 2436 2876 2507 pradecessor
2890 2441 3081 2492 noster
3099 2453 3249 2509 sape
3274 2436 3454 2492 dictus
3470 2437 3655 2493 beata
3676 2439 3967 2495 memoria

2326 2545 2473 2600 papa
2498 2530 2607 2584 Leo
2636 2531 2915 2602 synodum
2956 2530 3480 2587 Chalcedonensem
3525 2532 3780 2604 suscepit
3802 2537 3965 2604 atque

2326 2621 2594 2690 ﬁrmavit,
2631 2624 2709 2679 ita
2738 2628 2795 2679 et
2819 2641 2921 2680 nos
2946 2642 3050 2696 per
3078 2625 3292 2695 omnia,
3320 2630 3592 2697 operante
3617 2626 3814 2681 divina
3839 2644 3962 2699 gra-

2329 2717 2423 2787 tia,
2454 2733 2813 2788 veneramur,
2835 2718 3186 2773 custodimus
3215 2722 3385 2789 atque
3411 2719 3798 2774 defendimus.

2396 2811 2451 2867 Si
2478 2812 2606 2883 quis
2656 2815 2847 2866 autem
2887 2816 3083 2867 contra
3125 2813 3272 2867 hanc
3314 2812 3486 2867 ﬁdem
3530 2817 3631 2868 aut
3657 2812 3835 2885 sapit,
3877 2819 3966 2868 aut

2324 2903 2523 2974 credit,
2552 2909 2652 2959 aut
2679 2905 2879 2961 docere
2914 2907 3212 2978 praesumit
3262 2907 3580 2962 secundum
3626 2907 3965 2962 eorumdem

2322 2998 2555 3053 Patrum
2578 2999 2935 3069 sententiam,
2962 3001 3297 3055 damnatum
3325 3006 3494 3072 atque
3529 3001 3969 3064 anathematiza-

2320 3095 2446 3147 tum
2470 3108 2529 3146 se
2555 3109 2677 3148 esse
2688 3078 3025 3165 'cognoscat.
3050 3095 3171 3149 Non
3198 3110 3337 3166 ergo
3363 3094 3663 3166 patiamini
3687 3094 3851 3149 falsis
3884 3112 3967 3151 su-

2321 3186 2666 3257 spicionibus
2694 3191 2792 3242 aut
2811 3188 3135 3243 rumoribus
3163 3189 3351 3244 denuo
3378 3188 3607 3259 agitari,
3641 3193 3700 3244 et
3728 3188 3791 3243 in
3822 3191 3963 3245 divi-

2320 3280 2479 3335 sione
2524 3281 2781 3336 Ecclesia
2824 3282 3103 3337 malorum
3146 3282 3451 3338 hominum
3498 3284 3964 3354 persuasionibus

2322 3374 2498 3445 (quod
2538 3380 2754 3430 avertat
2796 3375 3088 3448 Dominus)
3114 3392 3429 3432 remanere.
3460 3377 3606 3442 Quid
3637 3378 3798 3433 enim
3825 3396 3961 3433 vosa

2319 3472 2525 3523 sancta
2554 3469 2814 3524 Ecclesia
2835 3470 3049 3525 unitate
3076 3470 3325 3526 dividitis
3340 3471 3368 3526 ‘t
3393 3471 3621 3542 quando
3638 3472 3789 3526 nihil
3810 3475 3957 3540 novi,

2317 3561 2459 3617 nihil
2491 3560 2661 3634 [quod
2685 3563 2847 3634 absit]
2876 3564 3229 3619 contrarium
3257 3564 3317 3619 in
3343 3564 3491 3619 dicta
3519 3565 3770 3621 Ecclesia
3818 3583 3957 3639 pra-

2316 3655 2491 3711 dieari
2517 3657 2851 3729 cognoscitis
2876 3658 2965 3713 vel
2988 3659 3215 3714 teneri?
3245 3659 3353 3714 Sed
3378 3674 3552 3713 unam
3579 3659 3961 3734 eamdemque

2316 3750 2506 3821 ﬁdem,
2526 3768 2655 3823 qua
2683 3752 2752 3805 ab
2780 3752 3042 3823 apostolis
3069 3752 3290 3822 tradita,
3320 3758 3377 3808 et
3402 3769 3436 3807 a
3461 3754 3671 3808 sanctis
3699 3756 3962 3812 Patribus

2316 3848 2370 3899 et
2389 3845 2671 3916 pradictis
2697 3849 2942 3917 quatuor
2965 3846 3191 3919 synodis
3219 3847 3522 3918 explanata
3551 3852 3725 3920 atque
3754 3851 3961 3906 conﬁr-

2315 3944 2464 3994 mata
2488 3938 2856 4010 dignoscitur,
2885 3931 3263 3996 sincerissime
3301 3942 3482 3997 teneri
3520 3945 3695 4014 atque
3731 3943 3957 4000 defendi

2313 4032 2494 4088 modis
2524 4033 2785 4088 omnibus
2825 4034 3249 4106 comprobatur.
3280 4035 3383 4091 Ubi
3427 4052 3565 4108 ergo
3591 4037 3662 4091 de
3689 4038 3826 4094 ﬁdei
3866 4039 3955 4094 ﬁr-

2311 4126 2507 4182 mitate
2532 4127 2691 4182 nulla
2716 4127 2871 4182 vobis
2889 4127 3098 4199 poterit
3123 4129 3359 4201 quastio
3385 4131 3471 4185 vel
3497 4130 3747 4203 suspicio
3776 4150 3946 4205 gene-

2311 4222 2444 4291 rari,
2468 4220 2528 4275 in
2571 4221 2789 4277 unitate
2831 4221 2983 4292 ﬁdei,
3015 4227 3186 4296 atque
3225 4223 3285 4278 in
3334 4224 3460 4279 sinu
3500 4230 3709 4281 sancta
3756 4227 3950 4282 matris

2311 4315 2605 4371 catholica
2648 4318 2819 4387 atque
2868 4318 3190 4388 apostolica
3217 4318 3473 4374 Ecclesia
3499 4335 3857 4391 permanere.
3889 4322 3943 4375 Si

2308 4409 2443 4480 quid
2469 4409 2613 4464 forte
2642 4426 2824 4465 causa
2853 4414 2955 4479 est,
2987 4411 3139 4466 unde
3168 4412 3341 4466 vestri
3377 4413 3745 4469 scandalizati
3774 4415 3950 4470 animi

2308 4503 2627 4571 videantur,
2655 4507 2949 4561 manentes
2975 4505 3036 4560 in
3064 4505 3299 4561 unitatis
3333 4506 3630 4577 charitate,
3660 4509 3849 4580 eligite
3878 4510 3945 4563 de

2305 4596 2572 4652 fratribus
2603 4615 2666 4652 ac
2707 4598 2837 4653 ﬁliis
2886 4600 3111 4669 nostris,
3141 4616 3283 4671 quos
3332 4600 3404 4654 ad
3446 4617 3570 4671 nos,
3603 4601 3945 4675 inquirendo

2314 4688 2402 4764 [in
2442 4692 2780 4763 quarendo]
2823 4692 2893 4748 de
2937 4692 3142 4766 quibus
3192 4694 3521 4764 movemini,
3554 4696 3941 4752 transmittere

2306 4784 2556 4840 debeatis
2582 4804 2598 4855 ;
2628 4791 2684 4842 et
2708 4786 2891 4857 parati
2916 4803 3112 4842 sumus
3152 4788 3467 4848 secundum
3504 4791 3945 4862 praceptionem

2305 4879 2667 4951 apostolicam
2704 4878 2752 4951 [Ι
2770 4883 2915 4936 Petr.
2946 4880 3051 4953 In],
3085 4885 3142 4937 et
3178 4898 3310 4937 cum
3329 4882 3606 4939 charitate
3637 4900 3738 4940 eos
3767 4886 3944 4940 susci-

2303 4990 2460 5045 pere,
2494 4977 2699 5030 etcum
2726 4973 3045 5029 humilitate
3072 4975 3144 5029 ad
3168 4976 3374 5047 placita
3393 4977 3789 5034 satisfactionis
3810 4981 3947 5035 red-

2303 5067 2433 5122 dere
2447 5067 2755 5137 rationem;
2787 5073 2841 5123 et
2860 5068 2983 5124 sine
2996 5069 3184 5141 aliquo
3204 5069 3615 5143 impedimento
3630 5089 3766 5128 cum
3787 5074 3945 5129 omni

2301 5160 2619 5231 dilectione,
2650 5162 2879 5234 quando
2905 5163 3112 5219 reverti
3135 5164 3441 5233 voluerint,
3466 5165 3758 5223 voluntate
3772 5167 3946 5224 since-

2300 5254 2523 5310 rissima
2547 5256 2824 5328 relegare.

2369 5350 2678 5406 Audiamus
2703 5353 2898 5406 autem
2924 5351 3220 5407 Doctorem
3258 5353 3520 5425 gentium
3541 5354 3892 5412 clamantem
3924 5374 3938 5410 :

2296 5446 2450 5502 Sicut
2498 5447 2776 5517 accepistis
2823 5446 3095 5503 Christum
3130 5449 3318 5502 Iesum
3367 5450 3683 5514 Dominum,
3716 5453 3781 5505 in
3827 5455 3941 5522 ipso

2298 5540 2593 5603 ambulate,
2620 5539 2860 5596 radicati
2887 5543 2939 5595 et
2966 5540 3390 5612 superadiﬁcati
3414 5544 3472 5598 in
3496 5545 3639 5615 ipso,
3675 5548 3731 5600 et
3758 5548 3941 5615 conﬁr-

2297 5657 2548 5729 eessavit,
2580 5672 2874 5729 quousque
2895 5650 3293 5729 depascentem
3326 5659 3633 5716 Ecclesium
3673 5662 3937 5717 morbum

2297 5744 2367 5806 ex
2390 5727 2458 5782 iis
2480 5727 2827 5806 regionibus,
2854 5727 2997 5806 teste
3027 5729 3270 5787 Diacono
3290 5729 3390 5787 lib.
3420 5747 3484 5789 ηι
3505 5748 3632 5805 cap.
3660 5736 3754 5805 21,
3782 5736 3939 5806 peni-

2294 5803 2387 5856 tus
2411 5800 2678 5856 auferret.
2711 5801 2838 5856 Sav.
2868 5801 2988 5857 BIN.
