4016 6240
98 260 212 314 ’709

1445 264 1787 322 EPISTOLE
1823 264 1910 322 ET
1944 265 2274 323 DECRETA.

3431 274 3535 329 ἨΟ

98 367 249 423 moti
267 367 336 423 in
372 366 522 440 ﬁde,
554 366 696 425 sicut
722 368 1015 435 didicistis,
1048 370 1393 427 abundantes
1412 375 1472 428 in
1490 376 1797 441 gratiarum
1818 386 1876 459 Α
1896 390 2007 429 una
2039 390 2132 445 spe
2157 374 2456 430 vocationis
2486 379 2695 432 vestrae.
2730 376 2880 433 Unus
2907 334 3336 442 Dominusjuna
3372 380 3528 448 ﬁdes.

97 464 356 518 actione.
411 466 616 521 Videte
641 480 709 519 ne
735 468 858 535 quis
883 481 975 521 vos
1007 466 1243 537 decipiat
1263 482 1364 536 per
1396 469 1797 539 philosophiam

98 560 152 611 et
182 558 440 613 inanem
468 561 781 628 fallaciam,
814 576 912 615 nec
946 561 1021 615 ad
1047 564 1435 617 contentionem
1474 568 1571 617 aut
1603 579 1791 633 super-

100 652 252 719 ﬂuas
305 656 659 722 quastiones
695 658 878 709 vestra
917 655 1151 710 ulterius
1200 655 1385 711 studia
1416 661 1796 711 convertantur

102 743 347 815 (Coloss.
387 746 488 817 ιι).
520 749 732 803 Vocem
766 747 1031 819 ejusdem
1056 749 1299 821 apostoli
1320 767 1451 805 cum
1470 750 1793 805 humilitate

103 839 311 894 cordis
356 841 700 909 attendite;
735 843 814 897 sic
846 843 1005 898 enim
1038 844 1293 899 scribens
1326 844 1401 899 ad
1430 844 1793 899 Timotheum

105 935 188 987 ait
213 949 228 988 :
266 934 512 991 Stultas
532 941 715 992 autem
735 939 912 992 etsine
937 938 1229 1009 disciplina
1249 940 1569 1008 quaestiones
1590 939 1791 1003 devita,

103 1030 287 1083 sciens
319 1032 481 1099 quia
505 1036 771 1099 generant
796 1033 947 1097 lites;
975 1047 1191 1087 servum
1226 1037 1408 1087 autem
1443 1034 1658 1087 Domini
1683 1048 1793 1087 non

101 1126 330 1192 Oportet
365 1124 605 1193 litigare
626 1125 705 1197 (II
734 1127 871 1181 Tim.
904 1126 996 1198 n);
1020 1129 1079 1180 et
1096 1126 1307 1181 iterum
1334 1126 1409 1181 ad
1428 1125 1787 1181 Corinthios:

109 1218 173 1273 Si
198 1219 339 1287 quis
367 1223 570 1275 autem
588 1220 807 1274 videtur
831 1222 978 1275 inter
1011 1235 1104 1275 vos
1130 1223 1489 1276 contentiosus
1515 1235 1645 1284 esse,
1684 1236 1793 1275 non

107 1311 284 1365 talem
322 1313 797 1369 consuetudinem
843 1330 954 1369 non
999 1315 1276 1379 habemus,
1326 1330 1499 1384 neque
1553 1314 1794 1369 Ecclesia

108 1407 213 1460 Dei
239 1404 295 1477 (Ι
322 1404 464 1461 Cor.
502 1406 610 1477 x1);
643 1410 701 1462 et
747 1407 961 1463 iterum
1002 1411 1131 1480 post
1177 1408 1333 1464 alia:
1374 1411 1498 1466 Non
1533 1413 1611 1463 est
1648 1411 1790 1464 Deus

112 1498 529 1564 dissensionis,
559 1502 655 1556 sed
671 1504 848 1573 pacis.

186 1593 596 1649 Considerate
613 1595 918 1667 ergo,quia
929 1595 1259 1669 quicunque
1270 1597 1329 1651 in
1344 1613 1484 1668 pace
1498 1599 1556 1651 et
1571 1596 1789 1651 unitate

110 1687 401 1743 Ecclesiae
438 1705 562 1744 non
593 1689 786 1757 fuerit,
820 1690 1132 1745 Dominum
1164 1691 1381 1746 habere
1404 1707 1519 1745 non
1552 1691 1783 1762 poterit.

1896 485 2065 523 unum
2097 469 2388 540 baptisma,
2419 485 2563 525 unus
2589 472 2732 526 Deus
2759 477 2810 526 et
2832 474 2993 527 Pater
3018 473 3278 536 omnium,
3312 475 3410 542 qui
3431 487 3526 527 su-

1889 578 1990 631 per
2008 565 2214 626 omnia,
2244 567 2296 618 et
2307 579 2413 633 per
2443 566 2645 627 omnia,
2675 570 2725 620 et
2764 567 2823 620 in
2845 566 3092 621 omnibus
3120 566 3275 620 nobis
3309 565 3525 637 (Ephes.

1893 654 1970 727 v).
1999 657 2068 710 Et
2109 656 2247 710 dum
2280 658 2424 711 tales
2469 658 2897 714 exhortationes
2937 658 3280 730 apostolicas
3322 659 3535 715 habea-

1893 766 2043 817 mus,
2077 750 2204 820 quis
2252 767 2357 805 nos
2403 752 2694 824 separabit
2737 769 2770 806 a
2814 751 3114 820 charitate,
3162 768 3289 823 quae
3331 755 3419 807 est
3468 753 3528 809 in

1891 843 2114 899 Christo
2142 845 2275 898 Jesu
2306 844 2550 901 Domino
2582 845 2824 901 nostro?
2855 845 2913 901 Si
2943 845 3096 900 enim
3130 861 3261 901 cum
3291 846 3525 902 humili-

1892 940 2009 991 tate
2049 940 2108 991 et
2143 937 2285 992 ﬂetu
2328 937 2637 1010 diligenter
2678 939 3054 1008 intendimus,
3095 940 3530 996 consideramus

1894 1030 2342 1103 etintelligimus
2365 1032 2521 1103 quod
2539 1033 2633 1087 ille
2652 1032 2724 1088 sit
2742 1033 3046 1088 insidiator
3070 1036 3286 1102 noster,
3309 1033 3381 1089 de
3412 1051 3526 1106 quo

1893 1123 2112 1180 dictum
2138 1128 2250 1180 est:
2270 1125 2411 1192 Quia
2435 1126 2788 1181 adversarius
2802 1133 2975 1183 vester
2985 1127 3256 1192 diabolus,
3281 1130 3422 1183 sicut
3447 1129 3527 1184 leo

1889 1222 2113 1289 rugiens
2129 1222 2322 1275 circuit
2339 1235 2587 1290 quaerens
2606 1237 2762 1292 quem
2788 1222 3002 1277 devoret
3023 1220 3072 1291 (Ι
3082 1222 3196 1276 Pet.
3212 1220 3267 1292 v)
3284 1238 3298 1289 ;
3332 1221 3421 1276 cui
3434 1238 3523 1276 se-

1892 1313 2144 1368 cundum
2164 1313 2426 1384 ejusdem
2448 1314 2689 1385 apostoli
2715 1313 3196 1383 exhortationem,
3210 1330 3344 1370 cum
3365 1314 3525 1370 omni

1892 1423 1997 1462 nos
2016 1407 2324 1462 concordia
2345 1411 2404 1462 et
2422 1407 2645 1463 unitate
2664 1407 2724 1462 in
2742 1407 3079 1463 fortitudine
3092 1407 3229 1463 ﬁdei
3256 1408 3522 1464 resistere

1892 1503 2064 1572 atque
2085 1501 2316 1555 obviare
2351 1517 2584 1556 necesse
2606 1504 2711 1556 est.
2730 1502 3004 1573 Exemplo
3026 1500 3183 1555 enim
3204 1517 3407 1556 omnes
3436 1501 3521 1557 di-

1891 1594 2153 1661 dicimus,
2169 1593 2488 1649 charissimi
2500 1595 2705 1649 fratres
2722 1612 2788 1650 ac
2803 1594 2924 1663 filii,
2948 1596 3165 1666 quanta
3177 1595 3332 1650 mala
3349 1612 3527 1666 quan-

1889 1691 2062 1759 taque
2079 1688 2309 1759 ﬂagella
2328 1688 2671 1744 divisionem
2686 1688 2948 1743 Ecclesiae
2966 1688 3183 1743 fuerint
3198 1688 3519 1744 subsecuta.

112 1784 266 1837 Item
311 1782 393 1837 ad
428 1783 666 1838 Galatas
697 1784 954 1839 scribens
984 1785 1067 1839 ait
1100 1802 1112 1841 :
1155 1787 1261 1854 Qui
1302 1801 1369 1840 ea:
1402 1786 1509 1854 ﬁde
1549 1790 1698 1848 sunt,
1731 1761 1863 1839 hiB
1890 1782 2050 1836 Unde
2090 1782 2149 1835 in
2180 1782 2357 1853 ipsius
2385 1782 2806 1851 misericordia,
2839 1782 2973 1837 licet
3001 1780 3246 1852 indigni,
3278 1782 3523 1836 conﬁdi-

115 1881 249 1931 sunt
263 1877 381 1947 ﬁlii
392 1876 454 1931 A
464 1876 645 1932 brahaz
656 1877 800 1948 (Gal.
820 1878 921 1949 Ill).
939 1879 1249 1934 Providens
1261 1882 1457 1934 autem
1472 1878 1785 1949 Scriptura,

118 1970 260 2041 quia
314 1987 389 2025 ex
435 1970 556 2025 ﬁde
591 1970 869 2042 justificat
912 1975 1115 2044 gentes
1163 1974 1332 2041 Deus,
1379 1972 1789 2044 praenuntiavit

114 2064 399 2132 Abrahae,
439 2067 577 2135 quia
610 2065 991 2121 benedicentur
1013 2069 1075 2121 in
1101 2070 1151 2121 te
1175 2082 1356 2122 omnes
1377 2072 1557 2133 gentes
1574 2067 1782 2138 (Genes.

118 2157 275 2229 xxu).
318 2158 520 2229 Igitur
549 2159 645 2230 qui
679 2177 746 2214 ex
779 2160 890 2215 ﬁde
922 2164 1074 2228 sunt,
1105 2160 1527 2216 benedicentur
1555 2178 1686 2216 cum
1716 2162 1781 2215 ﬁ-

120 2251 236 2306 deli
258 2252 594 2307 Abraham.
611 2252 798 2318 Quam
814 2270 953 2325 ergo
973 2254 1399 2310 excusationem
1420 2256 1572 2327 apud
1593 2256 1785 2310 Domi-

122 2362 265 2400 num
284 2350 432 2418 post
448 2350 796 2417 praesentem
821 2348 1273 2404 satisfactionem
1295 2353 1553 2405 nostram
1571 2349 1785 2405 habere

121 2439 371 2495 ulterius
411 2441 678 2512 potestis,
706 2441 938 2513 quando
975 2443 1131 2497 nulla
1156 2443 1318 2498 vobis
1331 2444 1402 2499 de
1424 2443 1785 2499 ﬁdeinostraa

122 2532 470 2589 sinceritate
490 2534 808 2606 etpuritate
822 2536 1110 2591 contraria
1130 2537 1375 2609 suspicio
1400 2537 1732 2593 remanebit
1756 2536 1784 2591 ?

123 2628 336 2685 Audite
352 2632 708 2701 potestatem
723 2633 779 2685 et
792 2634 1261 2687 commonentem
1276 2632 1544 2687 eumdem
1559 2634 1784 2703 aposto-

124 2722 283 2777 lum:
318 2724 510 2781 Nolite
538 2724 743 2789 seduci,
777 2731 1129 2797 corrumpunt
1142 2742 1313 2782 mores
1341 2727 1500 2783 bonos
1516 2727 1785 2796 colloquia

126 2818 276 2872 mala
300 2817 351 2887 (Ι
369 2817 498 2874 Cor.
520 2817 630 2890 xv).
644 2819 766 2874 Non
785 2836 924 2891 ergo
946 2820 1462 2876 circumveniamur
1481 2839 1514 2876 a
1545 2820 1779 2889 Satana,

128 2926 248 2965 non
277 2911 449 2967 enim
482 2910 821 2985 ignoramus
850 2914 1264 2986 cogitationem
1294 2915 1439 2987 ejus.
1472 2915 1616 2971 Cum
1646 2914 1783 2969 dile-

130 3004 321 3060 ctione
341 3023 490 3079 ergo
518 3007 778 3063 fraterna
803 3010 860 3062 et
886 3007 1212 3063 humilitate
1230 3010 1348 3064 Deo
1363 3008 1597 3081 placita,
1617 3007 1663 3062 si
1682 3025 1777 3063 cu-

126 3098 218 3169 jus
238 3099 397 3155 forte
419 3100 601 3156 animi
623 3101 995 3157 scandalizari
1014 3102 1284 3158 videntur
1301 3103 1361 3158 in
1407 3103 1623 3175 aliquo,
1650 3118 1778 3157 ma-

136 3210 277 3248 nens
290 3194 351 3249 in
371 3194 616 3250 unitatis
630 3195 928 3263 charitate,
944 3196 1244 3269 perquirat
1258 3190 1432 3269 atque
1446 3197 1776 3268 cognoscat.

131 3285 272 3342 Nam
306 3288 462 3345 sicut
478 3290 681 3345 beatus
700 3291 943 3347 Jacobus
969 3292 1263 3362 apostolus
1283 3291 1395 3346 ait:
1434 3292 1539 3347 Ubi
1560 3292 1704 3346 zelus
1731 3295 1781 3345 et

135 3386 426 3448 contentio,
481 3385 561 3439 ibi
597 3389 647 3440 et
680 3387 1049 3440 inconstantia
1086 3389 1137 3440 et
1175 3401 1326 3441 omne
1371 3401 1504 3456 opus
1542 3399 1780 3455 pravum

136 3474 271 3546 (Jac.
306 3477 428 3549 Ill);
466 3481 523 3533 et
538 3478 747 3533 iterum
780 3480 992 3534 Doctor
1021 3480 1319 3551 gentium:
1349 3480 1477 3546 Quis
1500 3494 1592 3534 vos
1617 3480 1781 3549 impe-

140 3567 272 3625 divit
297 3572 568 3627 charitati
591 3588 700 3627 non
730 3573 978 3628 obedire:
1002 3576 1292 3643 persuasio
1326 3574 1436 3628 haec
1461 3588 1568 3629 non
1593 3578 1672 3630 est
1704 3588 1780 3633 ex

138 3677 192 3716 eo
219 3666 315 3733 qui
336 3668 558 3721 vocavit
574 3681 668 3721 vos
690 3685 706 3721 :
730 3667 1000 3721 modicum
1019 3669 1347 3736 fermentum
1362 3671 1529 3724 totam
1544 3686 1777 3729 massam

142 3761 437 3829 corrumpit
474 3759 619 3831 (Gal.
650 3759 736 3831 v);
772 3764 831 3814 et
861 3760 996 3815 alibi
1021 3777 1033 3815 :
1068 3763 1182 3830 Ego
1213 3762 1419 3832 conﬁdo
1444 3765 1504 3817 in
1530 3767 1773 3832 Domino,

140 3853 277 3919 quod
301 3854 450 3907 nihil
465 3854 627 3908 aliud
640 3856 906 3924 sapiatis;
933 3856 1031 3925 qui
1041 3859 1221 3910 autem
1246 3857 1774 3931 conturbatvospor-

144 3945 274 4001 tabit
291 3947 577 4016 judicium
603 3951 926 4019 quicumque
946 3952 1026 4004 est
1043 3950 1136 4003 ille
1165 3948 1374 4022 (Ibid);
1409 3953 1465 4005 et
1495 3951 1553 4005 in
1586 3953 1777 4010 subse-

143 4041 337 4109 quenti
368 4042 487 4097 ait:
524 4044 745 4097 Utinam
773 4042 1171 4098 abscinduntur
1195 4045 1293 4113 qui
1319 4059 1412 4099 vos
1450 4047 1775 4104 conturbant

145 4130 352 4206 (Ibid)!
384 4136 459 4191 Et
485 4152 714 4190 rursum
744 4135 1067 4191 admonens
1095 4136 1266 4193 dicit:
1297 4137 1452 4204 Quod
1476 4141 1526 4194 si
1547 4142 1775 4198 invicem

144 4228 413 4294 mordetis,
430 4234 479 4286 et
499 4231 794 4294 comeditis,
806 4231 982 4286 videte
992 4247 1058 4285 ne
1069 4232 1374 4301 abinvicem
1384 4237 1779 4291 consumamini

150 4318 346 4394 (Ibid);
364 4327 425 4378 et
444 4322 678 4379 iterum:
702 4324 763 4380 Si
778 4326 977 4396 spiritu
990 4327 1242 4389 vivimus,
1262 4328 1465 4396 spiritu
1479 4333 1529 4383 et
1539 4330 1775 4386 ambule-

150 4429 292 4482 mus;
321 4433 431 4472 non
455 4421 759 4489 efﬁciamur
778 4421 964 4474 inanis
978 4420 1167 4487 gloria
1184 4421 1391 4491 cupidi,
1413 4424 1635 4478 invicem
1653 4440 1775 4494 pro-

1885 1892 2036 1944 mus,
2069 1875 2204 1947 quia
2233 1875 2281 1930 si
2313 1876 2621 1931 Ecclesiam
2651 1892 2817 1930 suam
2848 1875 3105 1930 adunare
3126 1880 3299 1946 atque
3326 1876 3524 1947 paciﬁ-

1886 1987 2017 2025 care
2057 1969 2422 2037 concesserit,
2457 1969 2656 2025 omnia
2693 1986 2729 2024 a
2775 1968 2942 2024 nobis
2983 1985 3111 2039 quae
3154 1986 3260 2040 pro
3302 1968 3524 2024 delictis

1885 2063 2095 2118 nostris
2144 2063 2496 2135 suscepimus
2543 2058 2810 2134 ﬂagella,‘
2848 2061 3089 2117 celerius
3127 2066 3519 2131 removentur,

1885 2160 1944 2211 et
1986 2157 2176 2212 unitas
2221 2173 2286 2211 ac
2326 2156 2568 2212 firmitas
2610 2156 2766 2228 pacis
2810 2155 3074 2210 Ecclesiaa
3117 2171 3322 2227 pacem
3355 2156 3522 2211 nobis

1885 2256 1943 2307 et
1968 2253 2353 2323 temporalem
2386 2250 2610 2306 obtinet
2637 2254 2697 2305 et
2723 2253 3020 2305 aeternam.

1954 2345 2381 2401 Tantummodo
2399 2361 2694 2417 rogamus,
2720 2347 2777 2398 et
2799 2344 3185 2413 obsecramus,
3222 2347 3280 2399 et
3306 2360 3411 2415 per
3429 2343 3516 2400 di-

1882 2440 2081 2495 vinum
2098 2456 2198 2495 vos
2222 2438 2706 2510 tremendumque
2725 2437 2823 2493 Dei
2837 2437 3119 2508 judicium
3139 2438 3514 2510 obtestamur,

1886 2534 1979 2588 ubi
1993 2532 2099 2587 sibi
2116 2534 2304 2587 nullus
2326 2531 2633 2587 hominum
2648 2530 2861 2602 poterit
2875 2530 3231 2602 argumentis
3244 2533 3331 2586 vel
3350 2549 3514 2588 excu-

1883 2626 2198 2682 sationibus
2223 2626 2558 2692 subvenire;
2588 2642 2659 2679 ne
2680 2624 2919 2679 ulterius
2938 2641 3043 2695 per
3060 2641 3161 2679 vos
3174 2625 3278 2679 Dei
3296 2625 3517 2682 divida-

1882 2725 1976 2775 tur
1993 2719 2388 2789 Ecclesia,-sed
2399 2719 2801 2773 haereditatem
2818 2718 3052 2773 Domini
3069 2719 3371 2774 communi
3390 2737 3518 2792 pos-

1881 2814 2169 2869 sideamus
2206 2816 2265 2869 et
2294 2817 2599 2868 teneamus
2629 2811 2838 2867 studio.
2874 2812 3011 2877 Quae
3041 2816 3236 2867 autem
3281 2814 3355 2868 sit
3393 2815 3517 2886 ejus

1881 2908 2208 2978 haereditas,
2244 2906 2422 2979 ipsius
2440 2905 2616 2961 verba
2637 2922 2764 2977 quia
2783 2904 2858 2960 ad
2880 2905 3189 2977 discipulos
3210 2907 3362 2963 dicta
3382 2912 3515 2963 sunt

1880 3002 2217 3057 audiamus:
2250 3004 2440 3057 Pacem
2462 3016 2638 3056 meam
2661 3000 2730 3054 do
2748 3000 2920 3064 vobis,
2933 3016 3126 3070 pacem
3146 3017 3320 3057 meam
3342 3003 3511 3058 relin-

1880 3111 1986 3167 quo
2010 3096 2160 3150 vobis
2190 3092 2527 3167 (Joan.x1v);
2562 3095 2621 3148 et
2649 3092 2860 3148 iterum
2888 3109 2902 3147 :
2956 3094 3026 3148 In
3059 3095 3156 3149 hoc
3198 3102 3514 3164 cognoscent

1879 3205 2057 3247 omnes
2075 3192 2208 3260 quia
2226 3190 2331 3244 mei
2357 3191 2484 3244 estis
2507 3187 2785 3257 discipuli,
2817 3189 2867 3241 si
2885 3187 3225 3244 dilectionem
3252 3190 3506 3246 habueri-

1879 3288 1950 3341 tis
1989 3285 2065 3339 ad
2098 3285 2325 3339 invicem
2371 3281 2548 3355 (Joan.
2586 3281 2724 3352 xm).
2753 3281 3003 3351 Idipsum
3028 3286 3229 3347 autem,
3260 3282 3404 3338 sicut
3430 3282 3511 3339 ait

1878 3380 1987 3433 Vas
2017 3377 2332 3440 electionis,
2360 3377 2606 3431 dicamus
2636 3390 2837 3439 omnes,
2881 3380 2930 3430 et
2970 3390 3080 3431 non
3109 3378 3220 3431 sint
3259 3378 3321 3431 in
3358 3378 3508 3433 vobis

1877 3473 2186 3540 schismata,
2218 3474 2386 3526 simus
2412 3475 2589 3525 autem
2613 3470 2848 3539 perfecti
2868 3471 2929 3523 in
2953 3470 3135 3524 eodem
3160 3485 3323 3525 sensu
3367 3476 3417 3526 et
3448 3473 3510 3528 in

1877 3566 2063 3621 eadem
2088 3567 2316 3621 scientia
2335 3564 2385 3635 (Ι
2411 3563 2529 3619 Cor.
2554 3563 2615 3634 ι),
2637 3566 2693 3617 ut
2716 3562 2777 3617 in
2807 3562 3000 3617 sinum
3018 3562 3221 3617 matris
3245 3564 3509 3620 Ecclesia:

1876 3658 2214 3731 congregati
2244 3657 2565 3712 efﬁciamur
2595 3673 2742 3710 unus
2781 3671 2939 3726 grex,
2992 3658 3051 3709 et
3094 3655 3263 3710 unius
3298 3654 3508 3713 Christi

1875 3753 2121 3825 pastoris
2149 3750 2409 3807 custodia
2440 3750 2511 3804 ab
2543 3748 2812 3804 omnibus
2851 3746 3100 3803 externis
3144 3747 3505 3821 internisque

1874 3846 2054 3903 hostis
2074 3845 2297 3900 insidiis
2317 3844 2441 3915 ejus
2461 3841 2819 3915 protectione
2840 3845 3014 3913 atque
3029 3841 3366 3897 defensione
3390 3860 3506 3899 sero

1875 3957 2076 3996 vemur
2104 3939 2287 3995 illaesi.
2311 3940 2441 3993 Haec
2458 3939 2657 3992 autem
2689 3935 2762 3990 ad
2791 3952 2890 3990 vos
2919 3934 3231 3990 direximus
3262 3953 3366 4009 per
3394 3936 3505 3993 fra-

1873 4039 2025 4090 trem
2046 4038 2106 4090 et
2124 4033 2530 4104 coepiscopum
2547 4033 2810 4086 nostrum
2824 4029 3212 4101 Redemptum
3238 4034 3297 4085 et
3319 4030 3507 4096 Quod-

1871 4129 2169 4184 vultdeum
2180 4128 2452 4182 abbatem
2474 4123 2812 4180 monasterii
2825 4123 3063 4194 majoris
3078 4123 3330 4179 basilicae
3347 4124 3507 4182 beati

1871 4223 2024 4279 Petri
2044 4221 2309 4294 apostoli,
2328 4237 2471 4292 quos
2490 4221 2679 4275 vestra
2698 4217 2927 4273 dilectio
2950 4220 3009 4272 et
3027 4219 3369 4290 complacita
3387 4220 3503 4276 Deo

1872 4317 2152 4374 charitate
2190 4315 2480 4386 suscipiat,
2525 4316 2584 4368 et
2625 4312 2700 4368 ad
2740 4329 2846 4368 nos
2877 4328 3008 4367 cum
3039 4312 3274 4367 unitatis
3302 4317 3506 4369 vestrm

1875 4411 2085 4484 gaudio
2101 4410 2223 4465 sine
2244 4426 2412 4466 mora
2430 4406 2638 4464 reverti
2660 4406 2917 4461 dimittat
2939 4423 2952 4460 :
2982 4410 3267 4477 quatenus
3286 4423 3503 4478 cogno-

151 4514 410 4574 vocantes,
431 4510 1852 4587 inviceminvidentes.Alteraltariusoneraporte-D
1875 4509 2099 4561 δοθηῑθδ
2141 4503 2512 4559 dilectionem
2559 4504 2734 4572 atque
2778 4498 3170 4555 Obedienﬁam
3208 4496 3503 4556 θδετίίθίίε

151 4615 280 4665 mus,
294 4608 343 4685 et
367 4604 445 4660 sic
472 4606 889 4676 adimplebimus
904 4607 1070 4675 legem
1093 4608 1295 4665 Christi
1315 4606 1528 4681 (Ibid);
1552 4612 1610 4664 et
1635 4612 1773 4666 alibi

1871 4604 2095 4665 vestrm,
2129 4613 2260 4653 cum
2292 4596 2504 4651 sanctis
2534 4593 2756 4665 angelis
2786 4591 3174 4648 communiter
3200 4594 3373 4663 atque
3402 4606 3501 4648 νε·

154 4691 297 4750 idem
335 4699 628 4770 apostolus
658 4699 737 4755 ait
769 4717 781 4754 ε
814 4701 987 4756 Flecto
1020 4716 1201 4768 genua
1230 4717 1349 4755 mea
1379 4702 1454 4756 ad
1484 4706 1770 4760 Dominum
1869 4693 2079 4748 raciter
2108 4690 2300 4745 dicere
2334 4703 2702 4744 mereamur:
2737 4686 2925 4742 Gloria
2968 4687 3029 4740 in
3057 4685 3335 4741 altissimis
3372 4689 3500 4758 Βεο,

153 4783 349 4845 Patrem
368 4795 582 4848 Domini
607 4795 783 4848 nostri
803 4797 930 4849 Iesu
960 4795 1179 4857 Christi,
1195 4810 1263 4849 ea:
1280 4812 1383 4866 quo
1404 4799 1576 4852 omnis
1583 4804 1771 4869 pater-

154 4879 285 4937 nitas
298 4886 355 4939 in
382 4887 527 4941 ccelis
554 4892 604 4942 et
628 4889 689 4940 in
716 4891 861 4943 terra
882 4889 1215 4955 nominatur,
1231 4894 1293 4943 ut
1309 4890 1398 4945 det
1412 4891 1561 4946 vobis
1586 4908 1769 4948 secun-

157 4972 269 5029 dum
287 4976 509 5035 divitias
532 4982 721 5049 gloriae
745 4997 859 5035 sua:
878 4984 1152 5046 virtutem,
1177 4983 1515 5039 corroborari
1530 5002 1636 5056 per
1650 4987 1770 5056 Spi-

156 5068 305 5124 ritum
332 5074 447 5143 ejus
474 5076 535 5129 in
574 5075 884 5131 interiorem
903 5076 1190 5139 hominem,
1210 5077 1458 5133 habitare
1489 5078 1765 5135 Christum

152 5173 241 5227 per
263 5167 417 5234 ﬁdem
443 5170 504 5223 in
544 5169 796 5224 cordibus
824 5172 1047 5233 vestris,
1078 5172 1138 5225 in
1164 5172 1429 5227 charitate
1455 5174 1697 5229 radicati
1720 5179 1771 5229 et

158 5254 381 5324 fundati,
404 5267 464 5316 ut
486 5264 711 5333 possitis
737 5264 1180 5334 comprehendere
1205 5280 1326 5320 cum
1351 5267 1601 5323 omnibus
1617 5282 1772 5322 sanc-

1869 4793 1920 4842 et
1945 4789 2004 4841 in
2024 4790 2173 4841 terra
2188 4799 2311 4868 pag:
2335 4782 2638 4838 hominibus
2668 4780 2818 4835 bona.0
2840 4779 3139 4835 voluntatis
3171 4779 3320 4853 (Luc.
3346 4779 3428 4853 ιι).

2290 4896 2623 4954 EPISTOLA
2651 4896 2720 4951 1v
2766 4893 2933 4968 [Olim
2966 4895 3073 4970 VI]

2099 5009 2219 5060 ρυλε
2248 5008 2345 5049 EST
2374 5006 2614 5047 SECUNDA
2642 5007 2711 5046 AD
2742 5004 3037 5047 EPISCOPOS
3065 5002 3276 5048 ISTRLE.

1870 5087 2258 5149 Dilectissimis
2287 5084 2568 5157 fratribus
2586 5084 2722 5138 Elia:
2751 5084 2840 5157 vel
2873 5083 2997 5139 aliis
3027 5082 3305 5157 episcopis
3324 5085 3501 5141 Istriaa

2378 5155 2643 5227 Pelagius
2672 5155 2991 5227 episcopus.

1941 5254 2479 5314 Dilectionisvestrss
2490 5266 2595 5321 per
2605 5265 2704 5304 eos
2716 5265 2860 5320 quos
2871 5247 3152 5303 direxistis
3167 5245 3378 5320 scripta
3388 5264 3506 5305 sus-

157 5348 218 5401 tis
255 5350 458 5423 (Ephes.
494 5356 595 5428 ιιι).
631 5357 698 5411 Et
727 5359 860 5429 post
896 5357 1044 5412 alia:
1071 5358 1295 5416 Obsecro
1334 5362 1523 5431 itaque
1556 5376 1650 5415 vos
1675 5377 1768 5429 ego
1869 5352 2145 5425 cepimus,
2168 5347 2508 5418 relectisque
2522 5343 2611 5398 his
2624 5340 2782 5415 gravi
2809 5356 3263 5396 sumusmosrore
3278 5340 3504 5398 etdolo-

157 5443 344 5500 vinctus
384 5452 444 5503 in
482 5452 722 5514 Domino,
767 5456 829 5506 ut
869 5452 1032 5519 digne
1071 5453 1355 5509 ambuletis
1402 5456 1459 5508 in
1493 5456 1770 5509 vocatione
1869 5465 1932 5503 re
1950 5443 2373 5519 perculsizcum
2400 5456 2589 5511 neque
2604 5437 2694 5493 his
2717 5452 2844 5508 quae
2862 5451 2966 5489 nos
2992 5434 3150 5490 vobis
3173 5434 3501 5506 scripsimus

160 5546 255 5600 qua
277 5545 444 5597 vocati
467 5546 615 5607 estis,
630 5559 750 5599 cum
777 5547 924 5599 omni
933 5546 1237 5601 humilitate
1254 5552 1304 5602 et
1325 5547 1767 5611 mansuetudine,

160 5640 265 5683 cum
317 5638 588 5704 patientia
634 5642 1017 5708 supportantes
1072 5640 1301 5695 invicem
1350 5643 1413 5695 in
1464 5642 1767 5703 charitate,

162 5720 356 5783 solliciti
398 5745 611 5785 servare
646 5732 929 5787 unitatem
960 5733 1189 5803 spiritus
1225 5736 1287 5789 in
1333 5735 1552 5790 vinculo
1588 5737 1766 5805 pacis.

1866 5537 2268 5613 respondistis,
2302 5551 2512 5606 neque,
2544 5536 2609 5587 ut
2628 5534 2945 5587 fraternam
2964 5527 3233 5584 decuerat
3251 5528 3499 5585 charita-

1869 5640 2009 5703 tem,
2029 5632 2167 5689 ﬁdei
2192 5634 2405 5687 nostra:
2422 5625 2811 5683 satisfactione
2829 5625 3095 5694 suscepta
3115 5622 3195 5703 ad
3215 5622 3499 5678 unitatem

1869 5727 2129 5784 Ecclesia
2148 5721 2475 5781 revertendi
2506 5716 2896 5777 obedientiam
2917 5715 3359 5782 commodastis;
3392 5730 3500 5785 po-

167 5810 320 5875 Πηωπ
348 5838 539 5893 corpus
568 5828 622 5879 et
653 5840 799 5880 unus
842 5827 1093 5895 spiritus,
1135 5829 1275 5883 sicut
1312 5830 1492 5883 vocati
1539 5829 1668 5883 estis
1712 5828 1772 5882 in
1869 5827 2086 5879 stremo
2122 5836 2229 5875 nec
2245 5834 2344 5873 eos
2369 5817 2538 5872 aliter
2558 5813 2655 5886 qui
2669 5813 2956 5869 venerunt
2981 5808 3231 5879 dirigere
3261 5807 3498 5880 pertuli-
