4016 6240
505 256 598 315 7H

1872 246 1973 311 ῬΕ
2000 254 2182 313 LAGII
2214 254 2408 312 ΡΑΡᾸΞ
2442 256 2490 312 ΙΙ

3808 255 3913 308 712

506 365 693 434 stis,ut
711 363 1674 438 apertissimamlucidissimamque
1689 361 2141 418 satisfactionem
2165 377 2225 450 Α
2243 367 2569 433 maverunt,
2600 362 2707 418 nisi
2735 366 2797 418 ut
2827 363 3318 420 inviolabilisﬁdei
3341 360 3607 419 deﬁnitio
3633 375 3905 417 servare-

507 475 567 513 se
595 463 936 531 paterentur
960 460 1252 532 accipere:
1285 458 1385 512 sed
1408 458 1619 528 scripto
1656 457 1822 511 nobis
1845 457 2010 529 quasi
2059 475 2146 512 ca-

506 552 775 623 pitulare,
809 555 897 609 vel
930 554 1301 609 interdictum
1333 551 1524 623 potius
1556 551 1955 618 ostenderunt,
2002 551 2145 605 nihil

506 645 565 699 in
565 647 832 717 junctum
850 648 958 702 sibi
978 664 1012 701 a
1031 647 1189 701 vobis
1205 646 1359 700 aliud
1372 648 1714 713 asserentes,
1732 644 1841 698 nisi
1863 648 1927 698 ut
1942 648 2147 699 vestras

516 741 925 796 tantummodo
957 742 1147 793 essent
1166 742 1490 810 portatores
1521 739 1795 808 epistola).
1830 740 1890 791 In
1924 754 2039 809 qua
2067 741 2153 793 ta-

504 850 643 888 men
671 836 889 888 nullam
914 832 1155 887 rationis
1177 832 1632 887 satisfactionem
1656 831 1925 903 quaesisse
1942 848 2043 885 vos
2068 833 2154 885 le-

507 927 680 997 gitur,
715 927 819 981 sed
848 927 1002 980 velut
1023 925 1351 997 judicatum
1385 924 1523 997 quid
1556 925 1721 979 nobis
1766 925 2154 996 expressisset,

516 1020 672 1091 quod
702 1036 875 1091 quam
906 1036 1147 1091 pravum
1178 1019 1268 1086 sit,
1290 1036 1465 1091 quam
1485 1019 1785 1090 injustum,
1804 1020 2156 1090 Patrumque

512 1113 725 1183 regulis
742 1113 1067 1181 inimicum,
1087 1114 1135 1167 si
1163 1114 1459 1168 volueritis
1488 1113 1564 1167 ad
1593 1113 1989 1184 cognitionem
2008 1113 2153 1167 veri-

506 1206 646 1260 tatis
664 1207 959 1275 accedere,
982 1207 1447 1278 splendidissime
1466 1224 1599 1262 cum
1618 1206 1809 1261 divino
1831 1206 2038 1261 auxilio
2052 1223 2153 1278 po-

502 1300 661 1354 testis
692 1300 1009 1355 addiscere.
1056 1301 1219 1356 Unde
1252 1318 1356 1356 nos
1392 1318 1526 1355 cum
1562 1301 1848 1372 propheta
1872 1301 2151 1371 lacryma-

499 1395 695 1449 biliter
740 1394 1010 1449 convenit
1039 1397 1390 1450 exclamare:
1444 1395 1717 1463 Obmutui,
1748 1398 1799 1450 et
1818 1394 2139 1449 humiliatus

496 1504 638 1552 sum,
672 1494 722 1544 et
744 1490 877 1543 silui
900 1505 934 1542 α
962 1490 1135 1551 bonis,
1164 1494 1215 1544 et
1246 1490 1400 1545 dolor
1420 1490 1600 1543 cordis
1622 1491 1726 1543 mei
1753 1492 2043 1543 renovatus
2062 1492 2137 1543 est

500 1582 670 1655 (Psal.
705 1582 949 1654 xxxvm).
1000 1583 1326 1637 Renovatus
1382 1585 1468 1637 est
1523 1582 1687 1637 dolor
1718 1581 1907 1636 cordis
1938 1581 2139 1648 nostri,

501 1677 735 1749 quando
756 1677 1043 1730 diuturnae
1060 1676 1352 1730 divisionis
1364 1676 1699 1731 scandalum
1719 1676 1958 1730 minime
1978 1677 2141 1730 tanto

2255 462 2368 513 tur.
2393 460 2535 513 Nam
2554 458 2628 513 ad
2641 458 2907 514 eamdem
2929 459 3217 531 synodum
3235 457 3711 514 conﬁrmandam
3723 456 3911 511 beatae

2255 552 2673 607 recordationis
2689 552 3294 624 praedecessornoster
3312 569 3465 624 papa
3480 553 3598 607 Leo
3622 550 3910 617 scribens,

2257 646 2408 700 inter
2432 646 2544 700 alia
2565 646 2643 701 sic
2664 647 2775 702 ait:
2807 666 2835 700 α
2856 649 2935 702 Ne
2959 664 3098 719 ergo
3120 664 3224 719 per
3244 646 3531 718 malignos
3552 645 3912 715 interpretes

2259 739 2572 795 dubitabile
2598 739 2880 809 videatur,
2912 745 3105 796 utrum
3119 757 3246 813 qua:
3264 741 3323 795 in
3345 740 3569 811 synodo
3592 737 3913 794 Chalcedo-

2257 833 2421 887 nensi
2443 851 2546 905 per
2567 834 3014 890 unanimitatem
3032 838 3285 890 vestram
3304 834 3373 889 de
3394 834 3509 889 ﬁde
3533 834 3759 889 statuta
3778 836 3914 885 sunt

2258 928 2647 999 approbarim,
2679 928 2802 982 haec
2830 928 2903 983 ad
2940 946 3142 984 omnes
3181 930 3387 984 fratres
3429 932 3487 983 et
3527 926 3913 998 coepiscopos

2258 1025 2504 1089 nostros,
2535 1021 2631 1092 qui
2657 1021 2932 1093 praedicto
2961 1022 3204 1078 concilio
3230 1022 3646 1088 interfuerunt,
3693 1019 3916 1090 scripta

2258 1114 2457 1183 direxi,
2493 1133 2621 1186 quas
2648 1116 3092 1187 gloriosissimus
3116 1120 3174 1170 et
3211 1115 3701 1171 clementissimus
3746 1114 3911 1184 prin-

2257 1225 2409 1280 ceps,
2437 1209 2582 1264 sicut
2596 1209 2851 1280 poposci,
2874 1209 2933 1264 in
2961 1210 3231 1265 notitiam
3261 1212 3509 1264 vestram
3532 1208 3777 1262 mittere
3801 1224 3909 1277 pro

2257 1302 2553 1357 catholicae
2603 1303 2737 1357 ﬁdei
2790 1319 2990 1358 amore
3042 1303 3410 1374 dignabitur;
3457 1304 3520 1355 ut
3550 1305 3610 1355 et
3641 1301 3911 1355 fraterna

2257 1395 2596 1450 universitas
2626 1400 2683 1451 et
2720 1397 2985 1451 omnium
3014 1396 3277 1451 ﬁdelium
3307 1396 3483 1451 corda
3513 1397 3906 1466 cognoscunt,

2257 1505 2350 1543 me
2384 1506 2500 1545 non
2531 1491 2715 1545 solum
2746 1506 2850 1560 per
2879 1491 3088 1545 fratres
3121 1490 3217 1561 qui
3259 1490 3440 1544 vicem
3488 1505 3691 1543 meam
3744 1504 3909 1542 exse-

2257 1584 2370 1638 cuti
2398 1587 2547 1651 sunt,
2581 1583 2683 1637 sed
2708 1583 2885 1638 etiam
2916 1600 3022 1655 per
3049 1583 3455 1656 probationem
3476 1584 3782 1653 gestorum
3814 1598 3907 1651 sy-

2258 1677 2578 1743 nodalium,
2599 1677 2893 1748 propriam
2914 1677 3208 1733 vobiscum
3230 1677 3484 1731 munisse
3509 1676 3906 1731 sententiam:

498 1770 636 1825 ﬁdei
658 1772 883 1841 fulgore
904 1773 1225 1841 superatur,
1257 1770 1504 1824 maxime
1522 1770 1656 1841 quia
1688 1785 1997 1840 pravorum
2030 1768 2135 1822 ho-
2162 1753 2217 1826 Β
2241 1773 2305 1828 in
2333 1771 2454 1825 sola
2475 1770 2744 1826 videlicet
2763 1770 2897 1824 ﬁdei
2929 1788 3100 1825 causa
3155 1770 3331 1842 (quod
3360 1787 3512 1842 saepe
3564 1769 3911 1835 dicendum)

499 1865 728 1918 minum
758 1863 1129 1935 persuasione
1163 1864 1408 1935 decepti,
1450 1863 1660 1935 scripta
1698 1862 1864 1918 nobis
1906 1861 2140 1916 diversi!

499 1958 715 2013 infecta
742 1958 1023 2028 contagiis
1051 1957 1336 2012 direxistis
1360 1975 1373 2012 :
1410 1961 1469 2012 et
1494 1956 1651 2028 quod
1679 1956 1736 2010 in
1757 1955 2014 2027 epistolis
2040 1956 2143 2009 Pa-

514 2054 667 2106 trum
705 2052 971 2123 quzedam
1022 2051 1354 2106 testimonia
1406 2067 1525 2106 non
1580 2050 1901 2121 incongrua
1942 2050 2151 2118 solum,

516 2146 619 2201 sed
648 2162 755 2201 nec
786 2146 861 2200 ad
891 2163 1123 2201 causam
1153 2144 1508 2217 pertinentia
1534 2143 1802 2199 tentastis
1852 2143 2110 2199 inserere
2136 2185 2150 2211 ,

512 2240 595 2295 ita
620 2243 684 2294 ut
713 2256 820 2294 nec
853 2239 1117 2295 ordinem
1146 2239 1632 2307 testimoniorum,
1668 2237 1768 2310 qui
1787 2237 1848 2292 in
1868 2237 2008 2309 ipsis
2039 2237 2153 2308 epi-

500 2333 668 2389 stolis
696 2336 952 2401 Patrum,
987 2333 1310 2401 servaretis,
1347 2333 1560 2404 quippe
1592 2336 1654 2387 ut
1685 2332 1841 2403 quod
1874 2331 2153 2402 scriptum

510 2428 748 2483 nomine
782 2428 1017 2482 alterius
1048 2427 1255 2494 fuerat,
1290 2426 1524 2480 alterius
1544 2425 1796 2480 nominis
1821 2425 1987 2480 titulo
2016 2441 2147 2495 pro-

509 2524 784 2575 meretur.
808 2523 870 2575 ln
894 2538 1007 2591 quo
1035 2520 1333 2574 evidenter
1355 2519 1571 2574 dictum
1592 2517 1751 2574 vobis
1771 2518 2149 2589 apostolicum

509 2618 735 2669 constat
774 2613 995 2685 aptari:
1046 2616 1348 2672 Nescientes
1396 2630 1566 2683 neque
1612 2614 1677 2667 de
1726 2613 1921 2683 quibus
1975 2612 2151 2667 dicent

509 2724 682 2778 neque
707 2709 772 2763 de
801 2708 998 2778 quibus
1025 2710 1308 2778 afﬁrmant
1335 2706 1381 2779 (1
1415 2709 1551 2762 Tim.
1586 2706 1646 2778 ι).

580 2802 747 2866 Quod
777 2801 1013 2873 quidem
1044 2817 1161 2855 non
1192 2805 1396 2855 vestrce
1438 2799 1676 2855 malitia:
1721 2800 1808 2854 vel
1853 2799 2147 2855 calliditati

508 2896 797 2952 credimus
827 2894 1257 2964 ascribendum,
1282 2894 1383 2949 sed
1398 2911 1623 2949 veneno
1642 2893 1821 2949 hostis
1850 2893 2148 2966 malignis-

510 2990 640 3046 simi
669 2989 1048 3063 perspicimus
1078 2988 1447 3061 exquisitum,
1481 2988 1581 3060 qui
1609 2987 1827 3043 zizania
1860 2988 2146 3043 seminare

499 3100 605 3159 per
632 3102 767 3141 vasa
795 3084 897 3140 ira:
919 3101 1100 3156 usque
1127 3084 1187 3137 in
1216 3084 1395 3138 ﬁnem
1421 3082 1632 3151 saeculi,
1667 3082 1727 3137 in
1752 3080 1853 3137 Dei
1880 3082 2130 3137 Ecclesia

500 3198 618 3237 non
665 3178 924 3251 quiescit.
966 3179 1045 3232 Ex
1091 3194 1204 3249 quo
1252 3176 1653 3248 intelligimus,
1702 3176 2131 3230 fraternitatem

496 3278 750 3329 vestram
781 3272 1072 3344 epistolas,
1107 3271 1177 3325 de
1226 3269 1432 3341 quibus
1472 3269 1741 3341 posuistis
1784 3269 2135 3335 testimonia,

501 3384 619 3422 non
644 3366 884 3438 legisse;
915 3380 1104 3436 neque
1138 3362 1296 3417 enim
1328 3362 1374 3418 si
1404 3362 1563 3418 vobis
1612 3378 1818 3417 eorum
1858 3361 2139 3433 scriptura

498 3463 808 3528 constaret,
828 3459 925 3514 illa
942 3474 1070 3531 quae
1091 3456 1451 3529 apertissime
1468 3473 1572 3528 pro
1584 3455 1723 3511 ﬁdei
1736 3454 2136 3511 tantummodo

498 3571 671 3612 causa
692 3556 825 3609 sunt
843 3552 1051 3624 posita,
1069 3550 1193 3606 aliis
1219 3566 1540 3623 congruere
1560 3550 1878 3622 ﬁngeretis,
1901 3552 2139 3621 propter

498 3649 656 3723 quod
683 3648 754 3704 ab
772 3663 967 3702 errore
990 3645 1305 3714 divisionis,
1324 3645 1384 3699 in
1406 3661 1579 3717 quem
1591 3644 1749 3699 falsis
1771 3643 2137 3715 opinionibus

497 3742 796 3811 incidistis,
837 3742 1042 3797 hortor
1072 3743 1132 3795 et
1162 3742 1297 3811 opto
1331 3755 1432 3794 vos
1472 3738 1714 3794 celerius
1756 3737 2032 3807 revocari,
2080 3740 2139 3791 et

495 3858 607 3900 non
628 3842 795 3916 (sicut
809 3840 1085 3912 scriptum
1112 3838 1217 3910 est)
1229 3839 1430 3908 jugum
1450 3853 1572 3893 cum
1596 3837 1906 3908 inﬁdelibus
1944 3835 2138 3890 duce-re

497 3940 575 4011 (II
600 3937 719 3993 Cor.
741 3934 958 4007 vI),sed
988 3933 1069 3988 illi
1098 3932 1312 3987 iterum
1327 3932 1470 4004 jugo
1492 3933 1796 3987 mansueta
1825 3930 1973 3985 colla
2002 3928 2135 3984 sub-

496 4031 750 4098 mittere,
784 4029 856 4083 de
887 4044 1000 4100 quo
1050 4026 1174 4098 ipse
1211 4027 1486 4083 Dominus
1542 4025 1682 4080 dicit
1713 4042 1726 4081 :
1757 4028 1957 4093 Jugum
1994 4025 2136 4079 enim

497 4140 675 4180 meum
707 4137 873 4178 suave
907 4126 1006 4184 est,
1046 4124 1098 4175 et
1137 4136 1273 4175 onus
1302 4136 1477 4175 meum
1511 4121 1620 4175 leve
1654 4123 1732 4174 est
1766 4118 1981 4189 (Matth.
2018 4118 2130 4186 x1);

500 4216 657 4291 quod
688 4217 846 4271 nullo
877 4214 1053 4270 modo
1075 4214 1289 4286 poterit
1316 4213 1441 4284 quis
1472 4214 1561 4267 vel
1587 4214 1740 4267 ferre
1766 4212 1855 4266 vel
1888 4211 2130 4275 discere,

497 4311 609 4369 nisi
627 4310 819 4366 eidem
839 4309 983 4381 jugo
1005 4307 1298 4363 charitatis
1325 4307 1566 4362 vinculis
1591 4305 2131 4376 fueritsubjugatus,

495 4406 606 4480 ipsi
643 4403 810 4461 oneri
846 4419 951 4475 per
984 4401 1355 4457 dilectionem
1400 4400 1613 4472 quippe
1647 4403 1710 4454 ut
1742 4398 1979 4471 spiritali
2012 4415 2129 4454 sar-

2160 3127 2215 3203 C

2258 1867 2490 1936 propter
2521 1880 2697 1935 quam
2729 1866 3001 1935 generale
3033 1864 3360 1932 concilium,
3401 1868 3460 1919 et
3504 1880 3573 1919 ex
3606 1867 3909 1935 praecepto

2257 1957 2878 2013 Christianissimorum
2941 1958 3290 2030 principum,
3351 1962 3409 2013 et
3473 1974 3540 2012 ex
3613 1974 3907 2012 consensu

2257 2051 2581 2123 apostolicae
2621 2052 2794 2120 sedis,
2828 2052 3045 2123 placuit
3075 2051 3438 2124 congregari.
3473 2073 3502 2102 »
3545 2050 3688 2123 [Huc
3720 2067 3908 2122 usque

2255 2145 2427 2200 verba
2457 2146 2639 2200 sancti
2671 2146 2919 2218 Leonis]

2324 2239 2438 2294 Sed
2468 2257 2539 2294 ne
2571 2240 2721 2296 forte
2751 2239 2963 2295 animis
2980 2239 3181 2294 vestris
3196 2239 3391 2311 aliqua
3412 2239 3605 2294 adhuc
3634 2238 3909 2293 videatur

2253 2332 2492 2404 quaestio
2511 2337 2610 2388 aut
2630 2333 2897 2388 dubietas
2912 2350 3237 2403 remanere,
3262 2334 3517 2405 apertius
3541 2350 3675 2405 quae
3695 2332 3774 2387 ad
3792 2333 3907 2387 Ma-

2250 2426 2472 2481 ximum
2514 2427 2889 2483 Antiochense
2930 2428 3193 2482 Ecclesiae
3234 2426 3556 2482 antistitem
3599 2426 3904 2497 scripserit

2250 2521 2469 2592 pariter
2496 2520 2821 2576 curavimus
2850 2521 3125 2576 indicare.
3154 2523 3287 2577 Post
3314 2521 3568 2593 plurima
3596 2520 3799 2592 itaque
3824 2519 3904 2574 sic

2251 2614 2363 2669 ait:
2389 2636 2416 2663 «
2447 2614 2505 2669 Si
2524 2615 2665 2685 quid
2684 2615 2908 2670 saneab
2937 2615 3026 2669 his
3042 2615 3334 2683 fratribus,
3358 2632 3502 2687 quos
3524 2614 3599 2669 ad
3633 2618 3902 2669 sanctam

2251 2707 2537 2779 synodum
2556 2708 2676 2762 vice
2708 2725 2843 2763 mea
2862 2707 3012 2777 misi,
3044 2710 3255 2780 praeter
3274 2708 3333 2763 id
3362 2708 3519 2780 quod
3553 2708 3629 2763 ad
3656 2724 3901 2763 causam

2249 2800 2385 2855 ﬁdei
2412 2802 2756 2873 pertinebat,
2780 2804 3007 2873 gestum
3029 2818 3153 2856 esse
3166 2802 3525 2875 perhibetur,
3550 2801 3769 2856 nullius
3790 2802 3899 2856 erit

2248 2895 2576 2950 ﬁrmitatis:
2625 2895 2761 2967 quia
2792 2896 2867 2950 ad
2896 2896 3006 2951 hoc
3040 2899 3270 2952 tantum
3299 2895 3372 2951 ab
3404 2896 3723 2967 apostolica
3755 2896 3899 2950 sede

2249 2988 2451 3044 directi
2482 2991 2615 3043 sunt
2643 2992 2705 3043 ut
2739 2988 2936 3044 excisis
2980 2990 3316 3059 haeresibus,
3352 2990 3653 3045 catholicae
3692 2994 3894 3044 essent

2248 3082 2384 3136 ﬁdei
2430 3082 2781 3138 defensores.
2832 3082 3122 3155 Quidquid
3157 3083 3314 3138 enim
3356 3086 3568 3155 praeter
3616 3083 3899 3154 speciales

2245 3192 2443 3231 causas
2476 3177 2841 3248 synodalium
2871 3175 3249 3241 conciliorum
3280 3177 3353 3231 ad
3387 3193 3636 3232 examen
3667 3176 3894 3248 episco-

2247 3270 2375 3341 pale
2407 3269 2684 3338 defertur,
2718 3273 2908 3341 potest
2928 3270 3284 3342 dijudicandi
3305 3270 3520 3326 habere
3536 3270 3891 3337 rationem,»

2247 3366 2355 3417 etc.
2389 3364 2551 3432 Ecce,
2603 3363 2748 3418 sicut
2790 3364 3050 3436 superius
3099 3364 3317 3420 dictum
3363 3366 3468 3432 est,
3519 3364 3893 3435 cognoscitis,

2237 3456 2445 3512 fratres
2475 3457 2813 3526 charissimi,
2833 3457 2975 3512 nihil
3007 3458 3164 3513 aliud
3185 3474 3335 3530 saepe
3350 3457 3539 3513 fatum
3554 3458 3885 3529 praedeces-

2238 3566 2431 3605 sorem
2461 3553 2748 3620 nostrum,
2772 3568 2949 3623 quam
2971 3568 3040 3606 ea
3061 3568 3190 3623 quas
3220 3551 3292 3606 de
3309 3550 3446 3606 ﬁdei
3466 3550 3746 3606 ﬁrmitate
3773 3550 3883 3605 de-

2236 3644 2401 3700 ﬁnita
2429 3647 2582 3715 sunt,
2616 3646 3007 3714 conﬁrmasse,
3037 3646 3193 3718 quod
3219 3661 3370 3718 pene
3391 3644 3453 3700 in
3474 3645 3746 3700 omnibus
3765 3643 3889 3716 epi‘
3924 3636 3927 3637 ν

2238 3738 2398 3794 stolis
2426 3740 2570 3811 ejus,
2601 3738 2647 3794 si
2671 3739 2984 3808 volueritis,
2998 3739 3225 3811 plenius
3240 3738 3480 3811 potestis
3494 3755 3873 3811 cognoscere.

2236 3833 2379 3888 Nam
2396 3833 2629 3905 privatae
2650 3851 2859 3903 causae,
2889 3850 3016 3906 quae
3033 3834 3151 3889 illic
3167 3836 3296 3906 post
3316 3833 3721 3890 deﬁnitionem
3741 3833 3879 3889 ﬁdei

2237 3930 2377 3983 acta;
2407 3931 2559 3996 sunt,
2591 3945 2709 3984 non
2741 3929 2927 3984 solum
2955 3927 3199 3983 minime
3230 3927 3626 3996 (conﬁrmavit,
3679 3927 3777 3982 sed
3826 3930 3880 3982 et

2235 4022 2535 4077 retractari
2583 4025 2756 4094 atque
2798 4021 3097 4094 dijudicari
3148 4020 3446 4077 concessit.
3498 4024 3560 4075 In
3612 4021 3880 4094 encycliis

2235 4131 2370 4171 vero
2393 4115 2571 4187 (quod
2592 4119 2679 4171 est
2705 4115 3118 4188 episcopalium
3139 4116 3398 4171 collectio
3428 4114 3779 4184 litterarum,
3812 4132 3876 4169 ex

2236 4208 2444 4281 quibus
2465 4209 2657 4281 aliqua
2674 4209 2733 4264 in
2749 4209 2971 4281 scriptis
2990 4209 3192 4264 vestris
3203 4209 3537 4264 testimonia
3555 4208 3874 4281 incongrue

2235 4302 2501 4358 similiter
2519 4303 2806 4376 posuistis)
2826 4303 2979 4358 unde
2998 4306 3159 4358 mota
3175 4302 3248 4358 sit
3266 4320 3457 4371 causa,
3476 4304 3564 4358 vel
3605 4303 3749 4374 quid
3766 4303 3871 4375 pia:

2233 4397 2654 4452 recordationis
2666 4398 2778 4452 Leo
2792 4396 3110 4469 imperator
3125 4414 3231 4469 per
3249 4397 3542 4453 universas
3553 4397 3873 4468 provincias

494 4502 638 4558 cinae
667 4502 916 4567 mentes,
950 4498 1246 4564 humeros,
1295 4495 1558 4566 viresque
1603 4492 1941 4547 subdiderit.
1976 4492 2133 4548 Sicut
2152 4508 2212 4580 D
2239 4490 2633 4546 sacerdotibus
2663 4490 2953 4563 scripserit
2979 4491 3354 4559 consulendo,
3388 4491 3488 4546 aut
3512 4491 3765 4563 qualiter
3804 4489 3871 4546 ab

494 4610 748 4666 namque
767 4591 1107 4649 animositas
1119 4588 1484 4646 abscissionis
1504 4587 1863 4642 intellectum
1874 4586 2012 4642 facit
2030 4604 2135 4658 per

492 4687 825 4761 superbiam
846 4686 1143 4758 colligare,
1178 4683 1259 4738 ita
1297 4684 1652 4754 recuperatae
1689 4680 1984 4736 charitatis
2025 4681 2129 4735 hu-

494 4782 708 4838 militas
757 4784 984 4836 mentes
1030 4779 1089 4834 in
1139 4778 1358 4833 unitate
1408 4776 1543 4831 ﬁdei
1596 4778 2029 4857 perseveranter
2058 4775 2132 4830 ad

495 4875 890 4948 cognitionem
920 4873 1180 4929 veritatis
1210 4871 1516 4927 illuminat.

564 4972 805 5041 Propter
834 4967 991 5041 quod
1020 4966 1393 5039 praasentium
1422 4963 1811 5037 portatoribus
1841 4978 1985 5035 quos
2012 4961 2129 5017 fra-

490 5064 733 5122 ternitas
751 5066 941 5118 vestra
969 5062 1194 5130 direxit,
1219 5065 1278 5116 et
1299 5078 1367 5115 ex
1393 5059 1695 5117 Codicibus
1715 5060 1773 5112 et
1793 5074 1859 5111 ex
1879 5056 2131 5128 antiquis

488 5156 792 5234 polypticis
814 5154 1196 5230 [polyptichis]
1229 5153 1423 5209 scrinii
1447 5155 1657 5208 sanctae
1685 5150 1834 5206 sedis
1860 5148 2129 5222 apostoli-

490 5273 569 5312 cae
610 5255 824 5309 relecta
854 5253 991 5306 sunt
1021 5249 1233 5321 aliqua,
1280 5246 1487 5320 quibus
1529 5245 1827 5301 evidenter
1867 5247 2125 5316 apparet,

490 5350 634 5405 nihil
668 5364 874 5404 eorum
909 5361 1038 5417 quas
1066 5343 1124 5398 in
1155 5345 1342 5398 vestra
1380 5340 1650 5413 posuistis
1679 5338 1920 5411 epistola
1957 5354 2131 5394 causa

488 5445 668 5499 trium
694 5442 1081 5513 capitulorum
1110 5435 1419 5492 convenire
1451 5435 1757 5501 ullatenus,
1798 5435 1897 5487 aut
1930 5432 2124 5487 verisi-

490 5536 705 5591 militer
739 5533 1020 5606 coaptari.
1066 5531 1319 5602 Ideoque
1364 5524 1596 5585 necesse
1648 5529 1735 5581 est
1778 5542 1877 5580 vos
1925 5541 2128 5579 omnes

488 5630 760 5702 epistolas
775 5627 1081 5700 synodales
1095 5624 1334 5680 sollicite
1351 5622 1772 5695 vigilanterque
1788 5634 2125 5690 percurrere

488 5727 552 5778 ut
583 5721 904 5779 evidentius
952 5718 1299 5791 agnoscatis,
1337 5716 1475 5788 quia
1522 5712 1708 5769 sancti
1746 5715 1943 5768 Patres
1983 5710 2124 5766 nihil

490 5815 645 5875 aliud
677 5815 748 5869 de
775 5812 1233 5871 Chalcedonensi
1263 5810 1484 5884 synodo
1511 5809 1572 5864 in
1603 5806 1720 5864 suis
1743 5805 1997 5877 epistolis
2028 5806 2122 5861 ﬁr-

2233 4584 2371 4656 ipsis
2395 4600 2672 4656 responsa
2701 4584 3035 4657 susceperit,
3070 4584 3236 4641 nobis
3269 4602 3502 4657 quoque
3524 4585 3866 4649 tacentibus,

2236 4693 2437 4732 eorum
2487 4678 2735 4733 lectione
2789 4678 3051 4733 valebitis
3094 4679 3320 4750 plenius
3373 4678 3685 4734 informari
3728 4697 3741 4734 :
3816 4681 3871 4732 ut

2235 4772 2392 4826 nulla
2418 4771 2488 4826 de
2520 4775 2726 4827 caetero
2756 4772 2816 4826 in
2849 4773 3049 4827 vestris
3090 4773 3357 4851 cordibus
3392 4773 3670 4844 malignae
3708 4789 3869 4828 exco-

2234 4865 2439 4937 gitatio
2471 4865 2768 4936 pravitatis
2799 4867 2993 4921 locum
3013 4867 3400 4939 subreptionis
3440 4867 3721 4921 inveniat.
3763 4867 3872 4921 Nos

2234 4959 2392 5014 enim
2420 4962 2659 5030 propter
2687 4959 3078 5032 prolixitatem
3102 4960 3273 5031 hujus
3299 4960 3554 5032 epistolas
3606 4960 3873 5015 ordinem

2233 5070 2417 5109 causa:
2453 5052 2632 5126 ipsius
2676 5053 3091 5109 declinavimus
3140 5053 3412 5108 indicare.
3454 5055 3602 5107 Nam
3647 5053 3695 5107 si
3745 5069 3873 5109 cum

2233 5147 2422 5203 studio
2454 5147 2768 5215 charitatis,
2803 5164 2930 5219 quae
2962 5165 2995 5202 a
3040 5146 3207 5202 nobis
3244 5146 3590 5213 scribuntur,
3638 5163 3772 5202 cum
3814 5147 3874 5201 ti.

2233 5257 2397 5297 more
2426 5240 2661 5296 Domini
2682 5240 2920 5296 sollicite
2948 5240 3367 5312 vigilanterque
3387 5240 3682 5312 relegatis,
3706 5241 3870 5296 facile

2232 5335 2489 5390 sentietis
2547 5338 2827 5407 quantum
2887 5334 2959 5388 sit
3024 5333 3342 5406 periculum
3398 5351 3504 5406 pro
3568 5335 3871 5406 superﬂuis

2233 5428 2664 5500 quaestionibus,
2695 5431 2754 5483 et
2784 5428 3188 5484 haereticorum
3222 5427 3563 5484 defensione
3590 5430 3868 5502 capitulo-

2230 5538 2384 5593 rum,
2418 5522 2620 5577 tandiu
2647 5521 2719 5577 ab
2751 5521 3059 5577 universali
3088 5522 3341 5578 Ecclesia
3368 5524 3690 5595 segregari.

2302 5616 2486 5671 Nolite
2503 5632 2641 5687 ergo
2655 5632 2855 5671 amore
2864 5615 3182 5688 jactantiaa,
3198 5633 3326 5688 quae
3339 5616 3627 5688 superbis:
3643 5635 3873 5691 semper

2230 5714 2318 5766 est
2336 5711 2615 5783 proxima,
2643 5710 2702 5765 in
2726 5711 3128 5769 obstinationis
3142 5712 3279 5769 vitio
3293 5728 3666 5785 permanere,
3691 5731 3867 5787 quan-

2230 5805 2305 5860 do
2332 5805 2391 5861 in
2431 5805 2521 5860 die
2543 5806 2746 5878 judicii
2776 5807 2967 5864 nullus
2997 5811 3249 5864 vestrum
3271 5824 3543 5864 excusare
3573 5825 3636 5864 se
3662 5810 3864 5873 valeat,
