  <div class='ocr_page' id='page_1' title='image "/cluster/home/n/w/nwhite01/storage/ocr_20150623/72/uva.x000827084/526.png"; bbox 0 0 4016 6240; ppageno 0'>
   <div class='ocr_carea' id='block_1_1' title="bbox 131 314 228 365">
    <p class='ocr_par' dir='ltr' id='par_1_1' title="bbox 131 314 228 365">
     <span class='ocr_line' id='line_1_1' title="bbox 131 314 228 365; baseline 0 0"><span class='ocrx_word' id='word_1_1' title='bbox 131 314 228 365; x_wconf 83' lang='grc'>’713</span> 
     </span>
    </p>
   </div>
   <div class='ocr_carea' id='block_1_2' title="bbox 1392 308 2229 370">
    <p class='ocr_par' dir='ltr' id='par_1_2' title="bbox 1392 308 2229 370">
     <span class='ocr_line' id='line_1_2' title="bbox 1392 308 2229 370; baseline -0.005 0"><span class='ocrx_word' id='word_1_2' title='bbox 1392 311 1730 370; x_wconf 57' lang='grc' dir='ltr'>ΕΡῙὲΤΟΙλᾸΕ</span> <span class='ocrx_word' id='word_1_3' title='bbox 1778 308 1865 366; x_wconf 86' lang='grc' dir='ltr'>ΕΤ</span> <span class='ocrx_word' id='word_1_4' title='bbox 1903 309 2229 368; x_wconf 83' lang='lat' dir='ltr'>DECRETA.</span> 
     </span>
    </p>
   </div>
   <div class='ocr_carea' id='block_1_3' title="bbox 3390 326 3492 378">
    <p class='ocr_par' dir='ltr' id='par_1_3' title="bbox 3390 326 3492 378">
     <span class='ocr_line' id='line_1_3' title="bbox 3390 326 3492 378; baseline 0 0"><span class='ocrx_word' id='word_1_5' title='bbox 3390 326 3492 378; x_wconf 77' lang='grc'>714</span> 
     </span>
    </p>
   </div>
   <div class='ocr_carea' id='block_1_4' title="bbox 128 416 3488 509">
    <p class='ocr_par' dir='ltr' id='par_1_4' title="bbox 128 416 3488 509">
     <span class='ocr_line' id='line_1_4' title="bbox 128 416 3488 509; baseline 0.004 -36"><span class='ocrx_word' id='word_1_6' title='bbox 128 420 179 473; x_wconf 87' lang='lat' dir='ltr'>et</span> <span class='ocrx_word' id='word_1_7' title='bbox 208 431 396 488; x_wconf 87' lang='lat' dir='ltr'>neque</span> <span class='ocrx_word' id='word_1_8' title='bbox 424 416 760 473; x_wconf 87' lang='lat' dir='ltr'>Theodorus</span> <span class='ocrx_word' id='word_1_9' title='bbox 784 418 1232 490; x_wconf 86' lang='lat' dir='ltr'>Mopsuestenus,</span> <span class='ocrx_word' id='word_1_10' title='bbox 1265 437 1450 492; x_wconf 89' lang='lat' dir='ltr'>neque</span> <span class='ocrx_word' id='word_1_11' title='bbox 1491 422 1601 476; x_wconf 62' lang='lat' dir='ltr'>Iba}</span> <span class='ocrx_word' id='word_1_12' title='bbox 1641 420 1758 491; x_wconf 90' lang='lat' dir='ltr'>epi-</span> <span class='ocrx_word' id='word_1_13' title='bbox 1784 419 1922 509; x_wconf 78' lang='lat' dir='ltr'>Ain</span> <span class='ocrx_word' id='word_1_14' title='bbox 1962 421 2210 475; x_wconf 81' lang='lat' dir='ltr'>Ecclesia</span> <span class='ocrx_word' id='word_1_15' title='bbox 2260 436 2374 475; x_wconf 91' lang='lat' dir='ltr'>non</span> <span class='ocrx_word' id='word_1_16' title='bbox 2425 425 2554 476; x_wconf 91' lang='lat' dir='ltr'>est:</span> <span class='ocrx_word' id='word_1_17' title='bbox 2599 422 2672 477; x_wconf 89' lang='lat' dir='ltr'>ad</span> <span class='ocrx_word' id='word_1_18' title='bbox 2716 439 2962 496; x_wconf 84' lang='lat' dir='ltr'>regnum</span> <span class='ocrx_word' id='word_1_19' title='bbox 3012 425 3309 495; x_wconf 86' lang='lat' dir='ltr'>pervenire</span> <span class='ocrx_word' id='word_1_20' title='bbox 3372 447 3488 485; x_wconf 88' lang='lat' dir='ltr'>non</span> 
     </span>
    </p>
   </div>
   <div class='ocr_carea' id='block_1_5' title="bbox 126 511 1755 584">
    <p class='ocr_par' dir='ltr' id='par_1_5' title="bbox 126 511 1755 584">
     <span class='ocr_line' id='line_1_5' title="bbox 126 511 1755 584; baseline 0.004 -20"><span class='ocrx_word' id='word_1_21' title='bbox 126 512 285 577; x_wconf 89' lang='lat' dir='ltr'>stola,</span> <span class='ocrx_word' id='word_1_22' title='bbox 321 527 456 581; x_wconf 70' lang='lat' dir='ltr'>qua:</span> <span class='ocrx_word' id='word_1_23' title='bbox 491 512 561 565; x_wconf 86' lang='lat' dir='ltr'>ab</span> <span class='ocrx_word' id='word_1_24' title='bbox 592 511 930 567; x_wconf 90' lang='lat' dir='ltr'>adversariis</span> <span class='ocrx_word' id='word_1_25' title='bbox 960 516 1044 567; x_wconf 88' lang='lat' dir='ltr'>est</span> <span class='ocrx_word' id='word_1_26' title='bbox 1070 515 1315 584; x_wconf 90' lang='lat' dir='ltr'>prolata,</span> <span class='ocrx_word' id='word_1_27' title='bbox 1340 520 1472 569; x_wconf 85' lang='lat' dir='ltr'>ante</span> <span class='ocrx_word' id='word_1_28' title='bbox 1506 516 1755 570; x_wconf 80' lang='lat' dir='ltr'>tribunal</span> 
     </span>
    </p>
   </div>
   <div class='ocr_carea' id='block_1_6' title="bbox 126 604 1757 680">
    <p class='ocr_par' dir='ltr' id='par_1_6' title="bbox 126 604 1757 680">
     <span class='ocr_line' id='line_1_6' title="bbox 126 604 1757 680; baseline 0.002 -21"><span class='ocrx_word' id='word_1_29' title='bbox 126 604 264 659; x_wconf 85' lang='lat' dir='ltr'>tanti</span> <span class='ocrx_word' id='word_1_30' title='bbox 284 604 502 673; x_wconf 90' lang='lat' dir='ltr'>judicis</span> <span class='ocrx_word' id='word_1_31' title='bbox 521 604 679 659; x_wconf 83' lang='lat' dir='ltr'>vobis</span> <span class='ocrx_word' id='word_1_32' title='bbox 712 607 899 660; x_wconf 81' lang='lat' dir='ltr'>valeat</span> <span class='ocrx_word' id='word_1_33' title='bbox 928 607 1251 662; x_wconf 89' lang='lat' dir='ltr'>subvenire.</span> <span class='ocrx_word' id='word_1_34' title='bbox 1288 609 1521 663; x_wconf 87' lang='lat' dir='ltr'>Doctori</span> <span class='ocrx_word' id='word_1_35' title='bbox 1562 610 1757 680; x_wconf 83' lang='lat' dir='ltr'>itaque</span> 
     </span>
    </p>
   </div>
   <div class='ocr_carea' id='block_1_7' title="bbox 128 698 1754 774">
    <p class='ocr_par' dir='ltr' id='par_1_7' title="bbox 128 698 1754 774">
     <span class='ocr_line' id='line_1_7' title="bbox 128 698 1754 774; baseline 0.004 -24"><span class='ocrx_word' id='word_1_36' title='bbox 128 698 381 769; x_wconf 82' lang='lat' dir='ltr'>gentium</span> <span class='ocrx_word' id='word_1_37' title='bbox 412 715 742 769; x_wconf 90' lang='lat' dir='ltr'>pareamus,</span> <span class='ocrx_word' id='word_1_38' title='bbox 779 699 879 770; x_wconf 87' lang='lat' dir='ltr'>qui</span> <span class='ocrx_word' id='word_1_39' title='bbox 902 700 959 754; x_wconf 90' lang='lat' dir='ltr'>in</span> <span class='ocrx_word' id='word_1_40' title='bbox 990 701 1182 770; x_wconf 90' lang='lat' dir='ltr'>prima</span> <span class='ocrx_word' id='word_1_41' title='bbox 1198 702 1269 755; x_wconf 90' lang='lat' dir='ltr'>ad</span> <span class='ocrx_word' id='word_1_42' title='bbox 1288 703 1614 757; x_wconf 83' lang='lat' dir='ltr'>Corinthios</span> <span class='ocrx_word' id='word_1_43' title='bbox 1635 703 1754 774; x_wconf 91' lang='lat' dir='ltr'>epi-</span> 
     </span>
    </p>
   </div>
   <div class='ocr_carea' id='block_1_8' title="bbox 128 790 1758 860">
    <p class='ocr_par' dir='ltr' id='par_1_8' title="bbox 128 790 1758 860">
     <span class='ocr_line' id='line_1_8' title="bbox 128 790 1758 860; baseline 0.004 -16"><span class='ocrx_word' id='word_1_44' title='bbox 128 792 265 845; x_wconf 80' lang='lat' dir='ltr'>stola</span> <span class='ocrx_word' id='word_1_45' title='bbox 293 790 469 845; x_wconf 89' lang='lat' dir='ltr'>dicit:</span> <span class='ocrx_word' id='word_1_46' title='bbox 489 793 843 847; x_wconf 69' lang='lat' dir='ltr'>Emulamini</span> <span class='ocrx_word' id='word_1_47' title='bbox 870 794 1202 849; x_wconf 81' lang='lat' dir='ltr'>charismata</span> <span class='ocrx_word' id='word_1_48' title='bbox 1222 796 1465 860; x_wconf 87' lang='lat' dir='ltr'>meliora,</span> <span class='ocrx_word' id='word_1_49' title='bbox 1502 802 1551 850; x_wconf 86' lang='lat' dir='ltr'>et</span> <span class='ocrx_word' id='word_1_50' title='bbox 1580 798 1758 851; x_wconf 87' lang='lat' dir='ltr'>adhuc</span> 
     </span>
    </p>
   </div>
   <div class='ocr_carea' id='block_1_9' title="bbox 128 885 1757 960">
    <p class='ocr_par' dir='ltr' id='par_1_9' title="bbox 128 885 1757 960">
     <span class='ocr_line' id='line_1_9' title="bbox 128 885 1757 960; baseline 0.004 -21"><span class='ocrx_word' id='word_1_51' title='bbox 128 885 555 939; x_wconf 63' lang='lat' dir='ltr'>excellentiorem</span> <span class='ocrx_word' id='word_1_52' title='bbox 581 888 725 940; x_wconf 82' lang='lat' dir='ltr'>viam</span> <span class='ocrx_word' id='word_1_53' title='bbox 745 886 895 941; x_wconf 82' lang='lat' dir='ltr'>vobis</span> <span class='ocrx_word' id='word_1_54' title='bbox 919 887 1222 942; x_wconf 83' lang='lat' dir='ltr'>demonstro</span> <span class='ocrx_word' id='word_1_55' title='bbox 1250 890 1299 958; x_wconf 91' lang='grc' dir='ltr'>(Ι</span> <span class='ocrx_word' id='word_1_56' title='bbox 1323 891 1442 943; x_wconf 90' lang='lat' dir='ltr'>Cor.</span> <span class='ocrx_word' id='word_1_57' title='bbox 1483 890 1598 960; x_wconf 83' lang='lat' dir='ltr'>xu).</span> <span class='ocrx_word' id='word_1_58' title='bbox 1622 892 1757 953; x_wconf 62' lang='lat' dir='ltr'>Quae</span> 
     </span>
    </p>
   </div>
   <div class='ocr_carea' id='block_1_10' title="bbox 128 977 1753 1053">
    <p class='ocr_par' dir='ltr' id='par_1_10' title="bbox 128 977 1753 1053">
     <span class='ocr_line' id='line_1_10' title="bbox 128 977 1753 1053; baseline 0.006 -23"><span class='ocrx_word' id='word_1_59' title='bbox 128 994 258 1048; x_wconf 89' lang='lat' dir='ltr'>ergo</span> <span class='ocrx_word' id='word_1_60' title='bbox 291 977 523 1047; x_wconf 83' lang='lat' dir='ltr'>majora</span> <span class='ocrx_word' id='word_1_61' title='bbox 552 978 683 1044; x_wconf 90' lang='lat' dir='ltr'>sint,</span> <span class='ocrx_word' id='word_1_62' title='bbox 719 982 829 1033; x_wconf 89' lang='lat' dir='ltr'>eta</span> <span class='ocrx_word' id='word_1_63' title='bbox 863 996 921 1033; x_wconf 90' lang='lat' dir='ltr'>se</span> <span class='ocrx_word' id='word_1_64' title='bbox 951 981 1405 1037; x_wconf 88' lang='lat' dir='ltr'>demonstranda</span> <span class='ocrx_word' id='word_1_65' title='bbox 1435 984 1753 1053; x_wconf 79' lang='lat' dir='ltr'>promittat,</span> 
     </span>
    </p>
   </div>
   <div class='ocr_carea' id='block_1_11' title="bbox 129 1070 1754 1144">
    <p class='ocr_par' dir='ltr' id='par_1_11' title="bbox 129 1070 1754 1144">
     <span class='ocr_line' id='line_1_11' title="bbox 129 1070 1754 1144; baseline 0.006 -21"><span class='ocrx_word' id='word_1_66' title='bbox 129 1088 187 1124; x_wconf 83' lang='lat' dir='ltr'>ex</span> <span class='ocrx_word' id='word_1_67' title='bbox 211 1070 388 1141; x_wconf 84' lang='lat' dir='ltr'>ipsius</span> <span class='ocrx_word' id='word_1_68' title='bbox 407 1087 550 1125; x_wconf 90' lang='lat' dir='ltr'>voce</span> <span class='ocrx_word' id='word_1_69' title='bbox 584 1072 887 1127; x_wconf 88' lang='lat' dir='ltr'>audiamus</span> <span class='ocrx_word' id='word_1_70' title='bbox 919 1073 1197 1129; x_wconf 74' lang='lat' dir='ltr'>intentius</span> <span class='ocrx_word' id='word_1_71' title='bbox 1227 1092 1239 1130; x_wconf 89' lang='lat'>:</span> <span class='ocrx_word' id='word_1_72' title='bbox 1270 1076 1332 1131; x_wconf 91' lang='lat' dir='ltr'>Si</span> <span class='ocrx_word' id='word_1_73' title='bbox 1362 1078 1562 1144; x_wconf 85' lang='lat' dir='ltr'>linguis</span> <span class='ocrx_word' id='word_1_74' title='bbox 1584 1079 1754 1133; x_wconf 85' lang='lat' dir='ltr'>homi-</span> 
     </span>
    </p>
   </div>
   <div class='ocr_carea' id='block_1_12' title="bbox 124 1166 1751 1233">
    <p class='ocr_par' dir='ltr' id='par_1_12' title="bbox 124 1166 1751 1233">
     <span class='ocr_line' id='line_1_12' title="bbox 124 1166 1751 1233; baseline 0.006 -17"><span class='ocrx_word' id='word_1_75' title='bbox 124 1180 244 1218; x_wconf 80' lang='lat' dir='ltr'>num</span> <span class='ocrx_word' id='word_1_76' title='bbox 275 1166 474 1233; x_wconf 86' lang='lat' dir='ltr'>loquar</span> <span class='ocrx_word' id='word_1_77' title='bbox 504 1170 555 1219; x_wconf 88' lang='lat' dir='ltr'>et</span> <span class='ocrx_word' id='word_1_78' title='bbox 579 1166 912 1233; x_wconf 84' lang='lat' dir='ltr'>angelorum,</span> <span class='ocrx_word' id='word_1_79' title='bbox 946 1169 1262 1223; x_wconf 86' lang='lat' dir='ltr'>charitatem</span> <span class='ocrx_word' id='word_1_80' title='bbox 1286 1176 1467 1225; x_wconf 83' lang='lat' dir='ltr'>autem</span> <span class='ocrx_word' id='word_1_81' title='bbox 1506 1187 1614 1225; x_wconf 92' lang='lat' dir='ltr'>non</span> <span class='ocrx_word' id='word_1_82' title='bbox 1655 1172 1751 1226; x_wconf 87' lang='lat' dir='ltr'>ha-</span> 
     </span>
    </p>
   </div>
   <div class='ocr_carea' id='block_1_13' title="bbox 129 1258 1752 1333">
    <p class='ocr_par' dir='ltr' id='par_1_13' title="bbox 129 1258 1752 1333">
     <span class='ocr_line' id='line_1_13' title="bbox 129 1258 1752 1333; baseline 0.006 -22"><span class='ocrx_word' id='word_1_83' title='bbox 129 1258 289 1319; x_wconf 88' lang='lat' dir='ltr'>beam,</span> <span class='ocrx_word' id='word_1_84' title='bbox 318 1260 509 1324; x_wconf 83' lang='lat' dir='ltr'>factus</span> <span class='ocrx_word' id='word_1_85' title='bbox 534 1274 654 1312; x_wconf 88' lang='lat' dir='ltr'>sum</span> <span class='ocrx_word' id='word_1_86' title='bbox 679 1261 820 1314; x_wconf 87' lang='lat' dir='ltr'>sicut</span> <span class='ocrx_word' id='word_1_87' title='bbox 844 1276 914 1315; x_wconf 64' lang='lat' dir='ltr'>ass</span> <span class='ocrx_word' id='word_1_88' title='bbox 940 1277 1161 1325; x_wconf 86' lang='lat' dir='ltr'>sonans,</span> <span class='ocrx_word' id='word_1_89' title='bbox 1189 1268 1285 1318; x_wconf 87' lang='lat' dir='ltr'>aut</span> <span class='ocrx_word' id='word_1_90' title='bbox 1311 1265 1617 1333; x_wconf 81' lang='lat' dir='ltr'>cymbalum</span> <span class='ocrx_word' id='word_1_91' title='bbox 1645 1268 1752 1320; x_wconf 87' lang='lat' dir='ltr'>tin-</span> 
     </span>
    </p>
   </div>
   <div class='ocr_carea' id='block_1_14' title="bbox 124 1353 1755 1424">
    <p class='ocr_par' dir='ltr' id='par_1_14' title="bbox 124 1353 1755 1424">
     <span class='ocr_line' id='line_1_14' title="bbox 124 1353 1755 1424; baseline 0.007 -21"><span class='ocrx_word' id='word_1_92' title='bbox 124 1354 286 1404; x_wconf 83' lang='lat' dir='ltr'>niens.</span> <span class='ocrx_word' id='word_1_93' title='bbox 334 1355 408 1406; x_wconf 88' lang='lat' dir='ltr'>Et</span> <span class='ocrx_word' id='word_1_94' title='bbox 444 1353 496 1406; x_wconf 83' lang='lat' dir='ltr'>si</span> <span class='ocrx_word' id='word_1_95' title='bbox 531 1353 768 1406; x_wconf 79' lang='lat' dir='ltr'>habuero</span> <span class='ocrx_word' id='word_1_96' title='bbox 808 1356 1171 1424; x_wconf 78' lang='lat' dir='ltr'>prophetiam,</span> <span class='ocrx_word' id='word_1_97' title='bbox 1206 1362 1257 1411; x_wconf 89' lang='lat' dir='ltr'>et</span> <span class='ocrx_word' id='word_1_98' title='bbox 1296 1360 1533 1413; x_wconf 80' lang='lat' dir='ltr'>noverim</span> <span class='ocrx_word' id='word_1_99' title='bbox 1573 1362 1755 1414; x_wconf 83' lang='lat' dir='ltr'>omnia</span> 
     </span>
    </p>
   </div>
   <div class='ocr_carea' id='block_1_15' title="bbox 124 1446 1753 1518">
    <p class='ocr_par' dir='ltr' id='par_1_15' title="bbox 124 1446 1753 1518">
     <span class='ocr_line' id='line_1_15' title="bbox 124 1446 1753 1518; baseline 0.006 -20"><span class='ocrx_word' id='word_1_100' title='bbox 124 1446 390 1512; x_wconf 83' lang='lat' dir='ltr'>mysteria,</span> <span class='ocrx_word' id='word_1_101' title='bbox 427 1450 480 1499; x_wconf 88' lang='lat' dir='ltr'>et</span> <span class='ocrx_word' id='word_1_102' title='bbox 527 1448 575 1499; x_wconf 89' lang='lat' dir='ltr'>si</span> <span class='ocrx_word' id='word_1_103' title='bbox 614 1447 847 1500; x_wconf 82' lang='lat' dir='ltr'>habuero</span> <span class='ocrx_word' id='word_1_104' title='bbox 887 1463 1093 1503; x_wconf 90' lang='lat' dir='ltr'>omnem</span> <span class='ocrx_word' id='word_1_105' title='bbox 1129 1450 1310 1518; x_wconf 80' lang='lat' dir='ltr'>ﬁdem,</span> <span class='ocrx_word' id='word_1_106' title='bbox 1350 1453 1430 1505; x_wconf 84' lang='lat' dir='ltr'>ita</span> <span class='ocrx_word' id='word_1_107' title='bbox 1459 1458 1521 1506; x_wconf 88' lang='lat' dir='ltr'>ut</span> <span class='ocrx_word' id='word_1_108' title='bbox 1550 1459 1753 1507; x_wconf 85' lang='lat' dir='ltr'>montes</span> 
     </span>
    </p>
   </div>
   <div class='ocr_carea' id='block_1_16' title="bbox 125 1530 1753 1614">
    <p class='ocr_par' dir='ltr' id='par_1_16' title="bbox 125 1530 1753 1614">
     <span class='ocr_line' id='line_1_16' title="bbox 125 1530 1753 1614; baseline 0.006 -23"><span class='ocrx_word' id='word_1_109' title='bbox 125 1540 470 1605; x_wconf 77' lang='lat' dir='ltr'>transferam,</span> <span class='ocrx_word' id='word_1_110' title='bbox 494 1543 546 1593; x_wconf 86' lang='lat' dir='ltr'>et</span> <span class='ocrx_word' id='word_1_111' title='bbox 570 1541 619 1593; x_wconf 89' lang='lat' dir='ltr'>si</span> <span class='ocrx_word' id='word_1_112' title='bbox 644 1530 970 1595; x_wconf 81' lang='lat' dir='ltr'>distribuero</span> <span class='ocrx_word' id='word_1_113' title='bbox 992 1544 1051 1595; x_wconf 88' lang='lat' dir='ltr'>in</span> <span class='ocrx_word' id='word_1_114' title='bbox 1072 1543 1216 1596; x_wconf 84' lang='lat' dir='ltr'>cibos</span> <span class='ocrx_word' id='word_1_115' title='bbox 1238 1560 1547 1614; x_wconf 82' lang='lat' dir='ltr'>pauperum</span> <span class='ocrx_word' id='word_1_116' title='bbox 1573 1561 1753 1600; x_wconf 85' lang='lat' dir='ltr'>omnes</span> 
     </span>
    </p>
   </div>
   <div class='ocr_carea' id='block_1_17' title="bbox 123 1631 1750 1706">
    <p class='ocr_par' dir='ltr' id='par_1_17' title="bbox 123 1631 1750 1706">
     <span class='ocr_line' id='line_1_17' title="bbox 123 1631 1750 1706; baseline 0.007 -23"><span class='ocrx_word' id='word_1_117' title='bbox 123 1631 404 1698; x_wconf 80' lang='lat' dir='ltr'>facultates</span> <span class='ocrx_word' id='word_1_118' title='bbox 424 1647 594 1699; x_wconf 84' lang='lat' dir='ltr'>meas,</span> <span class='ocrx_word' id='word_1_119' title='bbox 615 1638 665 1687; x_wconf 82' lang='lat' dir='ltr'>et</span> <span class='ocrx_word' id='word_1_120' title='bbox 684 1635 735 1687; x_wconf 90' lang='lat' dir='ltr'>si</span> <span class='ocrx_word' id='word_1_121' title='bbox 752 1635 1031 1689; x_wconf 80' lang='lat' dir='ltr'>tradidero</span> <span class='ocrx_word' id='word_1_122' title='bbox 1051 1651 1244 1706; x_wconf 81' lang='lat' dir='ltr'>corpus</span> <span class='ocrx_word' id='word_1_123' title='bbox 1266 1654 1441 1692; x_wconf 85' lang='lat' dir='ltr'>meum</span> <span class='ocrx_word' id='word_1_124' title='bbox 1459 1643 1517 1693; x_wconf 88' lang='lat' dir='ltr'>ut</span> <span class='ocrx_word' id='word_1_125' title='bbox 1537 1640 1750 1702; x_wconf 85' lang='lat' dir='ltr'>ardeat,</span> 
     </span>
    </p>
   </div>
   <div class='ocr_carea' id='block_1_18' title="bbox 122 1724 1753 1803">
    <p class='ocr_par' dir='ltr' id='par_1_18' title="bbox 122 1724 1753 1803">
     <span class='ocr_line' id='line_1_18' title="bbox 122 1724 1753 1803; baseline 0.007 -27"><span class='ocrx_word' id='word_1_126' title='bbox 122 1724 433 1778; x_wconf 82' lang='lat' dir='ltr'>charilatem</span> <span class='ocrx_word' id='word_1_127' title='bbox 494 1730 673 1779; x_wconf 86' lang='lat' dir='ltr'>autem</span> <span class='ocrx_word' id='word_1_128' title='bbox 714 1743 821 1781; x_wconf 90' lang='lat' dir='ltr'>non</span> <span class='ocrx_word' id='word_1_129' title='bbox 864 1728 1121 1796; x_wconf 85' lang='lat' dir='ltr'>habuero,</span> <span class='ocrx_word' id='word_1_130' title='bbox 1168 1731 1310 1784; x_wconf 87' lang='lat' dir='ltr'>nihil</span> <span class='ocrx_word' id='word_1_131' title='bbox 1345 1734 1479 1785; x_wconf 88' lang='lat' dir='ltr'>mihi</span> <span class='ocrx_word' id='word_1_132' title='bbox 1529 1734 1753 1803; x_wconf 85' lang='lat' dir='ltr'>prodest</span> 
     </span>
    </p>
   </div>
   <div class='ocr_carea' id='block_1_19' title="bbox 1861 515 3491 594">
    <p class='ocr_par' dir='ltr' id='par_1_19' title="bbox 1861 515 3491 594">
     <span class='ocr_line' id='line_1_19' title="bbox 1861 515 3491 594; baseline 0.009 -28"><span class='ocrx_word' id='word_1_133' title='bbox 1861 515 2091 584; x_wconf 87' lang='lat' dir='ltr'>poterit,</span> <span class='ocrx_word' id='word_1_134' title='bbox 2136 515 2231 585; x_wconf 88' lang='lat' dir='ltr'>qui</span> <span class='ocrx_word' id='word_1_135' title='bbox 2263 531 2387 569; x_wconf 86' lang='lat' dir='ltr'>eam</span> <span class='ocrx_word' id='word_1_136' title='bbox 2421 532 2549 585; x_wconf 68' lang='lat' dir='ltr'>qua:</span> <span class='ocrx_word' id='word_1_137' title='bbox 2587 522 2901 588; x_wconf 85' lang='lat' dir='ltr'>regnatura</span> <span class='ocrx_word' id='word_1_138' title='bbox 2932 522 3018 573; x_wconf 90' lang='lat' dir='ltr'>est</span> <span class='ocrx_word' id='word_1_139' title='bbox 3048 519 3374 594; x_wconf 83' lang='lat' dir='ltr'>dereliquit.</span> <span class='ocrx_word' id='word_1_140' title='bbox 3422 526 3491 580; x_wconf 89' lang='lat' dir='ltr'>Et</span> 
     </span>
    </p>
   </div>
   <div class='ocr_carea' id='block_1_20' title="bbox 1860 607 3485 689">
    <p class='ocr_par' dir='ltr' id='par_1_20' title="bbox 1860 607 3485 689">
     <span class='ocr_line' id='line_1_20' title="bbox 1860 607 3485 689; baseline 0.007 -28"><span class='ocrx_word' id='word_1_141' title='bbox 1860 610 1989 677; x_wconf 90' lang='lat' dir='ltr'>post</span> <span class='ocrx_word' id='word_1_142' title='bbox 2032 607 2190 661; x_wconf 88' lang='lat' dir='ltr'>alia:</span> <span class='ocrx_word' id='word_1_143' title='bbox 2240 609 2381 661; x_wconf 93' lang='lat' dir='ltr'>Cum</span> <span class='ocrx_word' id='word_1_144' title='bbox 2425 609 2541 663; x_wconf 89' lang='lat' dir='ltr'>Deo</span> <span class='ocrx_word' id='word_1_145' title='bbox 2582 627 2820 666; x_wconf 89' lang='lat' dir='ltr'>manere</span> <span class='ocrx_word' id='word_1_146' title='bbox 2874 629 2991 666; x_wconf 92' lang='lat' dir='ltr'>non</span> <span class='ocrx_word' id='word_1_147' title='bbox 3062 619 3319 684; x_wconf 90' lang='lat' dir='ltr'>possunt,</span> <span class='ocrx_word' id='word_1_148' title='bbox 3387 618 3485 689; x_wconf 89' lang='lat' dir='ltr'>qui</span> 
     </span>
    </p>
   </div>
   <div class='ocr_carea' id='block_1_21' title="bbox 1860 700 3490 777">
    <p class='ocr_par' dir='ltr' id='par_1_21' title="bbox 1860 700 3490 777">
     <span class='ocr_line' id='line_1_21' title="bbox 1860 700 3490 777; baseline 0.009 -25"><span class='ocrx_word' id='word_1_149' title='bbox 1860 716 1982 753; x_wconf 91' lang='lat' dir='ltr'>esse</span> <span class='ocrx_word' id='word_1_150' title='bbox 2014 700 2071 754; x_wconf 91' lang='lat' dir='ltr'>in</span> <span class='ocrx_word' id='word_1_151' title='bbox 2103 702 2352 755; x_wconf 86' lang='lat' dir='ltr'>Ecclesia</span> <span class='ocrx_word' id='word_1_152' title='bbox 2382 702 2484 756; x_wconf 86' lang='lat' dir='ltr'>Dei</span> <span class='ocrx_word' id='word_1_153' title='bbox 2511 705 2864 759; x_wconf 88' lang='lat' dir='ltr'>unanimiter</span> <span class='ocrx_word' id='word_1_154' title='bbox 2892 707 3220 777; x_wconf 85' lang='lat' dir='ltr'>noluerunt,</span> <span class='ocrx_word' id='word_1_155' title='bbox 3245 711 3490 765; x_wconf 80' lang='lat' dir='ltr'>ardeant</span> 
     </span>
    </p>
   </div>
   <div class='ocr_carea' id='block_1_22' title="bbox 1857 792 3489 871">
    <p class='ocr_par' dir='ltr' id='par_1_22' title="bbox 1857 792 3489 871">
     <span class='ocr_line' id='line_1_22' title="bbox 1857 792 3489 871; baseline 0.009 -26"><span class='ocrx_word' id='word_1_156' title='bbox 1857 792 1991 845; x_wconf 89' lang='lat' dir='ltr'>licet</span> <span class='ocrx_word' id='word_1_157' title='bbox 2020 793 2271 847; x_wconf 88' lang='lat' dir='ltr'>ﬂammis</span> <span class='ocrx_word' id='word_1_158' title='bbox 2314 799 2371 849; x_wconf 87' lang='lat' dir='ltr'>et</span> <span class='ocrx_word' id='word_1_159' title='bbox 2398 795 2627 865; x_wconf 84' lang='lat' dir='ltr'>ignibus</span> <span class='ocrx_word' id='word_1_160' title='bbox 2657 798 2871 867; x_wconf 88' lang='lat' dir='ltr'>traditi,</span> <span class='ocrx_word' id='word_1_161' title='bbox 2912 802 2999 854; x_wconf 90' lang='lat' dir='ltr'>vel</span> <span class='ocrx_word' id='word_1_162' title='bbox 3044 802 3251 871; x_wconf 80' lang='lat' dir='ltr'>objecti</span> <span class='ocrx_word' id='word_1_163' title='bbox 3295 804 3489 859; x_wconf 85' lang='lat' dir='ltr'>bestiis</span> 
     </span>
    </p>
   </div>
   <div class='ocr_carea' id='block_1_23' title="bbox 1859 886 3490 965">
    <p class='ocr_par' dir='ltr' id='par_1_23' title="bbox 1859 886 3490 965">
     <span class='ocr_line' id='line_1_23' title="bbox 1859 886 3490 965; baseline 0.009 -26"><span class='ocrx_word' id='word_1_164' title='bbox 1859 886 2084 941; x_wconf 89' lang='lat' dir='ltr'>animas</span> <span class='ocrx_word' id='word_1_165' title='bbox 2114 904 2245 941; x_wconf 88' lang='lat' dir='ltr'>suas</span> <span class='ocrx_word' id='word_1_166' title='bbox 2276 893 2529 959; x_wconf 90' lang='lat' dir='ltr'>ponant:</span> <span class='ocrx_word' id='word_1_167' title='bbox 2563 908 2679 945; x_wconf 90' lang='lat' dir='ltr'>non</span> <span class='ocrx_word' id='word_1_168' title='bbox 2702 893 2811 946; x_wconf 89' lang='lat' dir='ltr'>erit</span> <span class='ocrx_word' id='word_1_169' title='bbox 2839 893 2937 947; x_wconf 92' lang='lat' dir='ltr'>illa</span> <span class='ocrx_word' id='word_1_170' title='bbox 2967 894 3101 948; x_wconf 89' lang='lat' dir='ltr'>ﬁdei</span> <span class='ocrx_word' id='word_1_171' title='bbox 3131 913 3365 965; x_wconf 90' lang='lat' dir='ltr'>corona,</span> <span class='ocrx_word' id='word_1_172' title='bbox 3388 900 3490 953; x_wconf 89' lang='lat' dir='ltr'>sed</span> 
     </span>
    </p>
   </div>
   <div class='ocr_carea' id='block_1_24' title="bbox 1857 982 3487 1063">
    <p class='ocr_par' dir='ltr' id='par_1_24' title="bbox 1857 982 3487 1063">
     <span class='ocr_line' id='line_1_24' title="bbox 1857 982 3487 1063; baseline 0.009 -30"><span class='ocrx_word' id='word_1_173' title='bbox 1857 996 2026 1051; x_wconf 76' lang='lat' dir='ltr'>poena</span> <span class='ocrx_word' id='word_1_174' title='bbox 2065 982 2350 1051; x_wconf 65' lang='lat' dir='ltr'>perﬁdiae;</span> <span class='ocrx_word' id='word_1_175' title='bbox 2387 999 2491 1037; x_wconf 88' lang='lat' dir='ltr'>nec</span> <span class='ocrx_word' id='word_1_176' title='bbox 2535 985 2817 1055; x_wconf 57' lang='lat' dir='ltr'>religiosa</span> <span class='ocrx_word' id='word_1_177' title='bbox 2862 988 3083 1042; x_wconf 88' lang='lat' dir='ltr'>virtutis</span> <span class='ocrx_word' id='word_1_178' title='bbox 3127 990 3308 1045; x_wconf 83' lang='lat' dir='ltr'>exitus</span> <span class='ocrx_word' id='word_1_179' title='bbox 3363 993 3487 1063; x_wconf 85' lang='lat' dir='ltr'>glo-</span> 
     </span>
    </p>
   </div>
   <div class='ocr_carea' id='block_1_25' title="bbox 1856 1073 3488 1146">
    <p class='ocr_par' dir='ltr' id='par_1_25' title="bbox 1856 1073 3488 1146">
     <span class='ocr_line' id='line_1_25' title="bbox 1856 1073 3488 1146; baseline 0.009 -20"><span class='ocrx_word' id='word_1_180' title='bbox 1856 1073 2072 1141; x_wconf 59' lang='lat' dir='ltr'>riosus‘,</span> <span class='ocrx_word' id='word_1_181' title='bbox 2122 1075 2223 1128; x_wconf 89' lang='lat' dir='ltr'>scd</span> <span class='ocrx_word' id='word_1_182' title='bbox 2272 1076 2688 1146; x_wconf 88' lang='lat' dir='ltr'>desperationis</span> <span class='ocrx_word' id='word_1_183' title='bbox 2744 1079 3008 1135; x_wconf 86' lang='lat' dir='ltr'>interitus</span> <span class='ocrx_word' id='word_1_184' title='bbox 3051 1100 3063 1137; x_wconf 92' lang='lat'>:</span> <span class='ocrx_word' id='word_1_185' title='bbox 3121 1084 3299 1139; x_wconf 90' lang='lat' dir='ltr'>occidi</span> <span class='ocrx_word' id='word_1_186' title='bbox 3360 1086 3488 1141; x_wconf 85' lang='lat' dir='ltr'>talis</span> 
     </span>
    </p>
   </div>
   <div class='ocr_carea' id='block_1_26' title="bbox 1857 1169 2748 1241">
    <p class='ocr_par' dir='ltr' id='par_1_26' title="bbox 1857 1169 2748 1241">
     <span class='ocr_line' id='line_1_26' title="bbox 1857 1169 2748 1241; baseline 0.006 -20"><span class='ocrx_word' id='word_1_187' title='bbox 1857 1170 2065 1237; x_wconf 86' lang='lat' dir='ltr'>potest,</span> <span class='ocrx_word' id='word_1_188' title='bbox 2097 1169 2362 1222; x_wconf 87' lang='lat' dir='ltr'>coronari</span> <span class='ocrx_word' id='word_1_189' title='bbox 2394 1185 2509 1224; x_wconf 90' lang='lat' dir='ltr'>non</span> <span class='ocrx_word' id='word_1_190' title='bbox 2540 1174 2748 1241; x_wconf 87' lang='lat' dir='ltr'>potest.</span> 
     </span>
    </p>
   </div>
   <div class='ocr_carea' id='block_1_27' title="bbox 1927 1262 3483 1341">
    <p class='ocr_par' dir='ltr' id='par_1_27' title="bbox 1927 1262 3483 1341">
     <span class='ocr_line' id='line_1_27' title="bbox 1927 1262 3483 1341; baseline 0.009 -28"><span class='ocrx_word' id='word_1_191' title='bbox 1927 1262 2070 1314; x_wconf 91' lang='lat' dir='ltr'>Item</span> <span class='ocrx_word' id='word_1_192' title='bbox 2096 1262 2388 1331; x_wconf 82' lang='lat' dir='ltr'>ejusdem:</span> <span class='ocrx_word' id='word_1_193' title='bbox 2420 1266 2507 1317; x_wconf 82' lang='lat' dir='ltr'>An</span> <span class='ocrx_word' id='word_1_194' title='bbox 2542 1281 2663 1318; x_wconf 89' lang='lat' dir='ltr'>esse</span> <span class='ocrx_word' id='word_1_195' title='bbox 2697 1265 2805 1319; x_wconf 92' lang='lat' dir='ltr'>sibi</span> <span class='ocrx_word' id='word_1_196' title='bbox 2835 1283 2963 1321; x_wconf 89' lang='lat' dir='ltr'>cum</span> <span class='ocrx_word' id='word_1_197' title='bbox 2984 1268 3204 1325; x_wconf 90' lang='lat' dir='ltr'>Christo</span> <span class='ocrx_word' id='word_1_198' title='bbox 3226 1270 3483 1341; x_wconf 90' lang='lat' dir='ltr'>videtur,</span> 
     </span>
    </p>
   </div>
   <div class='ocr_carea' id='block_1_28' title="bbox 1857 1354 3487 1433">
    <p class='ocr_par' dir='ltr' id='par_1_28' title="bbox 1857 1354 3487 1433">
     <span class='ocr_line' id='line_1_28' title="bbox 1857 1354 3487 1433; baseline 0.009 -27"><span class='ocrx_word' id='word_1_199' title='bbox 1857 1354 1951 1424; x_wconf 91' lang='lat' dir='ltr'>qui</span> <span class='ocrx_word' id='word_1_200' title='bbox 1983 1354 2254 1409; x_wconf 88' lang='lat' dir='ltr'>adversus</span> <span class='ocrx_word' id='word_1_201' title='bbox 2284 1357 2609 1411; x_wconf 87' lang='lat' dir='ltr'>sacerdotes</span> <span class='ocrx_word' id='word_1_202' title='bbox 2640 1359 2847 1413; x_wconf 83' lang='lat' dir='ltr'>Christi</span> <span class='ocrx_word' id='word_1_203' title='bbox 2879 1361 3053 1415; x_wconf 90' lang='lat' dir='ltr'>facit?</span> <span class='ocrx_word' id='word_1_204' title='bbox 3085 1364 3259 1433; x_wconf 89' lang='lat' dir='ltr'>quise</span> <span class='ocrx_word' id='word_1_205' title='bbox 3290 1382 3324 1419; x_wconf 91' lang='lat' dir='ltr'>a</span> <span class='ocrx_word' id='word_1_206' title='bbox 3346 1367 3487 1421; x_wconf 91' lang='lat' dir='ltr'>cleri</span> 
     </span>
    </p>
   </div>
   <div class='ocr_carea' id='block_1_29' title="bbox 1856 1447 3485 1518">
    <p class='ocr_par' dir='ltr' id='par_1_29' title="bbox 1856 1447 3485 1518">
     <span class='ocr_line' id='line_1_29' title="bbox 1856 1447 3485 1518; baseline 0.01 -19"><span class='ocrx_word' id='word_1_207' title='bbox 1856 1447 1977 1517; x_wconf 85' lang='lat' dir='ltr'>ejus</span> <span class='ocrx_word' id='word_1_208' title='bbox 2021 1451 2079 1501; x_wconf 91' lang='lat' dir='ltr'>et</span> <span class='ocrx_word' id='word_1_209' title='bbox 2107 1450 2289 1518; x_wconf 86' lang='lat' dir='ltr'>plebis</span> <span class='ocrx_word' id='word_1_210' title='bbox 2318 1450 2591 1505; x_wconf 89' lang='lat' dir='ltr'>societate</span> <span class='ocrx_word' id='word_1_211' title='bbox 2620 1454 2907 1508; x_wconf 88' lang='lat' dir='ltr'>secernit?</span> <span class='ocrx_word' id='word_1_212' title='bbox 2953 1457 3129 1510; x_wconf 81' lang='lat' dir='ltr'>Arma</span> <span class='ocrx_word' id='word_1_213' title='bbox 3159 1458 3253 1512; x_wconf 90' lang='lat' dir='ltr'>ille</span> <span class='ocrx_word' id='word_1_214' title='bbox 3282 1464 3485 1515; x_wconf 87' lang='lat' dir='ltr'>contra</span> 
     </span>
    </p>
   </div>
   <div class='ocr_carea' id='block_1_30' title="bbox 1854 1541 3482 1622">
    <p class='ocr_par' dir='ltr' id='par_1_30' title="bbox 1854 1541 3482 1622">
     <span class='ocr_line' id='line_1_30' title="bbox 1854 1541 3482 1622; baseline 0.009 -28"><span class='ocrx_word' id='word_1_215' title='bbox 1854 1541 2035 1595; x_wconf 90' lang='lat' dir='ltr'>Deum</span> <span class='ocrx_word' id='word_1_216' title='bbox 2062 1546 2273 1612; x_wconf 90' lang='lat' dir='ltr'>portat,</span> <span class='ocrx_word' id='word_1_217' title='bbox 2305 1548 2507 1599; x_wconf 88' lang='lat' dir='ltr'>contra</span> <span class='ocrx_word' id='word_1_218' title='bbox 2536 1546 2635 1600; x_wconf 91' lang='lat' dir='ltr'>Dei</span> <span class='ocrx_word' id='word_1_219' title='bbox 2676 1547 3111 1617; x_wconf 90' lang='lat' dir='ltr'>dispositionem</span> <span class='ocrx_word' id='word_1_220' title='bbox 3148 1557 3437 1622; x_wconf 83' lang='lat' dir='ltr'>repugnat</span> <span class='ocrx_word' id='word_1_221' title='bbox 3469 1572 3482 1609; x_wconf 89' lang='lat'>:</span> 
     </span>
    </p>
   </div>
   <div class='ocr_carea' id='block_1_31' title="bbox 1853 1634 3481 1714">
    <p class='ocr_par' dir='ltr' id='par_1_31' title="bbox 1853 1634 3481 1714">
     <span class='ocr_line' id='line_1_31' title="bbox 1853 1634 3481 1714; baseline 0.007 -26"><span class='ocrx_word' id='word_1_222' title='bbox 1853 1634 2032 1689; x_wconf 87' lang='lat' dir='ltr'>hostis</span> <span class='ocrx_word' id='word_1_223' title='bbox 2063 1637 2256 1690; x_wconf 86' lang='lat' dir='ltr'>altaris</span> <span class='ocrx_word' id='word_1_224' title='bbox 2287 1638 2555 1693; x_wconf 88' lang='lat' dir='ltr'>adversus</span> <span class='ocrx_word' id='word_1_225' title='bbox 2600 1641 2941 1696; x_wconf 89' lang='lat' dir='ltr'>sacriﬁcium</span> <span class='ocrx_word' id='word_1_226' title='bbox 2983 1644 3189 1698; x_wconf 89' lang='lat' dir='ltr'>Christi</span> <span class='ocrx_word' id='word_1_227' title='bbox 3232 1646 3481 1714; x_wconf 87' lang='lat' dir='ltr'>rebellis,</span> 
     </span>
    </p>
   </div>
   <div class='ocr_carea' id='block_1_32' title="bbox 1852 1728 3482 1808">
    <p class='ocr_par' dir='ltr' id='par_1_32' title="bbox 1852 1728 3482 1808">
     <span class='ocr_line' id='line_1_32' title="bbox 1852 1728 3482 1808; baseline 0.007 -27"><span class='ocrx_word' id='word_1_228' title='bbox 1852 1744 1956 1797; x_wconf 90' lang='lat' dir='ltr'>pro</span> <span class='ocrx_word' id='word_1_229' title='bbox 1984 1728 2097 1783; x_wconf 91' lang='lat' dir='ltr'>ﬁde</span> <span class='ocrx_word' id='word_1_230' title='bbox 2126 1731 2396 1800; x_wconf 90' lang='lat' dir='ltr'>perﬁdus,</span> <span class='ocrx_word' id='word_1_231' title='bbox 2428 1749 2533 1803; x_wconf 93' lang='lat' dir='ltr'>pro</span> <span class='ocrx_word' id='word_1_232' title='bbox 2571 1734 2854 1803; x_wconf 87' lang='lat' dir='ltr'>religione</span> <span class='ocrx_word' id='word_1_233' title='bbox 2885 1737 3212 1808; x_wconf 88' lang='lat' dir='ltr'>sacrilegus,</span> <span class='ocrx_word' id='word_1_234' title='bbox 3256 1738 3482 1794; x_wconf 87' lang='lat' dir='ltr'>inobse-</span> 
     </span>
    </p>
   </div>
   <div class='ocr_carea' id='block_1_33' title="bbox 126 1808 3486 1905">
    <p class='ocr_par' dir='ltr' id='par_1_33' title="bbox 126 1808 3486 1905">
     <span class='ocr_line' id='line_1_33' title="bbox 126 1808 3486 1905; baseline 0.009 -47"><span class='ocrx_word' id='word_1_235' title='bbox 126 1817 273 1886; x_wconf 73' lang='grc' dir='ltr'>(ιδξά,</span> <span class='ocrx_word' id='word_1_236' title='bbox 330 1817 471 1887; x_wconf 69' lang='lat' dir='ltr'>xui);</span> <span class='ocrx_word' id='word_1_237' title='bbox 519 1821 578 1871; x_wconf 67' lang='lat' dir='ltr'>et</span> <span class='ocrx_word' id='word_1_238' title='bbox 618 1818 827 1873; x_wconf 77' lang='lat' dir='ltr'>iterum</span> <span class='ocrx_word' id='word_1_239' title='bbox 865 1838 877 1875; x_wconf 86' lang='lat'><strong>;</strong></span> <span class='ocrx_word' id='word_1_240' title='bbox 910 1822 1089 1883; x_wconf 73' lang='lat' dir='ltr'>Fides,</span> <span class='ocrx_word' id='word_1_241' title='bbox 1141 1839 1281 1891; x_wconf 71' lang='lat' dir='ltr'>spes,</span> <span class='ocrx_word' id='word_1_242' title='bbox 1331 1826 1591 1889; x_wconf 72' lang='grc' dir='ltr'>οιιανίιαε,</span> <span class='ocrx_word' id='word_1_243' title='bbox 1643 1808 1829 1882; x_wconf 76' lang='lat' dir='ltr'>triaB</span> <span class='ocrx_word' id='word_1_244' title='bbox 1855 1838 2263 1892; x_wconf 87' lang='lat' dir='ltr'>quensservus,</span> <span class='ocrx_word' id='word_1_245' title='bbox 2284 1825 2673 1897; x_wconf 89' lang='lat' dir='ltr'>ﬁliusimpius,</span> <span class='ocrx_word' id='word_1_246' title='bbox 2691 1829 2871 1882; x_wconf 87' lang='lat' dir='ltr'>frater</span> <span class='ocrx_word' id='word_1_247' title='bbox 2888 1829 3170 1898; x_wconf 90' lang='lat' dir='ltr'>inimicus,</span> <span class='ocrx_word' id='word_1_248' title='bbox 3189 1836 3486 1905; x_wconf 87' lang='lat' dir='ltr'>contemp-</span> 
     </span>
    </p>
   </div>
   <div class='ocr_carea' id='block_1_34' title="bbox 124 1910 1755 1991">
    <p class='ocr_par' dir='ltr' id='par_1_34' title="bbox 124 1910 1755 1991">
     <span class='ocr_line' id='line_1_34' title="bbox 124 1910 1755 1991; baseline 0.007 -28"><span class='ocrx_word' id='word_1_249' title='bbox 124 1910 242 1972; x_wconf 71' lang='lat' dir='ltr'>haec,</span> <span class='ocrx_word' id='word_1_250' title='bbox 274 1912 452 1978; x_wconf 87' lang='lat' dir='ltr'>major</span> <span class='ocrx_word' id='word_1_251' title='bbox 491 1917 673 1966; x_wconf 87' lang='lat' dir='ltr'>autem</span> <span class='ocrx_word' id='word_1_252' title='bbox 705 1914 789 1966; x_wconf 87' lang='lat' dir='ltr'>his</span> <span class='ocrx_word' id='word_1_253' title='bbox 832 1915 1069 1968; x_wconf 86' lang='lat' dir='ltr'>charitas</span> <span class='ocrx_word' id='word_1_254' title='bbox 1106 1916 1307 1986; x_wconf 64' lang='lat' dir='ltr'>(Ibid).</span> <span class='ocrx_word' id='word_1_255' title='bbox 1353 1918 1537 1981; x_wconf 88' lang='lat' dir='ltr'>Quam</span> <span class='ocrx_word' id='word_1_256' title='bbox 1580 1920 1755 1991; x_wconf 84' lang='lat' dir='ltr'>igitur</span> 
     </span>
    </p>
   </div>
   <div class='ocr_carea' id='block_1_35' title="bbox 126 2003 1750 2083">
    <p class='ocr_par' dir='ltr' id='par_1_35' title="bbox 126 2003 1750 2083">
     <span class='ocr_line' id='line_1_35' title="bbox 126 2003 1750 2083; baseline 0.007 -27"><span class='ocrx_word' id='word_1_257' title='bbox 126 2006 249 2057; x_wconf 87' lang='lat' dir='ltr'>ante</span> <span class='ocrx_word' id='word_1_258' title='bbox 280 2003 594 2059; x_wconf 90' lang='lat' dir='ltr'>Dominum</span> <span class='ocrx_word' id='word_1_259' title='bbox 621 2006 883 2076; x_wconf 90' lang='lat' dir='ltr'>poteritis</span> <span class='ocrx_word' id='word_1_260' title='bbox 918 2007 1133 2062; x_wconf 87' lang='lat' dir='ltr'>habere</span> <span class='ocrx_word' id='word_1_261' title='bbox 1183 2009 1472 2079; x_wconf 90' lang='lat' dir='ltr'>ﬁduciam,</span> <span class='ocrx_word' id='word_1_262' title='bbox 1518 2015 1750 2083; x_wconf 90' lang='lat' dir='ltr'>quando</span> 
     </span>
    </p>
   </div>
   <div class='ocr_carea' id='block_1_36' title="bbox 127 2096 1753 2170">
    <p class='ocr_par' dir='ltr' id='par_1_36' title="bbox 127 2096 1753 2170">
     <span class='ocr_line' id='line_1_36' title="bbox 127 2096 1753 2170; baseline 0.007 -21"><span class='ocrx_word' id='word_1_263' title='bbox 127 2096 334 2150; x_wconf 90' lang='lat' dir='ltr'>nullum</span> <span class='ocrx_word' id='word_1_264' title='bbox 357 2097 697 2153; x_wconf 86' lang='lat' dir='ltr'>scandalum</span> <span class='ocrx_word' id='word_1_265' title='bbox 721 2101 987 2170; x_wconf 87' lang='lat' dir='ltr'>generari</span> <span class='ocrx_word' id='word_1_266' title='bbox 1007 2102 1168 2155; x_wconf 82' lang='lat' dir='ltr'>vobis</span> <span class='ocrx_word' id='word_1_267' title='bbox 1190 2103 1259 2156; x_wconf 91' lang='lat' dir='ltr'>de</span> <span class='ocrx_word' id='word_1_268' title='bbox 1284 2104 1418 2158; x_wconf 90' lang='lat' dir='ltr'>ﬁdei</span> <span class='ocrx_word' id='word_1_269' title='bbox 1440 2109 1649 2160; x_wconf 61' lang='lat' dir='ltr'>nostra:</span> <span class='ocrx_word' id='word_1_270' title='bbox 1670 2107 1753 2161; x_wconf 91' lang='lat' dir='ltr'>in-</span> 
     </span>
    </p>
   </div>
   <div class='ocr_carea' id='block_1_37' title="bbox 124 2190 1753 2269">
    <p class='ocr_par' dir='ltr' id='par_1_37' title="bbox 124 2190 1753 2269">
     <span class='ocr_line' id='line_1_37' title="bbox 124 2190 1753 2269; baseline 0.007 -26"><span class='ocrx_word' id='word_1_271' title='bbox 124 2190 379 2259; x_wconf 84' lang='lat' dir='ltr'>tegritate</span> <span class='ocrx_word' id='word_1_272' title='bbox 397 2195 725 2259; x_wconf 90' lang='lat' dir='ltr'>cernentes,</span> <span class='ocrx_word' id='word_1_273' title='bbox 747 2193 919 2247; x_wconf 88' lang='lat' dir='ltr'>tantis</span> <span class='ocrx_word' id='word_1_274' title='bbox 946 2196 1301 2266; x_wconf 88' lang='lat' dir='ltr'>temporibus</span> <span class='ocrx_word' id='word_1_275' title='bbox 1320 2214 1423 2269; x_wconf 90' lang='lat' dir='ltr'>per</span> <span class='ocrx_word' id='word_1_276' title='bbox 1435 2200 1753 2269; x_wconf 80' lang='lat' dir='ltr'>superfluas</span> 
     </span>
    </p>
   </div>
   <div class='ocr_carea' id='block_1_38' title="bbox 124 2283 1747 2358">
    <p class='ocr_par' dir='ltr' id='par_1_38' title="bbox 124 2283 1747 2358">
     <span class='ocr_line' id='line_1_38' title="bbox 124 2283 1747 2358; baseline 0.008 -23"><span class='ocrx_word' id='word_1_277' title='bbox 124 2283 458 2353; x_wconf 71' lang='lat' dir='ltr'>quaestiones</span> <span class='ocrx_word' id='word_1_278' title='bbox 481 2285 553 2338; x_wconf 91' lang='lat' dir='ltr'>ab</span> <span class='ocrx_word' id='word_1_279' title='bbox 575 2285 825 2340; x_wconf 88' lang='lat' dir='ltr'>Ecclesia</span> <span class='ocrx_word' id='word_1_280' title='bbox 848 2286 967 2353; x_wconf 88' lang='lat' dir='ltr'>Dei,</span> <span class='ocrx_word' id='word_1_281' title='bbox 994 2304 1119 2358; x_wconf 64' lang='lat' dir='ltr'>quae</span> <span class='ocrx_word' id='word_1_282' title='bbox 1142 2307 1257 2344; x_wconf 88' lang='lat' dir='ltr'>una</span> <span class='ocrx_word' id='word_1_283' title='bbox 1279 2294 1382 2358; x_wconf 90' lang='lat' dir='ltr'>est,</span> <span class='ocrx_word' id='word_1_284' title='bbox 1405 2295 1463 2345; x_wconf 89' lang='lat' dir='ltr'>et</span> <span class='ocrx_word' id='word_1_285' title='bbox 1492 2309 1526 2346; x_wconf 92' lang='lat' dir='ltr'>a</span> <span class='ocrx_word' id='word_1_286' title='bbox 1544 2294 1747 2347; x_wconf 87' lang='lat' dir='ltr'>frater-</span> 
     </span>
    </p>
   </div>
   <div class='ocr_carea' id='block_1_39' title="bbox 124 2376 1748 2456">
    <p class='ocr_par' dir='ltr' id='par_1_39' title="bbox 124 2376 1748 2456">
     <span class='ocr_line' id='line_1_39' title="bbox 124 2376 1748 2456; baseline 0.008 -28"><span class='ocrx_word' id='word_1_287' title='bbox 124 2391 191 2428; x_wconf 89' lang='lat' dir='ltr'>na</span> <span class='ocrx_word' id='word_1_288' title='bbox 219 2376 498 2431; x_wconf 87' lang='lat' dir='ltr'>charitate</span> <span class='ocrx_word' id='word_1_289' title='bbox 534 2394 634 2432; x_wconf 90' lang='lat' dir='ltr'>vos</span> <span class='ocrx_word' id='word_1_290' title='bbox 664 2378 842 2432; x_wconf 87' lang='lat' dir='ltr'>dividi</span> <span class='ocrx_word' id='word_1_291' title='bbox 871 2380 1107 2435; x_wconf 88' lang='lat' dir='ltr'>duratis.</span> <span class='ocrx_word' id='word_1_292' title='bbox 1139 2383 1244 2437; x_wconf 88' lang='lat' dir='ltr'>Ubi</span> <span class='ocrx_word' id='word_1_293' title='bbox 1275 2400 1528 2456; x_wconf 89' lang='lat' dir='ltr'>namque</span> <span class='ocrx_word' id='word_1_294' title='bbox 1561 2386 1630 2440; x_wconf 87' lang='lat' dir='ltr'>sit</span> <span class='ocrx_word' id='word_1_295' title='bbox 1657 2404 1748 2441; x_wconf 89' lang='lat' dir='ltr'>ec-</span> 
     </span>
    </p>
   </div>
   <div class='ocr_carea' id='block_1_40' title="bbox 123 2468 1749 2543">
    <p class='ocr_par' dir='ltr' id='par_1_40' title="bbox 123 2468 1749 2543">
     <span class='ocr_line' id='line_1_40' title="bbox 123 2468 1749 2543; baseline 0.009 -23"><span class='ocrx_word' id='word_1_296' title='bbox 123 2468 282 2523; x_wconf 87' lang='lat' dir='ltr'>clesia</span> <span class='ocrx_word' id='word_1_297' title='bbox 309 2470 640 2538; x_wconf 89' lang='lat' dir='ltr'>constituta,</span> <span class='ocrx_word' id='word_1_298' title='bbox 684 2472 818 2526; x_wconf 89' lang='lat' dir='ltr'>licet</span> <span class='ocrx_word' id='word_1_299' title='bbox 846 2473 1021 2543; x_wconf 89' lang='lat' dir='ltr'>ipsius</span> <span class='ocrx_word' id='word_1_300' title='bbox 1047 2476 1273 2530; x_wconf 90' lang='lat' dir='ltr'>Domini</span> <span class='ocrx_word' id='word_1_301' title='bbox 1298 2494 1433 2532; x_wconf 87' lang='lat' dir='ltr'>voce</span> <span class='ocrx_word' id='word_1_302' title='bbox 1459 2479 1519 2532; x_wconf 90' lang='lat' dir='ltr'>in</span> <span class='ocrx_word' id='word_1_303' title='bbox 1552 2484 1749 2536; x_wconf 88' lang='lat' dir='ltr'>sancto</span> 
     </span>
    </p>
   </div>
   <div class='ocr_carea' id='block_1_41' title="bbox 1854 1915 3487 1991">
    <p class='ocr_par' dir='ltr' id='par_1_41' title="bbox 1854 1915 3487 1991">
     <span class='ocr_line' id='line_1_41' title="bbox 1854 1915 3487 1991; baseline 0.009 -24"><span class='ocrx_word' id='word_1_304' title='bbox 1854 1915 1925 1968; x_wconf 92' lang='lat' dir='ltr'>tis</span> <span class='ocrx_word' id='word_1_305' title='bbox 1948 1915 2222 1987; x_wconf 89' lang='lat' dir='ltr'>episcopis</span> <span class='ocrx_word' id='word_1_306' title='bbox 2244 1921 2301 1970; x_wconf 86' lang='lat' dir='ltr'>et</span> <span class='ocrx_word' id='word_1_307' title='bbox 2318 1918 2414 1972; x_wconf 89' lang='lat' dir='ltr'>Dei</span> <span class='ocrx_word' id='word_1_308' title='bbox 2435 1921 2826 1975; x_wconf 90' lang='lat' dir='ltr'>sacerdotibus</span> <span class='ocrx_word' id='word_1_309' title='bbox 2848 1923 3154 1991; x_wconf 88' lang='lat' dir='ltr'>derelictis,</span> <span class='ocrx_word' id='word_1_310' title='bbox 3179 1927 3487 1982; x_wconf 88' lang='lat' dir='ltr'>constitue-</span> 
     </span>
    </p>
   </div>
   <div class='ocr_carea' id='block_1_42' title="bbox 1852 2010 3481 2088">
    <p class='ocr_par' dir='ltr' id='par_1_42' title="bbox 1852 2010 3481 2088">
     <span class='ocr_line' id='line_1_42' title="bbox 1852 2010 3481 2088; baseline 0.009 -28"><span class='ocrx_word' id='word_1_311' title='bbox 1852 2024 1916 2061; x_wconf 91' lang='lat' dir='ltr'>re</span> <span class='ocrx_word' id='word_1_312' title='bbox 1950 2010 2126 2062; x_wconf 89' lang='lat' dir='ltr'>audet</span> <span class='ocrx_word' id='word_1_313' title='bbox 2150 2010 2305 2064; x_wconf 88' lang='lat' dir='ltr'>aliud</span> <span class='ocrx_word' id='word_1_314' title='bbox 2323 2012 2522 2066; x_wconf 89' lang='lat' dir='ltr'>altare.</span> <span class='ocrx_word' id='word_1_315' title='bbox 2550 2015 2689 2067; x_wconf 91' lang='lat' dir='ltr'>Item</span> <span class='ocrx_word' id='word_1_316' title='bbox 2716 2015 2875 2085; x_wconf 90' lang='lat' dir='ltr'>cujus</span> <span class='ocrx_word' id='word_1_317' title='bbox 2895 2034 3099 2087; x_wconf 89' lang='lat' dir='ltr'>supra:</span> <span class='ocrx_word' id='word_1_318' title='bbox 3121 2019 3291 2088; x_wconf 91' lang='lat' dir='ltr'>Pejus</span> <span class='ocrx_word' id='word_1_319' title='bbox 3307 2020 3481 2074; x_wconf 90' lang='lat' dir='ltr'>schis-</span> 
     </span>
    </p>
   </div>
   <div class='ocr_carea' id='block_1_43' title="bbox 1853 2101 3482 2180">
    <p class='ocr_par' dir='ltr' id='par_1_43' title="bbox 1853 2101 3482 2180">
     <span class='ocr_line' id='line_1_43' title="bbox 1853 2101 3482 2180; baseline 0.008 -27"><span class='ocrx_word' id='word_1_320' title='bbox 1853 2101 2025 2154; x_wconf 88' lang='lat' dir='ltr'>matis</span> <span class='ocrx_word' id='word_1_321' title='bbox 2057 2103 2275 2157; x_wconf 89' lang='lat' dir='ltr'>crimen</span> <span class='ocrx_word' id='word_1_322' title='bbox 2302 2107 2406 2172; x_wconf 89' lang='lat' dir='ltr'>est,</span> <span class='ocrx_word' id='word_1_323' title='bbox 2428 2121 2602 2175; x_wconf 90' lang='lat' dir='ltr'>quam</span> <span class='ocrx_word' id='word_1_324' title='bbox 2631 2108 2785 2176; x_wconf 92' lang='lat' dir='ltr'>quod</span> <span class='ocrx_word' id='word_1_325' title='bbox 2809 2108 2863 2161; x_wconf 89' lang='lat' dir='ltr'>hi</span> <span class='ocrx_word' id='word_1_326' title='bbox 2887 2110 2983 2179; x_wconf 85' lang='lat' dir='ltr'>qui</span> <span class='ocrx_word' id='word_1_327' title='bbox 3002 2110 3482 2180; x_wconf 87' lang='lat' dir='ltr'>sacriﬁcaverunt,</span> 
     </span>
    </p>
   </div>
   <div class='ocr_carea' id='block_1_44' title="bbox 1854 2194 3482 2269">
    <p class='ocr_par' dir='ltr' id='par_1_44' title="bbox 1854 2194 3482 2269">
     <span class='ocr_line' id='line_1_44' title="bbox 1854 2194 3482 2269; baseline 0.007 -22"><span class='ocrx_word' id='word_1_328' title='bbox 1854 2194 1950 2265; x_wconf 90' lang='lat' dir='ltr'>qui</span> <span class='ocrx_word' id='word_1_329' title='bbox 1982 2198 2179 2250; x_wconf 89' lang='lat' dir='ltr'>tamen</span> <span class='ocrx_word' id='word_1_330' title='bbox 2212 2197 2268 2250; x_wconf 91' lang='lat' dir='ltr'>in</span> <span class='ocrx_word' id='word_1_331' title='bbox 2296 2199 2634 2269; x_wconf 67' lang='lat' dir='ltr'>paenitentia</span> <span class='ocrx_word' id='word_1_332' title='bbox 2656 2201 2915 2255; x_wconf 88' lang='lat' dir='ltr'>criminis</span> <span class='ocrx_word' id='word_1_333' title='bbox 2952 2204 3245 2257; x_wconf 89' lang='lat' dir='ltr'>constituti</span> <span class='ocrx_word' id='word_1_334' title='bbox 3285 2205 3482 2260; x_wconf 91' lang='lat' dir='ltr'>Domi-</span> 
     </span>
    </p>
   </div>
   <div class='ocr_carea' id='block_1_45' title="bbox 1853 2290 3481 2366">
    <p class='ocr_par' dir='ltr' id='par_1_45' title="bbox 1853 2290 3481 2366">
     <span class='ocr_line' id='line_1_45' title="bbox 1853 2290 3481 2366; baseline 0.009 -26"><span class='ocrx_word' id='word_1_335' title='bbox 1853 2304 1992 2341; x_wconf 89' lang='lat' dir='ltr'>num</span> <span class='ocrx_word' id='word_1_336' title='bbox 2024 2290 2205 2359; x_wconf 90' lang='lat' dir='ltr'>plebis</span> <span class='ocrx_word' id='word_1_337' title='bbox 2234 2292 2716 2348; x_wconf 89' lang='lat' dir='ltr'>satisfactionibus</span> <span class='ocrx_word' id='word_1_338' title='bbox 2744 2295 3140 2366; x_wconf 83' lang='lat' dir='ltr'>deprecantur.</span> <span class='ocrx_word' id='word_1_339' title='bbox 3160 2298 3259 2352; x_wconf 91' lang='lat' dir='ltr'>Hic</span> <span class='ocrx_word' id='word_1_340' title='bbox 3292 2300 3481 2354; x_wconf 87' lang='lat' dir='ltr'>Eccle-</span> 
     </span>
    </p>
   </div>
   <div class='ocr_carea' id='block_1_46' title="bbox 1852 2381 3479 2463">
    <p class='ocr_par' dir='ltr' id='par_1_46' title="bbox 1852 2381 3479 2463">
     <span class='ocr_line' id='line_1_46' title="bbox 1852 2381 3479 2463; baseline 0.008 -29"><span class='ocrx_word' id='word_1_341' title='bbox 1852 2381 1936 2435; x_wconf 90' lang='lat' dir='ltr'>sia</span> <span class='ocrx_word' id='word_1_342' title='bbox 1961 2383 2236 2453; x_wconf 68' lang='lat' dir='ltr'>qumritur</span> <span class='ocrx_word' id='word_1_343' title='bbox 2262 2388 2319 2438; x_wconf 86' lang='lat' dir='ltr'>et</span> <span class='ocrx_word' id='word_1_344' title='bbox 2356 2390 2611 2457; x_wconf 83' lang='lat' dir='ltr'>rogatur,</span> <span class='ocrx_word' id='word_1_345' title='bbox 2646 2387 2759 2442; x_wconf 90' lang='lat' dir='ltr'>illic</span> <span class='ocrx_word' id='word_1_346' title='bbox 2802 2390 3065 2445; x_wconf 65' lang='lat' dir='ltr'>Ecclesia:</span> <span class='ocrx_word' id='word_1_347' title='bbox 3104 2398 3479 2463; x_wconf 85' lang='lat' dir='ltr'>repugnatur.</span> 
     </span>
    </p>
   </div>
   <div class='ocr_carea' id='block_1_47' title="bbox 1852 2474 3483 2549">
    <p class='ocr_par' dir='ltr' id='par_1_47' title="bbox 1852 2474 3483 2549">
     <span class='ocr_line' id='line_1_47' title="bbox 1852 2474 3483 2549; baseline 0.008 -21"><span class='ocrx_word' id='word_1_348' title='bbox 1852 2474 1949 2528; x_wconf 89' lang='lat' dir='ltr'>Hic</span> <span class='ocrx_word' id='word_1_349' title='bbox 1979 2480 2169 2547; x_wconf 87' lang='lat' dir='ltr'>potest</span> <span class='ocrx_word' id='word_1_350' title='bbox 2197 2480 2507 2533; x_wconf 89' lang='lat' dir='ltr'>necessitas</span> <span class='ocrx_word' id='word_1_351' title='bbox 2530 2480 2721 2549; x_wconf 88' lang='lat' dir='ltr'>fuisse,</span> <span class='ocrx_word' id='word_1_352' title='bbox 2754 2482 2866 2537; x_wconf 92' lang='lat' dir='ltr'>illic</span> <span class='ocrx_word' id='word_1_353' title='bbox 2887 2486 3150 2539; x_wconf 87' lang='lat' dir='ltr'>voluntas</span> <span class='ocrx_word' id='word_1_354' title='bbox 3170 2489 3400 2540; x_wconf 87' lang='lat' dir='ltr'>tenetur</span> <span class='ocrx_word' id='word_1_355' title='bbox 3424 2488 3483 2541; x_wconf 91' lang='lat' dir='ltr'>in</span> 
     </span>
    </p>
   </div>
   <div class='ocr_carea' id='block_1_48' title="bbox 124 2562 3484 2652">
    <p class='ocr_par' dir='ltr' id='par_1_48' title="bbox 124 2562 3484 2652">
     <span class='ocr_line' id='line_1_48' title="bbox 124 2562 3484 2652; baseline 0.007 -42"><span class='ocrx_word' id='word_1_356' title='bbox 124 2562 419 2633; x_wconf 80' lang='lat' dir='ltr'>Evangelio</span> <span class='ocrx_word' id='word_1_357' title='bbox 430 2563 504 2617; x_wconf 86' lang='lat' dir='ltr'>sit</span> <span class='ocrx_word' id='word_1_358' title='bbox 518 2566 951 2636; x_wconf 83' lang='lat' dir='ltr'>apertum,quid</span> <span class='ocrx_word' id='word_1_359' title='bbox 972 2571 1169 2623; x_wconf 82' lang='lat' dir='ltr'>tamen</span> <span class='ocrx_word' id='word_1_360' title='bbox 1186 2570 1389 2625; x_wconf 82' lang='lat' dir='ltr'>beatus</span> <span class='ocrx_word' id='word_1_361' title='bbox 1400 2573 1750 2643; x_wconf 77' lang='lat' dir='ltr'>Augustinus</span> <span class='ocrx_word' id='word_1_362' title='bbox 1851 2570 2084 2623; x_wconf 88' lang='lat' dir='ltr'>scelere.</span> <span class='ocrx_word' id='word_1_363' title='bbox 2101 2572 2198 2625; x_wconf 87' lang='lat' dir='ltr'>Hic</span> <span class='ocrx_word' id='word_1_364' title='bbox 2221 2573 2319 2643; x_wconf 89' lang='lat' dir='ltr'>qui</span> <span class='ocrx_word' id='word_1_365' title='bbox 2336 2574 2526 2644; x_wconf 90' lang='lat' dir='ltr'>lapsus</span> <span class='ocrx_word' id='word_1_366' title='bbox 2544 2578 2647 2642; x_wconf 90' lang='lat' dir='ltr'>est,</span> <span class='ocrx_word' id='word_1_367' title='bbox 2665 2575 2768 2629; x_wconf 89' lang='lat' dir='ltr'>sibi</span> <span class='ocrx_word' id='word_1_368' title='bbox 2784 2579 3009 2632; x_wconf 87' lang='lat' dir='ltr'>tantum</span> <span class='ocrx_word' id='word_1_369' title='bbox 3027 2580 3242 2647; x_wconf 90' lang='lat' dir='ltr'>nocuit,</span> <span class='ocrx_word' id='word_1_370' title='bbox 3260 2580 3370 2635; x_wconf 90' lang='lat' dir='ltr'>illic</span> <span class='ocrx_word' id='word_1_371' title='bbox 3387 2582 3484 2652; x_wconf 91' lang='lat' dir='ltr'>qui</span> 
     </span>
    </p>
   </div>
   <div class='ocr_carea' id='block_1_49' title="bbox 126 2655 3481 2739">
    <p class='ocr_par' dir='ltr' id='par_1_49' title="bbox 126 2655 3481 2739">
     <span class='ocr_line' id='line_1_49' title="bbox 126 2655 3481 2739; baseline 0.008 -31"><span class='ocrx_word' id='word_1_372' title='bbox 126 2655 367 2724; x_wconf 88' lang='lat' dir='ltr'>ejusdem</span> <span class='ocrx_word' id='word_1_373' title='bbox 395 2657 705 2713; x_wconf 78' lang='lat' dir='ltr'>dominicae</span> <span class='ocrx_word' id='word_1_374' title='bbox 730 2676 957 2714; x_wconf 89' lang='lat' dir='ltr'>memor</span> <span class='ocrx_word' id='word_1_375' title='bbox 982 2663 1282 2718; x_wconf 54' lang='lat' dir='ltr'>sententia</span> <span class='ocrx_word' id='word_1_376' title='bbox 1314 2664 1621 2735; x_wconf 89' lang='lat' dir='ltr'>deﬁnierit,</span> <span class='ocrx_word' id='word_1_377' title='bbox 1656 2685 1750 2721; x_wconf 89' lang='lat' dir='ltr'>au-</span> <span class='ocrx_word' id='word_1_378' title='bbox 1849 2661 2117 2717; x_wconf 64' lang='lat' dir='ltr'>hmresim</span> <span class='ocrx_word' id='word_1_379' title='bbox 2148 2666 2235 2719; x_wconf 92' lang='lat' dir='ltr'>vel</span> <span class='ocrx_word' id='word_1_380' title='bbox 2260 2666 2508 2722; x_wconf 87' lang='lat' dir='ltr'>schisma</span> <span class='ocrx_word' id='word_1_381' title='bbox 2531 2669 2720 2723; x_wconf 88' lang='lat' dir='ltr'>facere</span> <span class='ocrx_word' id='word_1_382' title='bbox 2750 2675 3009 2739; x_wconf 90' lang='lat' dir='ltr'>conatur,</span> <span class='ocrx_word' id='word_1_383' title='bbox 3041 2674 3252 2727; x_wconf 89' lang='lat' dir='ltr'>multos</span> <span class='ocrx_word' id='word_1_384' title='bbox 3287 2693 3481 2735; x_wconf 87' lang='lat' dir='ltr'>secum</span> 
     </span>
    </p>
   </div>
   <div class='ocr_carea' id='block_1_50' title="bbox 125 2747 3484 2841">
    <p class='ocr_par' dir='ltr' id='par_1_50' title="bbox 125 2747 3484 2841">
     <span class='ocr_line' id='line_1_50' title="bbox 125 2747 3484 2841; baseline 0.008 -41"><span class='ocrx_word' id='word_1_385' title='bbox 125 2747 353 2803; x_wconf 89' lang='lat' dir='ltr'>diamus.</span> <span class='ocrx_word' id='word_1_386' title='bbox 385 2751 445 2804; x_wconf 89' lang='lat' dir='ltr'>In</span> <span class='ocrx_word' id='word_1_387' title='bbox 477 2750 567 2805; x_wconf 89' lang='lat' dir='ltr'>his</span> <span class='ocrx_word' id='word_1_388' title='bbox 583 2768 854 2823; x_wconf 85' lang='lat' dir='ltr'>namque,</span> <span class='ocrx_word' id='word_1_389' title='bbox 876 2754 974 2823; x_wconf 91' lang='lat' dir='ltr'>ait,</span> <span class='ocrx_word' id='word_1_390' title='bbox 999 2771 1121 2809; x_wconf 86' lang='lat' dir='ltr'>esse</span> <span class='ocrx_word' id='word_1_391' title='bbox 1150 2757 1251 2810; x_wconf 88' lang='lat' dir='ltr'>Dei</span> <span class='ocrx_word' id='word_1_392' title='bbox 1270 2759 1580 2814; x_wconf 73' lang='lat' dir='ltr'>Ecclesium</span> <span class='ocrx_word' id='word_1_393' title='bbox 1610 2778 1748 2815; x_wconf 75' lang='lat' dir='ltr'>con-</span> <span class='ocrx_word' id='word_1_394' title='bbox 1849 2756 2133 2812; x_wconf 88' lang='lat' dir='ltr'>trahendo</span> <span class='ocrx_word' id='word_1_395' title='bbox 2158 2758 2401 2830; x_wconf 88' lang='lat' dir='ltr'>decepit.</span> <span class='ocrx_word' id='word_1_396' title='bbox 2434 2761 2529 2816; x_wconf 88' lang='lat' dir='ltr'>Hic</span> <span class='ocrx_word' id='word_1_397' title='bbox 2549 2763 2757 2818; x_wconf 69' lang='lat' dir='ltr'>animae</span> <span class='ocrx_word' id='word_1_398' title='bbox 2770 2765 2936 2819; x_wconf 89' lang='lat' dir='ltr'>unius</span> <span class='ocrx_word' id='word_1_399' title='bbox 2950 2770 3037 2821; x_wconf 88' lang='lat' dir='ltr'>est</span> <span class='ocrx_word' id='word_1_400' title='bbox 3053 2769 3351 2841; x_wconf 89' lang='lat' dir='ltr'>damnum,</span> <span class='ocrx_word' id='word_1_401' title='bbox 3372 2774 3484 2829; x_wconf 91' lang='lat' dir='ltr'>illic</span> 
     </span>
    </p>
   </div>
   <div class='ocr_carea' id='block_1_51' title="bbox 125 2841 3535 2930">
    <p class='ocr_par' dir='ltr' id='par_1_51' title="bbox 125 2841 3535 2930">
     <span class='ocr_line' id='line_1_51' title="bbox 125 2841 3535 2930; baseline 0.009 -36"><span class='ocrx_word' id='word_1_402' title='bbox 125 2841 389 2909; x_wconf 88' lang='lat' dir='ltr'>stitutam,</span> <span class='ocrx_word' id='word_1_403' title='bbox 425 2844 524 2914; x_wconf 91' lang='lat' dir='ltr'>qui</span> <span class='ocrx_word' id='word_1_404' title='bbox 564 2844 795 2899; x_wconf 88' lang='lat' dir='ltr'>sedibus</span> <span class='ocrx_word' id='word_1_405' title='bbox 836 2848 1159 2917; x_wconf 89' lang='lat' dir='ltr'>apostolicis</span> <span class='ocrx_word' id='word_1_406' title='bbox 1196 2866 1300 2920; x_wconf 89' lang='lat' dir='ltr'>per</span> <span class='ocrx_word' id='word_1_407' title='bbox 1332 2854 1749 2909; x_wconf 90' lang='lat' dir='ltr'>successionem</span> <span class='ocrx_word' id='word_1_408' title='bbox 1849 2849 2167 2919; x_wconf 89' lang='lat' dir='ltr'>periculum</span> <span class='ocrx_word' id='word_1_409' title='bbox 2192 2854 2596 2922; x_wconf 89' lang='lat' dir='ltr'>plurimorum.</span> <span class='ocrx_word' id='word_1_410' title='bbox 2617 2858 2780 2911; x_wconf 88' lang='lat' dir='ltr'>Certe</span> <span class='ocrx_word' id='word_1_411' title='bbox 2809 2876 2866 2912; x_wconf 90' lang='lat' dir='ltr'>se</span> <span class='ocrx_word' id='word_1_412' title='bbox 2882 2865 3479 2930; x_wconf 85' lang='lat' dir='ltr'>peccassehicintelli-</span> <span class='ocrx_word' id='word_1_413' title='bbox 3524 2886 3535 2895; x_wconf 73' lang='lat'>‘</span> 
     </span>
    </p>
   </div>
   <div class='ocr_carea' id='block_1_52' title="bbox 125 2936 3481 3030">
    <p class='ocr_par' dir='ltr' id='par_1_52' title="bbox 125 2936 3481 3030">
     <span class='ocr_line' id='line_1_52' title="bbox 125 2936 3481 3030; baseline 0.01 -49"><span class='ocrx_word' id='word_1_414' title='bbox 125 2936 417 3003; x_wconf 78' lang='lat' dir='ltr'>praesulum</span> <span class='ocrx_word' id='word_1_415' title='bbox 460 2938 772 3008; x_wconf 60' lang='lat' dir='ltr'>praesidere</span> <span class='ocrx_word' id='word_1_416' title='bbox 819 2946 1150 2997; x_wconf 77' lang='lat' dir='ltr'>noscuntur,</span> <span class='ocrx_word' id='word_1_417' title='bbox 1198 2944 1265 2997; x_wconf 79' lang='lat' dir='ltr'>Et</span> <span class='ocrx_word' id='word_1_418' title='bbox 1303 2946 1630 3018; x_wconf 77' lang='lat' dir='ltr'>quicunque</span> <span class='ocrx_word' id='word_1_419' title='bbox 1676 2949 1746 3003; x_wconf 76' lang='lat' dir='ltr'>ab</span> <span class='ocrx_word' id='word_1_420' title='bbox 1849 2941 1934 3011; x_wconf 89' lang='lat' dir='ltr'>git</span> <span class='ocrx_word' id='word_1_421' title='bbox 1964 2946 2021 2996; x_wconf 88' lang='lat' dir='ltr'>et</span> <span class='ocrx_word' id='word_1_422' title='bbox 2046 2945 2287 3016; x_wconf 77' lang='lat' dir='ltr'>plangit,</span> <span class='ocrx_word' id='word_1_423' title='bbox 2312 2947 2407 3001; x_wconf 91' lang='lat' dir='ltr'>ille</span> <span class='ocrx_word' id='word_1_424' title='bbox 2427 2951 2725 3003; x_wconf 91' lang='lat' dir='ltr'>tumensin</span> <span class='ocrx_word' id='word_1_425' title='bbox 2741 2957 2975 3022; x_wconf 88' lang='lat' dir='ltr'>peccato</span> <span class='ocrx_word' id='word_1_426' title='bbox 2994 2972 3116 3024; x_wconf 93' lang='lat' dir='ltr'>suo,</span> <span class='ocrx_word' id='word_1_427' title='bbox 3147 2962 3201 3011; x_wconf 90' lang='lat' dir='ltr'>et</span> <span class='ocrx_word' id='word_1_428' title='bbox 3224 2960 3359 3030; x_wconf 88' lang='lat' dir='ltr'>ipsis</span> <span class='ocrx_word' id='word_1_429' title='bbox 3376 2962 3481 3015; x_wconf 89' lang='lat' dir='ltr'>sibi</span> 
     </span>
    </p>
   </div>
   <div class='ocr_carea' id='block_1_53' title="bbox 125 3029 3480 3123">
    <p class='ocr_par' dir='ltr' id='par_1_53' title="bbox 125 3029 3480 3123">
     <span class='ocr_line' id='line_1_53' title="bbox 125 3029 3480 3123; baseline 0.011 -50"><span class='ocrx_word' id='word_1_430' title='bbox 125 3029 446 3084; x_wconf 72' lang='lat' dir='ltr'>earumdem</span> <span class='ocrx_word' id='word_1_431' title='bbox 482 3031 707 3086; x_wconf 78' lang='lat' dir='ltr'>sedium</span> <span class='ocrx_word' id='word_1_432' title='bbox 738 3050 798 3087; x_wconf 77' lang='lat' dir='ltr'>se</span> <span class='ocrx_word' id='word_1_433' title='bbox 831 3036 1240 3091; x_wconf 78' lang='lat' dir='ltr'>communione</span> <span class='ocrx_word' id='word_1_434' title='bbox 1272 3040 1359 3092; x_wconf 77' lang='lat' dir='ltr'>vel</span> <span class='ocrx_word' id='word_1_435' title='bbox 1407 3041 1746 3096; x_wconf 66' lang='lat' dir='ltr'>auctoritate</span> <span class='ocrx_word' id='word_1_436' title='bbox 1849 3035 2070 3090; x_wconf 85' lang='lat' dir='ltr'>delictis</span> <span class='ocrx_word' id='word_1_437' title='bbox 2086 3039 2379 3108; x_wconf 89' lang='lat' dir='ltr'>placens,a</span> <span class='ocrx_word' id='word_1_438' title='bbox 2396 3043 2740 3098; x_wconf 88' lang='lat' dir='ltr'>matreﬁlios</span> <span class='ocrx_word' id='word_1_439' title='bbox 2756 3051 3041 3117; x_wconf 89' lang='lat' dir='ltr'>segregat,</span> <span class='ocrx_word' id='word_1_440' title='bbox 3061 3066 3239 3105; x_wconf 89' lang='lat' dir='ltr'>ovesa</span> <span class='ocrx_word' id='word_1_441' title='bbox 3250 3058 3480 3123; x_wconf 89' lang='lat' dir='ltr'>pastore</span> 
     </span>
    </p>
   </div>
   <div class='ocr_carea' id='block_1_54' title="bbox 125 3123 1748 3206">
    <p class='ocr_par' dir='ltr' id='par_1_54' title="bbox 125 3123 1748 3206">
     <span class='ocr_line' id='line_1_54' title="bbox 125 3123 1748 3206; baseline 0.009 -32"><span class='ocrx_word' id='word_1_442' title='bbox 125 3123 492 3192; x_wconf 89' lang='lat' dir='ltr'>suspenderit,</span> <span class='ocrx_word' id='word_1_443' title='bbox 512 3142 634 3180; x_wconf 91' lang='lat' dir='ltr'>esse</span> <span class='ocrx_word' id='word_1_444' title='bbox 652 3125 710 3180; x_wconf 91' lang='lat' dir='ltr'>in</span> <span class='ocrx_word' id='word_1_445' title='bbox 733 3126 1040 3182; x_wconf 84' lang='lat' dir='ltr'>schismate</span> <span class='ocrx_word' id='word_1_446' title='bbox 1065 3129 1511 3187; x_wconf 89' lang='lat' dir='ltr'>demonstratur.</span> <span class='ocrx_word' id='word_1_447' title='bbox 1532 3136 1599 3188; x_wconf 89' lang='lat' dir='ltr'>Et</span> <span class='ocrx_word' id='word_1_448' title='bbox 1618 3139 1748 3206; x_wconf 90' lang='lat' dir='ltr'>post</span> 
     </span>
    </p>
   </div>
   <div class='ocr_carea' id='block_1_55' title="bbox 126 3179 1822 3292">
    <p class='ocr_par' dir='ltr' id='par_1_55' title="bbox 126 3179 1822 3292">
     <span class='ocr_line' id='line_1_55' title="bbox 211 3179 1748 3206; baseline 0.008 -17"><span class='ocrx_word' id='word_1_449' title='bbox 211 3179 225 3192; x_wconf 83' lang='grc' dir='ltr'>ι</span> <span class='ocrx_word' id='word_1_450' title='bbox 480 3179 492 3191; x_wconf 84' lang='grc' dir='ltr'><em>ι</em></span> <span class='ocrx_word' id='word_1_451' title='bbox 703 3179 708 3180; x_wconf 53' lang='grc'><strong><em>⁷</em></strong></span> <span class='ocrx_word' id='word_1_452' title='bbox 745 3179 1036 3182; x_wconf 50' lang='lat'>&quot;&quot;”“&quot;&#39;“</span> <span class='ocrx_word' id='word_1_453' title='bbox 1070 3179 1599 3188; x_wconf 60' lang='lat'>“““&quot;&quot;’&quot;&quot;&quot;“&quot;“&quot;</span> <span class='ocrx_word' id='word_1_454' title='bbox 1620 3179 1748 3206; x_wconf 65' lang='lat' dir='ltr'>[’Vv&#39;</span> 
     </span>
     <span class='ocr_line' id='line_1_56' title="bbox 126 3179 1822 3292; baseline 0.01 -25"><span class='ocrx_word' id='word_1_455' title='bbox 126 3213 243 3268; x_wconf 86' lang='lat' dir='ltr'>alia.</span> <span class='ocrx_word' id='word_1_456' title='bbox 268 3217 492 3271; x_wconf 89' lang='lat' dir='ltr'>Positus</span> <span class='ocrx_word' id='word_1_457' title='bbox 511 3219 671 3287; x_wconf 89' lang='lat' dir='ltr'>foris,</span> <span class='ocrx_word' id='word_1_458' title='bbox 703 3221 931 3274; x_wconf 87' lang='lat' dir='ltr'>etiamsi</span> <span class='ocrx_word' id='word_1_459' title='bbox 958 3238 1063 3292; x_wconf 91' lang='lat' dir='ltr'>pro</span> <span class='ocrx_word' id='word_1_460' title='bbox 1090 3224 1296 3278; x_wconf 88' lang='lat' dir='ltr'>Christi</span> <span class='ocrx_word' id='word_1_461' title='bbox 1323 3227 1559 3281; x_wconf 91' lang='lat' dir='ltr'>nomine</span> <span class='ocrx_word' id='word_1_462' title='bbox 1588 3245 1744 3283; x_wconf 89' lang='lat' dir='ltr'>mor-</span> <span class='ocrx_word' id='word_1_463' title='bbox 1767 3179 1822 3253; x_wconf 66' lang='grc' dir='ltr'>Ο</span> 
     </span>
    </p>
   </div>
   <div class='ocr_carea' id='block_1_56' title="bbox 126 3308 1741 3395">
    <p class='ocr_par' dir='ltr' id='par_1_56' title="bbox 126 3308 1741 3395">
     <span class='ocr_line' id='line_1_57' title="bbox 126 3308 1741 3395; baseline 0.011 -35"><span class='ocrx_word' id='word_1_464' title='bbox 126 3308 242 3360; x_wconf 87' lang='lat' dir='ltr'>tuus</span> <span class='ocrx_word' id='word_1_465' title='bbox 257 3309 623 3380; x_wconf 60' lang='lat' dir='ltr'>fueris,finter</span> <span class='ocrx_word' id='word_1_466' title='bbox 643 3314 907 3368; x_wconf 89' lang='lat' dir='ltr'>membra</span> <span class='ocrx_word' id='word_1_467' title='bbox 921 3315 1125 3370; x_wconf 88' lang='lat' dir='ltr'>Christi</span> <span class='ocrx_word' id='word_1_468' title='bbox 1150 3316 1283 3388; x_wconf 90' lang='lat' dir='ltr'>[non</span> <span class='ocrx_word' id='word_1_469' title='bbox 1300 3322 1715 3395; x_wconf 88' lang='lat' dir='ltr'>numeraberis]</span> <span class='ocrx_word' id='word_1_470' title='bbox 1729 3364 1741 3377; x_wconf 92' lang='lat'>.</span> 
     </span>
    </p>
   </div>
   <div class='ocr_carea' id='block_1_57' title="bbox 125 3399 1740 3485">
    <p class='ocr_par' dir='ltr' id='par_1_57' title="bbox 125 3399 1740 3485">
     <span class='ocr_line' id='line_1_58' title="bbox 125 3399 1740 3485; baseline 0.012 -34"><span class='ocrx_word' id='word_1_471' title='bbox 125 3399 309 3455; x_wconf 86' lang='lat' dir='ltr'>Patere</span> <span class='ocrx_word' id='word_1_472' title='bbox 336 3419 439 3473; x_wconf 94' lang='lat' dir='ltr'>pro</span> <span class='ocrx_word' id='word_1_473' title='bbox 474 3405 718 3473; x_wconf 87' lang='lat' dir='ltr'>Christo,</span> <span class='ocrx_word' id='word_1_474' title='bbox 753 3406 979 3461; x_wconf 77' lang='lat' dir='ltr'>haerens</span> <span class='ocrx_word' id='word_1_475' title='bbox 1009 3410 1255 3481; x_wconf 88' lang='lat' dir='ltr'>corpori,</span> <span class='ocrx_word' id='word_1_476' title='bbox 1282 3429 1477 3483; x_wconf 88' lang='lat' dir='ltr'>pugna</span> <span class='ocrx_word' id='word_1_477' title='bbox 1508 3430 1613 3485; x_wconf 93' lang='lat' dir='ltr'>pro</span> <span class='ocrx_word' id='word_1_478' title='bbox 1645 3433 1740 3470; x_wconf 90' lang='lat' dir='ltr'>ca-</span> 
     </span>
    </p>
   </div>
   <div class='ocr_carea' id='block_1_58' title="bbox 126 3491 1746 3578">
    <p class='ocr_par' dir='ltr' id='par_1_58' title="bbox 126 3491 1746 3578">
     <span class='ocr_line' id='line_1_59' title="bbox 126 3491 1746 3578; baseline 0.011 -32"><span class='ocrx_word' id='word_1_479' title='bbox 126 3491 248 3561; x_wconf 88' lang='lat' dir='ltr'>pite.</span> <span class='ocrx_word' id='word_1_480' title='bbox 280 3495 390 3550; x_wconf 89' lang='lat' dir='ltr'>Sed</span> <span class='ocrx_word' id='word_1_481' title='bbox 417 3501 476 3551; x_wconf 91' lang='lat' dir='ltr'>et</span> <span class='ocrx_word' id='word_1_482' title='bbox 495 3498 700 3553; x_wconf 89' lang='lat' dir='ltr'>beatus</span> <span class='ocrx_word' id='word_1_483' title='bbox 727 3500 1041 3571; x_wconf 74' lang='lat' dir='ltr'>Cyprianus</span> <span class='ocrx_word' id='word_1_484' title='bbox 1065 3505 1334 3574; x_wconf 88' lang='lat' dir='ltr'>egregius</span> <span class='ocrx_word' id='word_1_485' title='bbox 1348 3511 1567 3578; x_wconf 83' lang='lat' dir='ltr'>martyr</span> <span class='ocrx_word' id='word_1_486' title='bbox 1591 3508 1650 3564; x_wconf 92' lang='lat' dir='ltr'>in</span> <span class='ocrx_word' id='word_1_487' title='bbox 1682 3511 1746 3565; x_wconf 87' lang='lat' dir='ltr'>li-</span> 
     </span>
    </p>
   </div>
   <div class='ocr_carea' id='block_1_59' title="bbox 124 3583 1742 3666">
    <p class='ocr_par' dir='ltr' id='par_1_59' title="bbox 124 3583 1742 3666">
     <span class='ocr_line' id='line_1_60' title="bbox 124 3583 1742 3666; baseline 0.011 -26"><span class='ocrx_word' id='word_1_488' title='bbox 124 3583 216 3641; x_wconf 86' lang='lat' dir='ltr'>bro</span> <span class='ocrx_word' id='word_1_489' title='bbox 236 3604 405 3659; x_wconf 88' lang='lat' dir='ltr'>quem</span> <span class='ocrx_word' id='word_1_490' title='bbox 428 3591 501 3646; x_wconf 91' lang='lat' dir='ltr'>de</span> <span class='ocrx_word' id='word_1_491' title='bbox 525 3592 759 3647; x_wconf 87' lang='lat' dir='ltr'>unitatis</span> <span class='ocrx_word' id='word_1_492' title='bbox 776 3595 1011 3650; x_wconf 91' lang='lat' dir='ltr'>nomine</span> <span class='ocrx_word' id='word_1_493' title='bbox 1046 3596 1309 3666; x_wconf 87' lang='lat' dir='ltr'>titulavit,</span> <span class='ocrx_word' id='word_1_494' title='bbox 1347 3599 1498 3655; x_wconf 91' lang='lat' dir='ltr'>inter</span> <span class='ocrx_word' id='word_1_495' title='bbox 1526 3602 1637 3657; x_wconf 88' lang='lat' dir='ltr'>alia</span> <span class='ocrx_word' id='word_1_496' title='bbox 1665 3604 1742 3658; x_wconf 92' lang='lat' dir='ltr'>sic</span> 
     </span>
    </p>
   </div>
   <div class='ocr_carea' id='block_1_60' title="bbox 1848 3130 3479 3219">
    <p class='ocr_par' dir='ltr' id='par_1_60' title="bbox 1848 3130 3479 3219">
     <span class='ocr_line' id='line_1_61' title="bbox 1848 3130 3479 3219; baseline 0.012 -37"><span class='ocrx_word' id='word_1_497' title='bbox 1848 3130 2131 3198; x_wconf 84' lang='lat' dir='ltr'>sollicitat,</span> <span class='ocrx_word' id='word_1_498' title='bbox 2172 3133 2271 3186; x_wconf 88' lang='lat' dir='ltr'>Dei</span> <span class='ocrx_word' id='word_1_499' title='bbox 2307 3140 2667 3191; x_wconf 88' lang='lat' dir='ltr'>sacramenta</span> <span class='ocrx_word' id='word_1_500' title='bbox 2703 3138 3005 3210; x_wconf 89' lang='lat' dir='ltr'>disturbat,</span> <span class='ocrx_word' id='word_1_501' title='bbox 3037 3147 3095 3197; x_wconf 89' lang='lat' dir='ltr'>et</span> <span class='ocrx_word' id='word_1_502' title='bbox 3124 3161 3253 3199; x_wconf 92' lang='lat' dir='ltr'>cum</span> <span class='ocrx_word' id='word_1_503' title='bbox 3289 3148 3479 3219; x_wconf 90' lang='lat' dir='ltr'>lapsus</span> 
     </span>
    </p>
   </div>
   <div class='ocr_carea' id='block_1_61' title="bbox 1848 3225 3479 3313">
    <p class='ocr_par' dir='ltr' id='par_1_61' title="bbox 1848 3225 3479 3313">
     <span class='ocr_line' id='line_1_62' title="bbox 1848 3225 3479 3313; baseline 0.013 -37"><span class='ocrx_word' id='word_1_504' title='bbox 1848 3225 2026 3277; x_wconf 91' lang='lat' dir='ltr'>semel</span> <span class='ocrx_word' id='word_1_505' title='bbox 2051 3227 2388 3295; x_wconf 87' lang='lat' dir='ltr'>peccaverit,</span> <span class='ocrx_word' id='word_1_506' title='bbox 2406 3228 2499 3283; x_wconf 89' lang='lat' dir='ltr'>ille</span> <span class='ocrx_word' id='word_1_507' title='bbox 2514 3232 2769 3301; x_wconf 89' lang='lat' dir='ltr'>quotidie</span> <span class='ocrx_word' id='word_1_508' title='bbox 2786 3238 3002 3304; x_wconf 89' lang='lat' dir='ltr'>peccat.</span> <span class='ocrx_word' id='word_1_509' title='bbox 3025 3239 3325 3295; x_wconf 89' lang='lat' dir='ltr'>Postremo</span> <span class='ocrx_word' id='word_1_510' title='bbox 3353 3243 3479 3313; x_wconf 89' lang='lat' dir='ltr'>lap-</span> 
     </span>
    </p>
   </div>
   <div class='ocr_carea' id='block_1_62' title="bbox 1847 3320 3481 3406">
    <p class='ocr_par' dir='ltr' id='par_1_62' title="bbox 1847 3320 3481 3406">
     <span class='ocr_line' id='line_1_63' title="bbox 1847 3320 3481 3406; baseline 0.013 -37"><span class='ocrx_word' id='word_1_511' title='bbox 1847 3333 1942 3370; x_wconf 89' lang='lat' dir='ltr'>sus</span> <span class='ocrx_word' id='word_1_512' title='bbox 1962 3320 2303 3390; x_wconf 88' lang='lat' dir='ltr'>martyrium</span> <span class='ocrx_word' id='word_1_513' title='bbox 2336 3325 2710 3392; x_wconf 91' lang='lat' dir='ltr'>postmodum</span> <span class='ocrx_word' id='word_1_514' title='bbox 2738 3333 3074 3385; x_wconf 89' lang='lat' dir='ltr'>consecutus</span> <span class='ocrx_word' id='word_1_515' title='bbox 3104 3337 3291 3403; x_wconf 89' lang='lat' dir='ltr'>potest</span> <span class='ocrx_word' id='word_1_516' title='bbox 3314 3336 3481 3406; x_wconf 89' lang='lat' dir='ltr'>regni</span> 
     </span>
    </p>
   </div>
   <div class='ocr_carea' id='block_1_63' title="bbox 1843 3412 3483 3486">
    <p class='ocr_par' dir='ltr' id='par_1_63' title="bbox 1843 3412 3483 3486">
     <span class='ocr_line' id='line_1_64' title="bbox 1843 3412 3483 3486; baseline 0.013 -23"><span class='ocrx_word' id='word_1_517' title='bbox 1843 3412 2127 3481; x_wconf 89' lang='lat' dir='ltr'>promissa</span> <span class='ocrx_word' id='word_1_518' title='bbox 2159 3414 2456 3486; x_wconf 88' lang='lat' dir='ltr'>percipere</span> <span class='ocrx_word' id='word_1_519' title='bbox 2486 3435 2498 3472; x_wconf 89' lang='lat'>:</span> <span class='ocrx_word' id='word_1_520' title='bbox 2528 3418 2624 3472; x_wconf 91' lang='lat' dir='ltr'>ille</span> <span class='ocrx_word' id='word_1_521' title='bbox 2665 3420 2710 3473; x_wconf 90' lang='lat' dir='ltr'>si</span> <span class='ocrx_word' id='word_1_522' title='bbox 2756 3425 2913 3477; x_wconf 85' lang='lat' dir='ltr'>extra</span> <span class='ocrx_word' id='word_1_523' title='bbox 2956 3425 3265 3481; x_wconf 89' lang='lat' dir='ltr'>Ecelesiam</span> <span class='ocrx_word' id='word_1_524' title='bbox 3306 3429 3483 3483; x_wconf 86' lang='lat' dir='ltr'>fuerit</span> 
     </span>
    </p>
   </div>
   <div class='ocr_carea' id='block_1_64' title="bbox 1845 3505 3476 3591">
    <p class='ocr_par' dir='ltr' id='par_1_64' title="bbox 1845 3505 3476 3591">
     <span class='ocr_line' id='line_1_65' title="bbox 1845 3505 3476 3591; baseline 0.012 -33"><span class='ocrx_word' id='word_1_525' title='bbox 1845 3505 2081 3574; x_wconf 91' lang='lat' dir='ltr'>occisus,</span> <span class='ocrx_word' id='word_1_526' title='bbox 2115 3507 2187 3561; x_wconf 88' lang='lat' dir='ltr'>ad</span> <span class='ocrx_word' id='word_1_527' title='bbox 2215 3509 2475 3565; x_wconf 65' lang='lat' dir='ltr'>Ecclesia:</span> <span class='ocrx_word' id='word_1_528' title='bbox 2509 3528 2625 3566; x_wconf 91' lang='lat' dir='ltr'>non</span> <span class='ocrx_word' id='word_1_529' title='bbox 2657 3517 2849 3584; x_wconf 83' lang='lat' dir='ltr'>potest</span> <span class='ocrx_word' id='word_1_530' title='bbox 2873 3519 3114 3586; x_wconf 64' lang='lat' dir='ltr'>prtemia</span> <span class='ocrx_word' id='word_1_531' title='bbox 3153 3523 3476 3591; x_wconf 87' lang='lat' dir='ltr'>pervenire.</span> 
     </span>
    </p>
   </div>
   <div class='ocr_carea' id='block_1_65' title="bbox 1915 3601 3479 3681">
    <p class='ocr_par' dir='ltr' id='par_1_65' title="bbox 1915 3601 3479 3681">
     <span class='ocr_line' id='line_1_66' title="bbox 1915 3601 3479 3681; baseline 0.013 -29"><span class='ocrx_word' id='word_1_532' title='bbox 1915 3601 2059 3653; x_wconf 90' lang='lat' dir='ltr'>Item</span> <span class='ocrx_word' id='word_1_533' title='bbox 2087 3601 2184 3671; x_wconf 89' lang='lat' dir='ltr'>qui</span> <span class='ocrx_word' id='word_1_534' title='bbox 2211 3618 2384 3673; x_wconf 90' lang='lat' dir='ltr'>supra</span> <span class='ocrx_word' id='word_1_535' title='bbox 2411 3620 2423 3658; x_wconf 92' lang='lat'>:</span> <span class='ocrx_word' id='word_1_536' title='bbox 2460 3604 2625 3668; x_wconf 88' lang='lat' dir='ltr'>Quod</span> <span class='ocrx_word' id='word_1_537' title='bbox 2650 3606 2694 3660; x_wconf 90' lang='lat' dir='ltr'>si</span> <span class='ocrx_word' id='word_1_538' title='bbox 2722 3608 2781 3661; x_wconf 90' lang='lat' dir='ltr'>in</span> <span class='ocrx_word' id='word_1_539' title='bbox 2810 3610 3113 3681; x_wconf 89' lang='lat' dir='ltr'>Scripturis</span> <span class='ocrx_word' id='word_1_540' title='bbox 3135 3617 3345 3670; x_wconf 89' lang='lat' dir='ltr'>sanctis</span> <span class='ocrx_word' id='word_1_541' title='bbox 3368 3618 3479 3672; x_wconf 86' lang='lat' dir='ltr'>fre-</span> 
     </span>
    </p>
   </div>
   <div class='ocr_carea' id='block_1_66' title="bbox 130 3677 3481 3793">
    <p class='ocr_par' dir='ltr' id='par_1_66' title="bbox 130 3677 3481 3793">
     <span class='ocr_line' id='line_1_67' title="bbox 130 3677 3481 3793; baseline 0.011 -62"><span class='ocrx_word' id='word_1_542' title='bbox 130 3677 250 3733; x_wconf 90' lang='lat' dir='ltr'>dicit</span> <span class='ocrx_word' id='word_1_543' title='bbox 272 3698 285 3735; x_wconf 92' lang='lat'>:</span> <span class='ocrx_word' id='word_1_544' title='bbox 307 3683 621 3740; x_wconf 87' lang='lat' dir='ltr'>Exordium</span> <span class='ocrx_word' id='word_1_545' title='bbox 644 3685 714 3741; x_wconf 92' lang='lat' dir='ltr'>ab</span> <span class='ocrx_word' id='word_1_546' title='bbox 738 3688 957 3743; x_wconf 89' lang='lat' dir='ltr'>unitate</span> <span class='ocrx_word' id='word_1_547' title='bbox 973 3691 1370 3761; x_wconf 90' lang='lat' dir='ltr'>proﬁciscitur;</span> <span class='ocrx_word' id='word_1_548' title='bbox 1385 3697 1443 3748; x_wconf 89' lang='lat' dir='ltr'>et</span> <span class='ocrx_word' id='word_1_549' title='bbox 1461 3695 1741 3766; x_wconf 86' lang='lat' dir='ltr'>primatus</span> <span class='ocrx_word' id='word_1_550' title='bbox 1843 3695 2087 3763; x_wconf 79' lang='lat' dir='ltr'>quenter</span> <span class='ocrx_word' id='word_1_551' title='bbox 2116 3697 2175 3748; x_wconf 73' lang='lat' dir='ltr'>et</span> <span class='ocrx_word' id='word_1_552' title='bbox 2198 3696 2410 3767; x_wconf 87' lang='lat' dir='ltr'>ubique</span> <span class='ocrx_word' id='word_1_553' title='bbox 2442 3698 2743 3770; x_wconf 79' lang='lat' dir='ltr'>disciplina</span> <span class='ocrx_word' id='word_1_554' title='bbox 2776 3677 3125 3775; x_wconf 66' lang='lat' dir='ltr'>praecipitur,</span> <span class='ocrx_word' id='word_1_555' title='bbox 3178 3712 3235 3793; x_wconf 83' lang='lat' dir='ltr'>et</span> <span class='ocrx_word' id='word_1_556' title='bbox 3276 3710 3481 3766; x_wconf 85' lang='lat' dir='ltr'>funda-</span> 
     </span>
    </p>
   </div>
   <div class='ocr_carea' id='block_1_67' title="bbox 126 3770 3474 3859">
    <p class='ocr_par' dir='ltr' id='par_1_67' title="bbox 126 3770 3474 3859">
     <span class='ocr_line' id='line_1_68' title="bbox 126 3770 3474 3859; baseline 0.01 -35"><span class='ocrx_word' id='word_1_557' title='bbox 126 3770 278 3829; x_wconf 87' lang='lat' dir='ltr'>Petro</span> <span class='ocrx_word' id='word_1_558' title='bbox 322 3777 511 3846; x_wconf 77' lang='lat' dir='ltr'>datur,</span> <span class='ocrx_word' id='word_1_559' title='bbox 548 3783 610 3833; x_wconf 85' lang='lat' dir='ltr'>ut</span> <span class='ocrx_word' id='word_1_560' title='bbox 650 3797 764 3835; x_wconf 81' lang='lat' dir='ltr'>una</span> <span class='ocrx_word' id='word_1_561' title='bbox 808 3782 1013 3837; x_wconf 80' lang='lat' dir='ltr'>Christi</span> <span class='ocrx_word' id='word_1_562' title='bbox 1056 3785 1304 3839; x_wconf 80' lang='lat' dir='ltr'>Ecclesia</span> <span class='ocrx_word' id='word_1_563' title='bbox 1357 3792 1415 3842; x_wconf 76' lang='lat' dir='ltr'>et,</span> <span class='ocrx_word' id='word_1_564' title='bbox 1466 3790 1741 3846; x_wconf 76' lang='lat' dir='ltr'>cathedra</span> <span class='ocrx_word' id='word_1_565' title='bbox 1842 3789 2107 3841; x_wconf 87' lang='lat' dir='ltr'>mentum</span> <span class='ocrx_word' id='word_1_566' title='bbox 2136 3788 2432 3859; x_wconf 89' lang='lat' dir='ltr'>religionis</span> <span class='ocrx_word' id='word_1_567' title='bbox 2463 3807 2497 3844; x_wconf 91' lang='lat' dir='ltr'>a</span> <span class='ocrx_word' id='word_1_568' title='bbox 2536 3792 2671 3847; x_wconf 88' lang='lat' dir='ltr'>ﬁdei</span> <span class='ocrx_word' id='word_1_569' title='bbox 2712 3770 3120 3853; x_wconf 76' lang='lat' dir='ltr'>observatione</span> <span class='ocrx_word' id='word_1_570' title='bbox 3155 3788 3221 3855; x_wconf 84' lang='lat' dir='ltr'>ac</span> <span class='ocrx_word' id='word_1_571' title='bbox 3260 3803 3474 3859; x_wconf 89' lang='lat' dir='ltr'>timore</span> 
     </span>
    </p>
   </div>
   <div class='ocr_carea' id='block_1_68' title="bbox 130 3873 3472 3970">
    <p class='ocr_par' dir='ltr' id='par_1_68' title="bbox 130 3873 3472 3970">
     <span class='ocr_line' id='line_1_69' title="bbox 130 3873 3472 3970; baseline 0.011 -52"><span class='ocrx_word' id='word_1_572' title='bbox 130 3873 497 3927; x_wconf 84' lang='lat' dir='ltr'>monstretur:</span> <span class='ocrx_word' id='word_1_573' title='bbox 528 3876 587 3927; x_wconf 90' lang='lat' dir='ltr'>et</span> <span class='ocrx_word' id='word_1_574' title='bbox 611 3877 869 3944; x_wconf 85' lang='lat' dir='ltr'>pastores</span> <span class='ocrx_word' id='word_1_575' title='bbox 887 3880 1020 3931; x_wconf 90' lang='lat' dir='ltr'>sunt</span> <span class='ocrx_word' id='word_1_576' title='bbox 1042 3894 1264 3947; x_wconf 90' lang='lat' dir='ltr'>omnes,</span> <span class='ocrx_word' id='word_1_577' title='bbox 1299 3880 1399 3969; x_wconf 85' lang='lat' dir='ltr'>sed</span> <span class='ocrx_word' id='word_1_578' title='bbox 1427 3898 1563 3952; x_wconf 83' lang='lat' dir='ltr'>grex</span> <span class='ocrx_word' id='word_1_579' title='bbox 1596 3901 1740 3938; x_wconf 92' lang='lat' dir='ltr'>unus</span> <span class='ocrx_word' id='word_1_580' title='bbox 1840 3880 2235 3950; x_wconf 75' lang='lat' dir='ltr'>pI‘Oﬁcisciiur,</span> <span class='ocrx_word' id='word_1_581' title='bbox 2280 3883 2417 3953; x_wconf 88' lang='lat' dir='ltr'>quid</span> <span class='ocrx_word' id='word_1_582' title='bbox 2461 3885 2723 3957; x_wconf 84' lang='lat' dir='ltr'>cupidius</span> <span class='ocrx_word' id='word_1_583' title='bbox 2764 3893 3058 3961; x_wconf 70' lang='lat' dir='ltr'>appetere,</span> <span class='ocrx_word' id='word_1_584' title='bbox 3107 3895 3247 3965; x_wconf 86' lang='lat' dir='ltr'>quid</span> <span class='ocrx_word' id='word_1_585' title='bbox 3282 3898 3472 3970; x_wconf 86' lang='lat' dir='ltr'>magis</span> 
     </span>
    </p>
   </div>
   <div class='ocr_carea' id='block_1_69' title="bbox 134 3961 1739 4040">
    <p class='ocr_par' dir='ltr' id='par_1_69' title="bbox 134 3961 1739 4040">
     <span class='ocr_line' id='line_1_70' title="bbox 134 3961 1739 4040; baseline 0.012 -27"><span class='ocrx_word' id='word_1_586' title='bbox 134 3962 452 4033; x_wconf 85' lang='lat' dir='ltr'>ostenditur,</span> <span class='ocrx_word' id='word_1_587' title='bbox 494 3967 591 4037; x_wconf 93' lang='lat' dir='ltr'>qui</span> <span class='ocrx_word' id='word_1_588' title='bbox 642 3968 713 4021; x_wconf 89' lang='lat' dir='ltr'>ab</span> <span class='ocrx_word' id='word_1_589' title='bbox 751 3970 1023 4040; x_wconf 89' lang='lat' dir='ltr'>apostolis</span> <span class='ocrx_word' id='word_1_590' title='bbox 1063 3973 1325 4028; x_wconf 91' lang='lat' dir='ltr'>unanimi</span> <span class='ocrx_word' id='word_1_591' title='bbox 1360 3961 1739 4033; x_wconf 81' lang='lat' dir='ltr'>consensione</span> 
     </span>
    </p>
   </div>
   <div class='ocr_carea' id='block_1_70' title="bbox 132 4060 1739 4133">
    <p class='ocr_par' dir='ltr' id='par_1_70' title="bbox 132 4060 1739 4133">
     <span class='ocr_line' id='line_1_71' title="bbox 132 4060 1739 4133; baseline 0.011 -25"><span class='ocrx_word' id='word_1_592' title='bbox 132 4060 394 4122; x_wconf 86' lang='lat' dir='ltr'>pascatur.</span> <span class='ocrx_word' id='word_1_593' title='bbox 429 4062 498 4114; x_wconf 89' lang='lat' dir='ltr'>Et</span> <span class='ocrx_word' id='word_1_594' title='bbox 521 4065 653 4131; x_wconf 91' lang='lat' dir='ltr'>post</span> <span class='ocrx_word' id='word_1_595' title='bbox 694 4079 874 4133; x_wconf 88' lang='lat' dir='ltr'>pauca</span> <span class='ocrx_word' id='word_1_596' title='bbox 916 4082 928 4119; x_wconf 92' lang='lat'>:</span> <span class='ocrx_word' id='word_1_597' title='bbox 964 4067 1119 4120; x_wconf 89' lang='lat' dir='ltr'>Hanc</span> <span class='ocrx_word' id='word_1_598' title='bbox 1158 4068 1421 4123; x_wconf 61' lang='lat' dir='ltr'>Ecclesia</span> <span class='ocrx_word' id='word_1_599' title='bbox 1460 4071 1739 4126; x_wconf 87' lang='lat' dir='ltr'>unitatem</span> 
     </span>
    </p>
   </div>
   <div class='ocr_carea' id='block_1_71' title="bbox 130 4147 1739 4227">
    <p class='ocr_par' dir='ltr' id='par_1_71' title="bbox 130 4147 1739 4227">
     <span class='ocr_line' id='line_1_72' title="bbox 130 4147 1739 4227; baseline 0.013 -28"><span class='ocrx_word' id='word_1_600' title='bbox 130 4147 213 4215; x_wconf 87' lang='lat' dir='ltr'>qui</span> <span class='ocrx_word' id='word_1_601' title='bbox 241 4165 354 4204; x_wconf 93' lang='lat' dir='ltr'>non</span> <span class='ocrx_word' id='word_1_602' title='bbox 383 4156 564 4221; x_wconf 88' lang='lat' dir='ltr'>tenet,</span> <span class='ocrx_word' id='word_1_603' title='bbox 595 4159 795 4210; x_wconf 88' lang='lat' dir='ltr'>tenere</span> <span class='ocrx_word' id='word_1_604' title='bbox 834 4174 893 4211; x_wconf 92' lang='lat' dir='ltr'>se</span> <span class='ocrx_word' id='word_1_605' title='bbox 928 4158 1105 4213; x_wconf 87' lang='lat' dir='ltr'>ﬁdem</span> <span class='ocrx_word' id='word_1_606' title='bbox 1137 4160 1358 4217; x_wconf 83' lang='lat' dir='ltr'>credit?</span> <span class='ocrx_word' id='word_1_607' title='bbox 1397 4162 1504 4227; x_wconf 87' lang='lat' dir='ltr'>Qui</span> <span class='ocrx_word' id='word_1_608' title='bbox 1551 4166 1739 4219; x_wconf 85' lang='lat' dir='ltr'>cathe-</span> 
     </span>
    </p>
   </div>
   <div class='ocr_carea' id='block_1_72' title="bbox 129 4235 1739 4326">
    <p class='ocr_par' dir='ltr' id='par_1_72' title="bbox 129 4235 1739 4326">
     <span class='ocr_line' id='line_1_73' title="bbox 129 4235 1739 4326; baseline 0.014 -35"><span class='ocrx_word' id='word_1_609' title='bbox 129 4235 276 4296; x_wconf 87' lang='lat' dir='ltr'>dram</span> <span class='ocrx_word' id='word_1_610' title='bbox 306 4245 475 4314; x_wconf 90' lang='lat' dir='ltr'>Petri,</span> <span class='ocrx_word' id='word_1_611' title='bbox 509 4265 681 4319; x_wconf 91' lang='lat' dir='ltr'>super</span> <span class='ocrx_word' id='word_1_612' title='bbox 699 4266 875 4320; x_wconf 89' lang='lat' dir='ltr'>quam</span> <span class='ocrx_word' id='word_1_613' title='bbox 904 4252 1154 4308; x_wconf 88' lang='lat' dir='ltr'>Ecclesia</span> <span class='ocrx_word' id='word_1_614' title='bbox 1179 4255 1421 4310; x_wconf 90' lang='lat' dir='ltr'>fundata</span> <span class='ocrx_word' id='word_1_615' title='bbox 1446 4261 1550 4326; x_wconf 92' lang='lat' dir='ltr'>est,</span> <span class='ocrx_word' id='word_1_616' title='bbox 1580 4259 1739 4313; x_wconf 92' lang='lat' dir='ltr'>dese-</span> 
     </span>
    </p>
   </div>
   <div class='ocr_carea' id='block_1_73' title="bbox 127 4331 1738 4424">
    <p class='ocr_par' dir='ltr' id='par_1_73' title="bbox 127 4331 1738 4424">
     <span class='ocr_line' id='line_1_74' title="bbox 127 4331 1738 4424; baseline 0.012 -37"><span class='ocrx_word' id='word_1_617' title='bbox 127 4331 206 4401; x_wconf 79' lang='lat' dir='ltr'>rit,</span> <span class='ocrx_word' id='word_1_618' title='bbox 229 4340 284 4389; x_wconf 89' lang='lat' dir='ltr'>et</span> <span class='ocrx_word' id='word_1_619' title='bbox 307 4340 537 4409; x_wconf 90' lang='lat' dir='ltr'>resistit,</span> <span class='ocrx_word' id='word_1_620' title='bbox 556 4342 617 4396; x_wconf 93' lang='lat' dir='ltr'>in</span> <span class='ocrx_word' id='word_1_621' title='bbox 643 4344 894 4399; x_wconf 87' lang='lat' dir='ltr'>Ecclesia</span> <span class='ocrx_word' id='word_1_622' title='bbox 909 4363 968 4400; x_wconf 90' lang='lat' dir='ltr'>se</span> <span class='ocrx_word' id='word_1_623' title='bbox 995 4363 1117 4401; x_wconf 90' lang='lat' dir='ltr'>esse</span> <span class='ocrx_word' id='word_1_624' title='bbox 1140 4349 1418 4405; x_wconf 87' lang='lat' dir='ltr'>conﬁdit?</span> <span class='ocrx_word' id='word_1_625' title='bbox 1448 4353 1585 4407; x_wconf 85' lang='lat' dir='ltr'>item</span> <span class='ocrx_word' id='word_1_626' title='bbox 1607 4357 1738 4424; x_wconf 86' lang='lat' dir='ltr'>post</span> 
     </span>
    </p>
   </div>
   <div class='ocr_carea' id='block_1_74' title="bbox 126 4424 1732 4515">
    <p class='ocr_par' dir='ltr' id='par_1_74' title="bbox 126 4424 1732 4515">
     <span class='ocr_line' id='line_1_75' title="bbox 126 4424 1732 4515; baseline 0.014 -37"><span class='ocrx_word' id='word_1_627' title='bbox 126 4424 261 4482; x_wconf 84' lang='lat' dir='ltr'>alia:</span> <span class='ocrx_word' id='word_1_628' title='bbox 300 4432 384 4486; x_wconf 86' lang='lat' dir='ltr'>Ad</span> <span class='ocrx_word' id='word_1_629' title='bbox 426 4435 586 4505; x_wconf 90' lang='lat' dir='ltr'>pacis</span> <span class='ocrx_word' id='word_1_630' title='bbox 618 4438 919 4506; x_wconf 65' lang='lat' dir='ltr'>praemium</span> <span class='ocrx_word' id='word_1_631' title='bbox 960 4441 1264 4510; x_wconf 90' lang='lat' dir='ltr'>pervenire</span> <span class='ocrx_word' id='word_1_632' title='bbox 1310 4460 1427 4498; x_wconf 92' lang='lat' dir='ltr'>non</span> <span class='ocrx_word' id='word_1_633' title='bbox 1475 4450 1732 4515; x_wconf 90' lang='lat' dir='ltr'>possunt,</span> 
     </span>
    </p>
   </div>
   <div class='ocr_carea' id='block_1_75' title="bbox 125 4520 1598 4608">
    <p class='ocr_par' dir='ltr' id='par_1_75' title="bbox 125 4520 1598 4608">
     <span class='ocr_line' id='line_1_76' title="bbox 125 4520 1598 4608; baseline 0.014 -35"><span class='ocrx_word' id='word_1_634' title='bbox 125 4520 243 4587; x_wconf 86' lang='lat' dir='ltr'>quia</span> <span class='ocrx_word' id='word_1_635' title='bbox 267 4539 463 4594; x_wconf 88' lang='lat' dir='ltr'>pacem</span> <span class='ocrx_word' id='word_1_636' title='bbox 494 4529 722 4584; x_wconf 89' lang='lat' dir='ltr'>Domini</span> <span class='ocrx_word' id='word_1_637' title='bbox 752 4531 1053 4588; x_wconf 72' lang='lat' dir='ltr'>discordiae</span> <span class='ocrx_word' id='word_1_638' title='bbox 1079 4536 1274 4589; x_wconf 89' lang='lat' dir='ltr'>furore</span> <span class='ocrx_word' id='word_1_639' title='bbox 1303 4543 1598 4608; x_wconf 92' lang='lat' dir='ltr'>ruperunt.</span> 
     </span>
    </p>
   </div>
   <div class='ocr_carea' id='block_1_76' title="bbox 187 4614 1732 4688">
    <p class='ocr_par' dir='ltr' id='par_1_76' title="bbox 187 4614 1732 4688">
     <span class='ocr_line' id='line_1_77' title="bbox 187 4614 1732 4688; baseline 0.013 -20"><span class='ocrx_word' id='word_1_640' title='bbox 187 4614 316 4671; x_wconf 88' lang='lat' dir='ltr'>ltem</span> <span class='ocrx_word' id='word_1_641' title='bbox 346 4637 409 4675; x_wconf 87' lang='lat' dir='ltr'>ex</span> <span class='ocrx_word' id='word_1_642' title='bbox 437 4622 647 4677; x_wconf 92' lang='lat' dir='ltr'>eodem</span> <span class='ocrx_word' id='word_1_643' title='bbox 674 4625 822 4680; x_wconf 90' lang='lat' dir='ltr'>libro</span> <span class='ocrx_word' id='word_1_644' title='bbox 848 4626 926 4681; x_wconf 90' lang='lat' dir='ltr'>sic</span> <span class='ocrx_word' id='word_1_645' title='bbox 948 4627 1030 4681; x_wconf 90' lang='lat' dir='ltr'>ait</span> <span class='ocrx_word' id='word_1_646' title='bbox 1062 4644 1074 4682; x_wconf 92' lang='lat'>:</span> <span class='ocrx_word' id='word_1_647' title='bbox 1107 4628 1195 4682; x_wconf 82' lang='lat' dir='ltr'>Ad</span> <span class='ocrx_word' id='word_1_648' title='bbox 1226 4631 1568 4687; x_wconf 89' lang='lat' dir='ltr'>sacriﬁcium</span> <span class='ocrx_word' id='word_1_649' title='bbox 1599 4650 1732 4688; x_wconf 91' lang='lat' dir='ltr'>cum</span> 
     </span>
    </p>
   </div>
   <div class='ocr_carea' id='block_1_77' title="bbox 126 4702 1732 4798">
    <p class='ocr_par' dir='ltr' id='par_1_77' title="bbox 126 4702 1732 4798">
     <span class='ocr_line' id='line_1_78' title="bbox 126 4702 1732 4798; baseline 0.014 -40"><span class='ocrx_word' id='word_1_650' title='bbox 126 4702 446 4770; x_wconf 86' lang='lat' dir='ltr'>dissentione</span> <span class='ocrx_word' id='word_1_651' title='bbox 464 4716 762 4783; x_wconf 79' lang='lat' dir='ltr'>venientes</span> <span class='ocrx_word' id='word_1_652' title='bbox 775 4724 1008 4775; x_wconf 89' lang='lat' dir='ltr'>revocat</span> <span class='ocrx_word' id='word_1_653' title='bbox 1023 4721 1095 4775; x_wconf 89' lang='lat' dir='ltr'>ab</span> <span class='ocrx_word' id='word_1_654' title='bbox 1118 4722 1304 4791; x_wconf 90' lang='lat' dir='ltr'>altari,</span> <span class='ocrx_word' id='word_1_655' title='bbox 1328 4728 1385 4778; x_wconf 90' lang='lat' dir='ltr'>et</span> <span class='ocrx_word' id='word_1_656' title='bbox 1396 4725 1563 4795; x_wconf 90' lang='lat' dir='ltr'>jubet</span> <span class='ocrx_word' id='word_1_657' title='bbox 1577 4727 1732 4798; x_wconf 91' lang='lat' dir='ltr'>prius</span> 
     </span>
    </p>
   </div>
   <div class='ocr_carea' id='block_1_78' title="bbox 125 4805 1733 4887">
    <p class='ocr_par' dir='ltr' id='par_1_78' title="bbox 125 4805 1733 4887">
     <span class='ocr_line' id='line_1_79' title="bbox 125 4805 1733 4887; baseline 0.014 -35"><span class='ocrx_word' id='word_1_658' title='bbox 125 4805 448 4862; x_wconf 89' lang='lat' dir='ltr'>concordare</span> <span class='ocrx_word' id='word_1_659' title='bbox 494 4827 624 4865; x_wconf 92' lang='lat' dir='ltr'>cum</span> <span class='ocrx_word' id='word_1_660' title='bbox 664 4812 864 4881; x_wconf 89' lang='lat' dir='ltr'>fratre,</span> <span class='ocrx_word' id='word_1_661' title='bbox 908 4817 1043 4868; x_wconf 89' lang='lat' dir='ltr'>tunc</span> <span class='ocrx_word' id='word_1_662' title='bbox 1083 4832 1214 4869; x_wconf 91' lang='lat' dir='ltr'>cum</span> <span class='ocrx_word' id='word_1_663' title='bbox 1242 4834 1384 4887; x_wconf 90' lang='lat' dir='ltr'>pace</span> <span class='ocrx_word' id='word_1_664' title='bbox 1420 4819 1733 4875; x_wconf 88' lang='lat' dir='ltr'>redeuntes</span> 
     </span>
    </p>
   </div>
   <div class='ocr_carea' id='block_1_79' title="bbox 126 4889 1731 4981">
    <p class='ocr_par' dir='ltr' id='par_1_79' title="bbox 126 4889 1731 4981">
     <span class='ocr_line' id='line_1_80' title="bbox 126 4889 1731 4981; baseline 0.016 -36"><span class='ocrx_word' id='word_1_665' title='bbox 126 4889 344 4953; x_wconf 89' lang='lat' dir='ltr'>Domino</span> <span class='ocrx_word' id='word_1_666' title='bbox 373 4908 583 4958; x_wconf 84' lang='lat' dir='ltr'>munus</span> <span class='ocrx_word' id='word_1_667' title='bbox 605 4906 811 4960; x_wconf 82' lang='lat' dir='ltr'>oﬂ‘erre</span> <span class='ocrx_word' id='word_1_668' title='bbox 840 4907 1053 4979; x_wconf 82' lang='lat' dir='ltr'>(Matth.</span> <span class='ocrx_word' id='word_1_669' title='bbox 1073 4910 1146 4980; x_wconf 88' lang='lat' dir='ltr'>v);</span> <span class='ocrx_word' id='word_1_670' title='bbox 1188 4911 1323 4981; x_wconf 89' lang='lat' dir='ltr'>quia</span> <span class='ocrx_word' id='word_1_671' title='bbox 1352 4928 1458 4967; x_wconf 89' lang='lat' dir='ltr'>nec</span> <span class='ocrx_word' id='word_1_672' title='bbox 1488 4913 1562 4967; x_wconf 90' lang='lat' dir='ltr'>ad</span> <span class='ocrx_word' id='word_1_673' title='bbox 1592 4915 1731 4970; x_wconf 86' lang='lat' dir='ltr'>Cain</span> 
     </span>
    </p>
   </div>
   <div class='ocr_carea' id='block_1_80' title="bbox 128 4997 1730 5075">
    <p class='ocr_par' dir='ltr' id='par_1_80' title="bbox 128 4997 1730 5075">
     <span class='ocr_line' id='line_1_81' title="bbox 128 4997 1730 5075; baseline 0.016 -37"><span class='ocrx_word' id='word_1_674' title='bbox 128 4997 344 5047; x_wconf 87' lang='lat' dir='ltr'>munera</span> <span class='ocrx_word' id='word_1_675' title='bbox 362 4998 606 5068; x_wconf 84' lang='lat' dir='ltr'>respexit</span> <span class='ocrx_word' id='word_1_676' title='bbox 622 4999 771 5053; x_wconf 90' lang='lat' dir='ltr'>Deus</span> <span class='ocrx_word' id='word_1_677' title='bbox 792 5000 1113 5075; x_wconf 86' lang='lat' dir='ltr'>(Genes.1v);</span> <span class='ocrx_word' id='word_1_678' title='bbox 1134 5021 1322 5075; x_wconf 90' lang='lat' dir='ltr'>neque</span> <span class='ocrx_word' id='word_1_679' title='bbox 1336 5006 1495 5061; x_wconf 89' lang='lat' dir='ltr'>enim</span> <span class='ocrx_word' id='word_1_680' title='bbox 1515 5007 1730 5063; x_wconf 88' lang='lat' dir='ltr'>habere</span> 
     </span>
    </p>
   </div>
   <div class='ocr_carea' id='block_1_81' title="bbox 127 5074 1730 5173">
    <p class='ocr_par' dir='ltr' id='par_1_81' title="bbox 127 5074 1730 5173">
     <span class='ocr_line' id='line_1_82' title="bbox 127 5074 1730 5173; baseline 0.017 -43"><span class='ocrx_word' id='word_1_681' title='bbox 127 5074 406 5143; x_wconf 89' lang='lat' dir='ltr'>Dominum</span> <span class='ocrx_word' id='word_1_682' title='bbox 438 5095 707 5161; x_wconf 88' lang='lat' dir='ltr'>pacatum</span> <span class='ocrx_word' id='word_1_683' title='bbox 727 5098 975 5165; x_wconf 86' lang='lat' dir='ltr'>poterat,</span> <span class='ocrx_word' id='word_1_684' title='bbox 1007 5098 1102 5168; x_wconf 92' lang='lat' dir='ltr'>qui</span> <span class='ocrx_word' id='word_1_685' title='bbox 1146 5116 1275 5153; x_wconf 91' lang='lat' dir='ltr'>cum</span> <span class='ocrx_word' id='word_1_686' title='bbox 1312 5100 1487 5155; x_wconf 91' lang='lat' dir='ltr'>fratre</span> <span class='ocrx_word' id='word_1_687' title='bbox 1526 5118 1730 5173; x_wconf 90' lang='lat' dir='ltr'>pacem</span> 
     </span>
    </p>
   </div>
   <div class='ocr_carea' id='block_1_82' title="bbox 124 5179 1732 5266">
    <p class='ocr_par' dir='ltr' id='par_1_82' title="bbox 124 5179 1732 5266">
     <span class='ocr_line' id='line_1_83' title="bbox 124 5179 1732 5266; baseline 0.015 -39"><span class='ocrx_word' id='word_1_688' title='bbox 124 5184 213 5238; x_wconf 86' lang='lat' dir='ltr'>per</span> <span class='ocrx_word' id='word_1_689' title='bbox 231 5179 327 5233; x_wconf 89' lang='lat' dir='ltr'>zeli</span> <span class='ocrx_word' id='word_1_690' title='bbox 354 5181 701 5241; x_wconf 87' lang='lat' dir='ltr'>discordiam</span> <span class='ocrx_word' id='word_1_691' title='bbox 732 5204 850 5242; x_wconf 93' lang='lat' dir='ltr'>non</span> <span class='ocrx_word' id='word_1_692' title='bbox 877 5190 1145 5247; x_wconf 88' lang='lat' dir='ltr'>habebat.</span> <span class='ocrx_word' id='word_1_693' title='bbox 1180 5192 1367 5257; x_wconf 92' lang='lat' dir='ltr'>Quam</span> <span class='ocrx_word' id='word_1_694' title='bbox 1406 5195 1513 5248; x_wconf 90' lang='lat' dir='ltr'>sibi</span> <span class='ocrx_word' id='word_1_695' title='bbox 1555 5195 1732 5266; x_wconf 92' lang='lat' dir='ltr'>igitur</span> 
     </span>
    </p>
   </div>
   <div class='ocr_carea' id='block_1_83' title="bbox 123 5276 1730 5352">
    <p class='ocr_par' dir='ltr' id='par_1_83' title="bbox 123 5276 1730 5352">
     <span class='ocr_line' id='line_1_84' title="bbox 123 5276 1730 5352; baseline 0.009 -21"><span class='ocrx_word' id='word_1_696' title='bbox 123 5276 300 5331; x_wconf 82' lang='lat' dir='ltr'>Pacem</span> <span class='ocrx_word' id='word_1_697' title='bbox 326 5279 672 5345; x_wconf 89' lang='lat' dir='ltr'>promittunt</span> <span class='ocrx_word' id='word_1_698' title='bbox 698 5281 915 5338; x_wconf 89' lang='lat' dir='ltr'>inimici</span> <span class='ocrx_word' id='word_1_699' title='bbox 942 5285 1185 5341; x_wconf 87' lang='lat' dir='ltr'>fratrum</span> <span class='ocrx_word' id='word_1_700' title='bbox 1207 5286 1234 5341; x_wconf 88' lang='lat'>?</span> <span class='ocrx_word' id='word_1_701' title='bbox 1278 5289 1414 5352; x_wconf 59' lang='lat' dir='ltr'>Quae</span> <span class='ocrx_word' id='word_1_702' title='bbox 1454 5290 1730 5345; x_wconf 88' lang='lat' dir='ltr'>sacriﬁcia</span> 
     </span>
    </p>
   </div>
   <div class='ocr_carea' id='block_1_84' title="bbox 124 5359 1728 5438">
    <p class='ocr_par' dir='ltr' id='par_1_84' title="bbox 124 5359 1728 5438">
     <span class='ocr_line' id='line_1_85' title="bbox 124 5359 1728 5438; baseline 0.017 -27"><span class='ocrx_word' id='word_1_703' title='bbox 124 5359 382 5423; x_wconf 85' lang='lat' dir='ltr'>celebrare</span> <span class='ocrx_word' id='word_1_704' title='bbox 404 5388 461 5426; x_wconf 91' lang='lat' dir='ltr'>se</span> <span class='ocrx_word' id='word_1_705' title='bbox 483 5374 933 5432; x_wconf 68' lang='lat' dir='ltr'>creduntaamuli</span> <span class='ocrx_word' id='word_1_706' title='bbox 953 5380 1317 5436; x_wconf 88' lang='lat' dir='ltr'>sacerdotum</span> <span class='ocrx_word' id='word_1_707' title='bbox 1331 5382 1359 5436; x_wconf 89' lang='lat'>?</span> <span class='ocrx_word' id='word_1_708' title='bbox 1380 5383 1588 5437; x_wconf 91' lang='lat' dir='ltr'>Secum</span> <span class='ocrx_word' id='word_1_709' title='bbox 1606 5401 1728 5438; x_wconf 90' lang='lat' dir='ltr'>esse</span> 
     </span>
    </p>
   </div>
   <div class='ocr_carea' id='block_1_85' title="bbox 123 5448 1726 5548">
    <p class='ocr_par' dir='ltr' id='par_1_85' title="bbox 123 5448 1726 5548">
     <span class='ocr_line' id='line_1_86' title="bbox 123 5448 1726 5548; baseline 0.017 -42"><span class='ocrx_word' id='word_1_710' title='bbox 123 5448 380 5548; x_wconf 69' lang='lat' dir='ltr'>Christum</span> <span class='ocrx_word' id='word_1_711' title='bbox 405 5482 534 5521; x_wconf 92' lang='lat' dir='ltr'>cum</span> <span class='ocrx_word' id='word_1_712' title='bbox 558 5469 780 5524; x_wconf 87' lang='lat' dir='ltr'>collecti</span> <span class='ocrx_word' id='word_1_713' title='bbox 810 5471 1028 5527; x_wconf 91' lang='lat' dir='ltr'>fuerint</span> <span class='ocrx_word' id='word_1_714' title='bbox 1048 5474 1377 5546; x_wconf 89' lang='lat' dir='ltr'>opinantur,</span> <span class='ocrx_word' id='word_1_715' title='bbox 1406 5478 1469 5532; x_wconf 89' lang='lat' dir='ltr'>hi</span> <span class='ocrx_word' id='word_1_716' title='bbox 1498 5477 1595 5548; x_wconf 89' lang='lat' dir='ltr'>qui</span> <span class='ocrx_word' id='word_1_717' title='bbox 1631 5494 1726 5532; x_wconf 84' lang='lat' dir='ltr'>ex-</span> 
     </span>
    </p>
   </div>
   <div class='ocr_carea' id='block_1_86' title="bbox 124 5543 1725 5634">
    <p class='ocr_par' dir='ltr' id='par_1_86' title="bbox 124 5543 1725 5634">
     <span class='ocr_line' id='line_1_87' title="bbox 124 5543 1725 5634; baseline 0.02 -37"><span class='ocrx_word' id='word_1_718' title='bbox 124 5543 200 5599; x_wconf 85' lang='lat' dir='ltr'>tra</span> <span class='ocrx_word' id='word_1_719' title='bbox 223 5549 517 5616; x_wconf 86' lang='lat' dir='ltr'>Ecclesiam</span> <span class='ocrx_word' id='word_1_720' title='bbox 547 5562 943 5634; x_wconf 87' lang='lat' dir='ltr'>colliguntur?</span> <span class='ocrx_word' id='word_1_721' title='bbox 968 5568 1130 5622; x_wconf 90' lang='lat' dir='ltr'>Tales</span> <span class='ocrx_word' id='word_1_722' title='bbox 1159 5570 1334 5625; x_wconf 90' lang='lat' dir='ltr'>etiam</span> <span class='ocrx_word' id='word_1_723' title='bbox 1377 5573 1422 5627; x_wconf 88' lang='lat' dir='ltr'>si</span> <span class='ocrx_word' id='word_1_724' title='bbox 1458 5572 1625 5627; x_wconf 89' lang='lat' dir='ltr'>occisi</span> <span class='ocrx_word' id='word_1_725' title='bbox 1665 5572 1725 5626; x_wconf 90' lang='lat' dir='ltr'>in</span> 
     </span>
    </p>
   </div>
   <div class='ocr_carea' id='block_1_87' title="bbox 125 5644 1725 5738">
    <p class='ocr_par' dir='ltr' id='par_1_87' title="bbox 125 5644 1725 5738">
     <span class='ocr_line' id='line_1_88' title="bbox 125 5644 1725 5738; baseline 0.016 -44"><span class='ocrx_word' id='word_1_726' title='bbox 125 5644 454 5708; x_wconf 81' lang='lat' dir='ltr'>confessione</span> <span class='ocrx_word' id='word_1_727' title='bbox 473 5656 726 5711; x_wconf 89' lang='lat' dir='ltr'>nominis</span> <span class='ocrx_word' id='word_1_728' title='bbox 742 5658 975 5729; x_wconf 89' lang='lat' dir='ltr'>fuerint,</span> <span class='ocrx_word' id='word_1_729' title='bbox 990 5664 1217 5718; x_wconf 91' lang='lat' dir='ltr'>macula</span> <span class='ocrx_word' id='word_1_730' title='bbox 1233 5664 1341 5720; x_wconf 88' lang='lat' dir='ltr'>ista</span> <span class='ocrx_word' id='word_1_731' title='bbox 1370 5682 1477 5722; x_wconf 89' lang='lat' dir='ltr'>nec</span> <span class='ocrx_word' id='word_1_732' title='bbox 1490 5665 1725 5738; x_wconf 88' lang='lat' dir='ltr'>sangui-</span> 
     </span>
    </p>
   </div>
   <div class='ocr_carea' id='block_1_88' title="bbox 126 5738 1723 5832">
    <p class='ocr_par' dir='ltr' id='par_1_88' title="bbox 126 5738 1723 5832">
     <span class='ocr_line' id='line_1_89' title="bbox 126 5738 1723 5832; baseline 0.014 -39"><span class='ocrx_word' id='word_1_733' title='bbox 126 5744 187 5785; x_wconf 77' lang='lat' dir='ltr'>ne</span> <span class='ocrx_word' id='word_1_734' title='bbox 218 5738 466 5803; x_wconf 77' lang='lat' dir='ltr'>abluitur.</span> <span class='ocrx_word' id='word_1_735' title='bbox 492 5750 855 5821; x_wconf 85' lang='lat' dir='ltr'>lnexpiabilis</span> <span class='ocrx_word' id='word_1_736' title='bbox 901 5758 960 5808; x_wconf 90' lang='lat' dir='ltr'>et</span> <span class='ocrx_word' id='word_1_737' title='bbox 992 5757 1180 5827; x_wconf 89' lang='lat' dir='ltr'>gravis</span> <span class='ocrx_word' id='word_1_738' title='bbox 1220 5760 1388 5832; x_wconf 88' lang='lat' dir='ltr'>culpa</span> <span class='ocrx_word' id='word_1_739' title='bbox 1426 5760 1723 5816; x_wconf 69' lang='lat' dir='ltr'>discordias</span> 
     </span>
    </p>
   </div>
   <div class='ocr_carea' id='block_1_89' title="bbox 128 5838 1725 5928">
    <p class='ocr_par' dir='ltr' id='par_1_89' title="bbox 128 5838 1725 5928">
     <span class='ocr_line' id='line_1_90' title="bbox 128 5838 1725 5928; baseline 0.024 -52"><span class='ocrx_word' id='word_1_740' title='bbox 128 5838 218 5882; x_wconf 88' lang='lat' dir='ltr'>nec</span> <span class='ocrx_word' id='word_1_741' title='bbox 238 5838 488 5903; x_wconf 85' lang='lat' dir='ltr'>passione</span> <span class='ocrx_word' id='word_1_742' title='bbox 512 5849 813 5916; x_wconf 86' lang='lat' dir='ltr'>purgatur.</span> <span class='ocrx_word' id='word_1_743' title='bbox 844 5849 981 5904; x_wconf 86' lang='lat' dir='ltr'>Esse</span> <span class='ocrx_word' id='word_1_744' title='bbox 997 5855 1219 5925; x_wconf 84' lang='lat' dir='ltr'>martyr</span> <span class='ocrx_word' id='word_1_745' title='bbox 1249 5870 1367 5911; x_wconf 93' lang='lat' dir='ltr'>non</span> <span class='ocrx_word' id='word_1_746' title='bbox 1395 5857 1604 5928; x_wconf 86' lang='lat' dir='ltr'>potest,</span> <span class='ocrx_word' id='word_1_747' title='bbox 1627 5853 1725 5927; x_wconf 86' lang='lat' dir='ltr'>qui</span> 
     </span>
    </p>
   </div>
   <div class='ocr_carea' id='block_1_90' title="bbox 419 5938 978 6014">
    <p class='ocr_par' dir='ltr' id='par_1_90' title="bbox 419 5938 978 6014">
     <span class='ocr_line' id='line_1_91' title="bbox 419 5938 978 6014; baseline 0.014 -8"><span class='ocrx_word' id='word_1_748' title='bbox 419 5938 691 6010; x_wconf 77' lang='lat' dir='ltr'>PATROL.</span> <span class='ocrx_word' id='word_1_749' title='bbox 742 5944 978 6014; x_wconf 83' lang='lat' dir='ltr'>LXXII.</span> 
     </span>
    </p>
   </div>
   <div class='ocr_carea' id='block_1_91' title="bbox 1839 3973 3473 4055">
    <p class='ocr_par' dir='ltr' id='par_1_91' title="bbox 1839 3973 3473 4055">
     <span class='ocr_line' id='line_1_92' title="bbox 1839 3973 3473 4055; baseline 0.013 -30"><span class='ocrx_word' id='word_1_750' title='bbox 1839 3973 1982 4027; x_wconf 89' lang='lat' dir='ltr'>velle</span> <span class='ocrx_word' id='word_1_751' title='bbox 2028 3990 2093 4028; x_wconf 88' lang='lat' dir='ltr'>ac</span> <span class='ocrx_word' id='word_1_752' title='bbox 2130 3976 2331 4030; x_wconf 88' lang='lat' dir='ltr'>tenere</span> <span class='ocrx_word' id='word_1_753' title='bbox 2379 3994 2484 4032; x_wconf 92' lang='lat' dir='ltr'>nos</span> <span class='ocrx_word' id='word_1_754' title='bbox 2519 3982 2805 4050; x_wconf 87' lang='lat' dir='ltr'>convenit,</span> <span class='ocrx_word' id='word_1_755' title='bbox 2858 4000 3035 4055; x_wconf 89' lang='lat' dir='ltr'>quam</span> <span class='ocrx_word' id='word_1_756' title='bbox 3076 3991 3139 4041; x_wconf 92' lang='lat' dir='ltr'>ut</span> <span class='ocrx_word' id='word_1_757' title='bbox 3185 3989 3473 4047; x_wconf 88' lang='lat' dir='ltr'>radicibus</span> 
     </span>
    </p>
   </div>
   <div class='ocr_carea' id='block_1_92' title="bbox 1839 4066 3471 4153">
    <p class='ocr_par' dir='ltr' id='par_1_92' title="bbox 1839 4066 3471 4153">
     <span class='ocr_line' id='line_1_93' title="bbox 1839 4066 3471 4153; baseline 0.014 -35"><span class='ocrx_word' id='word_1_758' title='bbox 1839 4066 2044 4120; x_wconf 88' lang='lat' dir='ltr'>fortius</span> <span class='ocrx_word' id='word_1_759' title='bbox 2068 4068 2211 4136; x_wconf 88' lang='lat' dir='ltr'>ﬁxis,</span> <span class='ocrx_word' id='word_1_760' title='bbox 2242 4072 2300 4123; x_wconf 86' lang='lat' dir='ltr'>et</span> <span class='ocrx_word' id='word_1_761' title='bbox 2346 4070 2648 4127; x_wconf 91' lang='lat' dir='ltr'>domiciliis</span> <span class='ocrx_word' id='word_1_762' title='bbox 2686 4077 2895 4131; x_wconf 91' lang='lat' dir='ltr'>nostris</span> <span class='ocrx_word' id='word_1_763' title='bbox 2947 4096 3120 4151; x_wconf 91' lang='lat' dir='ltr'>super</span> <span class='ocrx_word' id='word_1_764' title='bbox 3161 4087 3342 4153; x_wconf 77' lang='lat' dir='ltr'>petrae</span> <span class='ocrx_word' id='word_1_765' title='bbox 3382 4103 3471 4141; x_wconf 83' lang='lat' dir='ltr'>ro-</span> 
     </span>
    </p>
   </div>
   <div class='ocr_carea' id='block_1_93' title="bbox 1838 4159 3476 4246">
    <p class='ocr_par' dir='ltr' id='par_1_93' title="bbox 1838 4159 3476 4246">
     <span class='ocr_line' id='line_1_94' title="bbox 1838 4159 3476 4246; baseline 0.015 -34"><span class='ocrx_word' id='word_1_766' title='bbox 1838 4159 2019 4215; x_wconf 63' lang='lat' dir='ltr'>busta;</span> <span class='ocrx_word' id='word_1_767' title='bbox 2038 4162 2192 4216; x_wconf 92' lang='lat' dir='ltr'>mole</span> <span class='ocrx_word' id='word_1_768' title='bbox 2210 4163 2484 4234; x_wconf 88' lang='lat' dir='ltr'>solidatis,</span> <span class='ocrx_word' id='word_1_769' title='bbox 2508 4167 2828 4225; x_wconf 89' lang='lat' dir='ltr'>inconcussi</span> <span class='ocrx_word' id='word_1_770' title='bbox 2860 4173 2933 4227; x_wconf 90' lang='lat' dir='ltr'>ad</span> <span class='ocrx_word' id='word_1_771' title='bbox 2957 4177 3238 4246; x_wconf 88' lang='lat' dir='ltr'>procellas</span> <span class='ocrx_word' id='word_1_772' title='bbox 3266 4195 3332 4233; x_wconf 88' lang='lat' dir='ltr'>ac</span> <span class='ocrx_word' id='word_1_773' title='bbox 3361 4183 3476 4235; x_wconf 89' lang='lat' dir='ltr'>tur-</span> 
     </span>
    </p>
   </div>
   <div class='ocr_carea' id='block_1_94' title="bbox 1835 4253 3472 4343">
    <p class='ocr_par' dir='ltr' id='par_1_94' title="bbox 1835 4253 3472 4343">
     <span class='ocr_line' id='line_1_95' title="bbox 1835 4253 3472 4343; baseline 0.014 -36"><span class='ocrx_word' id='word_1_774' title='bbox 1835 4253 2000 4309; x_wconf 90' lang='lat' dir='ltr'>bines</span> <span class='ocrx_word' id='word_1_775' title='bbox 2027 4256 2218 4310; x_wconf 70' lang='lat' dir='ltr'>saeculi</span> <span class='ocrx_word' id='word_1_776' title='bbox 2244 4260 2480 4329; x_wconf 88' lang='lat' dir='ltr'>stemus,</span> <span class='ocrx_word' id='word_1_777' title='bbox 2514 4264 2576 4315; x_wconf 91' lang='lat' dir='ltr'>ut</span> <span class='ocrx_word' id='word_1_778' title='bbox 2605 4262 2678 4316; x_wconf 92' lang='lat' dir='ltr'>ad</span> <span class='ocrx_word' id='word_1_779' title='bbox 2716 4265 2817 4320; x_wconf 91' lang='lat' dir='ltr'>Dei</span> <span class='ocrx_word' id='word_1_780' title='bbox 2858 4283 3104 4325; x_wconf 89' lang='lat' dir='ltr'>munera</span> <span class='ocrx_word' id='word_1_781' title='bbox 3140 4288 3245 4343; x_wconf 89' lang='lat' dir='ltr'>per</span> <span class='ocrx_word' id='word_1_782' title='bbox 3280 4273 3472 4331; x_wconf 88' lang='lat' dir='ltr'>divina</span> 
     </span>
    </p>
   </div>
   <div class='ocr_carea' id='block_1_95' title="bbox 1836 4352 2701 4425">
    <p class='ocr_par' dir='ltr' id='par_1_95' title="bbox 1836 4352 2701 4425">
     <span class='ocr_line' id='line_1_96' title="bbox 1836 4352 2701 4425; baseline 0.012 -24"><span class='ocrx_word' id='word_1_783' title='bbox 1836 4353 2125 4420; x_wconf 68' lang='lat' dir='ltr'>prazcepta</span> <span class='ocrx_word' id='word_1_784' title='bbox 2152 4352 2347 4407; x_wconf 87' lang='lat' dir='ltr'>venire</span> <span class='ocrx_word' id='word_1_785' title='bbox 2372 4354 2656 4425; x_wconf 89' lang='lat' dir='ltr'>possimus</span> <span class='ocrx_word' id='word_1_786' title='bbox 2672 4356 2701 4411; x_wconf 87' lang='lat'>?</span> 
     </span>
    </p>
   </div>
   <div class='ocr_carea' id='block_1_96' title="bbox 1908 4443 3468 4525">
    <p class='ocr_par' dir='ltr' id='par_1_96' title="bbox 1908 4443 3468 4525">
     <span class='ocr_line' id='line_1_97' title="bbox 1908 4443 3468 4525; baseline 0.014 -30"><span class='ocrx_word' id='word_1_787' title='bbox 1908 4444 1976 4497; x_wconf 91' lang='lat' dir='ltr'>Et</span> <span class='ocrx_word' id='word_1_788' title='bbox 2000 4443 2131 4498; x_wconf 90' lang='lat' dir='ltr'>ideo</span> <span class='ocrx_word' id='word_1_789' title='bbox 2163 4445 2467 4502; x_wconf 86' lang='lat' dir='ltr'>hortamur</span> <span class='ocrx_word' id='word_1_790' title='bbox 2490 4448 2861 4507; x_wconf 90' lang='lat' dir='ltr'>dilectionem</span> <span class='ocrx_word' id='word_1_791' title='bbox 2891 4460 3159 4525; x_wconf 88' lang='lat' dir='ltr'>vestram,</span> <span class='ocrx_word' id='word_1_792' title='bbox 3206 4462 3264 4513; x_wconf 91' lang='lat' dir='ltr'>et</span> <span class='ocrx_word' id='word_1_793' title='bbox 3302 4461 3468 4517; x_wconf 88' lang='lat' dir='ltr'>obse-</span> 
     </span>
    </p>
   </div>
   <div class='ocr_carea' id='block_1_97' title="bbox 1750 4541 3470 4624">
    <p class='ocr_par' dir='ltr' id='par_1_97' title="bbox 1750 4541 3470 4624">
     <span class='ocr_line' id='line_1_98' title="bbox 1750 4541 3470 4624; baseline 0.012 -36"><span class='ocrx_word' id='word_1_794' title='bbox 1750 4549 1809 4622; x_wconf 85' lang='lat' dir='ltr'><strong>D</strong></span> <span class='ocrx_word' id='word_1_795' title='bbox 1832 4554 2077 4605; x_wconf 88' lang='lat' dir='ltr'>eramus,</span> <span class='ocrx_word' id='word_1_796' title='bbox 2102 4541 2164 4592; x_wconf 91' lang='lat' dir='ltr'>ut</span> <span class='ocrx_word' id='word_1_797' title='bbox 2188 4541 2309 4593; x_wconf 91' lang='lat' dir='ltr'>tam</span> <span class='ocrx_word' id='word_1_798' title='bbox 2338 4542 2615 4597; x_wconf 90' lang='lat' dir='ltr'>terribilia</span> <span class='ocrx_word' id='word_1_799' title='bbox 2643 4546 2876 4600; x_wconf 89' lang='lat' dir='ltr'>Patrum</span> <span class='ocrx_word' id='word_1_800' title='bbox 2896 4549 3226 4605; x_wconf 86' lang='lat' dir='ltr'>testimonia</span> <span class='ocrx_word' id='word_1_801' title='bbox 3257 4569 3470 4624; x_wconf 88' lang='lat' dir='ltr'>cogno-</span> 
     </span>
    </p>
   </div>
   <div class='ocr_carea' id='block_1_98' title="bbox 1834 4632 3460 4705">
    <p class='ocr_par' dir='ltr' id='par_1_98' title="bbox 1834 4632 3460 4705">
     <span class='ocr_line' id='line_1_99' title="bbox 1834 4632 3460 4705; baseline 0.012 -23"><span class='ocrx_word' id='word_1_802' title='bbox 1834 4634 2076 4698; x_wconf 89' lang='lat' dir='ltr'>scentes,</span> <span class='ocrx_word' id='word_1_803' title='bbox 2102 4632 2257 4685; x_wconf 92' lang='lat' dir='ltr'>nullo</span> <span class='ocrx_word' id='word_1_804' title='bbox 2284 4633 2460 4688; x_wconf 92' lang='lat' dir='ltr'>modo</span> <span class='ocrx_word' id='word_1_805' title='bbox 2490 4637 2793 4705; x_wconf 89' lang='lat' dir='ltr'>patiamini</span> <span class='ocrx_word' id='word_1_806' title='bbox 2830 4641 3065 4695; x_wconf 89' lang='lat' dir='ltr'>ulterius</span> <span class='ocrx_word' id='word_1_807' title='bbox 3094 4643 3153 4697; x_wconf 89' lang='lat' dir='ltr'>in</span> <span class='ocrx_word' id='word_1_808' title='bbox 3182 4644 3460 4704; x_wconf 87' lang='lat' dir='ltr'>divisione</span> 
     </span>
    </p>
   </div>
   <div class='ocr_carea' id='block_1_99' title="bbox 1833 4723 3462 4798">
    <p class='ocr_par' dir='ltr' id='par_1_99' title="bbox 1833 4723 3462 4798">
     <span class='ocr_line' id='line_1_100' title="bbox 1833 4723 3462 4798; baseline 0.012 -20"><span class='ocrx_word' id='word_1_809' title='bbox 1833 4723 2094 4779; x_wconf 80' lang='lat' dir='ltr'>Ecclesiae</span> <span class='ocrx_word' id='word_1_810' title='bbox 2119 4725 2425 4795; x_wconf 90' lang='lat' dir='ltr'>persistere</span> <span class='ocrx_word' id='word_1_811' title='bbox 2449 4744 2461 4794; x_wconf 91' lang='lat'><strong>;</strong></span> <span class='ocrx_word' id='word_1_812' title='bbox 2483 4729 2657 4783; x_wconf 89' lang='lat' dir='ltr'>sedin</span> <span class='ocrx_word' id='word_1_813' title='bbox 2675 4732 2891 4787; x_wconf 88' lang='lat' dir='ltr'>viscera</span> <span class='ocrx_word' id='word_1_814' title='bbox 2912 4738 3122 4791; x_wconf 75' lang='lat' dir='ltr'>sanctae</span> <span class='ocrx_word' id='word_1_815' title='bbox 3150 4740 3353 4795; x_wconf 87' lang='lat' dir='ltr'>matris</span> <span class='ocrx_word' id='word_1_816' title='bbox 3373 4759 3462 4798; x_wconf 90' lang='lat' dir='ltr'>ca-</span> 
     </span>
    </p>
   </div>
   <div class='ocr_carea' id='block_1_100' title="bbox 1830 4817 3460 4895">
    <p class='ocr_par' dir='ltr' id='par_1_100' title="bbox 1830 4817 3460 4895">
     <span class='ocr_line' id='line_1_101' title="bbox 1830 4817 3460 4895; baseline 0.013 -24"><span class='ocrx_word' id='word_1_817' title='bbox 1830 4817 2059 4872; x_wconf 70' lang='lat' dir='ltr'>tholicas</span> <span class='ocrx_word' id='word_1_818' title='bbox 2075 4822 2247 4887; x_wconf 89' lang='lat' dir='ltr'>atque</span> <span class='ocrx_word' id='word_1_819' title='bbox 2269 4822 2597 4890; x_wconf 72' lang='lat' dir='ltr'>apostolicae</span> <span class='ocrx_word' id='word_1_820' title='bbox 2613 4826 2842 4895; x_wconf 79' lang='lat' dir='ltr'>regredi</span> <span class='ocrx_word' id='word_1_821' title='bbox 2871 4830 2991 4883; x_wconf 88' lang='lat' dir='ltr'>tota</span> <span class='ocrx_word' id='word_1_822' title='bbox 3022 4833 3233 4888; x_wconf 88' lang='lat' dir='ltr'>mentis</span> <span class='ocrx_word' id='word_1_823' title='bbox 3270 4836 3460 4893; x_wconf 88' lang='lat' dir='ltr'>inten-</span> 
     </span>
    </p>
   </div>
   <div class='ocr_carea' id='block_1_101' title="bbox 1831 4910 3462 4988">
    <p class='ocr_par' dir='ltr' id='par_1_101' title="bbox 1831 4910 3462 4988">
     <span class='ocr_line' id='line_1_102' title="bbox 1831 4910 3462 4988; baseline 0.014 -23"><span class='ocrx_word' id='word_1_824' title='bbox 1831 4910 1988 4966; x_wconf 90' lang='lat' dir='ltr'>tione</span> <span class='ocrx_word' id='word_1_825' title='bbox 2018 4913 2264 4965; x_wconf 89' lang='lat' dir='ltr'>celerate</span> <span class='ocrx_word' id='word_1_826' title='bbox 2299 4911 2684 4988; x_wconf 89' lang='lat' dir='ltr'>[eccelerate):</span> <span class='ocrx_word' id='word_1_827' title='bbox 2720 4922 2782 4972; x_wconf 90' lang='lat' dir='ltr'>ut</span> <span class='ocrx_word' id='word_1_828' title='bbox 2805 4921 3045 4978; x_wconf 89' lang='lat' dir='ltr'>radicati</span> <span class='ocrx_word' id='word_1_829' title='bbox 3083 4926 3139 4980; x_wconf 91' lang='lat' dir='ltr'>in</span> <span class='ocrx_word' id='word_1_830' title='bbox 3182 4929 3462 4988; x_wconf 88' lang='lat' dir='ltr'>charitate</span> 
     </span>
    </p>
   </div>
   <div class='ocr_carea' id='block_1_102' title="bbox 1832 5004 3458 5096">
    <p class='ocr_par' dir='ltr' id='par_1_102' title="bbox 1832 5004 3458 5096">
     <span class='ocr_line' id='line_1_103' title="bbox 1832 5004 3458 5096; baseline 0.017 -39"><span class='ocrx_word' id='word_1_831' title='bbox 1832 5004 2070 5059; x_wconf 89' lang='lat' dir='ltr'>unitatis</span> <span class='ocrx_word' id='word_1_832' title='bbox 2091 5009 2262 5077; x_wconf 91' lang='lat' dir='ltr'>atque</span> <span class='ocrx_word' id='word_1_833' title='bbox 2278 5007 2503 5062; x_wconf 89' lang='lat' dir='ltr'>fundati</span> <span class='ocrx_word' id='word_1_834' title='bbox 2518 5008 2709 5065; x_wconf 87' lang='lat' dir='ltr'>dicere</span> <span class='ocrx_word' id='word_1_835' title='bbox 2731 5030 3063 5073; x_wconf 90' lang='lat' dir='ltr'>mereamur</span> <span class='ocrx_word' id='word_1_836' title='bbox 3090 5037 3102 5075; x_wconf 94' lang='lat'>:</span> <span class='ocrx_word' id='word_1_837' title='bbox 3136 5025 3267 5079; x_wconf 88' lang='lat' dir='ltr'>Ecce</span> <span class='ocrx_word' id='word_1_838' title='bbox 3293 5043 3458 5096; x_wconf 85' lang='lat' dir='ltr'>quam</span> 
     </span>
    </p>
   </div>
   <div class='ocr_carea' id='block_1_103' title="bbox 1833 5099 3460 5179">
    <p class='ocr_par' dir='ltr' id='par_1_103' title="bbox 1833 5099 3460 5179">
     <span class='ocr_line' id='line_1_104' title="bbox 1833 5099 3460 5179; baseline 0.016 -28"><span class='ocrx_word' id='word_1_839' title='bbox 1833 5099 2028 5153; x_wconf 88' lang='lat' dir='ltr'>bonum</span> <span class='ocrx_word' id='word_1_840' title='bbox 2057 5105 2110 5154; x_wconf 87' lang='lat' dir='ltr'>et</span> <span class='ocrx_word' id='word_1_841' title='bbox 2136 5115 2299 5169; x_wconf 87' lang='lat' dir='ltr'>quam</span> <span class='ocrx_word' id='word_1_842' title='bbox 2316 5102 2644 5170; x_wconf 85' lang='lat' dir='ltr'>jucundum,</span> <span class='ocrx_word' id='word_1_843' title='bbox 2674 5106 2921 5164; x_wconf 84' lang='lat' dir='ltr'>habitare</span> <span class='ocrx_word' id='word_1_844' title='bbox 2951 5115 3157 5179; x_wconf 84' lang='lat' dir='ltr'>fratres</span> <span class='ocrx_word' id='word_1_845' title='bbox 3190 5120 3248 5172; x_wconf 87' lang='lat' dir='ltr'>in</span> <span class='ocrx_word' id='word_1_846' title='bbox 3293 5136 3460 5177; x_wconf 86' lang='lat' dir='ltr'>unum</span> 
     </span>
    </p>
   </div>
   <div class='ocr_carea' id='block_1_104' title="bbox 1832 5191 3463 5278">
    <p class='ocr_par' dir='ltr' id='par_1_104' title="bbox 1832 5191 3463 5278">
     <span class='ocr_line' id='line_1_105' title="bbox 1832 5191 3463 5278; baseline 0.015 -32"><span class='ocrx_word' id='word_1_847' title='bbox 1832 5191 1996 5264; x_wconf 88' lang='lat' dir='ltr'>(Psal.</span> <span class='ocrx_word' id='word_1_848' title='bbox 2027 5193 2261 5264; x_wconf 82' lang='lat' dir='ltr'>cxxxn):</span> <span class='ocrx_word' id='word_1_849' title='bbox 2302 5196 2582 5250; x_wconf 87' lang='lat' dir='ltr'>veraciter</span> <span class='ocrx_word' id='word_1_850' title='bbox 2618 5200 3039 5261; x_wconf 86' lang='lat' dir='ltr'>exclamantes:</span> <span class='ocrx_word' id='word_1_851' title='bbox 3073 5209 3352 5278; x_wconf 81' lang='lat' dir='ltr'>Repletum</span> <span class='ocrx_word' id='word_1_852' title='bbox 3383 5221 3463 5271; x_wconf 86' lang='lat' dir='ltr'>est</span> 
     </span>
    </p>
   </div>
   <div class='ocr_carea' id='block_1_105' title="bbox 1828 5287 3454 5377">
    <p class='ocr_par' dir='ltr' id='par_1_105' title="bbox 1828 5287 3454 5377">
     <span class='ocr_line' id='line_1_106' title="bbox 1828 5287 3454 5377; baseline 0.015 -39"><span class='ocrx_word' id='word_1_853' title='bbox 1828 5287 2030 5354; x_wconf 86' lang='lat' dir='ltr'>gaudio</span> <span class='ocrx_word' id='word_1_854' title='bbox 2061 5303 2118 5341; x_wconf 91' lang='lat' dir='ltr'>os</span> <span class='ocrx_word' id='word_1_855' title='bbox 2145 5293 2409 5353; x_wconf 83' lang='lat' dir='ltr'>nostrum,</span> <span class='ocrx_word' id='word_1_856' title='bbox 2438 5296 2488 5345; x_wconf 86' lang='lat' dir='ltr'>et</span> <span class='ocrx_word' id='word_1_857' title='bbox 2514 5292 2704 5360; x_wconf 87' lang='lat' dir='ltr'>lingua</span> <span class='ocrx_word' id='word_1_858' title='bbox 2732 5301 2919 5351; x_wconf 84' lang='lat' dir='ltr'>nostra</span> <span class='ocrx_word' id='word_1_859' title='bbox 2939 5300 3268 5359; x_wconf 67' lang='lat' dir='ltr'>exultatione</span> <span class='ocrx_word' id='word_1_860' title='bbox 3286 5306 3454 5377; x_wconf 89' lang='lat' dir='ltr'>(Psal.</span> 
     </span>
    </p>
   </div>
   <div class='ocr_carea' id='block_1_106' title="bbox 1831 5381 3460 5462">
    <p class='ocr_par' dir='ltr' id='par_1_106' title="bbox 1831 5381 3460 5462">
     <span class='ocr_line' id='line_1_107' title="bbox 1831 5381 3460 5462; baseline 0.013 -27"><span class='ocrx_word' id='word_1_861' title='bbox 1831 5382 2009 5452; x_wconf 84' lang='lat' dir='ltr'>cxxv).</span> <span class='ocrx_word' id='word_1_862' title='bbox 2041 5381 2254 5444; x_wconf 90' lang='lat' dir='ltr'>Quibus</span> <span class='ocrx_word' id='word_1_863' title='bbox 2283 5383 2545 5439; x_wconf 89' lang='lat' dir='ltr'>breviore</span> <span class='ocrx_word' id='word_1_864' title='bbox 2574 5388 2809 5457; x_wconf 90' lang='lat' dir='ltr'>quidem</span> <span class='ocrx_word' id='word_1_865' title='bbox 2835 5391 2999 5462; x_wconf 82' lang='lat' dir='ltr'>stylo,</span> <span class='ocrx_word' id='word_1_866' title='bbox 3022 5393 3343 5454; x_wconf 90' lang='lat' dir='ltr'>abundanti</span> <span class='ocrx_word' id='word_1_867' title='bbox 3374 5406 3460 5457; x_wconf 87' lang='lat' dir='ltr'>ta-</span> 
     </span>
    </p>
   </div>
   <div class='ocr_carea' id='block_1_107' title="bbox 1828 5475 3459 5552">
    <p class='ocr_par' dir='ltr' id='par_1_107' title="bbox 1828 5475 3459 5552">
     <span class='ocr_line' id='line_1_108' title="bbox 1828 5475 3459 5552; baseline 0.016 -26"><span class='ocrx_word' id='word_1_868' title='bbox 1828 5490 1966 5529; x_wconf 90' lang='lat' dir='ltr'>men</span> <span class='ocrx_word' id='word_1_869' title='bbox 2004 5475 2285 5531; x_wconf 87' lang='lat' dir='ltr'>charitate</span> <span class='ocrx_word' id='word_1_870' title='bbox 2321 5481 2630 5550; x_wconf 89' lang='lat' dir='ltr'>responsis,</span> <span class='ocrx_word' id='word_1_871' title='bbox 2664 5486 2722 5536; x_wconf 93' lang='lat' dir='ltr'>et</span> <span class='ocrx_word' id='word_1_872' title='bbox 2747 5483 2817 5538; x_wconf 92' lang='lat' dir='ltr'>de</span> <span class='ocrx_word' id='word_1_873' title='bbox 2848 5486 3226 5544; x_wconf 86' lang='lat' dir='ltr'>fraternitatis</span> <span class='ocrx_word' id='word_1_874' title='bbox 3256 5501 3459 5552; x_wconf 70' lang='lat' dir='ltr'>vestra:</span> 
     </span>
    </p>
   </div>
   <div class='ocr_carea' id='block_1_108' title="bbox 1828 5568 3461 5647">
    <p class='ocr_par' dir='ltr' id='par_1_108' title="bbox 1828 5568 3461 5647">
     <span class='ocr_line' id='line_1_109' title="bbox 1828 5568 3461 5647; baseline 0.016 -26"><span class='ocrx_word' id='word_1_875' title='bbox 1828 5568 2137 5638; x_wconf 86' lang='lat' dir='ltr'>mentibus,</span> <span class='ocrx_word' id='word_1_876' title='bbox 2162 5574 2221 5625; x_wconf 89' lang='lat' dir='ltr'>et</span> <span class='ocrx_word' id='word_1_877' title='bbox 2242 5571 2314 5626; x_wconf 90' lang='lat' dir='ltr'>de</span> <span class='ocrx_word' id='word_1_878' title='bbox 2335 5572 2540 5629; x_wconf 65' lang='lat' dir='ltr'>divina:</span> <span class='ocrx_word' id='word_1_879' title='bbox 2562 5575 2966 5635; x_wconf 63' lang='lat' dir='ltr'>misericordiae</span> <span class='ocrx_word' id='word_1_880' title='bbox 2993 5580 3202 5640; x_wconf 89' lang='lat' dir='ltr'>virtute</span> <span class='ocrx_word' id='word_1_881' title='bbox 3224 5592 3461 5647; x_wconf 42' lang='lat' dir='ltr'>conﬁdis</span> 
     </span>
    </p>
   </div>
   <div class='ocr_carea' id='block_1_109' title="bbox 1827 5656 3449 5741">
    <p class='ocr_par' dir='ltr' id='par_1_109' title="bbox 1827 5656 3449 5741">
     <span class='ocr_line' id='line_1_110' title="bbox 1827 5656 3449 5741; baseline 0.017 -27"><span class='ocrx_word' id='word_1_882' title='bbox 1827 5656 2089 5730; x_wconf 29' lang='lat' dir='ltr'>mus,‘vos</span> <span class='ocrx_word' id='word_1_883' title='bbox 2106 5669 2315 5720; x_wconf 81' lang='lat' dir='ltr'>sanctae</span> <span class='ocrx_word' id='word_1_884' title='bbox 2335 5666 2501 5721; x_wconf 89' lang='lat' dir='ltr'>citius</span> <span class='ocrx_word' id='word_1_885' title='bbox 2521 5669 2829 5727; x_wconf 87' lang='lat' dir='ltr'>reformari</span> <span class='ocrx_word' id='word_1_886' title='bbox 2842 5673 3242 5735; x_wconf 88' lang='lat' dir='ltr'>indubitanter</span> <span class='ocrx_word' id='word_1_887' title='bbox 3257 5683 3449 5741; x_wconf 88' lang='lat' dir='ltr'>Eccle-</span> 
     </span>
    </p>
   </div>
   <div class='ocr_carea' id='block_1_110' title="bbox 1826 5754 3454 5847">
    <p class='ocr_par' dir='ltr' id='par_1_110' title="bbox 1826 5754 3454 5847">
     <span class='ocr_line' id='line_1_111' title="bbox 1826 5754 3454 5847; baseline 0.015 -38"><span class='ocrx_word' id='word_1_888' title='bbox 1826 5754 1943 5810; x_wconf 59' lang='lat' dir='ltr'>siae.</span> <span class='ocrx_word' id='word_1_889' title='bbox 1973 5756 2034 5813; x_wconf 90' lang='lat' dir='ltr'>Si</span> <span class='ocrx_word' id='word_1_890' title='bbox 2064 5761 2261 5814; x_wconf 88' lang='lat' dir='ltr'>tamen</span> <span class='ocrx_word' id='word_1_891' title='bbox 2286 5776 2392 5831; x_wconf 90' lang='lat' dir='ltr'>pro</span> <span class='ocrx_word' id='word_1_892' title='bbox 2425 5762 2634 5818; x_wconf 87' lang='lat' dir='ltr'>nostris</span> <span class='ocrx_word' id='word_1_893' title='bbox 2660 5764 2847 5822; x_wconf 90' lang='lat' dir='ltr'>adhuc</span> <span class='ocrx_word' id='word_1_894' title='bbox 2868 5766 3087 5824; x_wconf 90' lang='lat' dir='ltr'>delictis</span> <span class='ocrx_word' id='word_1_895' title='bbox 3114 5773 3334 5847; x_wconf 89' lang='lat' dir='ltr'>aliquid</span> <span class='ocrx_word' id='word_1_896' title='bbox 3350 5778 3454 5833; x_wconf 86' lang='lat' dir='ltr'>ini-</span> 
     </span>
    </p>
   </div>
   <div class='ocr_carea' id='block_1_111' title="bbox 1824 5849 3456 5945">
    <p class='ocr_par' dir='ltr' id='par_1_111' title="bbox 1824 5849 3456 5945">
     <span class='ocr_line' id='line_1_112' title="bbox 1824 5849 3456 5945; baseline 0.014 -42"><span class='ocrx_word' id='word_1_897' title='bbox 1824 5849 2007 5905; x_wconf 89' lang='lat' dir='ltr'>micus</span> <span class='ocrx_word' id='word_1_898' title='bbox 2031 5852 2361 5911; x_wconf 87' lang='lat' dir='ltr'>animarum</span> <span class='ocrx_word' id='word_1_899' title='bbox 2378 5855 2538 5911; x_wconf 86' lang='lat' dir='ltr'>vobis</span> <span class='ocrx_word' id='word_1_900' title='bbox 2555 5858 2954 5919; x_wconf 88' lang='lat' dir='ltr'>obstinationis</span> <span class='ocrx_word' id='word_1_901' title='bbox 2973 5864 3150 5937; x_wconf 86' lang='lat' dir='ltr'>(quod</span> <span class='ocrx_word' id='word_1_902' title='bbox 3168 5869 3334 5945; x_wconf 81' lang='lat' dir='ltr'>absit)</span> <span class='ocrx_word' id='word_1_903' title='bbox 3356 5875 3456 5926; x_wconf 88' lang='lat' dir='ltr'>aut</span> 
     </span>
    </p>
   </div>
   <div class='ocr_carea' id='block_1_112' title="bbox 3069 5973 3147 6036">
    <p class='ocr_par' dir='ltr' id='par_1_112' title="bbox 3069 5973 3147 6036">
     <span class='ocr_line' id='line_1_113' title="bbox 3069 5973 3147 6036; baseline 0.038 -3"><span class='ocrx_word' id='word_1_904' title='bbox 3069 5973 3147 6036; x_wconf 67' lang='lat'>23</span> 
     </span>
    </p>
   </div>
  </div>
