4016 6240
462 418 562 472 703

1857 413 2121 469 PELAGlI
2158 412 2351 468 ΡΑΡᾸΕ
2390 411 2434 468 ll

3743 414 3846 473 704

461 535 622 605 duos,
654 535 775 599 dies
810 535 1005 591 decem
1031 542 1079 588 ι.
1126 532 1223 588 Hic
1271 531 1570 586 ordinatur
1616 530 1688 601 (a)
1726 530 1939 602 absque
1975 530 2095 603 jus-
2115 543 2175 616 Α
2194 532 2389 585 mento
2425 533 2830 599 constructam,
2876 535 2933 587 et
2976 530 3184 587 tabulis
3227 531 3511 605 argenteis
3546 533 3847 590 exornavit

461 629 620 685 sione
644 628 919 702 principis
942 670 956 695 ,
985 643 1051 683 eo
1077 626 1229 698 quod
1274 623 1627 696 Langobardi
1664 623 1985 680 obsiderent
2012 625 2091 679 ci-

459 722 691 779 vitatem
717 724 1049 790 Romanam,
1079 723 1135 774 et
1169 718 1350 774 multa
1378 718 1612 774 vastatio
1640 717 1709 772 ab
1739 717 1819 773 eis
1847 718 1909 774 in
1941 718 2098 773 Italia

462 816 639 873 ﬁeret.
658 816 869 871 Eodem
891 821 1147 885 tempore
1173 817 1345 868 tanta:
1368 812 1577 884 pluvia:
1605 812 1860 881 fuerunt,
1888 817 1954 868 ut
1970 829 2095 868 om-

462 926 563 966 nes
589 910 857 978 dicerent,
906 907 1042 979 quia,
1083 923 1248 979 aqua:
1292 905 1519 961 diluvim
1556 906 2094 978 superinundarent,

461 1005 528 1059 Et
555 1003 680 1058 talis
706 1002 891 1056 clades
909 1001 1034 1069 fuit,
1067 1001 1295 1073 qualem
1321 1018 1353 1055 a
1383 999 1591 1056 seculo
1617 1000 1809 1055 nullus
1834 999 2105 1055 meminit

459 1096 647 1153 fuisse.
683 1095 896 1151 Eodem
929 1099 1183 1166 tempore
1224 1094 1507 1150 investivit
1535 1110 1738 1165 corpus
1771 1093 1921 1149 beati
1947 1093 2099 1148 Petri

459 1188 696 1261 apostoli
714 1189 923 1244 tabulis
941 1188 1226 1261 argenteis
1247 1187 1547 1244 deauratis.
1564 1187 1661 1243 Hic
1681 1189 1915 1243 domum
1937 1204 2099 1242 suam

460 1282 876 1338 xenodochium
911 1282 1044 1338 fecit
1082 1298 1401 1354 pauperum
1448 1298 1669 1338 senum.
1702 1281 1799 1336 Hic
1822 1281 1957 1337 fecit
1982 1298 2096 1337 coe-

458 1377 763 1433 meterium
789 1376 940 1432 beati
966 1376 1240 1432 Hermetis
1282 1376 1567 1447 martyris.
1610 1375 1711 1430 Hic
1749 1375 1882 1431 fecit
1928 1391 2101 1447 supra

460 1487 664 1545 corpus
682 1471 831 1528 beati
852 1470 1139 1528 Laurentii
1158 1470 1422 1543 martyris
1442 1469 1469 1510 ι)
1495 1469 1781 1525 basilicam
1817 1487 1851 1524 a
1888 1468 2094 1524 fimda-

2196 624 2521 696 sepulcrum
2532 623 2783 695 ejus.Qui
2796 628 3052 680 mortuus
3063 630 3167 695 est,
3181 630 3237 680 et
3251 626 3509 698 sepultus
3522 627 3595 682 ad
3609 628 3843 684 beatum

2197 720 2429 773 Petrum
2456 718 2778 789 apostolum
2809 735 2865 773 v1
2890 719 3016 774 [dus
3048 718 3381 775 Februarias
3414 719 3495 792 [In
3526 723 3659 779 Cod.
3686 724 3838 791 Luc.,

2197 829 2249 866 γι
2273 813 2403 868 Idus
2431 811 2763 867 Februarias
2791 812 2981 884 deest].
3011 813 3111 868 Hic
3135 812 3269 869 fecit
3294 813 3678 885 ordinationes
3703 816 3843 870 duas

2195 922 2299 978 per
2321 921 2579 961 mensem
2614 905 3002 976 Decembrem,
3031 906 3391 979 presbyteros
3416 923 3620 977 Lxxxn,
3650 907 3843 964 diaco-

2194 1016 2296 1056 nes
2346 1016 2465 1068 vm,
2517 998 2809 1073 episcOpos
2843 1015 2949 1072 per
2977 1000 3199 1081 diversa
3235 1001 3355 1055 loca
3397 1018 3644 1058 numero
3673 1019 3845 1059 XLVIII

2203 1092 2351 1166 [Cod.
2397 1097 2547 1164 Luc.,
2591 1093 2953 1166 presbyteros
2998 1110 3188 1163 xxvm,
3238 1094 3508 1151 diaconos
3548 1113 3650 1165 vn,
3680 1097 3844 1169 etc.].

2197 1186 2443 1243 Cessavit
2478 1187 2837 1259 episcopatus
2873 1187 2997 1259 ejus
3023 1203 3246 1243 menses
3282 1204 3358 1258 v1,
3403 1188 3522 1245 dies
3547 1206 3658 1245 xxv
3687 1188 3845 1262 [Cod.

2195 1283 2346 1351 Luc.,
2404 1295 2626 1337 menses
2678 1297 2762 1352 ιιι,
2819 1281 2938 1337 dies
2990 1297 3121 1353 xxv,
3175 1281 3279 1338 sub
3326 1282 3418 1339 die
3463 1288 3495 1339 '7
3524 1283 3842 1351 Februarii,

2196 1374 2317 1430 ind.
2342 1373 2420 1447 5].

1754 1580 1951 1635 NOTzE
1991 1578 2302 1635 SEVERINI
2340 1579 2519 1635 BINII.

532 1679 556 1708 ι
584 1672 744 1725 Αιιιιο
788 1669 998 1726 Christi
1027 1672 1149 1739 590,
1188 1685 1245 1724 γι
1286 1668 1413 1724 idus
1442 1668 1732 1724 Februarii
1759 1668 2091 1723 defunctum

459 1757 579 1814 esse
604 1741 915 1814 Pelagium,
946 1758 1075 1796 cum
1104 1741 1341 1814 sedisset
1367 1756 1554 1814 annos
1569 1756 1666 1807 xu,
1694 1755 1922 1814 menses
1945 1756 2003 1814 n_,
2036 1742 2094 1793 et

459 1813 579 1867 dies
604 1810 787 1882 xxvn',
819 1817 1035 1867 constat
1063 1828 1131 1866 ex
1162 1812 1321 1866 initio
1363 1810 1720 1881 pontiﬁcatus
1751 1811 1928 1882 sancti
1962 1811 2093 1864 Gre-

460 1884 625 1953 gorii,
656 1885 753 1953 qui
776 1881 1088 1955 postquam
1125 1883 1284 1936 sedes
1308 1881 1614 1955 apostolica
1640 1898 1692 1936 γι
1720 1881 2012 1955 mensibus
2039 1886 2094 1955 et

459 1951 568 2009 ixv
593 1951 802 2035 diebus
833 1951 1054 2035 pastore
1096 1951 1362 2034 vacasset,
1410 1970 1470 2034 ιιι
1512 1954 1711 2035 Nonas.
1742 1951 2091 2035 Septembris

460 2042 609 2079 anno
632 2042 665 2077 v
684 2023 924 2079 Mauritii
948 2024 1320 2094 imperatoris,
1350 2024 1449 2094 qui
1477 2023 1559 2077 est
1582 2023 1788 2078 Christi
1812 2024 2093 2093 Redemp-

2193 1667 2312 1723 ritii
2336 1666 2698 1744 imperatoris
2719 1684 2936 1725 annum
2966 1669 3295 1744 septimum.
3319 1670 3453 1727 Vide
3479 1671 3685 1727 Baron.
3709 1674 3843 1739 590,

2191 1743 2488 1885 Πωὲἶὶῗιιιι
2512 1810 2688 1885 sancti
2708 1810 2994 1867 Laurentii
3016 1828 3222 1885 corpus
3238 1813 3311 1885 ab
3332 1813 3600 1885 cperariis
3619 1830 3847 1885 quaere-

2192 1885 2368 1950 retur,
2394 1881 2654 1957 miranda
2682 1887 2865 1957 atque
2891 1881 3147 1954 pavenda
3188 1881 3681 1957 illaico'ntigeruiit
3709 1902 3844 1957 quae

2191 1957 2417 2027 sanctus
2459 1953 2955 2027 Gregoriusilibro
2994 1955 3349 2027 7111,,epistola
3374 1953 3844 2023 30,'enarrat'his

2192 2024 2380 2078 verbis
2410 2040 2423 2078 :
2456 2046 2484 2073 ‹‹
2516 2025 2736 2079 Sanctae
2764 2026 3058 2080 memoria:
3078 2024 3335 2081 decessor
3356 2043 3520 2081 meus
3544 2026 3745 2081 itidem
3768 2027 3842 2082 ad

457 2097 593 2174 toris
623 2099 746 2161 590,
770 2096 996 2174 Pelagio
1030 2072 1099 2148 in
1124 2072 1455 2174 pontificatu
1484 2094 1770 2174 successit.
1805 2072 2093 2174 Manifesto
2112 2072 2170 2145 B
2198 2111 2406 2174 eorpus
2436 2096 2613 2174 sancti
2640 2096 2922 2174 Laurentii
2952 2098 3218 2174 martyris
3242 2098 3508 2174 quaedam
3534 2099 3844 2174 meliorare

458 2166 635 2250 igitur
663 2183 860 2250 errore
877 2166 1148 2250 labuntur
1158 2166 1271 2250 qui
1298 2166 1667 2250 depravatum
1686 2166 1962 2250 Anastasii
1980 2170 2100 2219 tex-

2198 2166 2540 2241 desiderans,
2569 2167 2707 2221 dum
2731 2167 2994 2241 nescitur
3007 2166 3114 2241 ubi
3127 2166 3451 2241 venerabile
3475 2185 3685 2241 corpus
3714 2169 3843 2240 ejus

460 2236 578 2292 tum
611 2238 812 2311 secuti,
846 2238 984 2311 huie
1012 2236 1267 2311 pontiﬁpi
1296 2253 1473 2311 annos
1508 2236 1785 2311 duntaxat
1813 2254 1847 2291 x
1876 2252 2100 2311 menses
2198 2242 2343 2311 esset
2369 2237 2738 2311 collocatum;
2773 2243 2830 2292 et
2856 2238 3117 2293 eﬁ‘oditur
3137 2240 3508 2311 exquirendo,
3530 2236 3720 2295 subito
3746 2236 3839 2294 se-

457 2326 502 2388 11_
522 2314 579 2388 et
612 2309 730 2388 dies
750 2326 805 2377 x,
838 2307 1174 2388 attribuunt.
1200 2310 1266 2388 Et
1285 2308 1516 2388 quidem
1536 2308 1751 2388 majore
1775 2324 1965 2388 errore
1995 2307 2095 2388 de-

456 2379 747 2450 cipiuntur
773 2381 873 2450 qui
893 2380 1110 2434 obitum
1129 2379 1359 2451 Pelagii,
1381 2383 1437 2451 et
1456 2379 1797 2451 creationem
1820 2379 2094 2451 Gregorii,

2197 2308 2463 2391 pulcrum
2484 2309 2606 2391 ejus
2628 2309 2958 2391 ignoranter
2980 2308 3245 2391 apertum
3276 2314 3378 2391 est,
3399 2315 3466 2391 .et
3478 2311 3527 2391 ii
3557 2312 3660 2382 qui
3684 2328 3841 2391 prae-

2197 2383 2380 2452 sentes
2399 2386 2568 2452 erant
2591 2385 2761 2452 atque
2786 2380 3118 2452 laborabant
3145 2382 3414 2437 monachi
3439 2387 3495 2436 et
3519 2380 3846 2437 mansiona-

456 2449 543 2504 vel
569 2451 628 2525 in
655 2449 988 2525 sequentem
1013 2466 1231 2525 annum
1261 2449 1554 2525 rejiciunt,
1579 2451 1665 2504 vel
1682 2450 1921 2525 _diverso_
1941 2449 2094 2525 anno
2196 2450 2286 2525 rii,
2314 2450 2646 2525 quicorpus
2665 2449 2925 2522 ejusdem
2950 2453 3213 2523 martyris
3232 2452 3515 2520 viderunt,
3536 2454 3694 2524 quod
3714 2454 3845 2525 qui-

456 2520 761 2595 eontigisse
799 2521 1072 2595 seribunt,
1114 2520 1513 2595 Longiusvero
1540 2520 1648 2574 hac
1677 2521 1737 2574 in
1773 2537 1835 2575 re
1873 2522 2098 2595 aberrat
2195 2520 2592 2595 dem—minime
2622 2520 2867 2595 tangere
2904 2520 3428 2595 praesuinpserunt,
3460 2520 3658 2580 omnes
3686 2520 3842 2579 intra

459 2591 638 2655 Beda,
668 2592 797 2663 qui,
826 2593 895 2646 de
930 2592 1106 2646 Gestis
1131 2592 1301 2663 Angl.
1343 2591 1486 2646 libro
1518 2608 1555 2659 1,
1584 2608 1708 2662 cap.
1737 2595 1826 2661 23,
1856 2593 2093 2647 creatio-

456 2679 591 2716 nem
616 2662 873 2733 Gregorii
897 2663 1130 2717 collocat
1156 2662 1260 2715 sub
1286 2678 1436 2716 anno
1465 2663 1684 2717 decimo
1722 2663 1963 2718 Mauritii
1992 2663 2096 2717 im-

456 2734 733 2803 peratoris
758 2750 932 2804 quam
954 2750 1102 2788 anno
1120 2734 1319 2804 quinto
1346 2734 1598 2803 ejusdem
1626 2734 1984 2804 imperatoris
2012 2735 2095 2789 in-

455 2805 695 2859 choante
715 2804 1020 2859 indictione
1040 2820 1191 2859 nona
1207 2804 1507 2874 contigisse
1529 2804 1821 2875 ipsiusmet
1840 2805 2094 2876 Gregorii

454 2876 848 2947 testiﬁcatione
876 2881 1111 2945 constat,
1140 2875 1424 2947 principio
1461 2876 1593 2929 libri
1621 2892 1661 2929 ιι
1687 2875 2085 2947 Epistolarum,

456 2946 552 3001 ubi
578 2947 935 3019 pontiﬁcatus
966 2946 1053 3002 sui
1078 2946 1295 3001 annum
1321 2946 1633 3002 secundum
1659 2946 1923 3002 numerat
1947 2949 2095 3003 Mau-

2196 2592 2392 2668 decem
2441 2593 2559 2647 dies
2604 2592 2857 2668 defuncti
2898 2592 3048 2668 sunt,
3096 2592 3179 2648 ita
3209 2598 3277 2649 ut
3315 2595 3522 2668 nullus,
3535 2612 3840 2668 superesse

2193 2665 2491 2737 potuisset,
2520 2664 2619 2736 qui
2646 2669 2904 2737 sanctum
2930 2670 2987 2737 et
3007 2666 3230 2735 justum
3255 2682 3461 2737 corpus
3490 2664 3645 2721 illius
3673 2668 3838 2722 vide-

2194 2739 2299 2816 rat.
2333 2756 2362 2784 ν)
2392 2736 2520 2816 llaec
2561 2736 2864 2807 Gregorius
2907 2736 2977 2791 de
3019 2736 3627 2809 inventiene’corporis
3655 2738 3841 2794 sancti

2194 2807 2507 2953 [ΔέδιΜὲἓὲ
2530 2876 2669 2953 Luc.
2712 2876 2883 2953 habet
2906 2877 3123 2953 aliquid
3159 2895 3418 2951 erasum,
3446 2884 3579 2953 post
3602 2896 3735 2953 quae
3760 2880 3844 2938 lo-

2193 2947 2347 3018 gitur
2376 2964 2389 3003 :
2419 2952 2567 3018 cepto
2594 2949 2839 3018 jussione
2860 2947 3144 3020 principis.
3177 2952 3373 3007 MANSI.

1524 3065 1939 3120 OBSERVATIO
1976 3065 2267 3121 PHILIPPI
2306 3066 2539 3132 LABBE,
2581 3066 2635 3121 S.
2676 3068 2724 3121 Ι.

530 3151 588 3204 In
614 3150 724 3224 line
752 3152 886 3224 Cod.
924 3168 1030 3224 ms.
1070 3152 1496 3224 viriclarissimi
1525 3153 1741 3208 Claudii
1767 3154 1971 3224 Hardyi
2001 3171 2089 3210 se-

452 3221 667 3294 natoris
690 3222 1017 3294 Parisiensis
1043 3223 1407 3277 eruditissimi
1433 3241 1545 3294 quo
1574 3225 1847 3279 hactenus
1880 3221 1963 3279 usi
1992 3243 2088 3279 su-

454 3308 582 3345 mus
607 3292 731 3346 haec
767 3293 1049 3348 habentur
1087 3310 1100 3348 :
1141 3296 1190 3350 A
1221 3295 1371 3349 beato
1394 3292 1551 3350 Pétro
1579 3312 1745 3365 usque
1782 3312 1924 3351 nunc
1954 3298 2091 3365 ﬁunt

453 3365 589 3446 anni
614 3378 896 3446 ccccgmv,
920 3370 1195 3446 etjnenses
1214 3370 1541 3446 v1,e.rcepti_s
1559 3368 1862 3446 intervallis
1888 3371 2089 3446 episco-
2113 3366 2168 3440 C

444 3438 698 3503 patuum.
744 3438 909 3491 Finis.
962 3436 1119 3491 Unde
1163 3436 1619 3492 manifestissime
1659 3436 1931 3509 arguitur
1952 3442 2096 3494 Ana-

2191 3154 2426 3229 stasium
2455 3154 2953 3229 bibliothecarium
2979 3172 3113 3229 non
3134 3173 3334 3213 omnes
3368 3158 3509 3212 vitas
3546 3157 3841 3229 scripsisse

2192 3227 2578 3301 Romanorum
2614 3227 2974 3301 pontificum,
3021 3228 3185 3301 quia
3221 3229 3446 3283 Damasi
3469 3246 3639 3301 papae
3659 3227 3843 3285 aetate

2190 3297 2260 3351 ad
2288 3314 2389 3351 sua
2414 3302 2674 3369 tempora
2716 3297 3058 3366 ﬂoruerunt;
3095 3300 3192 3354 sed
3218 3316 3286 3355 ex
3326 3297 3494 3355 variis
3533 3297 3670 3355 hinc
3700 3302 3841 3356 inde

2193 3373 2617 3443 coagmentasse
2635 3370 2959 3443 universam
2987 3371 3161 3442 illam,
3185 3388 3312 3443 quae
3332 3372 3437 3427 sub
3457 3372 3505 3443 ej
3515 3389 3582 3426 us
3600 3372 3838 3428 nomine

2193 3442 2452 3511 apparet,
2481 3440 2883 3496 collectionem.

1314 3728 2031 3883 PELAGII
2168 3718 2671 3859 ΡΑΡλἘ
2810 3735 2939 3859 ΙΙ

996 3952 1930 4076 EPISTOLE
2038 3952 2280 4074 ET
2380 3953 3282 4075 DEGRETA.

1906 4146 2353 4160 ψ

803 4239 1126 4297 EPISTOLA
1164 4240 1375 4296 PRIMA
1419 4238 1580 4311 [Olim
1608 4239 1729 4312 HI],

897 4359 967 4398 AD
1001 4356 1314 4398 GREGORIUM
1352 4358 1632 4400 DIACONUM

492 4449 557 4501 Ut
580 4449 651 4503 ab
675 4452 1001 4519 imperatore
1029 4449 1302 4575 aumi'liun';
1324 4454 1511 4576 centra
1534 4449 1920 4517 Langobardos
1946 4450 2052 4504 sibi

1137 4535 1277 4576 amne
1303 4537 1361 4576 re
1391 4562 1403 4575 .

1137 4535 1403 4589 impetret.

2186 4238 2527 4294 Praedictum
2578 4243 2769 4294 autem
2818 4239 3053 4294 fratrem
3107 4237 3498 4294 Sebastianum
3538 4240 3833 4310 quomodo

2185 4333 2619 4405 susceperimus,
2650 4333 2738 4388 vel
2766 4331 2823 4388 in
2858 4333 3016 4405 quali
3040 4333 3193 4406 apud
3218 4349 3341 4403 nos,
3372 4337 3427 4387 te
3455 4337 3829 4404 suggerente,
3864 4326 3879 4333 ’

2183 4426 2359 4481 fuerit
2381 4426 2674 4495 charitate,
2701 4426 2877 4499 ipsius
2902 4427 3116 4499 poteris
3144 4426 3415 4482 relatione
3438 4442 3787 4497 cognoscere
3810 4446 3829 4497 ;

2184 4518 2283 4590 qui
2325 4518 2497 4574 etiam
2537 4519 2799 4592 promisit
2838 4520 2999 4574 nobis
3037 4520 3401 4575 necessitates
3442 4519 3533 4574 vel
3573 4520 3829 4591 pericula

519 4612 779 4683 Pelagius
802 4610 1095 4683 episcopus
1118 4612 1321 4669 dilecto
1348 4613 1465 4669 ﬁlio
1490 4614 1760 4686 Gregorio
1792 4613 2043 4669 diacono.
2100 4646 2160 4718 Β
2181 4612 2354 4667 totius
2385 4612 2552 4667 [taliae
2577 4612 2835 4685 piissimo
2862 4613 3093 4669 domino
3137 4613 3465 4684 imperatori
3492 4629 3826 4684 suggerere.

517 4704 720 4758 Omnia
745 4703 977 4775 quidem
1002 4710 1132 4776 quae.
1162 4707 1477 4762 necessaria
1496 4708 1749 4779 fuerunt,
1765 4724 1867 4779 per
1893 4709 2079 4762 Hono-

445 4802 632 4852 ratum
650 4797 937 4852 notarium
965 4798 1065 4853 tibi
1092 4801 1415 4856 curavimus
1436 4802 1719 4872 indicare;
1751 4817 1926 4873 quem
1951 4817 2082 4856 cum

441 4891 614 4945 fratre
643 4932 657 4961 ,
726 4894 785 4946 et
832 4893 1163 4965 coepiscopo
1213 4895 1538 4952 Sebastiano
1594 4896 1665 4950 ad
1724 4895 2082 4951 dilectionem

441 4989 598 5039 tuam
626 4985 959 5057 direximus,
991 4992 1057 5043 ut
1082 4988 1219 5060 quia
1243 4989 1352 5043 illis
1381 4989 1441 5043 in
1466 4989 1720 5061 partibus
1762 4989 1834 5044 ad
1859 4990 2078 5044 Raven-

440 5095 577 5134 nam
606 5096 785 5152 usque
813 5097 967 5135 nunc
1010 5098 1142 5137 cum
1182 5083 1303 5137 viro
1355 5083 1597 5155 glorioso
1641 5082 1870 5138 domino
1916 5083 2079 5139 Decio

438 5172 680 5229 Patricio
705 5174 834 5244 fuit,
862 5174 983 5247 ipse
1026 5193 1128 5231 sua
1174 5176 1447 5232 relatione
1473 5181 1529 5233 te
1556 5176 1627 5232 de
1662 5177 1925 5233 omnibus
1968 5182 2080 5233 stu-

437 5267 567 5322 deat
592 5268 942 5325 informare:
989 5269 1077 5325 vel
1123 5269 1169 5324 si
1212 5286 1324 5342 qua
1360 5270 1679 5326 necessaria
1712 5270 2074 5343 judicaveris,

436 5362 614 5432 possis
663 5363 893 5418 domino
941 5362 1278 5436 imperatori
1329 5380 1660 5437 suggerere.
1715 5366 1857 5431 Quia
1904 5370 2077 5420 tanta:

435 5456 780 5512 calamitates
805 5474 871 5511 ac
895 5456 1288 5513 tribulationes
1318 5436 1477 5513 nobis
1517 5476 1551 5513 a
1585 5458 1819 5531 perﬁdia
1862 5459 2077 5530 Lango—

434 5547 740 5604 bardorum
765 5550 941 5606 illatae
977 5556 1128 5622 sunt,
1157 5556 1352 5606 contra
1378 5568 1546 5607 suum
1576 5552 1873 5624 proprium
1893 5552 2077 5622 jusju-

435 5642 698 5710 randum,
732 5648 795 5699 ut
822 5645 1014 5700 nullus
1043 5645 1220 5716 possit
1265 5646 1338 5701 ad
1388 5645 1753 5701 referendum
1792 5644 2071 5700 sufﬁcere.

505 5791 527 5811 ⁴
552 5792 632 5845 Ex
657 5792 1114 5865 annotatienibus
1133 5793 1357 5848 Labbaai
1383 5809 1511 5865 quae
1532 5794 1683 5864 apud
1714 5793 1888 5850 Mansi
1908 5798 2074 5851 erant

437 5861 505 5913 ad
535 5860 853 5929 marginem
876 5903 890 5927 ,
930 5862 1217 5919 breviores
1251 5881 1355 5919 nos
1381 5860 1440 5918 in
1472 5860 1628 5920 textu
1655 5865 1805 5921 inter
1832 5866 2073 5921 uncinos

438 5930 796 6004 collocamus,
843 5932 1128 6005 longiores
1172 5950 1303 5991 vero
1342 5936 1495 5992 infra
1534 5936 1805 6010 paginam
1847 5938 2069 6011 relega-

2181 4705 2505 4779 Loquimini
2525 4723 2682 4779 ergo,
2712 4712 2768 4763 et
2792 4711 3028 4763 tractate
3052 4706 3284 4780 pariter,
3315 4706 3602 4778 quomodo
3620 4708 3833 4762 nostris

2181 4799 2407 4872 possitis
2435 4800 2695 4856 celeriter
2738 4801 3038 4857 subvenire
3076 4800 3344 4873 periculis
3387 4819 3402 4854 :
3436 4799 3586 4872 quia
3612 4799 3693 4855 ita
3735 4800 3831 4855 hic

2181 4896 2550 4965 coangustata
2574 4897 2658 4949 est
2681 4894 3026 4966 respublica,
3062 4899 3127 4950 ut
3162 4893 3272 4949 nisi
3310 4894 3454 4949 Deus
3488 4893 3731 4966 piissimi
3767 4893 3830 4949 in

2181 4987 2348 5042 corde
2389 4986 2667 5060 principis
2692 4987 3071 5060 inspiraverit,
3114 4992 3180 5043 ut
3216 4987 3447 5042 insitam
3470 4986 3576 5041 sibi
3600 4987 3828 5042 miseri-

2179 5080 2428 5137 cordiam
2457 5080 2573 5135 suis
2600 5081 2831 5136 famulis
2854 5082 3150 5154 largiatur,
3172 5084 3230 5137 et
3250 5098 3424 5154 super
3457 5082 3617 5136 illam
3644 5080 3829 5137 diaco-

2177 5173 2363 5245 posin,
2392 5174 2479 5228 vel
2504 5190 2687 5229 unum
2713 5175 3052 5247 magistrum
3076 5174 3329 5231 militum
3355 5216 3369 5243 ,
3415 5177 3470 5229 et
3505 5189 3691 5229 unum
3727 5175 3832 5229 du-

2178 5283 2303 5322 cem
2349 5267 2621 5339 dignetur
2666 5269 2997 5339 concedere,
3029 5270 3091 5324 in
3134 5268 3292 5324 omni
3321 5283 3519 5322 sumus
3559 5268 3829 5339 angustia

2178 5360 2455 5432 destituti,
2480 5361 2619 5434 quia
2647 5362 2899 5418 maxime
2924 5365 3117 5435 partes
3142 5364 3413 5419 Romanae
3441 5361 3603 5417 omni
3625 5362 3829 5434 praesi-

2176 5454 2269 5510 dio
2294 5459 2542 5511 vacuata:
2569 5455 2850 5512 videntur.
2886 5458 2951 5511 Et
2996 5456 3283 5512 Exarchus
3326 5455 3551 5525 scribit,
3597 5455 3829 5512 nullum

2174 5548 2341 5603 nobis
2366 5565 2532 5621 posse
2560 5550 2879 5606 remedium
2907 5550 3111 5619 facere,
3148 5551 3362 5622 quippe
3391 5549 3492 5621 qui
3521 5566 3629 5605 nec
3656 5551 3731 5606 ad
3759 5550 3825 5606 il-

2174 5642 2254 5697 las
2284 5646 2474 5714 partes
2517 5643 2911 5700 custodiendas
2948 5661 3006 5700 se
3049 5647 3291 5705 testatur
3328 5659 3492 5716 posse
3534 5644 3823 5701 sufﬁcere.

2173 5810 2322 5871 mus.
2360 5795 2496 5871 Vide
2524 5796 2676 5871 quod
2702 5796 2763 5851 in
2808 5798 2920 5854 ﬁne
2956 5814 3194 5870 operum
3223 5798 3434 5871 Pelagii
3475 5799 3821 5870 notavimus,

2173 5865 2317 5922 infra
2346 5866 2453 5921 col.
2477 5865 2600 5922 759.
2634 5868 2785 5926 Enrr.
