4016 6240
77 282 171 336 703

1356 281 1694 338 EPISTOLE
1732 280 1817 338 ET
1853 281 2161 339 DECRETA

3348 282 3447 340 706

86 389 327 458 Imperet
381 403 520 461 ergo
569 386 650 444 illi
694 388 841 446 Deus
885 390 1089 446 nostris
1130 389 1396 446 velociter
1447 390 1714 463 periculis
1735 391 1949 474 Aquis.
1974 391 2075 463 qui
2089 391 2354 463 nequiter
2374 394 2556 463 agunt
2572 387 3124 461 exterminabuntur,
3153 393 3210 446 et
3232 388 3449 444 inimici

79 482 399 552 subvenire,
427 488 733 555 antequam
764 484 1182 540 nefandissimae
1219 485 1405 556 gentis
1430 485 1710 539 exercitus

75 575 210 642 loca,
242 592 358 647 que
408 577 593 631 adhuc
636 594 670 630 a
709 578 999 650 republica
1049 578 1395 647 detinentur,
1439 580 1554 633 Deo
1607 577 1714 631 sibi

78 669 379 736 contrario,
408 670 560 741 quod
585 670 751 738 absit,
776 673 1115 743 praevaleant
1145 688 1442 744 occupare.
1470 671 1712 742 Presby-

80 766 268 816 terum
294 761 320 789 ⁸
350 768 543 818 autem
569 764 635 819 ad
665 782 787 835 nos,
829 767 946 820 Deo
990 766 1313 837 adjuvante,
1357 763 1711 820 retransmit-

78 860 193 911 tere
219 857 431 912 festina
456 876 472 912 :
502 857 635 929 quia
664 862 722 913 et
747 859 806 913 in
848 860 1189 915 monasterio
1214 866 1313 915 tuo
1341 859 1475 914 etin
1521 874 1712 929 opere,

82 949 165 1003 cui
194 966 333 1005 eum
362 951 802 1023 prmposuimus,
834 953 1184 1008 necessarius
1213 969 1332 1008 esse
1358 952 1592 1007 omnino
1618 967 1713 1006 co-

86 1043 394 1114 gnoscitur.
424 1045 560 1100 Data
581 1061 636 1100 iv
662 1046 846 1100 Nonas
874 1046 1148 1117 Octobris,
1179 1046 1486 1101 indictione
1514 1048 1568 1100 3.

513 1160 836 1216 EPISTOLA
874 1163 918 1215 ll
966 1160 1124 1233 [Olim
1164 1162 1291 1233 IV],

170 1270 240 1308 AD
273 1268 667 1309 AUNACHARIUM
700 1270 1004 1311 EPISCOPUM
1034 1270 1536 1311 AUTISIODORENSEM
1566 1254 1594 1294 δ
1686 1276 1703 1290 ”

82 1349 282 1415 Regum
354 1349 684 1402 Francorum
735 1349 895 1417 ﬁdem
941 1350 1297 1404 orthodoxam
1349 1348 1710 1410 commendat,

148 1421 509 1487 hortaturque
532 1424 593 1473 ut
629 1420 740 1474 illis
780 1421 1030 1482 suadeat,
1076 1436 1143 1474 ne
1181 1436 1300 1474 cum
1344 1420 1717 1490 Langobardis

147 1490 328 1555 foedus
356 1490 615 1553 habeant,
642 1495 692 1545 et
720 1491 785 1545 de
809 1492 1057 1561 reliquiis
1086 1507 1220 1562 quas
1248 1494 1437 1545 mittit.

148 1602 527 1657 Dilectissimo
550 1603 711 1657 fratri
752 1604 997 1659 Aunario
1029 1605 1290 1675 Pelagius
1337 1604 1492 1659 urbis
1521 1604 1715 1660 Romae

75 1712 399 1767 episcopus.

1815 484 1913 539 Dei
1966 502 2099 539 mox
2149 491 2213 540 ut
2263 486 2698 551 exaltabuntur,
2753 484 2896 539 sicut
2942 483 3135 539 fumus
3188 484 3451 539 deﬁcient

1814 578 2035 647 (Psalm.
2084 595 2244 634 xxxv1
2280 621 2294 648 ,
2324 584 2381 634 et
2424 578 2763 651 generaliter
2802 578 3075 649 peribunt
3133 582 3325 648 gentes
3379 576 3448 631 de

1813 675 1968 725 terra
1993 672 2134 742 ejus.
2162 674 2401 743 Propter
2437 672 2594 744 quod
2620 688 2713 725 vos
2757 671 3042 739 decuerat,
3072 670 3168 742 qui
3198 670 3307 725 illic
3354 686 3446 747 ca:

1816 764 2040 819 tholicaa
2090 765 2347 820 membra
2373 766 2505 820 estis
2556 764 2834 834 Ecclesiae,
2863 765 2965 819 uni
3010 764 3235 836 corpori
3280 763 3452 819 unius

1815 857 2009 929 capitis
2039 858 2447 928 gubernatione
2477 858 2800 929 conjuncta,
2839 857 3103 913 omnibus
3131 856 3338 929 quibus
3365 856 3444 910 vi-

1816 951 1972 1006 ribus
1995 951 2280 1021 valeretis,
2309 951 2432 1022 paci
2460 952 2750 1023 quietique
2774 955 2980 1006 nostrae
2999 967 3102 1021 pro
3125 950 3246 1021 ipsa
3271 952 3449 1007 sancti

1817 1043 2059 1115 Spiritus
2079 1044 2298 1099 unitate
2317 1060 2673 1100 concurrere.
2696 1046 2806 1100 Nec
2816 1045 2981 1101 enim
3003 1044 3285 1100 credimus
3305 1044 3444 1099 otio-

1816 1154 1965 1207 sum,
1991 1154 2097 1193 nec
2130 1138 2250 1192 sine
2280 1154 2489 1209 magna
2531 1138 2735 1192 divinas
2774 1137 3147 1209 providentiae
3192 1138 3443 1193 admira-

1815 1230 1968 1286 tione
1994 1230 2352 1303 dispositum,
2371 1231 2526 1302 quod
2545 1230 2717 1286 vestri
2745 1247 2907 1302 reges
2931 1232 3188 1286 Romano
3204 1230 3449 1302 imperio

1816 1324 1877 1379 in
1903 1325 2231 1381 orthodoxa:
2254 1324 2385 1380 ﬁdei
2416 1324 2762 1379 confessione
2798 1328 2932 1379 sunt
2959 1323 3170 1378 similes
3194 1342 3210 1394 ;
3244 1324 3354 1379 nisi
3387 1329 3448 1379 ut

1816 1417 1951 1473 huic
1970 1418 2119 1487 urbi,
2143 1435 2212 1475 ex
2238 1435 2350 1490 qua
2369 1418 2554 1473 fuerat
2579 1417 2836 1486 oriunda,
2862 1417 2951 1472 vel
2968 1418 3248 1472 universae
3278 1417 3446 1472 ltalim

1814 1511 2114 1581 ﬁnitimos,
2170 1513 2572 1583 adjutoresque
2622 1514 2935 1583 praestaret.
3001 1511 3201 1566 Cavete
3247 1511 3444 1582 igitur,

1817 1605 2147 1661 charissime
2185 1605 2382 1675 frater,
2412 1621 2485 1659 ne
2528 1605 2663 1660 dum
2710 1605 2940 1677 regibus
2976 1603 3175 1659 vestris
3209 1603 3449 1674 juvandi

1816 1716 1919 1753 nos
1945 1700 2124 1754 virtus
2151 1699 2223 1754 sit
2248 1699 2377 1757 data
2416 1698 2707 1767 divinitus,
2741 1697 3034 1752 charitatis
3072 1700 3277 1751 vestrae
3305 1697 3452 1752 circa

150 1790 602 1845 Laudanda’tuai
646 1790 936 1845 charitatis
978 1795 1102 1845 vota
1149 1789 1478 1861 relegimus,
1510 1790 1718 1861 quibus
1736 1775 1794 1849 B
1817 1809 1920 1847 nos
1944 1792 2139 1848 levitas
2164 1798 2474 1865 arguatur:
2507 1792 2607 1864 qui
2632 1792 2741 1847 illis
2767 1796 2824 1847 et
2852 1791 2911 1846 in
2938 1790 3068 1861 ﬁde,
3100 1791 3241 1846 etin
3270 1790 3452 1846 consi-

79 1887 149 1947 te,
178 1883 293 1938 nisi
324 1883 554 1954 gentilis
595 1889 783 1938 motus
817 1883 1131 1954 obsisteret,
1163 1884 1234 1938 ad
1261 1901 1362 1938 nos
1394 1884 1587 1939 venire
1617 1902 1713 1939 vo-

81 1978 250 2032 luisse
276 1977 586 2050 signiﬁcas.
619 1978 771 2032 Licet
798 1977 951 2032 enim
988 1978 1337 2049 spiritaliter,
1366 1982 1423 2033 et
1466 1978 1633 2033 simul
1661 1982 1717 2033 et

80 2087 259 2125 unum
283 2087 513 2143 semper
551 2070 729 2126 simus
756 2070 816 2126 in
837 2071 1099 2138 Domino,
1128 2075 1520 2127 verumtamen
1545 2072 1716 2127 etiam

75 2164 407 2235 praesentias
435 2164 760 2237 corporales
787 2168 842 2219 et
877 2165 1226 2236 antiquiores
1250 2169 1457 2236 patres,
1486 2171 1543 2220 et
1568 2165 1718 2236 ipsos

76 2258 343 2329 quaesisse
368 2258 692 2314 invenimus
725 2259 1025 2330 apostolos.
1055 2260 1161 2314 Sed
1206 2259 1344 2314 dum
1384 2262 1481 2313 tua
1507 2258 1720 2315 deside-

77 2354 176 2422 ria,
208 2369 527 2429 causasque
569 2352 776 2424 quibus
817 2352 1120 2408 obstareris
1159 2368 1494 2423 exponeres,
1525 2353 1717 2407 mirati

76 2463 269 2501 sumus
295 2446 490 2501 minus
515 2453 569 2502 te
599 2447 744 2502 illud
775 2447 929 2518 quod
958 2445 1092 2518 ipsis
1122 2446 1377 2502 obviaret
1403 2446 1715 2501 excusatio-

78 2540 240 2595 nibus
260 2539 591 2596 attendisse.
615 2539 672 2596 Si
692 2539 846 2595 enim
873 2540 1088 2599 mundo
1106 2540 1484 2595 venerabilem
1503 2540 1718 2611 judica-

78 2634 316 2689 tishanc
341 2634 567 2704 urbem,
599 2634 646 2688 si
666 2634 737 2689 ad
763 2650 964 2705 pacem
982 2633 1127 2688 sedis
1143 2632 1465 2705 apostolicae.
1492 2637 1717 2688 cuncta-

79 2744 205 2782 rum
220 2743 428 2799 regere
454 2727 843 2783 moderamina
862 2727 1225 2782 ecclesiarum
1242 2727 1592 2799 praedicatis;
1617 2743 1719 2782 cur

78 2838 189 2877 non
215 2824 276 2877 et
305 2821 698 2877 tribulationes
716 2826 956 2892 nostras,
986 2826 1043 2877 et
1066 2821 1401 2892 temporales
1429 2820 1717 2893 angustias

78 2915 370 2970 charitatis
416 2916 799 2988 compassione
842 2914 1147 2987 gemiscitis
1172 2915 1200 2969 ‘t
1252 2915 1487 2970 scientes
1527 2914 1717 2970 divino

77 3025 175 3081 per
188 3009 530 3080 Apostolum
546 3009 709 3064 nobis
723 3025 819 3064 ore
838 3008 1097 3063 mandari
1123 3006 1292 3080 [Rom
1322 3024 1440 3078 Xlll,
1471 3010 1593 3066 Gal.
1615 3009 1687 3083 v1]
1702 3050 1716 3076 ,

1818 1887 1926 1953 liis,
1954 1891 2138 1941 vestro
2165 1886 2474 1942 sacerdotio
2513 1885 2591 1940 sic
2621 1886 2853 1955 devotis,
2884 1884 3122 1939 suadere
3158 1884 3311 1953 talia,
3353 1888 3451 1939 aut

1817 1980 2129 2052 negligitis,
2158 1986 2257 2037 aut
2282 1979 2536 2035 dilfertis.
2567 1980 2758 2034 Sacras
2778 1983 2971 2033 autem
2988 1978 3276 2050 reliquias,
3308 1994 3448 2050 quas

1818 2078 1873 2129 et
1901 2078 2001 2130 tua
2026 2073 2287 2140 charitas,
2322 2077 2378 2128 et
2404 2072 2845 2143 gloriosissimus
2872 2070 3021 2126 ﬁlius
3054 2074 3249 2126 noster
3286 2072 3452 2142 petiit

1820 2161 2165 2233 dirigendas,
2188 2178 2319 2216 cum
2344 2161 2651 2217 cohaerenti
2676 2161 2781 2215 sibi
2808 2159 3245 2215 sanctiﬁcatione
3270 2164 3453 2216 trans-

1817 2255 2094 2311 misimus.
2125 2257 2360 2327 Propter
2375 2255 2528 2327 quod
2551 2254 2731 2310 nihilo
2759 2254 2947 2309 minus
2973 2254 3365 2323 admonemus,
3385 2257 3451 2310 ut

1819 2366 2063 2421 quorum
2102 2349 2369 2404 virtutem
2403 2348 2675 2421 quaeritis,
2707 2364 2906 2404 eorum
2949 2348 3161 2419 templa
3182 2365 3216 2403 a
3257 2348 3446 2421 pollu—

1817 2443 1975 2500 tione
2001 2442 2261 2514 gentium
2289 2442 2542 2513 liberari,
2572 2442 2630 2497 in
2661 2447 2937 2514 quantum
2966 2442 3123 2497 vobis
3158 2446 3243 2497 est
3266 2444 3448 2515 possi-

1814 2536 1947 2607 bile,
1980 2536 2255 2591 festinetis
2279 2553 2293 2592 :
2327 2541 2384 2592 et
2408 2536 2606 2592 vestris
2635 2535 2867 2607 regibus
2891 2535 3296 2591 instantissime
3322 2552 3446 2592 sua-

1817 2631 2016 2700 deatis,
2044 2635 2323 2702 quatenus
2354 2631 2424 2686 ab
2453 2631 2715 2687 amicitiis
2744 2634 2800 2685 et
2827 2629 3227 2700 conjunctione
3253 2630 3447 2686 nefan-

1818 2723 2035 2779 dissimi
2058 2724 2258 2793 hostis,
2283 2724 2804 2797 Langobardorum,
2824 2723 3033 2778 salubri
3054 2740 3112 2779 se
3130 2724 3450 2795 provisione

1818 2834 2117 2889 segregare
2136 2818 2430 2888 festinent;
2453 2834 2526 2874 ne
2547 2819 2684 2873 dum
2703 2817 2932 2871 illorum
2946 2816 3209 2872 vindictae
3229 2822 3453 2891 tempus

1819 2912 2134 2981 advenerit,
2158 2910 2302 2966 sicut
2324 2915 2383 2967 et
2401 2912 2579 2967 celere
2602 2911 2726 2966 ﬁeri
2743 2911 2931 2966 divina
2944 2910 3304 2967 miseratione
3324 2929 3454 2967 con-

1817 3006 2066 3075 fidimus,
2086 3021 2288 3060 eorum
2306 3005 2477 3060 etiam
2498 3005 2582 3059 illi
2605 3003 2967 3059 inveniantur
2980 3020 3101 3060 esse
3119 3005 3447 3077 participes:

76 3109 137 3159 ut
164 3120 277 3158 nos
306 3103 551 3159 invicem
592 3103 916 3175 diligamus,
943 3106 1008 3157 ut
1034 3118 1209 3157 onera
1244 3101 1489 3157 invicem
1526 3107 1721 3158 nostra
1739 3144 1794 3218 Ο
1819 3100 1952 3172 quia
1977 3099 2251 3171 scriptum
2293 3102 2409 3154 est:
2465 3102 2586 3159 Non
2616 3099 2789 3154 solum
2832 3100 2931 3168 qui
2957 3114 3021 3153 ea
3058 3100 3275 3166 faciunt
3303 3102 3332 3154 ?
3356 3100 3452 3155 sed

76 3202 372 3218 -Αμι,..----
422 3201 485 3218 --Δ
522 3197 731 3218 ..--ι2--
760 3196 996 3218 ιι--ι..----
1034 3196 1234 3218 .__!-_-_
1249 3212 1350 3218 μ---
1379 3196 1567 3218 --..21-__
1618 3213 1716 3218 _-_
1826 3196 1977 3218 ..Δία-,Α
2008 3196 2098 3218 λέμμ’
2125 3195 2456 3218 Αηηηληι.’.ηηι
2485 3193 2808 3218 ο..ΑέΑ..4.Ίυ-ιη
2845 3192 3142 3218 ..οη-μὲιιινιληη
3175 3193 3325 3218 In...“
3382 3192 3426 3218 -\

76 3202 398 3269 portemus,
422 3201 489 3252 ut
515 3197 735 3269 quoties
759 3196 1003 3252 fratrum
1029 3196 1353 3268 quicunque
1379 3196 1587 3265 uritur,
1618 3213 1720 3253 nos
1740 3192 1794 3218 “‘
1819 3196 1981 3249 etiam
2002 3196 2098 3264 qui
2121 3195 2456 3248 consentiunt
2480 3193 2808 3261 facientibus
2843 3192 3142 3263 puniendos
3173 3193 3350 3265 (Rom.
3381 3192 3450 3262 1).

78 3306 324 3346 uramur
354 3308 369 3345 :
404 3290 543 3346 dum
565 3307 713 3362 pene
738 3290 799 3346 in
830 3294 1135 3362 conspectu
1159 3292 1344 3345 vestro
1372 3293 1562 3345 tantus
1591 3307 1716 3346 san-

75 3386 204 3456 guis
227 3385 626 3440 innocentium
662 3384 736 3439 sit
761 3384 992 3453 effusus,
1021 3384 1101 3437 ita
1143 3400 1299 3438 sacra
1325 3383 1607 3439 violentur
1632 3385 1713 3439 al-

73 3480 238 3549 taria,
287 3479 373 3534 ita
426 3479 711 3533 catholicae
749 3478 879 3533 fidei
930 3477 1000 3532 ab
1048 3477 1363 3533 idololatris
1390 3478 1717 3535 insultetur.

73 3573 348 3628 Novimus
377 3576 434 3628 et
455 3588 573 3642 vos,
603 3572 754 3644 quod
780 3570 1113 3643 temporalia
1136 3570 1243 3625 ista
1268 3571 1493 3643 ﬂagella
1528 3571 1641 3627 sint
1665 3577 1722 3628 et

68 3667 141 3722 ad
169 3665 591 3739 probationem,
624 3665 770 3720 sicut
810 3665 879 3720 de
919 3664 1124 3720 caelesti
1167 3664 1502 3720 conﬁdimus
1557 3665 1722 3721 mise-

72 3761 319 3829 ratione,
349 3758 646 3831 proﬁciant
671 3777 688 3828 ;
717 3763 775 3815 et
793 3758 1141 3830 proximum,
1169 3758 1364 3815 sicuta
1399 3759 1558 3814 vobis
1581 3759 1719 3814 scri-

72 3859 254 3927 bitur,
294 3857 572 3913 Dominus
597 3860 793 3914 noster
822 3857 892 3913 de
914 3856 1277 3913 tribulatione
1294 3856 1389 3913 det
1416 3857 1717 3929 gaudium:

73 3975 175 4103 lib'
210 3974 643 4101 Maximézanum,
689 3974 759 4030 de
800 3990 913 4046 quo
961 3977 1186 4029 sanctus
1233 3972 1535 4044 Gregorius
1575 3972 1717 4028 Dial.

160 4087 175 4103 .
211 4063 297 4103 iii.
331 4063 382 4101 c.
496 4088 509 4101 .

160 4087 175 4103 .
211 4063 297 4113 iii,
331 4063 382 4101 c.
418 4063 509 4101 ao.

148 4121 175 4198 ξ)
202 4193 212 4198 _
233 4116 1012 4198 Gastigandainscriptiohut
1034 4115 1248 4197 legitur
1266 4115 1478 4198 Pelagii
1488 4115 1654 4198 Papae
1670 4116 1721 4171 Π

72 4185 821 4269 θρὶδιοιιῑηΑῖιῐίεξοᾶριιθιιεῖε
850 4185 1312 4269 episcopi'verum
1339 4185 1719 4269 etl’antiguu'm

70 4258 291 4317 nomen
316 4261 725 4330 Aunacharius,
757 4276 862 4331 pro
884 4258 1019 4331 quo,
1054 4258 1347 4331 interdum
1368 4259 1722 4331 Aunaharius

72 4339 131 4388 et
155 4335 503 4400 Aunaarius,
526 4337 583 4387 et
598 4328 985 4397 Aunariusﬁn
1008 4330 1115 4384 hoc
1142 4330 1283 4397 loco,
1307 4328 1451 4384 sicut
1473 4345 1543 4383 ex
1559 4329 1722 4384 Chlo-

72 4405 328 4459 tathario
354 4404 570 4459 factum
611 4402 909 4459 Clotarius.
940 4401 1190 4456 Alteram
1246 4400 1458 4471 Pelagii
1487 4400 1722 4471 hujusce

78 4493 246 4548 papae
273 4474 348 4529 ad
374 4474 687 4555 Aunariiim
737 4472 1031 4555 epistolam
1070 4472 1240 4555 paulo
1283 4470 1719 4555 post-exhibebi-

74 4544 206 4602 iniis
233 4563 309 4602 ex
352 4563 484 4617 pag.
516 4547 618 4601 420
654 4544 795 4617 tomi
844 4545 860 4599 Ι
897 4544 1253 4599 bibliothecas
1305 4547 1513 4598 nostra:
1560 4559 1718 4597 novas

76 4636 211 4674 mss.
244 4616 546 4672 librorum.
574 4618 689 4671 Jac.
721 4616 874 4671 SIBM.

146 4703 169 4732 ε
227 4691 377 4744 Cum
429 4688 771 4742 innotuisset
839 4685 1065 4757 Pelagio
1137 4687 1391 4757 Romano
1469 4684 1722 4757 pontiﬁci

72 4759 417 4815 Mauricium
500 4759 906 4831 imperatorem
954 4756 1084 4831 post
1120 4756 1718 4831 ‘Tiberum_’c_oropna-

74 4836 225 4899 tum,
256 4835 402 4887 teste
434 4828 627 4885 sancto
653 4829 923 4899 Gregorio
950 4828 1009 4883 in
1044 4828 1277 4899 epistola
1311 4828 1382 4883 ad
1420 4829 1720 4899 Eulogium

74 4907 136 4957 et
180 4905 471 4958 Joannem
520 4900 1244 4972 Constantinopolitanum,
1275 4915 1485 4972 novum
1520 4900 1541 4972 ν(
1557 4904 1725 4972 prout

80 4975 206 5029 ﬁeri
219 4974 611 5043 consueverat)
625 4970 926 5028 diaconum
939 4970 1282 5043 cardinalem
1293 4970 1722 5043 apocrisiarium

78 5046 322 5100 nomine
359 5041 727 5100 Laurentium
755 5044 826 5098 ad
853 5059 986 5097 eum
1016 5041 1186 5096 misit.
1220 5041 1518 5113 Gregorius
1544 5041 1724 5113 igitur

78 5123 351 5194 tempore
365 5116 574 5170 Tiberii
591 5116 690 5170 illo
705 5130 944 5194 munere
960 5114 1103 5194 bene
1122 5114 1722 5194 functushmagnisque

76 5183 424 5243 mulieribus
459 5202 746 5241 sacrarum
769 5185 1164 5256 reliquiarum,
1194 5183 1425 5239 brachio
1446 5183 1723 5239 nimirum

78 5260 139 5315 S.
166 5260 405 5325 Andriae,
434 5262 491 5312 et
527 5258 707 5328 capite
745 5257 803 5312 S.
838 5257 1001 5310 Lucae.
1051 5256 1409 5328 evangelistae
1458 5257 1721 5328 donatus,

123 5335 210 5385 ost
236 5330 463 5386 obitum
489 5326 695 5384 Tiberii
716 5329 953 5384 Romam
979 5326 1219 5395 reddiit,’
1234 5326 1425 5397 ibique
1445 5327 1607 5397 jussu
1628 5329 1726 5382 Pe-

123 5348 210 5385 ΟΒῙ.
236 5348 463 5386 Οῡιῑιιιῐι
500 5348 695 5384 llDeI'll
716 5348 953 5384 nomam
980 5348 1203 5395 Γεααηῐ,
1236 5348 1311 5380 ωι
1356 5348 1425 5381 υθ
1445 5348 1607 5397 ,ιυδδα
1628 5348 1726 5382 1’6-

76 5348 221 5472 Eigii
250 5403 526 5456 adversus
551 5400 881 5472 ingruentes
905 5398 977 5453 ob
1007 5398 1117 5472 tria
1141 5348 1387 5469 capitula
1414 5398 1726 5472 schismati-

74 5469 179 5528 cos
208 5474 426 5545 stylum
444 5469 716 5545 exercuit.
747 5473 953 5545 Eorum
968 5469 1223 5523 omnium
1253 5472 1422 5545 caput
1446 5470 1554 5523 fuit
1578 5471 1723 5524 Pau-

74 5545 239 5599 linus
263 5541 638 5615 Aquileiensis
667 5542 914 5615 antistes,
942 5546 1253 5615 posteaque
1269 5541 1390 5615 ejus
1419 5557 1722 5615 successor,

72 5617 220 5671 inde
249 5611 384 5670 vero
408 5612 666 5669 Severus.
698 5614 772 5667 De
806 5612 894 5666 his
919 5611 1184 5682 apostolis
1226 5611 1496 5666 Diaconus
1535 5611 1632 5666 lib.
1665 5628 1724 5667 ιιι

75 5705 214 5759 cap.
250 5690 320 5743 10
356 5686 427 5741 de
458 5685 629 5759 gestis
667 5683 1023 5759 Langobard.
1052 5683 1177 5759 haec
1204 5682 1426 5759 scribit:
1470 5683 1725 5759 Pelagius

68 5756 237 5832 papa
265 5759 405 5832 Elia
431 5757 771 5832 Aquileiemi
805 5757 1048 5832 episcopo
1083 5756 1291 5832 nolenti
1331 5757 1442 5832 tria
1484 5756 1727 5832 capitula

82 5825 537 5893 Chalcedonensis
558 5828 756 5904 synodi
788 5825 1051 5899 suscipere
1077 5825 1284 5899 (potius
1306 5825 1523 5882 nolenti
1553 5825 1728 5882 trium

1819 3288 1965 3342 Deus
1992 3292 2049 3342 te
2076 3286 2423 3343 incolumem
2453 3285 2747 3353 custodiat,
2772 3284 3095 3341 charissime
3119 3286 3316 3342 frater.
3346 3287 3450 3342 Da-
3490 3360 3499 3369 _

1819 3384 1945 3437 tum
1974 3397 2035 3435 ιιι
2073 3382 2258 3435 Nonas
2302 3380 2586 3449 Octobres,
2620 3380 2935 3452 imperante
2977 3380 3186 3436 domno
3227 3378 3450 3438 Tiberio

1819 3474 2310 3547 Constantinopoli
2333 3478 2614 3546 Augusto,
2645 3491 2795 3529 anno
2819 3478 2872 3529 7.

2192 3578 2515 3634 EPISTULA
2563 3589 2587 3618 ο
2637 3578 2704 3631 ιιι
2762 3575 2922 3649 [Olim
2953 3576 3046 3650 V].

1963 3685 2083 3733 QU£
2110 3686 2203 3726 EST
2229 3687 2393 3727 PRIMA
2420 3688 2490 3725 AD
2520 3686 2683 3727 ELIAH
2709 3686 2774 3725 ET
2796 3686 3079 3727 EPISCOPOS
3104 3688 3307 3728 imm.

1895 3763 2278 3821 Dilectissimis
2294 3765 2562 3821 fratribus
2582 3763 2717 3819 Elim
2742 3763 2979 3835 aliisque
3002 3764 3302 3838 episcopis,
3328 3764 3455 3825 uni-

1822 3858 1996 3914 versis
2033 3857 2164 3914 ﬁliis
2206 3860 2267 3916 in
2307 3858 2560 3915 Ecclesia;
2604 3856 2780 3913 lstriaa
2823 3858 3081 3929 partibus
3110 3860 3448 3931 constitutis,

1822 3974 2198 4047 capitulorum
2227 3974 2657 4047 damnationem
2675 3974 2736 4030 in
2764 3974 2967 4046 quinta
3002 3976 3219 4046 synodo
3244 3976 3454 4035 factam

1821 4047 2135 4119 approbare
2154 4051 2210 4101 et
2227 4052 2415 4102 ratam
2435 4046 2668 4117 habere)
2696 4047 2979 4117 epistolam
2996 4050 3133 4103 satis
3156 4050 3343 4105 utilem
3356 4053 3455 4105 mi-

1819 4121 1912 4187 sit,
1941 4135 2105 4189 quam
2134 4119 2317 4174 beatus
2345 4121 2630 4188 Gregorius
2659 4134 2779 4173 cum
2818 4119 2998 4173 adhuc
3033 4124 3165 4174 esset
3198 4120 3457 4179 diaconus
3488 4134 3491 4135 '

1819 4192 2054 4262 scripsit.
2085 4190 2213 4244 Haec
2259 4190 2495 4262 epistola
2524 4189 2702 4262 sancti
2732 4189 2956 4262 Pelagii
2975 4205 3008 4242 a
3036 4191 3307 4262 Gregorio
3350 4194 3453 4248 ad-

1820 4260 1933 4343 huc
1960 4261 2570 4343 diaconoucon‘scripta,
2603 4260 2872 4343 ejusdem.
2904 4261 3081 4343 plane
3118 4260 3343 4343 generis
3369 4270 3454 4321 est

1822 4332 1984 4403 cujus
2025 4335 2149 4387 erat
2187 4332 2289 4386 illa
2330 4331 2477 4387 beati
2512 4332 2712 4387 Leonis
2755 4331 2973 4387 decima
3015 4333 3084 4403 ad
3126 4331 3455 4391 Flavianum

1823 4402 2379 4483 δοξίριδλειιιαίοιιω
2410 4403 2664 4483 epistolae
2691 4402 3171 4483 nomine‘scripta~
3184 4408 3353 4483 esset,
3381 4407 3453 4462 ob

1823 4474 1911 4528 sui
1942 4474 2378 4545 amplitudinem
2402 4474 2571 4545 atque
2598 4478 2900 4545 tractatum
2925 4479 3113 4528 tomus
3140 4474 3453 4534 dicebatur.

1736 4520 1796 4592 D
1820 4547 1965 4601 Nam
1989 4520 2191 4616 etripsa
2217 4544 2426 4616 Pelagii
2452 4520 2689 4671 ggistola
2717 4545 2788 4599 ab
2816 4544 2939 4615 ipso
2966 4550 3160 4600 sancto

1821 4617 1966 4671 liber
1993 4620 2077 4671 est
2105 4621 2450 4671 nuncupata.
2516 4633 2546 4671 e
2574 4632 2688 4671 auo
2716 4615 2786 4670 ad
2830 4615 3112 4671 Hiberniae
3159 4618 3453 4671 enisconos

1821 4617 1966 4672 liber
1993 4615 2450 4697 estin-uncupata,
2477 4615 2546 4671 de
2574 4632 2688 4741 quo
2716 4615 2786 4670 ad
2830 4615 3112 4692 Hiberniae
3159 4615 3453 4703 episcopos

1824 4689 1962 4741 dum
1982 4687 2195 4741 scribit.
2215 4688 2452 4741 epistola
2475 4690 2563 4741 36.
2610 4687 2685 4741 ib.
2708 4703 2790 4741 ιι..
2814 4686 2934 4741 haec
2952 4687 3153 4741 habet:
3190 4692 3257 4741 Ut
3283 4696 3453 4741 igitur

1824 4689 1962 4743 dum
1982 4687 2195 4760 scribit,
2215 4686 2452 4758 epistola
2475 4690 2563 4754 36,
2586 4686 2685 4741 lib.
2708 4703 2790 4754 11.,
2814 4686 2934 4760 haec
2952 4687 3153 4760 habet:
3190 4686 3257 4745 Ut
3283 4686 3457 4760 igitur

1822 4760 1888 4814 de
1914 4759 2083 4833 tribus
2098 4760 2376 4833 capitulis,
2398 4760 2595 4833 animis
2611 4760 2805 4833 vestris
2820 4759 3012 4833 ablata
3028 4759 3321 4824 dubietate,
3334 4777 3455 4833 pos-

1825 4833 1898 4886 sit
1912 4831 2215 4897 satisfactio
2233 4830 2577 4884 abundanter
2603 4830 2856 4896 infundi;
2878 4830 3074 4884 librum
3089 4848 3244 4901 quem
3269 4830 3456 4889 de’hac

1821 4917 1880 4958 re
1907 4906 2106 4956 sanctae
2137 4904 2409 4974 memoria,
2432 4901 2667 4974 decessor
2701 4915 2847 4955 meus
2874 4902 3127 4971 Pelagius
3144 4920 3299 4974 papa
3322 4909 3453 4961 scri-

1818 4977 2025 5044 pserat,
2042 4973 2204 5048 tabis
2232 4973 2370 5048 utile
2381 4971 2633 5048 judicavi
2657 4974 3020 5048 transmittere
3048 4992 3065 5028 :
3096 4971 3252 5048 quem
3279 4979 3329 5031 si
3351 4994 3452 5048 ρο-

1822 5043 2291 5119 sito_voluntaria2
2332 5043 2657 5119 defensionis
2697 5043 2877 5097 studio
2916 5060 3054 5115 puro
3097 5043 3456 5119 uigilantigue

1823 5115 1979 5171 corde
2006 5116 2282 5170 volueritis
2306 5115 2555 5184 relegere,
2585 5129 2703 5168 eum
2726 5129 2818 5168 vos
2841 5130 2943 5183 per
2961 5119 3145 5171 omnia
3161 5115 3455 5183 secuturos,

1823 5192 1875 5243 et
1903 5187 1977 5241 ad
1990 5190 2261 5241 'unitatem
2296 5191 2538 5241 nostram
2583 5200 2887 5240 reversuros
2928 5188 3101 5243 nihilo
3140 5192 3316 5245 minus
3348 5206 3456 5246 esse

1823 5258 2026 5328 conﬁdo
2053 5276 2071 5311 :
2103 5258 2337 5328 Quanta:
2366 5259 2556 5311 autem
2586 5259 2734 5328 esset
2756 5255 3024 5328 efﬁcaciae
3056 5258 3202 5313 liber
3229 5259 3352 5328 iste,
3384 5276 3458 5316 ex

1824 5327 1925 5384 his
1941 5345 2069 5400 quae
2094 5345 2227 5401 mox
2241 5327 2401 5401 idem
2437 5327 2739 5398 Gregorius
2758 5327 2957 5401 subdit
2976 5328 3295 5401 intelligere
3318 5327 3451 5401 pos-

1826 5399 2045 5469 sumus,
2074 5400 2171 5454 ubi
2200 5399 2279 5454 ait
2307 5416 2321 5454 :
2346 5402 2511 5455 Porro
2535 5402 2583 5454 si
2599 5404 2722 5470 post
2751 5399 2910 5468 hujus
2941 5400 3071 5453 libri
3098 5399 3373 5457 lectionem
3396 5404 3455 5457 in

1824 5488 1888 5527 ea
1913 5488 2023 5543 qua
2047 5474 2170 5527 estis
2196 5471 2473 5526 volueritis
2493 5471 2877 5543 deliberatione
2900 5473 3203 5540 persistere,
3222 5474 3337 5527 sine
3359 5474 3456 5529 du-

1828 5542 2047 5598 bio’non
2072 5544 2277 5597 rationi
2299 5557 2535 5612 operam,
2554 5542 2649 5597 sed
2672 5542 3021 5612 obstinationi
3040 5557 3131 5596 vos
3154 5543 3288 5598 dare
3310 5560 3456 5601 mon-

1822 5617 2031 5670 stratis.
2064 5615 2215 5668 Hanc
2246 5611 2545 5684 epistolam
2573 5611 2982 5684 illustrissimus
3007 5612 3318 5684 cardinalis
3349 5616 3454 5672 Ba-

1826 5682 2314 5769 roniiis‘unancum
2338 5684 2562 5769 duabus
2587 5682 2949 5769 sequentibus
2967 5683 3220 5769 ejusdem
3246 5687 3459 5769 Pelagii

1828 5774 1862 5811 a
1899 5755 2330 5829 Nicolao_Fabro
2366 5753 2683 5829 Parisi‘ensii
2708 5754 2827 5810 viro
2859 5753 3181 5829 doctissimo
3221 5753 3454 5829 accepit.

1900 5828 2043 5884 Cum
2052 5826 2375 5883 adhibitum
2388 5827 2526 5883 satis
2537 5827 2683 5883 bene
2696 5829 3075 5905 praeparatum
3084 5826 3461 5901 pharmacuin
