4016 6240
588 297 691 351 707
1870 247 1874 251 ¹
1971 291 2174 346 PELAG

2382 289 2463 345 Ἐ
2501 289 2547 345 ΙΙ
3860 289 3968 342 708

587 402 853 476 Pelagius
881 400 1180 474 episcopus
1210 402 1415 454 sancta
1443 397 1699 452 Ecclesia
1736 397 2025 453 catholica
2066 398 2220 453 urbis
2240 407 2302 479 Α
2390 398 2499 452 Nos
2528 395 2683 451 enim
2708 396 2869 451 illam
2890 395 3064 455 ﬁdem
3086 394 3420 468 pradictam
3438 398 3724 466 tenemus,
3755 399 3972 451 etcum

588 500 803 555 Romae.
2322 490 2475 546 omni
2486 490 2741 563 'puritate
2755 490 3118 546 conscientiae
3139 507 3318 563 usque
3333 491 3403 546 ad
3421 492 3713 563 sanguinis
3739 490 3977 546 effusio-

657 592 815 657 Quod
841 590 911 645 ad
938 588 1297 645 dilectionem
1320 588 1586 653 vestram,
1613 584 1818 639 fratres
1837 583 2053 657 filiique
2079 585 2215 639 cha-
2318 601 2454 639 nem
2481 585 2857 654 defendimus,
2907 601 3035 657 qua
3078 586 3149 640 ab
3195 585 3461 657 apostolis
3512 585 3737 656 tradita,
3774 589 3834 640 et
3864 602 3976 656 per

587 685 815 754 rissimi,
842 687 1034 738 nostra
1058 680 1273 737 tardius
1300 679 1506 749 scripta
1537 678 1859 750 dirigimus,
1890 695 2008 733 non
2034 679 2215 734 male-
2319 694 2667 734 successores
2692 694 2890 733 eorum
2916 677 3309 734 inviolabiliter
3327 678 3621 749 custodita,
3652 679 3975 734 reverenda

587 780 727 835 vola
753 775 1073 842 voluntatis,
1102 778 1199 828 aut
1234 772 1700 827 dissimulationis
1725 773 1812 827 vel
1850 772 2217 843 negligentia
2318 772 2543 827 Nicana
2571 772 2816 844 synodus
2843 777 3228 828 trecentorum
3259 772 3460 828 decem
3486 777 3543 827 et
3566 777 3696 827 octo
3723 774 3969 828 Patrum

584 874 756 929 fuisse
782 870 1064 938 credatur,
1092 867 1209 936 sed,
1241 867 1385 921 sicut
1406 866 1607 933 nostis,
1624 866 1955 937 temporalis
1978 866 2217 937 qualitas
2318 867 2563 938 suscepit
2589 871 2761 937 atque
2791 867 3022 938 reliquit
3042 865 3298 939 [redegit]
3326 866 3384 921 in
3404 866 3754 938 symbolum,
3781 867 3882 921 sed
3908 872 3970 921 et

587 971 643 1021 et
671 964 888 1021 hostilis
916 962 1216 1018 necessitas
1261 961 1536 1037 hactenus
1561 960 1874 1031 impedivit.
1904 961 2047 1014 Nam
2073 960 2218 1015 sicut
2316 960 2934 1032 Constantinopolitana
2954 965 3183 1016 centum
3199 966 3256 1016 et
3278 960 3692 1034 quinquaginta
3722 964 3968 1016 Patrum

583 1059 664 1115 ait
708 1056 978 1112 Dominus
1013 1072 1118 1127 per
1160 1055 1527 1127 prOphetam:
1576 1054 1839 1124 Nunquid
1886 1055 2218 1109 obliviscitur
2314 1054 2419 1109 'sub
2446 1054 2555 1125 pia
2590 1054 2881 1109 memoria
2915 1054 3224 1110 Theodosio
3277 1055 3497 1110 seniore
3546 1055 3810 1127 principe
3862 1055 3954 1109 fa-

584 1153 777 1208 mulier
803 1152 976 1221 ﬁlium
1003 1151 1147 1203 uteri
1164 1150 1253 1204 sui
1280 1148 1403 1217 (Isa.
1434 1146 1617 1219 xux)?
1645 1148 1766 1201 Non
1792 1163 1929 1218 ergo
1945 1147 2213 1203 credatur
2316 1152 2471 1202 ctum
2498 1165 2514 1217 ;
2547 1147 2720 1202 etiam
2764 1147 3048 1218 Ephesina
3084 1148 3294 1219 prima,
3324 1148 3417 1203 cui
3455 1148 3724 1219 prasedit
3776 1148 3968 1203 beata

582 1264 685 1303 nos
709 1245 989 1300 viscerum
1018 1245 1343 1297 nostrorum
1389 1240 1723 1296 divisionem
1749 1257 1865 1295 non
1891 1257 2023 1300 cum
2053 1241 2214 1313 gravi
2315 1239 2722 1295 recordationis
2738 1240 3118 1311 pradecessor
3135 1244 3328 1296 noster
3339 1240 3672 1297 Calestinus
3684 1242 3973 1297 Romana

582 1340 720 1396 ﬁetu
748 1356 813 1394 ac
840 1337 1054 1410 gemitu
1079 1336 1351 1391 doluisse:
1382 1335 1477 1390 sed
1505 1336 1746 1404 utinam,
1778 1335 2112 1405 charissimi,
2141 1335 2213 1389 il-
2312 1333 2471 1389 urbis
2509 1334 2761 1404 antistes,
2792 1338 2850 1389 et
2891 1333 3128 1404 Cyrillus
3165 1334 3563 1390 Alexandrinae
3612 1335 3921 1407 episcopus
3947 1352 3964 1389 :

580 1433 824 1491 luminat
846 1432 1116 1487 Dominus
1144 1430 1331 1485 oculos
1359 1429 1543 1484 cordis
1572 1428 1761 1496 vestri,
1792 1431 1858 1483 ut
1882 1429 2060 1483 nostri
2085 1446 2212 1483 cor-
2315 1428 2415 1482 sed
2440 1431 2496 1482 et
2522 1427 2990 1483 Chalcedonensis
3016 1433 3411 1483 sexcentorum
3435 1428 3676 1500 triginta
3702 1434 3966 1500 patrum,

581 1529 666 1585 dis
709 1527 950 1599 gemitus
990 1542 1095 1597 pro
1137 1524 1297 1579 vobis
1338 1523 1528 1578 videre
1581 1523 1825 1594 possitis.
1874 1524 2003 1591 Quis
2052 1526 2211 1586 enim,
2314 1538 2443 1593 qua
2473 1522 2576 1576 Sub
2605 1522 2717 1593 pia
2746 1521 3035 1576 memoria
3063 1522 3341 1577 Marciano
3370 1522 3714 1594 imperatore
3748 1539 3963 1578 conve-

582 1622 728 1677 sicut
765 1621 843 1675 ait
881 1620 1081 1674 beatus
1132 1618 1418 1689 apostolus
1449 1616 1524 1685 (Π
1559 1618 1676 1675 Cor.
1707 1616 1847 1687 ΠΙ),
1880 1618 2211 1685 inﬁrmatur,
2313 1615 2431 1669 nit:
2461 1614 2666 1686 cuique
2696 1618 2905 1669 sancta
2927 1616 3328 1671 recordationis
3352 1633 3497 1687 papa
3523 1617 3634 1672 Leo
3661 1632 3770 1688 per
3794 1617 3959 1689 lega-

580 1720 632 1770 et
669 1730 762 1785 ego
793 1729 900 1767 non
939 1713 1222 1781 inﬁrmor?
1251 1713 1371 1781 quis
1409 1709 1843 1773 scandalizatur,
1872 1714 1924 1764 et
1964 1726 2059 1779 ego
2108 1725 2215 1764 non
2316 1711 2400 1762 tos
2422 1708 2659 1762 vicarius
2688 1725 2815 1763 suos
2856 1709 3158 1780 prasedit;
3201 1714 3258 1765 et
3284 1714 3345 1764 ut
3370 1710 3721 1765 diversarum
3765 1710 3966 1766 hare-

577 1812 747 1863 uror?
774 1809 842 1863 Et
867 1807 1005 1861 alibi
1030 1806 1077 1873 (Ι
1102 1807 1222 1863 Cor.
1261 1804 1356 1874 nt)
1389 1822 1403 1858 :
1437 1804 1576 1870 Quia
1603 1805 1819 1876 patitur
1856 1819 2024 1858 unum
2054 1820 2212 1859 mem-
2231 1804 2287 1876 Β
2312 1818 2439 1856 sum
2469 1802 2791 1857 damnanda
2830 1803 3095 1874 exigebat
3132 1803 3459 1873 adversitas,
3490 1805 3749 1859 eamdem
3774 1804 3965 1860 ﬁdem

580 1902 753 1965 brum,
773 1902 1179 1970 compatiuntur
1196 1900 1376 1952 omnia
1394 1898 1652 1951 membra.
1674 1898 1870 1951 Postea
1885 1913 2021 1969 ergo
2039 1914 2213 1969 quam
2314 1912 2426 1951 uno
2462 1888 2774 1967 eodemque
2811 1913 2981 1952 sensu
3021 1898 3329 1952 clamanter
3381 1896 3724 1970 [clamantes]
3784 1899 3965 1953 latius

577 1998 723 2052 Deus
751 1994 1109 2065 omnipotens
1124 2008 1227 2063 pro
1250 1990 1514 2046 felicitate
1535 1990 1987 2046 Christianorum
2008 1992 2213 2063 princi-
2311 1990 2628 2045 ediderunt.
2659 1990 2769 2046 Sed
2813 1995 2869 2045 et
2907 1990 3202 2062 epistolam
3228 1990 3486 2063 pradicti
3511 1992 3695 2047 beata
3723 2008 3951 2047 memo-

575 2106 714 2162 pum
740 2087 1072 2160 perlabores
1084 2091 1254 2157 atque
1275 2083 1716 2139 sollicitudinem
1730 2085 1829 2139 ﬁlii
1842 2086 2211 2141 nostriexcel-
2308 2083 2409 2138 ria
2439 2084 2640 2139 Leonis
2665 2085 2735 2139 ad
2757 2084 3092 2139 Flavianum
3122 2085 3812 2157 ConstantinOpolitanum
3841 2088 3965 2158 epi-

574 2179 1179 2251 lentissimiSmaragdi
1197 2176 1423 2234 exarchi
1440 2182 1499 2232 et
1510 2177 1843 2233 chartularii
1856 2179 1997 2234 sacri
2013 2180 2210 2251 palatii
2309 2193 2545 2249 scopum
2577 2178 2785 2246 datam,
2813 2195 2943 2251 qua
2970 2182 3029 2234 et
3054 2183 3243 2234 tomus
3266 2180 3605 2251 appellatur,
3632 2196 3743 2251 per
3759 2180 3961 2235 omnia

572 2293 772 2349 pacem
784 2273 1187 2329 nobisinterim
1201 2272 1289 2326 vel
1309 2271 1564 2343 quietem
1580 2271 1793 2327 donare
1814 2272 2081 2344 dignatus
2102 2277 2204 2341 est,
2306 2287 2665 2342 veneramur,
2692 2276 2972 2342 tenemus,
3008 2272 3386 2342 defendimus,
3424 2278 3594 2345 atque
3630 2274 3963 2329 secundum

573 2386 705 2425 cum
735 2367 892 2425 omni
916 2366 1287 2423 sollicitudine
1314 2366 1645 2420 festinamus
1672 2367 1972 2437 prasentia
2006 2366 2078 2421 ad
2111 2384 2207 2422 vos
2308 2364 2430 2435 ejus
2463 2369 2745 2435 tenorem,
2782 2366 3085 2437 adjuvante
3129 2367 3395 2443 Domino,
3443 2367 3848 2437 pradicamus.
3882 2369 3961 2422 Et

573 2464 782 2535 scripta
811 2462 1076 2533 dirigere,
1109 2461 1405 2514 hortantes
1429 2462 1486 2513 et
1515 2459 1893 2529 obsecrantes,
1927 2477 2000 2514 ne
2029 2460 2086 2515 in
2115 2460 2203 2515 di-
2307 2458 2452 2513 sicut
2476 2460 2853 2530 pradecessor
2867 2465 3058 2515 noster
3076 2476 3225 2532 sape
3251 2459 3430 2515 dictus
3448 2460 3630 2517 beata
3651 2462 3963 2517 memoriae

570 2558 783 2611 visione
810 2554 1064 2609 ecclesia
1093 2553 1329 2607 ulterius
1356 2554 1659 2625 quisquam
1705 2554 1924 2609 studeat
1969 2571 2202 2625 perma-
2303 2568 2448 2623 papa
2474 2554 2584 2607 Leo
2613 2554 2892 2624 synodum
2932 2554 3457 2610 Chalcedonensem
3501 2555 3755 2627 suscepit
3776 2560 3960 2627 atque

571 2667 730 2706 nere.
751 2649 859 2703 Nos
886 2648 1043 2703 enim
1071 2647 1383 2702 secundum
1399 2647 1782 2719 evangelicam
1804 2664 2000 2721 vocem
2019 2649 2204 2703 stude—
2303 2644 2570 2712 ﬁrmavit,
2608 2646 2686 2701 ita
2715 2652 2771 2701 et
2796 2664 2897 2703 nos
2923 2665 3027 2719 per
3055 2648 3269 2718 omnia,
3297 2652 3568 2720 operante
3593 2648 3787 2704 divina
3812 2666 3955 2721 gra-

570 2761 700 2799 mus
739 2741 1081 2797 fraternitati
1107 2758 1171 2795 ac
1207 2741 1499 2795 dilectioni
1545 2743 1767 2810 vestra,
1813 2720 1900 2796 in.
1925 2748 2203 2813 quantum
2304 2739 2400 2808 tia,
2430 2756 2789 2810 veneramur,
2811 2741 3163 2797 custodimus
3192 2745 3360 2812 atque
3387 2742 3772 2797 defendimus.

566 2837 845 2910 fragilitas
867 2841 1058 2891 nostra
1084 2833 1311 2902 sufﬁcit,
1339 2850 1470 2906 qua
1510 2834 1675 2889 nobis
1694 2835 1850 2905 jussa
1884 2840 2038 2903 sunt,
2067 2853 2200 2891 cum
2372 2833 2427 2890 Si
2454 2834 2583 2906 quis
2632 2838 2823 2889 autem
2863 2839 3060 2890 contra
3102 2836 3249 2890 hanc
3291 2835 3463 2890 ﬁdem
3506 2840 3608 2891 aut
3633 2836 3806 2907 sapit,
3848 2844 3957 2892 aut

566 2930 884 2989 sinceritate
915 2928 1097 2985 cordis
1117 2928 1415 2983 humiliter
1441 2927 1737 2984 exhibere.
1761 2930 1947 2984 Nostis
1968 2929 2123 2984 enim
2141 2931 2202 2985 in
2300 2926 2500 2997 credit,
2528 2932 2628 2983 aut
2655 2928 2855 2984 docere
2891 2929 3189 3000 prasumit
3238 2929 3557 2984 secundum
3602 2930 3954 2985 eorumdem

565 3024 876 3097 Evangelio
907 3020 1215 3079 Dominum
1245 3023 1697 3095 proclamantem
1730 3016 1883 3094 '(Luc.
1918 3024 2076 3093 xxu):
2118 3026 2203 3081 Si-
2298 3021 2532 3075 Patrum
2555 3022 2912 3092 sententiam,
2939 3023 3275 3078 damnatum
3301 3029 3470 3095 atque
3506 3024 3956 3087 anathematiza-

562 3137 707 3184 mon,
728 3122 931 3188 Simon,
955 3134 1067 3173 ecce
1084 3116 1321 3172 Satanas
1346 3118 1604 3187 eapeticit
1630 3131 1742 3179 vos,
1758 3121 1819 3171 ut
1837 3118 2099 3173 cribraret
2127 3120 2199 3173 si-
2230 3181 2270 3189 _
2297 3118 2423 3169 tum
2447 3131 2505 3169 se
2532 3132 2653 3170 esse
2664 3102 3002 3188 ‘cognoscat.
3027 3117 3148 3172 Non
3174 3133 3314 3189 ergo
3339 3116 3639 3189 patiamini
3662 3117 3822 3172 falsis
3854 3135 3955 3174 su-

563 3219 654 3269 cut
682 3181 953 3279 triticum;
989 3227 1083 3281 ego
1111 3215 1291 3265 autem
1316 3181 1507 3278 rogavi
1526 3225 1630 3281 pro
1656 3214 1705 3265 te
1731 3212 1969 3274 Patrem,
1992 3216 2059 3266 ut
2091 3228 2197 3268 non
2218 3181 2271 3256 (ἶ
2297 3208 2641 3281 spicionibus
2670 3181 2776 3265 aut
2787 3211 3112 3266 rumoribus
3140 3181 3585 3282 denuo-agitari,
3618 3215 3676 3267 et
3705 3212 3767 3266 in
3794 3214 3947 3268 divi-

513 3338 529 3353 -
561 3308 776 3377 deﬁciat
799 3306 929 3375 ﬁdes
946 3311 1063 3367 tua,
1092 3309 1143 3359 et
1170 3308 1229 3358 tu
1249 3319 1526 3359 conversus
1555 3306 1809 3373 conﬁrma
1835 3306 2039 3371 fratres
2059 3311 2192 3361 tuos.
2296 3303 2454 3357 sione
2501 3304 2757 3359 Ecclesia
2800 3306 3081 3361 malorum
3124 3305 3426 3361 hominum
3474 3307 3948 3377 persuasionibus

631 3388 1014 3466 Considerate,
1046 3396 1383 3468 charissimi,
1408 3397 1540 3470 quia
1568 3398 1775 3453 veritas
1820 3399 2053 3454 mentiri
2081 3417 2196 3456 non
2298 3397 2472 3468 (quod
2514 3402 2730 3453 avertat
2774 3399 3065 3471 Dominus)
3092 3415 3405 3455 remanere.
3436 3400 3585 3465 Quid
3614 3401 3770 3456 enim
3796 3419 3944 3457 vosa

557 3495 759 3569 potuit,
789 3509 895 3550 nec
928 3493 1070 3548 ﬁdes
1096 3492 1249 3547 Petri
1284 3492 1344 3546 in
1373 3496 1653 3547 aeternum
1697 3493 1951 3564 quassari
1989 3495 2197 3565 poterit
2295 3495 2501 3546 sancta
2530 3492 2791 3547 Ecclesia
2811 3492 3026 3548 unitate
3053 3493 3345 3549 dividitis?
3369 3494 3597 3565 quando
3614 3495 3764 3550 nihil
3782 3498 3937 3563 novi,

556 3591 645 3645 vel
673 3588 914 3644 mutari:
942 3604 1079 3642 nam
1103 3603 1234 3641 cum
1264 3602 1467 3641 omnes
1500 3586 1807 3657 discipulos
1832 3587 2087 3643 diabolus
2123 3589 2195 3644 ad
2293 3584 2435 3639 nihil
2467 3582 2637 3657 [quod
2661 3585 2824 3656 absit]
2853 3587 3205 3642 contrarium
3234 3588 3293 3642 in
3320 3587 3468 3643 dicta
3496 3588 3747 3644 Ecclesia
3790 3607 3937 3663 pra-

555 3682 1002 3740 excribrandum
1019 3680 1362 3754 poposcerit,
1382 3697 1486 3753 pro
1506 3681 1622 3735 solo
1640 3682 1804 3735 Petro
1833 3698 1892 3735 se
1914 3681 2192 3762 Dominps
2293 3677 2467 3733 dicari
2493 3679 2828 3751 cognoscitis
2853 3680 2941 3735 vel
2964 3681 3147 3736 teneri
3164 3682 3192 3737 Ἰ
3222 3682 3329 3737 Sed
3355 3698 3528 3736 unam
3555 3684 3941 3757 eamdemque

552 3794 780 3851 rogasse
807 3780 1069 3844 testatur,
1096 3780 1151 3832 et
1175 3775 1245 3830 ab
1272 3791 1340 3831 eo
1366 3775 1543 3830 voluit
1570 3780 1798 3829 cateros
1822 3774 2149 3831 conﬁrmari
2171 3794 2187 3846 ;
2292 3772 2482 3843 ﬁdem,
2502 3790 2632 3845 qua
2660 3774 2730 3828 ab
2757 3775 3019 3846 apostolis
3045 3776 3267 3845 tradita,
3297 3780 3355 3831 et
3379 3793 3413 3831 a
3439 3778 3647 3831 sanctis
3676 3780 3941 3836 Patribus

553 3873 644 3928 cui
671 3872 843 3928 etiam
880 3887 985 3943 pro
1016 3869 1218 3942 majori
1268 3869 1572 3925 dilectione
1604 3885 1776 3941 quam
1827 3885 1946 3940 pra
1973 3870 2191 3924 cateris
2292 3871 2347 3921 et
2365 3867 2648 3938 pradictis
2674 3873 2920 3941 quatuor
2942 3869 3168 3941 synodis
3196 3870 3498 3941 explanata
3526 3875 3696 3942 atque
3727 3875 3940 3930 conﬁr-

552 3965 792 4020 Domino
838 3964 1121 4033 exibebat,
1169 3962 1587 4035 pascendarum
1629 3962 1822 4017 ovium
1867 3962 2189 4019 sollicitudo
2292 3966 2441 4016 mata
2464 3962 2833 4033 dignoscitur,
2862 3954 3240 4019 sincerissime
3278 3965 3460 4020 teneri
3495 3968 3664 4037 atque
3701 3966 3935 4024 defendi

553 4058 857 4114 commissa
882 4063 993 4113 est:
1024 4056 1116 4112 cui
1147 4061 1203 4112 et
1229 4057 1409 4112 claves
1426 4056 1594 4128 regni
1619 4056 1893 4111 calorum
1922 4057 2183 4125 tradidit;
2289 4055 2471 4110 modis
2500 4056 2762 4111 omnibus
2801 4057 3225 4129 comprobatur.
3257 4058 3360 4113 Ubi
3403 4074 3541 4130 ergo
3566 4059 3636 4114 de
3663 4060 3802 4117 ﬁdei
3842 4062 3932 4118 ﬁr-

552 4155 610 4208 et
633 4168 806 4223 super
846 4168 1020 4223 quem
1050 4150 1353 4205 Ecclesiam
1399 4164 1565 4204 suam
1613 4150 2025 4204 adiﬁcaturum
2068 4166 2187 4206 esse
2288 4148 2484 4204 mitate
2509 4150 2667 4205 nulla
2692 4149 2848 4206 vobis
2865 4150 3075 4222 poterit
3099 4151 3335 4224 quastio
3362 4154 3447 4207 vel
3473 4153 3722 4225 suspicio
3752 4172 3924 4228 gene-

548 4240 833 4313 promisit,
862 4257 966 4296 nec
993 4244 1183 4311 portas
1201 4238 1412 4293 inferni
1430 4238 1701 4293 adversus
1720 4255 1851 4293 eam
1878 4241 2186 4311 pravalere
2288 4244 2421 4313 rari,
2445 4243 2505 4298 in
2548 4244 2765 4300 unitate
2808 4244 2960 4315 ﬁdei,
2992 4250 3161 4318 atque
3201 4246 3260 4300 in
3310 4246 3436 4301 sinu
3476 4252 3683 4303 sancta
3730 4250 3926 4306 matris

548 4338 782 4391 testatus
828 4340 912 4390 est
939 4335 1156 4404 (Matth.
1192 4335 1298 4402 16).
1341 4332 1448 4387 Sed
1474 4331 1608 4404 quia
1646 4332 1908 4387 inimicus
1945 4334 2187 4389 humani
2287 4338 2581 4393 catholica
2625 4341 2796 4411 atque
2845 4340 3165 4411 apostolica
3193 4341 3450 4397 Ecclesia
3475 4357 3835 4413 permanere.
3865 4345 3920 4399 Si

549 4430 775 4501 generis
788 4444 967 4501 usque
994 4427 1247 4482 inﬁnem
1273 4426 1465 4481 saculi
1492 4443 1606 4481 non
1629 4427 1865 4497 quiescit
1890 4428 1950 4483 in
1963 4428 2185 4483 Domini
2285 4432 2421 4504 quid
2446 4432 2589 4488 forte
2619 4450 2801 4488 causa
2830 4436 2931 4502 est,
2963 4434 3115 4489 unde
3144 4435 3315 4490 vestri
3353 4436 3719 4491 scandalizati
3750 4437 3925 4493 animi

548 4522 851 4579 Ecclesiam
880 4523 1032 4577 bono
1060 4521 1265 4576 semini
1291 4519 1744 4603 superseminare
1773 4521 2005 4591 zizania,
2028 4522 2181 4579 ideo‘
2202 4561 2262 4603 η
2284 4527 2604 4595 videantur,
2632 4530 2926 4584 manentes
2952 4528 3011 4583 in
3041 4528 3275 4584 unitatis
3309 4529 3605 4600 charitate,
3634 4531 3827 4603 eligite
3855 4533 3921 4587 de

546 4633 658 4690 que
685 4634 758 4673 ne
778 4618 923 4673 forte
940 4617 1243 4689 quisquam
1264 4615 1514 4687 maligno
1539 4598 1942 4689 studio'aliqua
1956 4617 2025 4672 de
2049 4617 2184 4672 ﬁdei
2202 4598 2262 4633 υ
2282 4620 2549 4676 fratribus
2580 4638 2643 4676 ac
2684 4622 2813 4677 ﬁliis
2862 4623 3088 4693 nostris,
3117 4639 3259 4695 quos
3308 4623 3381 4678 ad
3422 4641 3545 4695 nos,
3578 4598 3919 4699 inquirendo

545 4716 754 4767 nostra
780 4711 1108 4783 integritate
1134 4709 1341 4765 diaboli
1380 4709 1744 4782 instigatione
1787 4710 2005 4783 ﬁngere
2032 4729 2180 4783 pra-
2290 4712 2378 4787 [in
2418 4715 2756 4787 quarendo]
2799 4715 2869 4771 de
2912 4716 3118 4789 quibus
3168 4718 3498 4789 movemini,
3530 4719 3915 4776 transmittere

545 4805 851 4877 sumpserit
887 4809 944 4861 et
970 4804 1384 4877 argumentari,
1411 4806 1469 4860 et
1511 4822 1583 4860 ex
1607 4805 1714 4860 hoc
1739 4804 1909 4860 vestri
1943 4805 2181 4862 fortasse
2282 4808 2532 4864 debeatis
2559 4828 2575 4879 ;
2604 4815 2661 4866 et
2686 4810 2868 4881 parati
2892 4827 3088 4866 sumus
3129 4812 3443 4871 secundum
3479 4814 3920 4885 praeceptionem

541 4894 1032 4951 videanturanimi
1056 4894 2180 4967 perturbari,necessariumjudicavimus
2280 4902 2645 4975 apostolicam
2680 4902 2728 4976 [Ι
2748 4907 2891 4960 Petr.
2922 4903 3028 4977 in],
3062 4910 3119 4961 et
3154 4922 3287 4961 cum
3306 4905 3581 4961 charitate
3611 4923 3714 4963 eos
3745 4909 3917 4964 susci-

541 5005 645 5061 per
667 4993 1010 5061 prasentem
1039 4988 1336 5061 epistolam
1363 4991 1638 5057 nostram,
1668 4993 1725 5043 et
1753 4987 1825 5042 ad
1852 4987 2061 5043 viscera
2082 5005 2179 5044 vos
2278 5014 2436 5070 pere,
2470 5002 2675 5053 etcum
2701 4998 3022 5054 humilitate
3049 4999 3120 5054 ad
3145 5000 3349 5071 placita
3369 5000 3767 5058 satisfactionis
3789 5004 3915 5059 red-

539 5084 736 5139 matris
763 5083 1023 5139 Ecclesiae
1058 5088 1122 5139 ut
1162 5083 1372 5139 reverti
1415 5082 1688 5151 debeatis,
1737 5098 1869 5138 cum
1913 5082 2178 5155 lacrymis
2278 5091 2409 5147 dere
2423 5091 2731 5162 rationem;
2764 5096 2818 5147 et
2837 5092 3161 5165 sinealiquo
3180 5093 3591 5166 impedimento
3605 5112 3743 5151 cum
3765 5097 3911 5152 omni

539 5177 847 5247 exhortari,
864 5182 920 5233 et
935 5177 1005 5233 de
1020 5177 1152 5233 ﬁdei
1178 5182 1388 5233 nostra
1413 5176 1738 5248 integritate
1763 5176 1923 5232 vobis
1937 5177 2177 5233 satisfac-
2276 5185 2594 5256 dilectione,
2625 5186 2855 5258 quando
2882 5186 3089 5243 reverti
3111 5187 3416 5256 voluerint,
3441 5188 3736 5247 voluntate
3750 5191 3910 5246 since-

536 5272 783 5328 ctionem
807 5277 1064 5328 nostram
1095 5272 1355 5341 mittere;
1402 5274 1680 5343 quatenus
1714 5272 1872 5327 nulla
1914 5272 2090 5344 possit
2116 5273 2173 5326 in
2275 5278 2499 5333 rissima
2523 5281 2800 5352 relegare.

536 5367 799 5425 cordibus
826 5366 1022 5423 vestris
1051 5366 1123 5421 de
1167 5365 1329 5420 nobis
1365 5382 1667 5421 remanere
1715 5365 1980 5438 suspicio,
2009 5370 2073 5421 ut
2115 5364 2174 5420 in
2345 5373 2654 5429 Audiamus
2680 5377 2873 5430 autem
2900 5374 3195 5430 Doctorem
3235 5376 3496 5448 gentium
3515 5377 3856 5435 clamantem
3886 5395 3899 5433 ;

535 5461 707 5517 divini
732 5460 1130 5532 tremendique
1161 5460 1363 5531 judicii
1392 5460 1482 5515 die
1509 5461 1577 5516 de
1614 5460 1995 5516 taciturnitate
2044 5477 2175 5516 mea
2271 5469 2425 5525 Sicut
2474 5470 2751 5540 accepistis
2798 5469 3071 5526 Christum
3107 5472 3293 5525 'Jesum
3343 5474 3659 5537 Dominum,
3696 5477 3756 5528 in
3798 5477 3903 5545 ipso

534 5570 664 5610 reus
689 5555 928 5611 inveniri
953 5571 1070 5610 non
1097 5555 1331 5627 possim.
2273 5563 2569 5626 ambulate,
2596 5563 2836 5618 radicati
2863 5566 2914 5617 et
2942 5564 3365 5634 superadiﬁcati
3389 5567 3447 5621 in
3472 5568 3616 5638 ipso,
3652 5574 3708 5623 et
3733 5571 3902 5637 conﬁr-

534 5668 741 5752 animis
763 5672 1420 5752 schismaticorummale
1439 5672 1653 5752 affectis
1671 5670 1823 5752 pihil
1851 5671 2169 5752 prodesset,
2272 5679 2523 5752 cessavit,
2555 5695 2850 5752 quousque
2870 5673 3270 5752 depascentem
3303 5682 3609 5739 Ecclesiam
3648 5685 3896 5741 morbum

532 5742 798 5830 imitatus
809 5743 1104 5830 Pelagium
1129 5746 1172 5814 Ι,
1195 5745 1462 5830 adversus
1489 5745 1638 5830 ipsos
1668 5744 2042 5830 Smaragdum
2072 5745 2173 5826 Ita:
2272 5766 2342 5830 ex
2365 5749 2434 5805 iis
2456 5742 2802 5830 regionibus,
2830 5742 2973 5830 teste
3003 5752 3246 5810 Diaeono
3266 5752 3366 5810 lib.
3395 5770 3458 5812 III
3480 5771 3607 5828 cap.
3635 5759 3730 5828 21,
3756 5758 3897 5830 peni-

533 5805 626 5887 lia
668 5805 978 5887 μαι-ειμιιό
1009 5805 1296 5887 Ravenna
1333 5805 1637 5886 degentem
1672 5805 2017 5885 exagitavit:
2071 5814 2170 5887 qui
2270 5805 2362 5878 tua
2386 5805 2653 5879 “reﬁgi.
2671 5805 2814 5878 Sav'.
2842 5805 2965 5880 Dav.

534 5873 688 5929 haud
726 5877 967 5951 immgre
1017 5886 1246 5939 eosdem
1272 5873 1533 5940 coercere
1574 5873 1877 5957 aggressus
1904 5892 2021 5956 est,
2061 5873 2167 5942 nec
