4016 6240
177 209 290 264 709

1485 213 1826 271 Εριετοωε
1864 213 1950 271 ΕΤ
1984 214 2314 273 DECRETA.

3471 227 3575 283 710

176 316 326 371 mati
344 316 409 373 in
436 313 562 388 fide,
594 313 736 372 sicut
762 315 1056 383 didicistis,
1088 317 1433 376 abundantes
1452 323 1511 375 in
1529 325 1836 391 gratiarum
1858 335 1917 408 Α
1936 339 2047 379 una
2079 340 2172 394 spe
2197 325 2497 380 vocationis
2526 331 2735 383 vestrm.
2770 328 2921 384 Unus
2947 326 3227 394 Dominus,
3238 288 3376 386 Iuna
3413 333 3568 401 ﬁdes,

175 412 424 467 actione.
467 412 656 467 Videte
680 427 749 466 ne
776 414 898 483 quis
923 428 1015 468 vos
1046 414 1283 484 decipiat
1302 432 1404 485 per
1436 417 1836 487 philosophiam

174 510 228 559 et
258 506 490 562 inanem
513 508 821 575 fallaciam,
855 524 952 563 nec
986 508 1061 563 ad
1087 512 1475 565 contentionem
1513 516 1611 566 aut
1642 527 1832 582 super-

176 601 325 668 ﬂuas
377 603 699 670 quaestiones
736 606 918 656 vestra
957 603 1190 657 ulterius
1238 604 1423 658 studia
1454 610 1835 661 convertantur

176 692 413 762 (Coloss.
446 693 529 764 11).
560 696 773 749 Vocem
805 695 1070 766 ejusdem
1095 698 1487 768 apostolicum
1509 698 1833 754 humilitate

176 787 380 842 cordis
420 788 740 855 attendite;
774 790 855 845 sic
885 790 1043 845 enim
1076 791 1332 847 scribens
1364 792 1439 846 ad
1468 793 1833 848 Timotheum

177 883 260 935 ait
284 897 298 936 :
336 882 552 938 Stultus
572 888 753 938 autem
774 888 826 939 et
836 886 951 940 sine
975 886 1269 957 disciplina
1288 888 1608 956 quaestiones
1629 888 1829 951 devita,

173 977 354 1031 sciens
386 979 521 1046 quia
545 984 810 1045 generant
836 980 986 1045 lites;
1013 995 1230 1035 servum
1265 985 1446 1036 autem
1479 983 1696 1036 Domini
1721 997 1832 1036 non

172 1074 395 1140 Oportet
425 1072 644 1140 litigare
665 1071 743 1143 (ΙΙ
774 1074 910 1128 Tim.
943 1073 1034 1145 11);
1059 1077 1118 1127 et
1136 1074 1346 1129 iterum
1372 1074 1447 1129 ad
1466 1074 1825 1130 Corinthios:

178 1165 239 1220 Si
264 1166 400 1234 quis
426 1169 609 1221 autem
627 1166 846 1221 videtur
870 1169 1016 1223 inter
1049 1183 1143 1223 vos
1168 1172 1527 1225 contentiosus
1553 1184 1683 1233 esse,
1722 1186 1831 1225 non

176 1259 347 1313 talem
384 1260 835 1315 consuetudinem
880 1277 991 1317 non
1037 1263 1314 1327 habemus,
1364 1279 1537 1333 neque
1590 1263 1832 1319 Ecclesia

173 1354 275 1407 Dei
301 1352 357 1423 (Ι
382 1352 507 1408 Cor.
541 1352 649 1424 x1);
681 1356 738 1409 et
785 1353 998 1411 iterum
1039 1359 1169 1427 post
1215 1356 1330 1412 alia
1358 1374 1370 1412 :
1413 1359 1536 1414 Non
1570 1362 1648 1413 est
1686 1360 1829 1413 Deus

178 1445 568 1511 dissensionis,
597 1448 694 1503 sed
708 1451 886 1520 pacis.

244 1540 634 1597 Considerate
651 1542 956 1614 ergo,quia
967 1543 1295 1617 quicunque
1308 1545 1366 1600 in
1382 1562 1521 1617 pace
1536 1548 1594 1601 et
1607 1546 1827 1601 unitate

172 1634 451 1690 Ecclesia!
482 1652 600 1691 non
630 1636 823 1703 fuerit,
857 1638 1169 1693 Dominum
1201 1640 1418 1694 habere
1440 1656 1557 1694 non
1588 1640 1820 1711 poterit.

1936 434 2105 473 unum
2137 420 2429 489 baptisma,
2459 436 2603 476 unus
2629 424 2772 477 Deus
2799 428 2850 478 et
2872 425 3033 479 Pater
3058 426 3318 488 omnium,
3352 428 3449 495 qui
3470 440 3566 480 su-

1928 528 2029 581 per
2049 516 2253 576 omnia,
2283 517 2336 569 et
2347 530 2453 583 per
2483 517 2685 579 omnia,
2715 522 2765 571 et
2802 520 2862 571 in
2885 518 3133 573 omnibus
3161 519 3315 573 nobis
3349 518 3565 590 (Ephes.

1932 605 2009 675 v).
2039 607 2108 660 Et
2148 606 2285 661 dum
2318 609 2464 662 tales
2508 609 2938 665 exhortationes
2978 611 3319 681 apostolicas
3362 612 3574 668 habea-

1933 715 2083 766 mus,
2117 700 2244 771 quis
2292 717 2397 755 nos
2442 703 2733 774 separabit
2776 720 2809 758 a
2854 704 3153 772 charitate,
3201 721 3329 775 quae
3371 708 3458 760 est
3507 705 3566 762 in

1930 793 2153 848 Christo
2181 795 2314 849 Jesu
2344 794 2590 852 Domino
2622 796 2863 852 nostro?
2894 797 2951 852 Si
2983 797 3135 852 enim
3168 814 3301 853 cum
3329 799 3563 854 humili-

1931 888 2049 941 tate
2088 889 2147 941 et
2182 887 2323 942 ﬂetu
2366 888 2676 960 diligenter
2717 890 3093 960 intendimus,
3135 892 3569 949 consideramus

1933 983 1989 1034 et
2004 979 2381 1052 intelligimus
2403 983 2560 1053 quod
2578 984 2672 1038 ille
2690 984 2763 1040 sit
2782 984 3085 1040 insidiator
3109 990 3325 1054 noster,
3348 986 3419 1041 de
3450 1003 3564 1058 quo

1931 1073 2151 1129 dictum
2177 1078 2288 1131 est:
2309 1075 2450 1142 Quia
2475 1078 2826 1133 adversarius
2840 1085 3013 1135 vester
3023 1079 3294 1144 diabolus,
3319 1081 3459 1135 sicut
3486 1081 3565 1136 leo

1927 1172 2152 1238 rugiens
2167 1172 2360 1225 circuit
2379 1186 2625 1240 quaerens
2645 1187 2801 1243 quem
2827 1172 3039 1228 devoret
3061 1174 3111 1243 (Ι
3120 1174 3233 1228 Pet.
3250 1172 3336 1245 v);
3370 1173 3459 1228 cui
3472 1191 3562 1229 se-

1929 1262 2183 1318 cundum
2202 1263 2466 1334 ejusdem
2486 1264 2728 1335 apostoli
2754 1265 3234 1334 exhortationem,
3248 1283 3380 1322 cum
3402 1267 3563 1323 omni

1929 1373 2034 1412 nos
2053 1357 2362 1412 concordia
2384 1361 2442 1412 et
2460 1357 2684 1413 unitate
2702 1358 2762 1413 in
2781 1358 3117 1414 fortitudine
3129 1359 3267 1414 ﬁdei
3293 1360 3559 1417 resistere

1929 1453 2102 1522 atque
2122 1450 2355 1506 obviare
2390 1468 2622 1507 necesse
2645 1454 2749 1507 est.
2768 1453 3041 1524 Exemplo
3063 1452 3221 1507 enim
3242 1469 3445 1509 omnes
3473 1454 3558 1510 di-

1928 1544 2191 1612 dicimus,
2207 1544 2743 1600 charissimifratres
2761 1562 2826 1601 ac
2841 1546 2962 1614 filii,
2985 1548 3202 1617 quanta
3214 1548 3369 1602 mala
3386 1564 3564 1619 quan-

1926 1641 2100 1710 taque
2116 1639 2347 1710 ﬂagella
2366 1638 2711 1694 divisionem
2724 1640 2986 1695 Ecclesiae
3004 1640 3221 1694 fuerint
3235 1640 3556 1697 subsecuta.

170 1731 319 1784 Item
363 1729 442 1784 ad
474 1730 703 1786 Galatas
734 1731 991 1786 scribens
1022 1733 1104 1787 ait
1137 1750 1150 1788 :
1192 1736 1299 1802 Qui
1338 1750 1407 1789 ea:
1439 1735 1546 1804 ﬁde
1586 1738 1735 1797 sunt,
1767 1710 1900 1789 hiB
1927 1732 2086 1786 Unde
2127 1732 2186 1786 in
2219 1733 2394 1804 ipsius
2423 1733 2843 1803 misericordia,
2876 1734 3010 1788 licet
3038 1732 3283 1805 indigni,
3316 1735 3561 1790 conﬁdi-

173 1828 305 1879 sunt
318 1825 431 1895 ﬁlii
440 1824 682 1880 Abrahae
693 1824 837 1895 (Gal.
857 1825 958 1897 111).
976 1827 1286 1883 Providens
1298 1831 1493 1882 autem
1509 1827 1822 1899 Scriptura,

174 1917 313 1988 quia
367 1934 435 1972 ex
479 1917 592 1972 fide
628 1918 906 1989 justiﬁcat
949 1923 1152 1991 gentes
1199 1922 1369 1988 Deus,
1415 1922 1825 1993 praenuntiavit

171 2011 444 2079 Abrahae,
481 2015 615 2082 quia
647 2013 1027 2069 benedicentur
1049 2016 1111 2069 in
1138 2018 1187 2069 te
1212 2030 1393 2070 omnes
1413 2021 1593 2082 gentes
1610 2016 1818 2088 (Genes.

173 2104 325 2174 xm).
369 2105 557 2176 Igitur
585 2106 682 2177 qui
715 2124 783 2161 ex
814 2107 927 2162 fide
959 2112 1111 2177 sunt,
1142 2108 1562 2165 benedicentur
1591 2128 1722 2165 cum
1752 2112 1817 2164 fl-

175 2197 289 2253 deli
307 2199 631 2253 Abraham.
648 2199 833 2265 Quam
850 2217 989 2273 ergo
1009 2202 1435 2258 excusationem
1456 2204 1608 2276 apud
1630 2205 1822 2259 Domi-

174 2309 314 2346 num
334 2297 472 2365 post
484 2298 832 2365 prrssentem
858 2295 1309 2352 satisfactionem
1330 2301 1588 2354 nostram
1606 2299 1821 2354 habere

174 2386 416 2441 ulterius
453 2388 714 2459 potestis,
741 2389 974 2461 quando
1011 2391 1167 2445 nulla
1193 2391 1354 2447 vobis
1366 2392 1437 2447 de
1460 2393 1593 2447 fidei
1612 2397 1821 2448 nostra:

172 2479 506 2535 sinceritate
526 2482 844 2554 etpuritate
858 2485 1145 2540 contraria
1166 2485 1411 2558 suspicio
1436 2486 1768 2542 remanebit
1791 2486 1819 2542 ?

172 2575 379 2631 Audite
394 2579 744 2647 potestatem
759 2580 815 2632 et
827 2583 1295 2635 commonentem
1311 2581 1580 2636 eumdem
1594 2584 1819 2653 aposto-

174 2668 328 2724 lum:
361 2671 545 2727 Nolite
573 2671 778 2737 seduci,
812 2679 1164 2745 corrumpunt
1178 2691 1349 2731 mores
1376 2676 1535 2731 bonos
1551 2677 1820 2746 colloquia

174 2765 321 2819 mala
343 2764 394 2836 (Ι
411 2764 533 2821 Cor.
555 2765 801 2837 xv).Non
820 2783 959 2838 ergo
981 2767 1497 2825 circumveniamur
1516 2788 1549 2826 a
1579 2770 1814 2839 Satana,

174 2873 290 2913 non
321 2857 484 2914 enim
516 2858 855 2932 ignoramus
885 2862 1298 2934 cogitationem
1329 2864 1473 2935 ejus.
1507 2865 1651 2920 Cum
1680 2863 1818 2919 dile-

175 2951 363 3007 ctione
382 2970 525 3025 ergo
553 2954 812 3010 fraterna
838 2958 895 3009 et
920 2955 1247 3012 humilitate
1264 2958 1383 3013 Deo
1399 2957 1631 3030 placita,
1651 2956 1697 3011 si
1716 2974 1812 3012 cu-

168 3046 261 3117 jus
282 3047 436 3103 forte
456 3047 635 3103 animi
657 3048 1030 3105 scandalizari
1048 3050 1318 3107 videntur
1336 3051 1396 3106 in
1441 3052 1656 3124 aliquo,
1684 3067 1812 3106 ma-

178 3157 317 3196 nens
330 3142 391 3196 in
410 3142 651 3198 unitatis
664 3143 963 3211 charitate,
978 3145 1278 3216 perquirat
1292 3140 1466 3218 atque
1480 3147 1810 3216 cognoscat.

173 3232 312 3290 Nam
346 3236 497 3291 sicut
514 3237 715 3292 beatus
734 3238 977 3295 Iacobus
1003 3240 1297 3310 apostolus
1317 3240 1429 3294 ait:
1468 3241 1572 3296 Ubi
1594 3241 1738 3295 zelus
1765 3244 1815 3295 et

175 3333 462 3394 contentio,
515 3332 594 3385 ibi
632 3336 681 3387 et
712 3335 1083 3388 inconstantia
1119 3338 1171 3388 et
1210 3349 1360 3389 omne
1405 3349 1539 3404 opus
1576 3349 1813 3403 pravum

175 3422 308 3493 (Jac.
343 3424 464 3497 111);
499 3424 781 3481 etiterum
814 3428 1025 3482 Doctor
1054 3428 1352 3499 gentium:
1382 3428 1510 3494 Quis
1533 3443 1626 3483 vos
1650 3430 1813 3499 impe-

176 3514 309 3572 divit
332 3519 601 3575 charitati
625 3535 733 3575 non
763 3520 976 3576 obedire
994 3539 1012 3575 :
1035 3523 1325 3591 persuasio
1360 3522 1469 3577 haec
1495 3537 1602 3577 non
1627 3527 1705 3579 est
1738 3537 1813 3582 ex

175 3625 229 3663 eo
256 3614 352 3681 qui
372 3615 590 3668 vocavit
607 3629 701 3669 vos
723 3633 740 3669 :
764 3615 1033 3670 modicum
1052 3618 1381 3684 fermentum
1394 3620 1563 3673 totam
1577 3635 1811 3678 massam

177 3708 471 3778 corrumpit
508 3707 652 3779 (Gal.
683 3707 770 3778 v);
806 3712 864 3762 et
895 3708 1027 3763 alibi
1053 3725 1066 3763 :
1101 3710 1215 3778 Ego
1246 3711 1453 3781 conﬁdo
1477 3714 1537 3766 in
1564 3716 1807 3782 Domino,

176 3800 313 3867 quod
338 3801 483 3856 nihil
498 3802 659 3855 aliud
673 3804 939 3872 sapiatis;
965 3805 1064 3873 qui
1074 3807 1253 3858 autem
1278 3806 1807 3880 conturbatvospor-

177 3893 309 3948 tabit
326 3895 609 3964 judicium
635 3899 959 3967 quicumque
978 3901 1059 3952 est
1075 3897 1168 3951 ille
1198 3897 1406 3970 (Ibid);
1441 3902 1499 3953 et
1528 3900 1586 3954 in
1619 3903 1810 3960 subse-

178 3988 372 4056 quenti
403 3989 519 4044 ait:
557 3991 777 4045 Utinam
805 3990 1204 4047 abscinduntur
1228 3993 1326 4061 qui
1351 4007 1444 4047 vos
1482 3997 1810 4053 conturbant

177 4077 386 4153 (Ibid)!
418 4083 491 4138 Et
517 4100 747 4138 rursum
775 4084 1099 4140 admonens
1127 4084 1298 4140 dicit:
1329 4085 1485 4152 Quod
1509 4088 1559 4142 si
1580 4091 1808 4147 invicem

175 4175 447 4240 mordetis,
463 4180 513 4232 et
531 4178 825 4242 comeditis,
837 4179 1013 4234 videte
1024 4195 1090 4234 ne
1100 4179 1168 4233 ab
1178 4181 1405 4235 invicem
1416 4187 1812 4240 consumamini

179 4263 378 4341 (Ibid);
398 4274 459 4325 et
477 4269 710 4327 iterum:
733 4272 794 4327 Si
809 4274 1008 4343 spiritu
1021 4275 1274 4337 vivimus,
1294 4276 1498 4345 spiritu
1512 4281 1562 4331 et
1571 4279 1808 4334 ambule-

180 4375 323 4429 mus;
354 4381 465 4419 non
489 4368 790 4436 efﬁciamur
808 4368 995 4421 inanis
1009 4368 1198 4435 gloria:
1216 4369 1422 4439 cupidi,
1445 4372 1667 4426 invicem
1686 4388 1807 4442 pro-

1922 1842 2072 1895 mus,
2105 1826 2241 1897 quia
2270 1826 2317 1880 si
2349 1827 2658 1883 Ecclesiam
2687 1844 2853 1882 suam
2885 1827 3143 1882 adunare
3164 1832 3336 1898 atque
3362 1828 3561 1899 pacifi-

1922 1937 2053 1975 care
2094 1920 2459 1989 concesserit,
2494 1921 2692 1976 omnia
2730 1938 2765 1976 a
2812 1920 2979 1975 nobis
3020 1937 3148 1991 quae
3191 1938 3297 1992 pro
3340 1921 3561 1977 delictis

1921 2013 2132 2068 nostris
2181 2014 2533 2085 suscepimus
2580 2008 2846 2085 ﬂagella,‘
2884 2014 3125 2068 celerius
3164 2018 3556 2085 removentur,

1921 2110 1980 2161 et
2022 2108 2212 2162 unitas
2257 2124 2322 2162 ac
2362 2107 2604 2163 ﬁrmitas
2646 2107 2802 2179 pacis
2846 2106 3109 2162 Ecclesiaa
3153 2124 3359 2179 pacem
3391 2109 3559 2164 nobis

1921 2205 1979 2257 et
2005 2203 2390 2273 temporalem
2422 2201 2645 2256 obtinet
2673 2205 2733 2256 et
2759 2204 3057 2257 aeternam.

1990 2296 2417 2351 Tantummodo
2434 2312 2730 2367 rogamus,
2755 2298 2814 2350 et
2834 2295 3222 2365 obsecramus,
3258 2299 3316 2351 et
3342 2313 3447 2369 per
3465 2295 3552 2353 di-

1918 2390 2115 2444 vinum
2134 2406 2234 2445 vos
2258 2389 2742 2461 tremendumque
2759 2389 2858 2444 Dei
2873 2389 3155 2460 judicium
3175 2391 3550 2462 obtestamur,

1922 2484 2014 2538 ubi
2028 2483 2135 2538 sibi
2152 2484 2340 2538 nullus
2360 2482 2670 2539 hominum
2684 2500 2757 2553 po
2765 2483 2896 2538 terit
2910 2483 3267 2554 argumentis
3280 2486 3367 2539 vel
3385 2502 3550 2541 excu-

1918 2577 2233 2633 sationibus
2258 2577 2593 2644 subvenire;
2623 2594 2695 2631 ne
2716 2576 2955 2631 ulterius
2974 2594 3078 2647 per
3096 2593 3197 2632 vos
3209 2577 3313 2632 Dei
3332 2578 3553 2635 divida-

1916 2675 2011 2725 tur
2028 2670 2423 2738 Ecclesia,-sed
2435 2670 2837 2725 haareditatem
2853 2671 3088 2726 Domini
3105 2672 3405 2727 communi
3424 2690 3554 2745 pos-

1916 2764 2204 2819 sideamus
2241 2768 2299 2819 et
2329 2767 2635 2819 teneamus
2664 2763 2873 2819 studio.
2909 2764 3047 2829 Quae
3077 2768 3272 2820 autem
3317 2766 3390 2821 sit
3428 2767 3552 2839 ejus

1916 2858 2242 2929 haereditas,
2278 2858 2457 2930 ipsius
2475 2856 2651 2912 verba
2673 2873 2800 2928 quia
2818 2857 2893 2912 ad
2915 2856 3224 2929 discipulos
3244 2860 3398 2916 dicta
3417 2866 3551 2917 sunt

1915 2952 2216 3007 audiamus
2238 2967 2251 3007 :
2285 2955 2475 3008 Pacem
2497 2967 2673 3007 meam
2697 2952 2764 3006 do
2783 2952 2954 3016 vobis,
2967 2967 3161 3022 pacem
3181 2970 3355 3010 meam
3377 2956 3546 3011 relin-

1915 3062 2021 3116 quo
2044 3046 2194 3101 vobis
2224 3044 2561 3117 (Joan.x1v);
2597 3047 2655 3099 et
2684 3043 2896 3099 iterum
2923 3061 2936 3099 :
2991 3047 3060 3100 In
3094 3047 3191 3102 hoc
3233 3056 3550 3117 cognoscent

1913 3155 2091 3196 omnes
2109 3142 2243 3211 quia
2260 3141 2365 3195 mei
2391 3142 2518 3195 estis
2541 3139 2820 3209 discipuli,
2852 3141 2902 3194 si
2920 3139 3259 3197 dilectionem
3287 3142 3541 3198 habueri-

1913 3237 1984 3290 tis
2022 3235 2099 3289 ad
2132 3236 2360 3290 invicem
2405 3232 2583 3306 (Joan.
2620 3232 2758 3305 x111).
2787 3234 3037 3303 Idipsum
3063 3238 3263 3300 autem,
3295 3234 3438 3290 sicut
3465 3235 3545 3291 ait

1911 3330 2021 3383 Vas
2052 3328 2366 3391 electionis,
2395 3328 2640 3383 dicamus
2671 3343 2871 3391 omnes,
2915 3332 2965 3382 et
3004 3343 3113 3383 non
3143 3330 3253 3383 sint
3293 3330 3355 3384 in
3392 3331 3542 3386 vobis

1911 3423 2220 3491 schismata,
2252 3425 2420 3477 simus
2446 3427 2623 3476 autem
2647 3422 2882 3491 perfecti
2902 3423 2963 3474 in
2987 3422 3169 3476 eodem
3194 3437 3357 3477 sensu
3401 3428 3451 3479 et
3482 3426 3544 3480 in

1911 3516 2097 3571 eadem
2121 3518 2349 3571 scientia
2368 3515 2419 3586 (Ι
2445 3514 2564 3570 Cor.
2588 3513 2648 3586 1),
2670 3517 2726 3568 ut
2750 3514 2811 3568 in
2840 3513 3033 3568 sinum
3052 3515 3254 3569 matris
3280 3517 3544 3574 Ecclesiae

1910 3608 2247 3680 congregati
2278 3608 2599 3663 efficiamur
2628 3624 2776 3661 unus
2814 3622 2973 3677 grex,
3026 3610 3085 3661 et
3128 3608 3297 3663 unius
3331 3608 3542 3667 Christi

1908 3702 2154 3776 pastoris
2183 3700 2443 3757 custodia
2473 3701 2544 3755 ab
2575 3699 2846 3755 omnibus
2884 3698 3133 3755 externis
3178 3700 3539 3775 internisque

1908 3796 2088 3852 hostis
2106 3795 2330 3850 insidiis
2350 3795 2475 3866 ejus
2493 3792 2853 3866 protectione
2874 3796 3047 3865 atque
3063 3794 3399 3850 defensione
3424 3813 3539 3853 ser-

1909 3908 2109 3946 vemur
2138 3889 2319 3945 illaesi.
2344 3890 2474 3944 Haec
2491 3890 2689 3943 autem
2722 3886 2795 3942 ad
2823 3904 2923 3943 vos
2953 3887 3264 3943 direximus
3294 3906 3399 3960 per
3426 3889 3538 3946 fra-

1905 3989 2057 4040 trem
2079 3989 2138 4040 et
2156 3983 2563 4055 coepiscopum
2579 3984 2842 4037 nostrum
2857 3981 3244 4054 Redemptum
3270 3986 3329 4037 et
3351 3984 3540 4048 Quod-

1904 4079 2201 4134 vultdeum
2213 4077 2483 4132 abbatem
2506 4076 2845 4130 monasterii
2859 4075 3095 4147 majoris
3110 4076 3363 4132 basilica:
3379 4077 3539 4134 beati

1904 4172 2056 4229 Petri
2077 4171 2341 4243 apostoli,
2359 4188 2504 4243 quos
2523 4172 2711 4226 vestra
2731 4170 2960 4225 dilectio
2982 4173 3041 4224 et
3060 4170 3402 4243 complacita
3419 4172 3536 4228 Deo

1905 4266 2184 4322 charitate
2222 4265 2512 4337 suscipiat,
2557 4268 2617 4319 et
2658 4264 2733 4319 ad
2773 4280 2879 4319 nos
2909 4280 3041 4320 cum
3071 4264 3306 4320 unitatis
3334 4268 3539 4322 vestra:

1907 4360 2117 4433 gaudio
2133 4360 2255 4415 sine
2276 4377 2444 4415 mora
2462 4358 2671 4415 reverti
2692 4358 2950 4413 dimittat
2971 4374 2984 4412 :
3014 4362 3299 4429 quatenus
3318 4376 3536 4431 cogno-

179 4462 443 4522 vocantes,
465 4460 689 4514 invicem
703 4458 1884 4536 invidentes.Alleraltariusoneraporte-D
1907 4458 2130 4510 εεεηῐθδ
2172 4453 2543 4509 dilectionem
2592 4455 2766 4523 atque
2811 4450 3201 4506 Obedientiam
3239 4450 3536 4511 οδθτίίθίίε

179 4563 310 4614 mus,
324 4556 375 4633 et
399 4552 478 4606 sic
504 4552 1100 4623 adimplebimuslegem
1123 4556 1326 4613 Christi
1347 4555 1559 4630 (Ibid);
1584 4562 1641 4613 et
1667 4561 1804 4615 alibi

180 4638 326 4698 idem
363 4646 659 4717 apostolus
689 4647 768 4702 ait
799 4664 813 4702 :
845 4648 1017 4703 Flecte
1050 4664 1230 4716 genua
1259 4666 1380 4704 mea
1409 4651 1485 4705 ad
1515 4654 1802 4709 Dominum

180 4730 380 4793 Patrem
398 4742 612 4794 Domini
638 4743 813 4796 nostri
833 4744 960 4796 Jesu
991 4742 1209 4806 Christi,
1225 4758 1292 4797 ea:
1309 4760 1414 4814 quo
1436 4748 1608 4801 omnis
1616 4752 1802 4818 pater-

178 4827 312 4884 nitas
327 4833 384 4887 in
414 4834 557 4888 cmlis
585 4839 635 4890 et
658 4837 719 4888 in
746 4839 893 4890 terra
912 4836 1245 4903 nominatur,
1262 4841 1323 4893 ut
1339 4838 1429 4893 det
1442 4840 1592 4895 vobis
1617 4857 1800 4897 secun—

183 4918 296 4977 dum
315 4924 539 4982 divitias
563 4929 752 4996 gloriae
776 4945 888 4984 sua:
908 4932 1182 4993 virtutem,
1207 4931 1547 4987 corroborari
1562 4951 1667 5004 per
1681 4935 1801 5005 Spi-

181 5016 332 5072 ritum
359 5020 477 5089 ejus
505 5022 565 5075 in
604 5023 914 5077 interiorem
932 5024 1219 5088 hominem,
1240 5026 1489 5081 habitare
1520 5027 1795 5083 Christum

175 5120 267 5174 per
290 5113 446 5181 ﬁdem
474 5117 534 5169 in
574 5116 827 5171 cordibus
853 5119 1077 5180 vestris,
1108 5120 1168 5173 in
1193 5120 1458 5175 charitate
1485 5122 1728 5178 radicati
1751 5128 1801 5178 et

178 5200 410 5271 fundati,
433 5213 494 5263 ut
516 5210 742 5278 possitis
767 5211 1209 5280 comprehendere
1235 5229 1357 5268 cum
1380 5216 1631 5270 omnibus
1648 5231 1803 5271 sanc-

179 5294 242 5348 tis
280 5297 487 5370 (Ephes.
523 5301 625 5374 111).
661 5304 728 5357 Et
757 5305 888 5374 post
925 5304 1073 5360 alia:
1101 5306 1325 5364 Obsecro
1365 5309 1553 5379 itaque
1586 5325 1680 5364 vos
1705 5326 1798 5377 ego

178 5389 371 5447 vinctus
413 5396 472 5448 in
511 5398 752 5459 Domino,
796 5402 857 5452 ut
897 5399 1061 5467 digne
1101 5401 1385 5456 ambuletis
1431 5404 1489 5456 in
1523 5406 1799 5457 vocatione

181 5493 277 5547 qua
301 5491 474 5543 vocati
496 5493 644 5553 estis,
658 5506 779 5545 cum
806 5493 1266 5549 omnihumilitate
1283 5500 1333 5549 et
1355 5497 1796 5560 mansuetudine,

180 5585 287 5629 cum
341 5584 617 5651 patientia
663 5590 1046 5656 supportantes
1101 5589 1331 5644 invicem
1380 5591 1442 5644 in
1494 5591 1796 5652 charitate,

180 5667 383 5730 solliciti
426 5691 641 5733 servare
674 5678 960 5735 unitatem
989 5682 1218 5751 spiritus
1254 5684 1316 5737 in
1362 5684 1580 5739 vinculo
1617 5686 1795 5754 pacis.

185 5757 346 5822 Unum
374 5784 567 5841 corpus
597 5775 650 5827 et
682 5787 826 5827 unus
870 5775 1121 5843 spiritus,
1163 5777 1305 5831 sicut
1341 5779 1520 5831 vocati
1567 5778 1696 5832 estis
1740 5778 1801 5831 in

1903 4552 2127 4615 vestrae,
2160 4563 2291 4603 cum
2323 4546 2535 4602 sanctis
2565 4545 2788 4616 angelis
2818 4543 3206 4599 communiter
3232 4547 3405 4616 atque
3434 4559 3533 4602 ve-

1901 4642 2111 4697 raciter
2140 4640 2331 4695 dicere
2365 4654 2734 4695 mereamur:
2769 4638 2957 4693 Gloria
2999 4639 3060 4692 in
3088 4638 3366 4694 altissimis
3404 4642 3532 4713 Deo,

1900 4742 1952 4791 et
1976 4738 2035 4791 in
2056 4739 2204 4790 terra
2220 4749 2341 4819 pq:
2366 4733 2671 4790 hominibus
2700 4732 2849 4787 bona
2871 4731 3171 4788 voluntatis
3202 4732 3351 4806 (Luc.
3378 4733 3459 4806 11).

2320 4847 2655 4905 EPISTOLA
2683 4848 2750 4904 1v
2796 4845 2964 4920 [Olim
2997 4847 3104 4922 VI]

2129 4960 2249 5010 QUE
2278 4960 2375 5000 EST
2405 4958 2645 4999 SECUNDA
2672 4959 2741 4998 AD
2772 4957 3068 4999 EPISCOPOS
3096 4954 3306 5000 ISTRIE.

1900 5039 2289 5098 Dilectissimis
2317 5036 2599 5109 fratribus
2617 5035 2751 5089 Elite
2780 5037 2870 5109 vel
2902 5035 3027 5090 aliis
3056 5035 3337 5109 episcopis
3355 5037 3531 5095 Istrize

2408 5107 2672 5178 Pelagius
2702 5106 3020 5177 episcopus.

1971 5204 2510 5263 Dilectionisvestraa
2520 5217 2625 5272 per
2635 5216 2733 5255 eos
2745 5215 2889 5270 quos
2900 5198 3182 5255 direxistis
3197 5198 3407 5273 scripta
3418 5217 3535 5258 sus-

1899 5302 2175 5375 cepimus,
2199 5296 2538 5367 relectisque
2553 5293 2640 5348 his
2653 5291 2811 5365 gravi
2838 5309 3035 5346 sumus
3045 5308 3294 5349 maerore
3308 5296 3366 5349 et
3377 5294 3533 5351 dolo-

1900 5415 1962 5452 re
1978 5393 2252 5468 perculsi:
2271 5407 2403 5447 cum
2430 5405 2618 5460 neque
2634 5387 2723 5442 his
2746 5404 2874 5459 quae
2890 5402 2995 5440 nos
3021 5386 3180 5442 vobis
3202 5387 3531 5460 scripsimus

1895 5487 2298 5562 respondistis,
2330 5501 2541 5557 neque,
2575 5486 2639 5537 ut
2656 5483 2973 5538 fraternam
2993 5479 3263 5537 decuerat
3281 5482 3528 5539 charita-

1898 5589 2039 5654 tem,
2060 5582 2196 5639 fidei
2222 5584 2435 5638 nostra:
2452 5577 2842 5633 satisfactione
2860 5577 3125 5647 suscepta
3144 5576 3225 5657 ad
3244 5576 3529 5632 unitatem

1898 5677 2159 5735 Ecclesia:
2177 5672 2505 5731 revertendi
2535 5670 2927 5729 obedientiam
2947 5669 3389 5736 commodastis;
3422 5684 3529 5741 po-

1898 5777 2116 5829 stremo
2152 5788 2259 5827 nec
2275 5786 2375 5826 eos
2399 5768 2568 5824 aliter
2588 5766 2686 5838 qui
2699 5767 2987 5823 venerunt
3012 5762 3262 5836 dirigere
3291 5762 3527 5837 pertuli-
