4016 6240
476 280 569 339 7H

1840 270 1942 335 ῬΕ
1969 278 2152 336 LAGII
2184 277 2377 335 PAPIE
2411 279 2459 335 II

3767 280 3876 333 712

476 389 661 457 stis,ut
679 386 1642 462 apertissimamlucidissimamque
1658 385 2111 442 satisfactionem
2133 399 2194 473 Α
2213 390 2537 454 maverunt,
2569 386 2675 442 nisi
2704 390 2765 442 ut
2796 385 3139 442 inviolabilis
3150 386 3287 442 ﬁdei
3309 383 3571 442 deﬁnitio
3594 400 3869 441 servare-

477 499 536 536 se
563 485 904 554 paterentur
928 485 1220 555 accipere:
1253 482 1353 536 sed
1376 482 1586 552 scripto
1624 480 1791 535 nobis
1814 481 1979 552 quasi
2027 498 2114 535 ca-

475 576 743 647 pitulare,
776 579 865 632 vel
898 578 1269 632 interdictum
1301 575 1492 646 potius
1525 574 1924 641 ostenderunt,
1971 574 2112 629 nihil

474 669 801 741 injunctum
818 671 926 726 sibi
946 688 979 724 a
1000 670 1158 725 vobis
1173 669 1329 723 aliud
1340 672 1683 735 asserentes,
1701 667 1808 722 nisi
1834 670 1896 722 ut
1912 671 2115 723 vestra:

484 764 892 819 tantummodo
925 766 1116 817 essent
1134 765 1459 833 portatores
1489 762 1763 832 epistolae.
1798 764 1859 815 In
1892 778 2007 833 qua
2035 765 2121 816 ta-

473 874 611 911 men
639 860 857 912 nullam
881 856 1124 911 rationis
1146 856 1601 911 satisfactionem
1624 855 1894 926 quaesisse
1911 871 2011 909 vos
2038 856 2122 909 le-

475 951 648 1021 gitur,
682 951 785 1005 sed
816 951 971 1004 velut
992 949 1319 1020 judicatum
1353 949 1491 1021 quid
1524 948 1690 1003 nobis
1735 948 2122 1020 expressisset,

485 1044 640 1114 quod
670 1060 843 1114 quam
875 1060 1115 1114 pravum
1147 1043 1237 1111 sit,
1258 1060 1434 1115 quam
1454 1043 1754 1114 injustum,
1773 1044 2125 1113 Patrumque

480 1137 693 1207 regulis
710 1136 1036 1204 inimicum,
1056 1137 1102 1190 si
1132 1136 1428 1192 volueritis
1457 1136 1532 1191 ad
1562 1136 1958 1208 cognitionem
1976 1135 2121 1189 veri-

476 1230 614 1284 tatis
632 1231 927 1297 accedere,
951 1230 1415 1302 splendidissime
1434 1247 1567 1285 cum
1586 1230 1778 1285 divino
1800 1229 2007 1284 auxilio
2022 1247 2121 1301 po-

470 1324 630 1377 testis
662 1324 977 1379 addiscere.
1025 1324 1188 1379 Unde
1220 1341 1325 1379 nos
1360 1341 1495 1379 cum
1531 1325 1817 1395 propheta
1840 1324 2119 1394 lacryma-

470 1418 664 1473 biliter
710 1418 978 1473 convenit
1008 1419 1358 1473 exclamare:
1412 1418 1686 1485 Obmutui,
1717 1423 1767 1473 et
1787 1418 2108 1472 humiliatus

466 1528 608 1576 sum,
641 1517 691 1567 et
712 1513 846 1567 silui
868 1528 903 1567 α
931 1513 1104 1575 bonis,
1133 1518 1183 1567 ct
1214 1513 1369 1568 dolor
1388 1513 1568 1567 cordis
1590 1514 1695 1566 mei
1722 1515 2011 1566 renovatus
2030 1516 2105 1565 est

471 1606 640 1677 (Psai.
673 1604 917 1677 xxxvm).
968 1606 1295 1660 Renovatus
1350 1608 1437 1659 est
1492 1605 1656 1660 dolor
1687 1604 1876 1659 cordis
1906 1603 2107 1671 nostri,

471 1700 704 1771 quando
725 1700 1012 1754 diuturnae
1029 1699 1321 1753 divisionis
1333 1699 1669 1754 scandalum
1687 1698 1926 1753 minime
1947 1700 2109 1753 tanto

2224 486 2335 535 tur.
2362 483 2503 535 Nam
2523 482 2597 536 ad
2609 481 2877 536 eamdem
2898 482 3185 554 synodum
3203 480 3669 537 conﬁrmandam
3680 480 3873 534 beata:

2224 575 2641 631 recordationis
2658 576 3262 647 praedecessornoster
3280 592 3433 647 papa
3449 576 3563 630 Leo
3585 574 3871 641 scribens,

2225 670 2376 724 inter
2400 669 2513 724 alia
2534 669 2612 724 sic
2633 670 2744 725 ait:
2776 688 2803 722 ε(
2826 672 2905 725 Ne
2927 687 3066 743 ergo
3087 687 3192 743 per
3212 669 3498 741 malignos
3518 669 3873 740 interpretes

2227 762 2541 819 dubitabile
2566 763 2849 832 videatur,
2881 768 3072 819 utrum
3087 780 3215 836 qua:
3232 764 3290 818 in
3314 762 3536 835 synodo
3557 761 3875 818 Chalcedo-

2226 857 2390 911 nensi
2413 874 2515 929 per
2534 858 2983 913 unanimitatem
3000 861 3252 913 vestram
3271 858 3341 912 de
3363 857 3477 912 ﬁde
3501 859 3719 912 statuta
3739 859 3877 910 sunt

2225 951 2616 1023 approbarim,
2647 952 2770 1006 haec
2798 952 2871 1006 ad
2908 969 3111 1007 omnes
3148 953 3356 1007 fratres
3398 956 3456 1006 et
3494 951 3875 1022 coepiscOpos

2226 1048 2472 1112 nostros,
2503 1044 2601 1115 qui
2627 1045 2900 1116 praedicto
2929 1046 3172 1101 concilio
3199 1045 3611 1112 interfuerunt,
3656 1043 3877 1114 scripta

2227 1138 2426 1207 direxi,
2461 1156 2589 1209 quae
2617 1139 3060 1210 gloriosissimus
3084 1143 3143 1194 et
3179 1138 3664 1194 clementissimus
3709 1137 3873 1208 prin-

2225 1249 2378 1303 ceps,
2405 1232 2550 1287 sicut
2564 1232 2819 1303 poposci,
2842 1233 2901 1287 in
2930 1233 3199 1288 notitiam
3228 1235 3478 1287 vestram
3500 1232 3741 1285 mittere
3764 1247 3871 1301 pro

2225 1325 2521 1403 catholicas
2570 1325 2705 1379 fidei
2758 1342 2958 1381 amore
3010 1326 3378 1397 dignabitur;
3426 1328 3488 1379 ut
3517 1328 3576 1379 et
3605 1325 3873 1379 fraterna

2224 1418 2564 1473 universitas
2594 1423 2652 1474 et
2688 1420 2953 1474 omnium
2984 1420 3243 1474 ﬁdelium
3275 1419 3452 1474 corda
3481 1421 3867 1490 cognoscunt,

2225 1529 2319 1566 me
2351 1529 2469 1567 non
2499 1514 2683 1567 solum
2714 1530 2819 1584 per
2848 1514 3056 1568 fratres
3088 1513 3186 1584 qui
3227 1513 3409 1568 vicem
3455 1529 3655 1566 meam
3707 1528 3869 1566 exse-

2224 1606 2339 1661 cuti
2365 1609 2515 1673 sunt,
2549 1606 2651 1660 sed
2677 1606 2853 1661 etiam
2885 1623 2990 1677 per
3017 1607 3425 1678 probationem
3445 1609 3745 1678 gestorum
3777 1622 3867 1676 sy-

2226 1700 2546 1765 nodalium,
2568 1700 2861 1771 propriam
2882 1700 3176 1756 vobiscum
3198 1701 3453 1755 munisse
3477 1700 3866 1754 sententiam:

468 1793 607 1848 ﬁdei
626 1794 852 1865 fulgore
873 1796 1194 1864 superatur,
1225 1792 1473 1847 maxime
1490 1793 1624 1863 quia
1656 1808 1967 1864 pravorum
1998 1791 2103 1846 ho-
2130 1777 2184 1848 Β
2209 1796 2273 1851 in
2301 1794 2422 1848 sola
2444 1793 2712 1849 videlicet
2731 1793 2865 1848 ﬁdei
2897 1811 3068 1849 causa
3122 1794 3301 1865 (quod
3329 1810 3480 1865 saepe
3530 1792 3869 1863 dicendum)

469 1887 697 1941 minum
728 1887 1098 1958 persuasione
1132 1886 1377 1957 decepti,
1418 1886 1629 1957 scripta
1666 1885 1832 1941 nobis
1875 1884 2108 1939 diversi!

470 1980 684 2035 infecta
711 1980 991 2050 contagiis
1019 1979 1304 2034 direxistis
1328 1997 1341 2034 :
1379 1984 1438 2034 et
1463 1979 1619 2051 quod
1646 1980 1703 2033 in
1725 1977 1983 2050 epistolis
2008 1980 2110 2032 Pa-

484 2078 635 2129 trum
674 2074 940 2145 quaedam
990 2073 1323 2129 testimonia
1376 2090 1494 2129 non
1547 2073 1870 2143 incongrua
1910 2072 2118 2141 solum,

485 2168 587 2222 sed
619 2183 723 2223 nec
755 2168 829 2222 ad
860 2184 1092 2223 causam
1121 2167 1476 2239 pertinentia
1504 2166 1770 2222 tentastis
1822 2166 2076 2221 inserere
2103 2208 2117 2233 ,

482 2262 563 2317 ita
589 2264 652 2317 ut
681 2278 788 2316 nec
821 2261 1086 2316 ordinem
1114 2260 1600 2328 testimoniorum,
1637 2260 1735 2332 qui
1756 2259 1815 2314 in
1835 2259 1976 2331 ipsis
2006 2258 2121 2330 epi-

469 2355 636 2410 stolis
664 2358 919 2424 Patrum,
955 2356 1278 2423 servaretis,
1315 2355 1528 2426 quippe
1560 2357 1622 2409 ut
1652 2354 1808 2425 quod
1842 2353 2119 2425 scriptum

478 2450 716 2506 nomine
750 2451 985 2505 alterius
1015 2449 1222 2517 fuerat,
1257 2448 1492 2503 alterius
1512 2447 1763 2503 nominis
1788 2447 1954 2502 titulo
1984 2463 2114 2517 pro-

477 2547 752 2599 meretur.
775 2546 838 2598 In
862 2560 975 2614 quo
1003 2542 1300 2597 evidenter
1322 2541 1539 2597 dictum
1559 2540 1718 2597 vobis
1738 2541 2116 2612 apostolicum

477 2642 703 2693 constat
742 2637 963 2709 aptari:
1014 2639 1315 2695 Nescientes
1363 2652 1533 2706 neque
1579 2637 1643 2690 dc
1693 2636 1887 2706 quibus
1942 2635 2119 2690 dicent

476 2748 650 2802 neque
675 2732 740 2787 de
769 2732 966 2802 quibus
993 2734 1275 2802 afﬁrmant
1303 2730 1349 2802 (1
1383 2732 1518 2785 Tim.
1555 2729 1613 2802 ι).

547 2825 715 2890 Quod
745 2825 980 2897 quidem
1011 2841 1129 2880 non
1160 2828 1363 2879 vestra:
1405 2824 1643 2879 malitiae
1688 2824 1775 2877 vel
1819 2823 2115 2878 calliditati

477 2920 764 2976 credimus
795 2918 1225 2986 ascribendum,
1248 2917 1350 2973 sed
1365 2934 1591 2973 veneno
1607 2917 1788 2973 hostis
1816 2917 2114 2989 malignis-

479 3014 608 3070 simi
638 3012 1015 3087 perspicimus
1045 3012 1415 3084 exquisitum,
1448 3011 1547 3083 qui
1576 3011 1793 3066 zizania
1826 3011 2113 3066 seminare

467 3124 573 3182 per
600 3125 736 3163 vasa
763 3108 864 3163 irae
887 3124 1067 3179 usque
1094 3107 1155 3160 in
1183 3106 1362 3161 ﬁnem
1388 3105 1598 3173 seaculi,
1634 3106 1693 3160 in
1717 3104 1819 3159 Dei
1847 3104 2097 3160 Ecclesia

468 3220 585 3260 non
633 3201 892 3274 quiescit.
934 3203 1014 3255 Ex
1057 3216 1171 3272 quo
1218 3199 1619 3271 intelligimus,
1668 3198 2098 3254 fraternitatem

465 3300 718 3351 vestram
749 3294 1039 3367 epistolas,
1074 3293 1145 3347 de
1192 3292 1399 3364 quibus
1438 3292 1707 3364 posuistis
1748 3292 2102 3359 testimonia,

467 3406 586 3445 non
612 3389 851 3460 legisse;
883 3403 1072 3458 neque
1104 3386 1262 3440 enim
1295 3386 1341 3440 si
1371 3386 1529 3441 vobis
1579 3402 1784 3440 eorum
1824 3384 2105 3457 scriptura

465 3484 775 3550 constaret,
794 3482 893 3536 illa
909 3497 1036 3553 quae
1058 3479 1418 3552 apertissime
1436 3496 1539 3551 pro
1552 3478 1688 3534 ﬁdei
1700 3478 2103 3535 tantummodo

465 3594 640 3635 causa
659 3579 793 3632 sunt
810 3575 1017 3648 posita,
1036 3573 1160 3629 aliis
1186 3590 1506 3645 congruere
1528 3574 1844 3645 ﬁngeretis,
1868 3575 2106 3645 propter

466 3672 624 3747 quod
650 3672 721 3726 ab
739 3686 935 3726 errore
957 3668 1272 3738 divisionis,
1290 3668 1351 3723 in
1372 3684 1545 3740 quem
1558 3667 1715 3723 falsis
1736 3667 2105 3739 opinionibus

465 3765 763 3834 incidistis,
804 3765 1009 3820 hortor
1039 3766 1098 3818 et
1128 3766 1264 3835 opto
1298 3778 1398 3817 vos
1438 3761 1680 3817 celerius
1722 3760 1999 3831 revocari,
2047 3763 2106 3815 et

463 3881 575 3923 non
595 3865 762 3939 (sicut
777 3862 1052 3935 scriptum
1078 3860 1183 3934 est)
1196 3862 1397 3931 jugum
1417 3877 1539 3916 cum
1562 3860 1873 3931 infidelibus
1911 3859 2105 3913 duce-re

464 3962 542 4034 (Π
567 3960 687 4016 Cor.
708 3957 926 4030 v1),sed
954 3956 1037 4011 illi
1066 3956 1279 4010 iterum
1294 3955 1438 4027 jugo
1459 3956 1763 4010 mansueta
1791 3953 1940 4009 colla
1969 3952 2101 4007 sub-

463 4054 717 4121 mittere,
751 4052 823 4106 de
855 4066 968 4122 quo
1017 4048 1141 4121 ipse
1177 4049 1454 4105 Dominus
1509 4048 1647 4104 dicit
1680 4064 1692 4103 :
1723 4051 1924 4116 Iugum
1962 4049 2103 4102 enim

464 4163 642 4203 meum
675 4161 839 4201 εααυθ
874 4148 973 4207 εει,
1013 4147 1064 4198 et
1103 4159 1239 4199 onus
1269 4159 1443 4199 meum
1478 4144 1586 4198 leve
1619 4147 1699 4197 est
1731 4142 1949 4212 (Matth.
1986 4141 2096 4209 x1);

467 4240 625 4314 quod
655 4240 812 4294 nullo
844 4237 1019 4293 modo
1041 4236 1255 4309 poterit
1281 4236 1408 4309 quis
1439 4238 1525 4291 vel
1554 4237 1705 4290 ferre
1732 4235 1822 4289 vel
1855 4234 2098 4297 discere,

464 4334 576 4391 nisi
594 4334 786 4389 eidem
806 4332 949 4404 jugo
971 4331 1263 4387 charitatis
1291 4330 1531 4386 vinculis
1556 4327 2098 4399 fueritsubjugatus,

463 4429 574 4502 ipsi
611 4427 776 4484 oneri
812 4443 917 4499 per
950 4426 1320 4481 dilectionem
1366 4423 1578 4495 quippe
1611 4425 1675 4476 ut
1708 4420 1947 4493 spiritali
1978 4438 2096 4476 sar-

2127 3150 2182 3226 C

2226 1891 2459 1958 propter
2489 1903 2665 1958 quam
2697 1888 2969 1958 generale
3001 1887 3329 1956 concilium,
3370 1891 3428 1943 et
3471 1904 3541 1942 ex
3568 1890 3868 1958 praecepto

2224 1980 2846 2037 Christianissimorum
2909 1981 3259 2053 principum,
3320 1985 3378 2036 et
3441 1998 3507 2036 ex
3577 1996 3868 2036 consensu

2223 2074 2550 2146 apostolicae
2589 2074 2762 2143 sedis,
2796 2075 3013 2147 placuit
3043 2074 3407 2147 congregari.
3442 2097 3469 2125 ››
3512 2074 3652 2147 [Huc
3684 2090 3866 2145 usque

2221 2168 2395 2223 verba
2425 2169 2607 2224 sancti
2638 2169 2887 2241 Leonis]

2291 2262 2406 2318 Sed
2436 2280 2507 2317 ne
2538 2263 2689 2319 forte
2719 2262 2931 2318 animis
2948 2262 3149 2318 vestris
3164 2261 3360 2334 aliqua
3379 2262 3570 2317 adhuc
3599 2260 3869 2316 videatur

2220 2355 2460 2427 quaestio
2479 2360 2579 2411 aut
2598 2356 2864 2411 dubietas
2880 2373 3206 2426 remanere,
3229 2357 3485 2428 apertius
3507 2372 3639 2428 quae
3659 2355 3736 2410 ad
3754 2355 3868 2410 Ma-

2218 2449 2439 2504 ximum
2483 2449 2856 2505 Antiochense
2897 2451 3161 2505 Ecclesiae
3203 2450 3523 2505 antistitem
3564 2448 3864 2521 scripserit

2217 2543 2436 2615 pariter
2463 2543 2787 2599 curavimus
2816 2544 3093 2599 indicare.
3122 2546 3254 2600 Post
3282 2544 3535 2616 plurima
3561 2543 3762 2616 itaque
3785 2542 3867 2597 sic

2218 2636 2329 2692 ait:
2356 2659 2384 2687 ‹‹
2414 2637 2471 2694 Si
2491 2637 2634 2708 quid
2651 2654 2790 2692 sane
2804 2638 2875 2693 ab
2905 2638 2993 2692 his
3008 2639 3302 2705 fratribus,
3325 2655 3469 2709 quos
3491 2637 3566 2692 ad
3599 2640 3862 2692 sanctam

2218 2730 2504 2803 synodum
2524 2731 2643 2785 vice
2675 2748 2811 2786 mea
2828 2731 2980 2800 misi,
3011 2734 3222 2803 praeter
3242 2732 3301 2786 id
3330 2731 3487 2803 quod
3520 2731 3595 2786 ad
3621 2747 3861 2786 causam

2216 2824 2352 2879 ﬁdei
2378 2825 2724 2896 pertinebat,
2747 2828 2974 2897 gestum
2997 2842 3120 2879 esse
3133 2826 3493 2898 perhibetur,
3518 2824 3734 2879 nullius
3755 2825 3863 2880 erit

2214 2918 2543 2973 ﬁrmitatis:
2592 2918 2727 2990 quia
2759 2920 2834 2974 ad
2862 2920 2974 2975 hoc
3008 2923 3236 2975 tantum
3267 2919 3339 2974 ab
3372 2919 3689 2991 apostolica
3721 2919 3861 2974 sede

2217 3011 2417 3067 directi
2448 3015 2582 3067 sunt
2610 3016 2672 3067 ut
2705 3006 2904 3067 excisis
2948 3013 3283 3082 haeresibus,
3321 3012 3619 3068 catholica
3658 3017 3859 3068 essent

2214 3105 2351 3160 ﬁdei
2396 3106 2748 3161 defensores.
2799 3106 3086 3179 Quidquid
3123 3106 3281 3162 enim
3323 3109 3536 3179 praeter
3582 3107 3863 3179 speciales

2212 3216 2410 3255 causas
2442 3200 2808 3271 synodalium
2839 3199 3215 3256 conciliorum
3247 3200 3321 3255 ad
3354 3217 3601 3256 examen
3634 3201 3857 3272 episco-

2214 3294 2341 3365 pale
2373 3293 2650 3362 defertur,
2684 3297 2875 3365 potest
2894 3294 3252 3365 dijudicandi
3272 3294 3487 3350 habere
3505 3294 3855 3361 rationem,»

2214 3391 2322 3442 etc.
2356 3388 2519 3455 Ecce,
2571 3387 2715 3443 sicut
2757 3388 3016 3460 superius
3065 3388 3284 3444 dictum
3331 3390 3435 3457 est,
3487 3388 3857 3460 cognoscitis,

2204 3480 2412 3536 fratres
2441 3480 2779 3549 charissimi,
2799 3481 2941 3537 nihil
2973 3482 3131 3537 aliud
3152 3498 3303 3553 saepe
3318 3481 3506 3537 fatum
3522 3482 3848 3553 praedeces-

2204 3590 2398 3629 sorem
2427 3578 2713 3643 nostrum,
2738 3591 2915 3647 quam
2937 3591 3006 3630 ea
3027 3592 3156 3646 quas
3187 3574 3259 3630 de
3276 3574 3413 3630 ﬁdei
3434 3575 3712 3630 ﬁrmitate
3738 3575 3847 3630 de-

2202 3667 2368 3723 ﬁnita
2395 3671 2548 3738 sunt,
2582 3669 2973 3738 conﬁrmasse,
3002 3669 3159 3741 quod
3186 3684 3337 3741 pene
3359 3668 3420 3724 in
3440 3669 3713 3725 omnibus
3733 3667 3850 3741 epi-

2205 3761 2364 3817 stolis
2392 3763 2442 3834 ej
2452 3781 2535 3832 us,
2567 3761 2613 3817 si
2637 3762 2950 3830 volueritis,
2965 3763 3191 3835 plenius
3206 3762 3447 3834 potestis
3461 3779 3837 3835 cognoscere.

2202 3857 2346 3911 Nam
2362 3856 2596 3929 privatae
2616 3873 2824 3927 causae,
2855 3874 2982 3929 quae
2998 3857 3117 3913 illic
3133 3860 3264 3929 post
3284 3856 3683 3913 deﬁnitionem
3704 3856 3846 3913 ﬁdei

2203 3953 2343 4005 actze
2373 3953 2524 4019 sunt,
2556 3967 2675 4006 non
2706 3951 2893 4008 solum
2921 3950 3165 4006 minime
3196 3950 3589 4020 geonﬁrmavit,
3638 3951 3742 4006 sed
3790 3954 3848 4007 et

2201 4044 2501 4100 retractari
2549 4048 2721 4117 atque
2764 4044 3064 4117 dijudicari
3114 4045 3413 4100 concessit.
3465 4048 3527 4099 In
3576 4044 3846 4116 encycliis

2202 4155 2336 4194 vero
2359 4137 2537 4211 (quod
2557 4142 2645 4193 est
2671 4138 3083 4212 episcopalium
3105 4139 3365 4195 collectio
3396 4138 3744 4207 litterarum,
3778 4155 3843 4193 ex

2203 4231 2410 4304 quibus
2431 4232 2623 4304 aliqua
2639 4232 2699 4288 in
2714 4233 2936 4305 scriptis
2956 4233 3158 4288 vestris
3170 4232 3503 4288 testimonia
3522 4232 3842 4304 incongrue

2202 4325 2467 4381 similiter
2484 4326 2773 4400 posuistis)
2792 4327 2945 4382 unde
2964 4331 3126 4382 mota
3141 4327 3214 4381 sit
3232 4344 3423 4395 causa,
3442 4327 3529 4381 vel
3571 4326 3714 4398 quid
3733 4327 3841 4399 piae

2199 4420 2620 4476 recordationis
2632 4421 2745 4476 Leo
2758 4420 3078 4492 imperator
3092 4437 3197 4492 per
3216 4421 3508 4476 universas
3520 4420 3843 4492 provincias

462 4524 606 4580 cinae
634 4525 882 4595 mentes,
916 4521 1212 4588 humeros,
1260 4519 1523 4588 viresque
1569 4514 1907 4569 subdiderit.
1942 4514 2100 4571 Sicut
2118 4530 2178 4603 D
2205 4513 2599 4569 sacerdotibus
2629 4514 2918 4587 scripserit
2945 4514 3320 4583 consulendo,
3355 4516 3454 4570 aut
3479 4514 3730 4587 qualiter
3770 4512 3839 4569 ab

462 4633 715 4689 namque
735 4615 1073 4672 animositas
1086 4611 1449 4669 abscissionis
1469 4609 1828 4664 intellectum
1841 4608 1979 4664 facit
1997 4626 2101 4681 per

460 4710 793 4783 superbiam
814 4710 1110 4781 colligare,
1144 4707 1225 4761 ita
1263 4706 1618 4776 recuperatis
1655 4702 1949 4758 charitatis
1992 4704 2095 4758 hu-

461 4806 676 4861 militas
724 4806 950 4858 mentes
996 4803 1056 4857 in
1106 4800 1324 4855 unitate
1372 4798 1509 4852 ﬁdei
1562 4800 1995 4879 perseveranter
2024 4797 2097 4852 ad

462 4898 856 4971 cognitionem
887 4895 1146 4952 veritatis
1177 4892 1481 4948 illuminat.

530 4996 772 5066 Pr0pter
800 4990 958 5065 quod
987 4987 1358 5061 praesentium
1386 4986 1776 5059 portatoribus
1806 5001 1951 5057 quos
1978 4984 2095 5040 fra-

456 5088 699 5145 ternitas
718 5090 906 5142 vestra
935 5084 1160 5151 direxit,
1186 5085 1243 5138 et
1264 5099 1332 5136 ex
1357 5081 1659 5139 Codicibus
1680 5083 1739 5134 et
1758 5097 1825 5134 ex
1845 5078 2096 5150 antiquis

454 5179 758 5256 polypticis
781 5176 1161 5253 [polyptichis]
1195 5175 1387 5231 scrinii
1410 5177 1622 5229 sanctas
1650 5172 1800 5228 sedis
1826 5171 2094 5244 apostoli-

446 5289 535 5334 cae
575 5277 792 5332 relecta
822 5274 958 5328 sunt
988 5271 1198 5343 aliqua,
1246 5269 1452 5342 quibus
1494 5268 1793 5323 evidenter
1833 5270 2091 5338 apparet,

455 5372 602 5427 nihil
635 5385 841 5426 eorum
876 5383 1004 5439 quae
1030 5365 1088 5420 in
1120 5367 1307 5420 vestra
1345 5362 1615 5435 posuistis
1643 5361 1885 5434 epistola
1922 5376 2095 5416 causa

454 5468 635 5521 trium
661 5464 1046 5536 capitulorum
1075 5458 1383 5515 convenire
1416 5458 1723 5524 ullatenus,
1763 5457 1862 5510 aut
1894 5454 2089 5509 verisi-

455 5559 673 5614 militer
707 5556 987 5629 coaptari.
1032 5553 1283 5625 Ideoque
1330 5567 1561 5607 necesse
1613 5553 1701 5604 est
1743 5565 1841 5603 vos
1890 5564 2092 5601 omnes

455 5652 726 5725 epistolas
741 5650 1047 5724 synodales
1060 5646 1299 5703 sollicite
1316 5645 1736 5717 vigilanterque
1753 5656 2091 5713 percurrere

455 5750 519 5801 ut
551 5744 870 5801 evidentius
918 5740 1263 5814 agnoscatis,
1302 5739 1440 5812 quia
1487 5736 1672 5791 sancti
1711 5737 1908 5791 Patres
1948 5735 2090 5790 nihil

458 5837 612 5897 aliud
644 5836 716 5891 de
743 5836 1198 5893 Chalcedonensi
1228 5832 1448 5907 synodo
1476 5831 1536 5885 in
1567 5830 1683 5886 suis
1707 5828 1963 5901 epistolis
1992 5830 2087 5884 ﬁr-

2198 4606 2337 4679 ipsis
2362 4623 2639 4678 responsa
2667 4608 3001 4679 susceperit,
3036 4608 3202 4664 nobis
3235 4625 3468 4680 quoque
3490 4608 3835 4675 tacentibus,

2201 4716 2403 4755 eorum
2454 4700 2701 4756 lectione
2756 4700 3017 4756 valebitis
3060 4702 3287 4774 plenius
3339 4702 3649 4757 informari
3692 4719 3705 4757 :
3783 4705 3841 4756 ut

2200 4795 2357 4849 nulla
2383 4794 2453 4848 de
2485 4798 2693 4850 caetero
2722 4795 2783 4849 in
2814 4795 3015 4850 vestris
3056 4796 3323 4875 cordibus
3358 4796 3635 4868 malignae
3672 4812 3839 4851 exco-

2200 4887 2404 4960 gitatio
2436 4889 2734 4959 pravitatis
2766 4890 2959 4944 locum
2978 4890 3366 4962 subreptionis
3408 4889 3686 4944 inveniat.
3730 4891 3842 4945 Nos

2200 4981 2357 5036 enim
2385 4984 2625 5053 propter
2653 4982 3042 5055 prolixitatem
3067 4983 3239 5055 hujus
3266 4984 3522 5055 epistolas
3572 4983 3843 5038 ordinem

2199 5092 2383 5131 causae
2420 5076 2597 5148 ipsius
2642 5076 3057 5131 declinavimus
3104 5077 3379 5132 indicare.
3423 5078 3569 5132 Nam
3613 5077 3661 5131 si
3709 5094 3842 5132 cum

2198 5169 2388 5225 studio
2419 5169 2734 5238 charitatis,
2768 5187 2897 5242 quae
2928 5188 2961 5226 a
3006 5171 3174 5226 nobis
3211 5170 3556 5239 scribuntur,
3602 5188 3739 5227 cum
3778 5170 3843 5226 ti~

2198 5280 2363 5319 more
2392 5262 2627 5319 Domini
2647 5263 2887 5319 sollicite
2915 5263 3335 5337 vigilanterque
3355 5264 3647 5337 relegetis,
3672 5265 3839 5321 facile

2197 5357 2455 5412 sentietis
2513 5362 2793 5430 quantum
2853 5358 2926 5413 sit
2990 5358 3310 5430 periculum
3366 5376 3471 5431 pro
3535 5359 3839 5431 superﬂuis

2198 5450 2631 5523 quaestionibus,
2662 5456 2721 5507 et
2750 5452 3155 5508 haereticorum
3188 5451 3529 5509 defensione
3555 5454 3838 5526 capitulo-

2196 5562 2350 5615 rum,
2384 5546 2586 5600 tandiu
2614 5546 2686 5601 ab
2718 5545 3023 5602 universali
3055 5547 3307 5603 Ecclesia
3335 5548 3654 5620 segregari.

2268 5639 2453 5695 Nolite
2469 5656 2608 5711 ergo
2622 5656 2821 5695 amore
2830 5639 3149 5712 jactantiae,
3164 5657 3294 5713 quae
3306 5641 3592 5713 superbiae
3609 5659 3843 5716 semper

2195 5738 2283 5790 est
2302 5735 2583 5807 proxima,
2610 5734 2669 5789 in
2692 5734 3095 5791 obstinationis
3108 5736 3246 5793 vitio
3262 5753 3631 5810 permanere,
3655 5755 3839 5811 quan-

2196 5829 2271 5884 do
2298 5828 2356 5884 in
2396 5828 2488 5884 die
2510 5829 2712 5900 judicii
2742 5830 2931 5887 nullus
2962 5833 3217 5887 vestrum
3239 5848 3510 5888 excusare
3539 5850 3601 5888 se
3627 5834 3833 5901 valeat,
