  <div class='ocr_page' id='page_1' title='image "/cluster/home/n/w/nwhite01/storage/ocr_20150623/72/uva.x000827084/532.png"; bbox 0 0 4016 6240; ppageno 0'>
   <div class='ocr_carea' id='block_1_1' title="bbox 147 301 243 352">
    <p class='ocr_par' dir='ltr' id='par_1_1' title="bbox 147 301 243 352">
     <span class='ocr_line' id='line_1_1' title="bbox 147 301 243 352; baseline -0.01 0"><span class='ocrx_word' id='word_1_1' title='bbox 147 301 243 352; x_wconf 82' lang='grc'>713</span> 
     </span>
    </p>
   </div>
   <div class='ocr_carea' id='block_1_2' title="bbox 1400 296 2238 357">
    <p class='ocr_par' dir='ltr' id='par_1_2' title="bbox 1400 296 2238 357">
     <span class='ocr_line' id='line_1_2' title="bbox 1400 296 2238 357; baseline -0.005 0"><span class='ocrx_word' id='word_1_2' title='bbox 1400 298 1738 357; x_wconf 66' lang='lat' dir='ltr'>EPISTOLAE</span> <span class='ocrx_word' id='word_1_3' title='bbox 1788 296 1873 352; x_wconf 85' lang='lat' dir='ltr'>ET</span> <span class='ocrx_word' id='word_1_4' title='bbox 1912 296 2238 355; x_wconf 82' lang='lat' dir='ltr'>DECRETA.</span> 
     </span>
    </p>
   </div>
   <div class='ocr_carea' id='block_1_3' title="bbox 3399 314 3500 366">
    <p class='ocr_par' dir='ltr' id='par_1_3' title="bbox 3399 314 3500 366">
     <span class='ocr_line' id='line_1_3' title="bbox 3399 314 3500 366; baseline 0 0"><span class='ocrx_word' id='word_1_5' title='bbox 3399 314 3500 366; x_wconf 77' lang='grc'>’714</span> 
     </span>
    </p>
   </div>
   <div class='ocr_carea' id='block_1_4' title="bbox 144 403 3498 495">
    <p class='ocr_par' dir='ltr' id='par_1_4' title="bbox 144 403 3498 495">
     <span class='ocr_line' id='line_1_4' title="bbox 144 403 3498 495; baseline 0.005 -39"><span class='ocrx_word' id='word_1_6' title='bbox 144 408 196 460; x_wconf 88' lang='lat' dir='ltr'>et</span> <span class='ocrx_word' id='word_1_7' title='bbox 222 419 408 475; x_wconf 86' lang='lat' dir='ltr'>neque</span> <span class='ocrx_word' id='word_1_8' title='bbox 436 403 770 460; x_wconf 85' lang='lat' dir='ltr'>Theodorus</span> <span class='ocrx_word' id='word_1_9' title='bbox 792 404 1240 476; x_wconf 85' lang='lat' dir='ltr'>Mopsuestenus,</span> <span class='ocrx_word' id='word_1_10' title='bbox 1272 424 1459 480; x_wconf 91' lang='lat' dir='ltr'>neque</span> <span class='ocrx_word' id='word_1_11' title='bbox 1498 409 1610 463; x_wconf 81' lang='lat' dir='ltr'>Ibee</span> <span class='ocrx_word' id='word_1_12' title='bbox 1649 407 1767 478; x_wconf 90' lang='lat' dir='ltr'>epi-</span> <span class='ocrx_word' id='word_1_13' title='bbox 1792 406 1931 495; x_wconf 77' lang='lat' dir='ltr'>Ain</span> <span class='ocrx_word' id='word_1_14' title='bbox 1970 407 2219 461; x_wconf 85' lang='lat' dir='ltr'>Ecclesia</span> <span class='ocrx_word' id='word_1_15' title='bbox 2267 422 2383 461; x_wconf 91' lang='lat' dir='ltr'>non</span> <span class='ocrx_word' id='word_1_16' title='bbox 2433 411 2519 462; x_wconf 89' lang='lat' dir='ltr'>est</span> <span class='ocrx_word' id='word_1_17' title='bbox 2550 425 2563 463; x_wconf 73' lang='grc' dir='ltr'>ε</span> <span class='ocrx_word' id='word_1_18' title='bbox 2607 409 2681 464; x_wconf 89' lang='lat' dir='ltr'>ad</span> <span class='ocrx_word' id='word_1_19' title='bbox 2725 426 2970 482; x_wconf 84' lang='lat' dir='ltr'>regnum</span> <span class='ocrx_word' id='word_1_20' title='bbox 3020 413 3318 483; x_wconf 88' lang='lat' dir='ltr'>pervenire</span> <span class='ocrx_word' id='word_1_21' title='bbox 3381 434 3498 472; x_wconf 91' lang='lat' dir='ltr'>non</span> 
     </span>
    </p>
   </div>
   <div class='ocr_carea' id='block_1_5' title="bbox 142 498 1762 571">
    <p class='ocr_par' dir='ltr' id='par_1_5' title="bbox 142 498 1762 571">
     <span class='ocr_line' id='line_1_5' title="bbox 142 498 1762 571; baseline 0.004 -20"><span class='ocrx_word' id='word_1_22' title='bbox 142 499 299 564; x_wconf 85' lang='lat' dir='ltr'>stola,</span> <span class='ocrx_word' id='word_1_23' title='bbox 335 514 466 568; x_wconf 67' lang='lat' dir='ltr'>quae</span> <span class='ocrx_word' id='word_1_24' title='bbox 499 499 569 552; x_wconf 92' lang='lat' dir='ltr'>ab</span> <span class='ocrx_word' id='word_1_25' title='bbox 600 498 939 553; x_wconf 88' lang='lat' dir='ltr'>adversariis</span> <span class='ocrx_word' id='word_1_26' title='bbox 968 503 1052 554; x_wconf 89' lang='lat' dir='ltr'>est</span> <span class='ocrx_word' id='word_1_27' title='bbox 1080 501 1323 571; x_wconf 87' lang='lat' dir='ltr'>prolata,</span> <span class='ocrx_word' id='word_1_28' title='bbox 1348 507 1481 556; x_wconf 84' lang='lat' dir='ltr'>ante</span> <span class='ocrx_word' id='word_1_29' title='bbox 1514 503 1762 557; x_wconf 80' lang='lat' dir='ltr'>tribunal</span> 
     </span>
    </p>
   </div>
   <div class='ocr_carea' id='block_1_6' title="bbox 141 590 1765 667">
    <p class='ocr_par' dir='ltr' id='par_1_6' title="bbox 141 590 1765 667">
     <span class='ocr_line' id='line_1_6' title="bbox 141 590 1765 667; baseline 0.002 -21"><span class='ocrx_word' id='word_1_30' title='bbox 141 591 276 646; x_wconf 86' lang='lat' dir='ltr'>tanti</span> <span class='ocrx_word' id='word_1_31' title='bbox 298 590 510 660; x_wconf 89' lang='lat' dir='ltr'>judicis</span> <span class='ocrx_word' id='word_1_32' title='bbox 530 591 688 646; x_wconf 82' lang='lat' dir='ltr'>vobis</span> <span class='ocrx_word' id='word_1_33' title='bbox 721 593 907 647; x_wconf 81' lang='lat' dir='ltr'>valeat</span> <span class='ocrx_word' id='word_1_34' title='bbox 936 593 1260 649; x_wconf 90' lang='lat' dir='ltr'>subvenire.</span> <span class='ocrx_word' id='word_1_35' title='bbox 1297 597 1529 650; x_wconf 86' lang='lat' dir='ltr'>Doctori</span> <span class='ocrx_word' id='word_1_36' title='bbox 1570 596 1765 667; x_wconf 79' lang='lat' dir='ltr'>itaque</span> 
     </span>
    </p>
   </div>
   <div class='ocr_carea' id='block_1_7' title="bbox 144 684 1763 761">
    <p class='ocr_par' dir='ltr' id='par_1_7' title="bbox 144 684 1763 761">
     <span class='ocr_line' id='line_1_7' title="bbox 144 684 1763 761; baseline 0.004 -24"><span class='ocrx_word' id='word_1_37' title='bbox 144 684 395 756; x_wconf 81' lang='lat' dir='ltr'>gentium</span> <span class='ocrx_word' id='word_1_38' title='bbox 426 701 751 755; x_wconf 88' lang='lat' dir='ltr'>pareamus,</span> <span class='ocrx_word' id='word_1_39' title='bbox 788 687 887 756; x_wconf 89' lang='lat' dir='ltr'>qui</span> <span class='ocrx_word' id='word_1_40' title='bbox 912 687 967 740; x_wconf 91' lang='lat' dir='ltr'>in</span> <span class='ocrx_word' id='word_1_41' title='bbox 1000 688 1190 757; x_wconf 88' lang='lat' dir='ltr'>prima</span> <span class='ocrx_word' id='word_1_42' title='bbox 1207 689 1278 742; x_wconf 88' lang='lat' dir='ltr'>ad</span> <span class='ocrx_word' id='word_1_43' title='bbox 1295 690 1622 745; x_wconf 83' lang='lat' dir='ltr'>Corinthios</span> <span class='ocrx_word' id='word_1_44' title='bbox 1643 690 1763 761; x_wconf 91' lang='lat' dir='ltr'>epi-</span> 
     </span>
    </p>
   </div>
   <div class='ocr_carea' id='block_1_8' title="bbox 143 776 1767 846">
    <p class='ocr_par' dir='ltr' id='par_1_8' title="bbox 143 776 1767 846">
     <span class='ocr_line' id='line_1_8' title="bbox 143 776 1767 846; baseline 0.004 -15"><span class='ocrx_word' id='word_1_45' title='bbox 143 778 279 832; x_wconf 92' lang='lat' dir='ltr'>stola</span> <span class='ocrx_word' id='word_1_46' title='bbox 307 776 478 832; x_wconf 91' lang='lat' dir='ltr'>dicit:</span> <span class='ocrx_word' id='word_1_47' title='bbox 498 780 851 833; x_wconf 72' lang='lat' dir='ltr'>Emulamini</span> <span class='ocrx_word' id='word_1_48' title='bbox 879 781 1210 835; x_wconf 80' lang='lat' dir='ltr'>charismata</span> <span class='ocrx_word' id='word_1_49' title='bbox 1230 784 1474 846; x_wconf 80' lang='lat' dir='ltr'>meliora,</span> <span class='ocrx_word' id='word_1_50' title='bbox 1510 790 1560 838; x_wconf 90' lang='lat' dir='ltr'>et</span> <span class='ocrx_word' id='word_1_51' title='bbox 1588 785 1767 838; x_wconf 90' lang='lat' dir='ltr'>adhuc</span> 
     </span>
    </p>
   </div>
   <div class='ocr_carea' id='block_1_9' title="bbox 142 872 1766 947">
    <p class='ocr_par' dir='ltr' id='par_1_9' title="bbox 142 872 1766 947">
     <span class='ocr_line' id='line_1_9' title="bbox 142 872 1766 947; baseline 0.005 -23"><span class='ocrx_word' id='word_1_52' title='bbox 142 872 563 925; x_wconf 65' lang='lat' dir='ltr'>excellentiorem</span> <span class='ocrx_word' id='word_1_53' title='bbox 591 874 735 926; x_wconf 79' lang='lat' dir='ltr'>viam</span> <span class='ocrx_word' id='word_1_54' title='bbox 754 874 904 927; x_wconf 81' lang='lat' dir='ltr'>vobis</span> <span class='ocrx_word' id='word_1_55' title='bbox 927 875 1230 929; x_wconf 85' lang='lat' dir='ltr'>demonstro</span> <span class='ocrx_word' id='word_1_56' title='bbox 1258 875 1307 946; x_wconf 91' lang='grc' dir='ltr'>(Ι</span> <span class='ocrx_word' id='word_1_57' title='bbox 1331 878 1451 931; x_wconf 89' lang='lat' dir='ltr'>Cor.</span> <span class='ocrx_word' id='word_1_58' title='bbox 1490 877 1607 947; x_wconf 81' lang='lat' dir='ltr'>xu).</span> <span class='ocrx_word' id='word_1_59' title='bbox 1631 879 1766 941; x_wconf 72' lang='lat' dir='ltr'>Qua:</span> 
     </span>
    </p>
   </div>
   <div class='ocr_carea' id='block_1_10' title="bbox 143 964 1762 1040">
    <p class='ocr_par' dir='ltr' id='par_1_10' title="bbox 143 964 1762 1040">
     <span class='ocr_line' id='line_1_10' title="bbox 143 964 1762 1040; baseline 0.005 -23"><span class='ocrx_word' id='word_1_60' title='bbox 143 980 272 1034; x_wconf 89' lang='lat' dir='ltr'>ergo</span> <span class='ocrx_word' id='word_1_61' title='bbox 304 964 532 1034; x_wconf 84' lang='lat' dir='ltr'>majora</span> <span class='ocrx_word' id='word_1_62' title='bbox 560 964 692 1031; x_wconf 88' lang='lat' dir='ltr'>sint,</span> <span class='ocrx_word' id='word_1_63' title='bbox 728 969 787 1019; x_wconf 90' lang='lat' dir='ltr'>et</span> <span class='ocrx_word' id='word_1_64' title='bbox 806 983 839 1019; x_wconf 90' lang='lat' dir='ltr'>a</span> <span class='ocrx_word' id='word_1_65' title='bbox 871 983 930 1020; x_wconf 89' lang='lat' dir='ltr'>se</span> <span class='ocrx_word' id='word_1_66' title='bbox 959 968 1414 1024; x_wconf 87' lang='lat' dir='ltr'>demonstranda</span> <span class='ocrx_word' id='word_1_67' title='bbox 1444 971 1762 1040; x_wconf 84' lang='lat' dir='ltr'>promittat,</span> 
     </span>
    </p>
   </div>
   <div class='ocr_carea' id='block_1_11' title="bbox 143 1057 1762 1131">
    <p class='ocr_par' dir='ltr' id='par_1_11' title="bbox 143 1057 1762 1131">
     <span class='ocr_line' id='line_1_11' title="bbox 143 1057 1762 1131; baseline 0.006 -20"><span class='ocrx_word' id='word_1_68' title='bbox 143 1074 200 1111; x_wconf 87' lang='lat' dir='ltr'>ex</span> <span class='ocrx_word' id='word_1_69' title='bbox 226 1057 401 1128; x_wconf 82' lang='lat' dir='ltr'>ipsius</span> <span class='ocrx_word' id='word_1_70' title='bbox 420 1074 559 1111; x_wconf 90' lang='lat' dir='ltr'>voce</span> <span class='ocrx_word' id='word_1_71' title='bbox 592 1058 895 1113; x_wconf 85' lang='lat' dir='ltr'>audiamus</span> <span class='ocrx_word' id='word_1_72' title='bbox 928 1060 1205 1115; x_wconf 79' lang='lat' dir='ltr'>intentius</span> <span class='ocrx_word' id='word_1_73' title='bbox 1236 1079 1248 1117; x_wconf 86' lang='lat'><strong>:</strong></span> <span class='ocrx_word' id='word_1_74' title='bbox 1278 1063 1340 1117; x_wconf 90' lang='lat' dir='ltr'>Si</span> <span class='ocrx_word' id='word_1_75' title='bbox 1370 1065 1570 1131; x_wconf 85' lang='lat' dir='ltr'>linguis</span> <span class='ocrx_word' id='word_1_76' title='bbox 1592 1066 1762 1120; x_wconf 81' lang='lat' dir='ltr'>homi-</span> 
     </span>
    </p>
   </div>
   <div class='ocr_carea' id='block_1_12' title="bbox 138 1152 1760 1221">
    <p class='ocr_par' dir='ltr' id='par_1_12' title="bbox 138 1152 1760 1221">
     <span class='ocr_line' id='line_1_12' title="bbox 138 1152 1760 1221; baseline 0.006 -17"><span class='ocrx_word' id='word_1_77' title='bbox 138 1166 258 1204; x_wconf 90' lang='lat' dir='ltr'>num</span> <span class='ocrx_word' id='word_1_78' title='bbox 289 1152 483 1221; x_wconf 87' lang='lat' dir='ltr'>loquar</span> <span class='ocrx_word' id='word_1_79' title='bbox 513 1157 564 1206; x_wconf 85' lang='lat' dir='ltr'>et</span> <span class='ocrx_word' id='word_1_80' title='bbox 588 1153 920 1219; x_wconf 82' lang='lat' dir='ltr'>angelorum,</span> <span class='ocrx_word' id='word_1_81' title='bbox 955 1155 1269 1210; x_wconf 86' lang='lat' dir='ltr'>charitatem</span> <span class='ocrx_word' id='word_1_82' title='bbox 1295 1163 1475 1212; x_wconf 88' lang='lat' dir='ltr'>autem</span> <span class='ocrx_word' id='word_1_83' title='bbox 1515 1174 1622 1212; x_wconf 89' lang='lat' dir='ltr'>non</span> <span class='ocrx_word' id='word_1_84' title='bbox 1664 1159 1760 1213; x_wconf 86' lang='lat' dir='ltr'>ha-</span> 
     </span>
    </p>
   </div>
   <div class='ocr_carea' id='block_1_13' title="bbox 143 1245 1760 1319">
    <p class='ocr_par' dir='ltr' id='par_1_13' title="bbox 143 1245 1760 1319">
     <span class='ocr_line' id='line_1_13' title="bbox 143 1245 1760 1319; baseline 0.006 -21"><span class='ocrx_word' id='word_1_85' title='bbox 143 1245 302 1307; x_wconf 85' lang='lat' dir='ltr'>beam,</span> <span class='ocrx_word' id='word_1_86' title='bbox 330 1247 518 1311; x_wconf 84' lang='lat' dir='ltr'>factus</span> <span class='ocrx_word' id='word_1_87' title='bbox 543 1261 663 1299; x_wconf 89' lang='lat' dir='ltr'>sum</span> <span class='ocrx_word' id='word_1_88' title='bbox 687 1248 829 1301; x_wconf 86' lang='lat' dir='ltr'>sicut</span> <span class='ocrx_word' id='word_1_89' title='bbox 852 1263 922 1302; x_wconf 67' lang='lat' dir='ltr'>ws</span> <span class='ocrx_word' id='word_1_90' title='bbox 948 1263 1170 1313; x_wconf 88' lang='lat' dir='ltr'>sonans,</span> <span class='ocrx_word' id='word_1_91' title='bbox 1197 1255 1295 1305; x_wconf 86' lang='lat' dir='ltr'>aut</span> <span class='ocrx_word' id='word_1_92' title='bbox 1321 1252 1626 1319; x_wconf 81' lang='lat' dir='ltr'>cymbalum</span> <span class='ocrx_word' id='word_1_93' title='bbox 1653 1255 1760 1307; x_wconf 88' lang='lat' dir='ltr'>tin-</span> 
     </span>
    </p>
   </div>
   <div class='ocr_carea' id='block_1_14' title="bbox 139 1340 1764 1411">
    <p class='ocr_par' dir='ltr' id='par_1_14' title="bbox 139 1340 1764 1411">
     <span class='ocr_line' id='line_1_14' title="bbox 139 1340 1764 1411; baseline 0.006 -19"><span class='ocrx_word' id='word_1_94' title='bbox 139 1341 298 1392; x_wconf 82' lang='lat' dir='ltr'>niens.</span> <span class='ocrx_word' id='word_1_95' title='bbox 347 1342 419 1393; x_wconf 85' lang='lat' dir='ltr'>Et</span> <span class='ocrx_word' id='word_1_96' title='bbox 455 1340 505 1393; x_wconf 88' lang='lat' dir='ltr'>si</span> <span class='ocrx_word' id='word_1_97' title='bbox 539 1340 777 1393; x_wconf 80' lang='lat' dir='ltr'>habuero</span> <span class='ocrx_word' id='word_1_98' title='bbox 817 1342 1179 1411; x_wconf 81' lang='lat' dir='ltr'>prophetiam,</span> <span class='ocrx_word' id='word_1_99' title='bbox 1215 1349 1265 1398; x_wconf 89' lang='lat' dir='ltr'>et</span> <span class='ocrx_word' id='word_1_100' title='bbox 1305 1347 1542 1400; x_wconf 76' lang='lat' dir='ltr'>noverim</span> <span class='ocrx_word' id='word_1_101' title='bbox 1582 1349 1764 1401; x_wconf 86' lang='lat' dir='ltr'>omnia</span> 
     </span>
    </p>
   </div>
   <div class='ocr_carea' id='block_1_15' title="bbox 136 1433 1761 1506">
    <p class='ocr_par' dir='ltr' id='par_1_15' title="bbox 136 1433 1761 1506">
     <span class='ocr_line' id='line_1_15' title="bbox 136 1433 1761 1506; baseline 0.006 -22"><span class='ocrx_word' id='word_1_102' title='bbox 136 1433 401 1499; x_wconf 81' lang='lat' dir='ltr'>mysteria,</span> <span class='ocrx_word' id='word_1_103' title='bbox 438 1437 489 1485; x_wconf 88' lang='lat' dir='ltr'>et</span> <span class='ocrx_word' id='word_1_104' title='bbox 535 1434 584 1486; x_wconf 88' lang='lat' dir='ltr'>si</span> <span class='ocrx_word' id='word_1_105' title='bbox 622 1433 856 1487; x_wconf 83' lang='lat' dir='ltr'>habuero</span> <span class='ocrx_word' id='word_1_106' title='bbox 895 1450 1101 1497; x_wconf 84' lang='lat' dir='ltr'>omnem</span> <span class='ocrx_word' id='word_1_107' title='bbox 1137 1437 1319 1506; x_wconf 78' lang='lat' dir='ltr'>ﬁdem,</span> <span class='ocrx_word' id='word_1_108' title='bbox 1358 1441 1440 1492; x_wconf 86' lang='lat' dir='ltr'>ita</span> <span class='ocrx_word' id='word_1_109' title='bbox 1468 1445 1528 1493; x_wconf 90' lang='lat' dir='ltr'>ut</span> <span class='ocrx_word' id='word_1_110' title='bbox 1558 1446 1761 1494; x_wconf 87' lang='lat' dir='ltr'>montes</span> 
     </span>
    </p>
   </div>
   <div class='ocr_carea' id='block_1_16' title="bbox 138 1517 1761 1601">
    <p class='ocr_par' dir='ltr' id='par_1_16' title="bbox 138 1517 1761 1601">
     <span class='ocr_line' id='line_1_16' title="bbox 138 1517 1761 1601; baseline 0.007 -25"><span class='ocrx_word' id='word_1_111' title='bbox 138 1527 479 1591; x_wconf 81' lang='lat' dir='ltr'>transferam,</span> <span class='ocrx_word' id='word_1_112' title='bbox 503 1529 555 1579; x_wconf 89' lang='lat' dir='ltr'>et</span> <span class='ocrx_word' id='word_1_113' title='bbox 578 1527 628 1579; x_wconf 88' lang='lat' dir='ltr'>si</span> <span class='ocrx_word' id='word_1_114' title='bbox 652 1517 979 1581; x_wconf 80' lang='lat' dir='ltr'>distribuere</span> <span class='ocrx_word' id='word_1_115' title='bbox 1002 1531 1061 1583; x_wconf 86' lang='lat' dir='ltr'>in</span> <span class='ocrx_word' id='word_1_116' title='bbox 1081 1530 1224 1583; x_wconf 82' lang='lat' dir='ltr'>cibos</span> <span class='ocrx_word' id='word_1_117' title='bbox 1247 1547 1555 1601; x_wconf 82' lang='lat' dir='ltr'>pauperum</span> <span class='ocrx_word' id='word_1_118' title='bbox 1582 1549 1761 1588; x_wconf 85' lang='lat' dir='ltr'>omnes</span> 
     </span>
    </p>
   </div>
   <div class='ocr_carea' id='block_1_17' title="bbox 135 1619 1758 1693">
    <p class='ocr_par' dir='ltr' id='par_1_17' title="bbox 135 1619 1758 1693">
     <span class='ocr_line' id='line_1_17' title="bbox 135 1619 1758 1693; baseline 0.007 -23"><span class='ocrx_word' id='word_1_119' title='bbox 135 1619 414 1684; x_wconf 80' lang='lat' dir='ltr'>facultates</span> <span class='ocrx_word' id='word_1_120' title='bbox 436 1634 603 1685; x_wconf 87' lang='lat' dir='ltr'>meas,</span> <span class='ocrx_word' id='word_1_121' title='bbox 624 1624 673 1673; x_wconf 91' lang='lat' dir='ltr'>et</span> <span class='ocrx_word' id='word_1_122' title='bbox 693 1622 743 1673; x_wconf 87' lang='lat' dir='ltr'>si</span> <span class='ocrx_word' id='word_1_123' title='bbox 760 1622 1040 1675; x_wconf 81' lang='lat' dir='ltr'>tradidero</span> <span class='ocrx_word' id='word_1_124' title='bbox 1060 1639 1253 1693; x_wconf 86' lang='lat' dir='ltr'>corpus</span> <span class='ocrx_word' id='word_1_125' title='bbox 1275 1641 1450 1679; x_wconf 87' lang='lat' dir='ltr'>meum</span> <span class='ocrx_word' id='word_1_126' title='bbox 1467 1630 1526 1680; x_wconf 87' lang='lat' dir='ltr'>ut</span> <span class='ocrx_word' id='word_1_127' title='bbox 1546 1628 1758 1689; x_wconf 84' lang='lat' dir='ltr'>ardeat,</span> 
     </span>
    </p>
   </div>
   <div class='ocr_carea' id='block_1_18' title="bbox 134 1710 1761 1790">
    <p class='ocr_par' dir='ltr' id='par_1_18' title="bbox 134 1710 1761 1790">
     <span class='ocr_line' id='line_1_18' title="bbox 134 1710 1761 1790; baseline 0.008 -28"><span class='ocrx_word' id='word_1_128' title='bbox 134 1710 443 1765; x_wconf 86' lang='lat' dir='ltr'>charitatem</span> <span class='ocrx_word' id='word_1_129' title='bbox 503 1716 682 1766; x_wconf 89' lang='lat' dir='ltr'>autem</span> <span class='ocrx_word' id='word_1_130' title='bbox 723 1729 831 1768; x_wconf 85' lang='lat' dir='ltr'>non</span> <span class='ocrx_word' id='word_1_131' title='bbox 873 1715 1129 1783; x_wconf 82' lang='lat' dir='ltr'>habuero,</span> <span class='ocrx_word' id='word_1_132' title='bbox 1178 1718 1319 1771; x_wconf 87' lang='lat' dir='ltr'>nihil</span> <span class='ocrx_word' id='word_1_133' title='bbox 1354 1721 1488 1772; x_wconf 88' lang='lat' dir='ltr'>mihi</span> <span class='ocrx_word' id='word_1_134' title='bbox 1538 1722 1761 1790; x_wconf 80' lang='lat' dir='ltr'>prodest</span> 
     </span>
    </p>
   </div>
   <div class='ocr_carea' id='block_1_19' title="bbox 1870 502 3499 581">
    <p class='ocr_par' dir='ltr' id='par_1_19' title="bbox 1870 502 3499 581">
     <span class='ocr_line' id='line_1_19' title="bbox 1870 502 3499 581; baseline 0.009 -28"><span class='ocrx_word' id='word_1_135' title='bbox 1870 502 2100 571; x_wconf 88' lang='lat' dir='ltr'>poterit,</span> <span class='ocrx_word' id='word_1_136' title='bbox 2144 502 2239 572; x_wconf 89' lang='lat' dir='ltr'>qui</span> <span class='ocrx_word' id='word_1_137' title='bbox 2271 517 2396 555; x_wconf 90' lang='lat' dir='ltr'>eam</span> <span class='ocrx_word' id='word_1_138' title='bbox 2429 519 2557 573; x_wconf 70' lang='lat' dir='ltr'>quas</span> <span class='ocrx_word' id='word_1_139' title='bbox 2596 508 2910 575; x_wconf 79' lang='lat' dir='ltr'>regnatura</span> <span class='ocrx_word' id='word_1_140' title='bbox 2941 510 3027 561; x_wconf 90' lang='lat' dir='ltr'>est</span> <span class='ocrx_word' id='word_1_141' title='bbox 3057 507 3382 581; x_wconf 85' lang='lat' dir='ltr'>dereliquit.</span> <span class='ocrx_word' id='word_1_142' title='bbox 3430 514 3499 567; x_wconf 89' lang='lat' dir='ltr'>Et</span> 
     </span>
    </p>
   </div>
   <div class='ocr_carea' id='block_1_20' title="bbox 1868 594 3493 677">
    <p class='ocr_par' dir='ltr' id='par_1_20' title="bbox 1868 594 3493 677">
     <span class='ocr_line' id='line_1_20' title="bbox 1868 594 3493 677; baseline 0.008 -30"><span class='ocrx_word' id='word_1_143' title='bbox 1868 597 1997 664; x_wconf 86' lang='lat' dir='ltr'>post</span> <span class='ocrx_word' id='word_1_144' title='bbox 2040 594 2199 649; x_wconf 88' lang='lat' dir='ltr'>alia:</span> <span class='ocrx_word' id='word_1_145' title='bbox 2248 595 2389 649; x_wconf 91' lang='lat' dir='ltr'>Cum</span> <span class='ocrx_word' id='word_1_146' title='bbox 2432 596 2549 651; x_wconf 90' lang='lat' dir='ltr'>Deo</span> <span class='ocrx_word' id='word_1_147' title='bbox 2590 614 2828 653; x_wconf 90' lang='lat' dir='ltr'>manere</span> <span class='ocrx_word' id='word_1_148' title='bbox 2883 616 3000 655; x_wconf 92' lang='lat' dir='ltr'>non</span> <span class='ocrx_word' id='word_1_149' title='bbox 3070 607 3327 672; x_wconf 90' lang='lat' dir='ltr'>possunt,</span> <span class='ocrx_word' id='word_1_150' title='bbox 3394 606 3493 677; x_wconf 89' lang='lat' dir='ltr'>qui</span> 
     </span>
    </p>
   </div>
   <div class='ocr_carea' id='block_1_21' title="bbox 1869 687 3499 764">
    <p class='ocr_par' dir='ltr' id='par_1_21' title="bbox 1869 687 3499 764">
     <span class='ocr_line' id='line_1_21' title="bbox 1869 687 3499 764; baseline 0.009 -25"><span class='ocrx_word' id='word_1_151' title='bbox 1869 703 1990 740; x_wconf 87' lang='lat' dir='ltr'>esse</span> <span class='ocrx_word' id='word_1_152' title='bbox 2020 687 2081 741; x_wconf 89' lang='lat' dir='ltr'>in</span> <span class='ocrx_word' id='word_1_153' title='bbox 2113 689 2360 743; x_wconf 84' lang='lat' dir='ltr'>Ecclesia</span> <span class='ocrx_word' id='word_1_154' title='bbox 2390 690 2493 743; x_wconf 90' lang='lat' dir='ltr'>Dei</span> <span class='ocrx_word' id='word_1_155' title='bbox 2520 692 2872 747; x_wconf 86' lang='lat' dir='ltr'>unanimiter</span> <span class='ocrx_word' id='word_1_156' title='bbox 2901 695 3228 764; x_wconf 88' lang='lat' dir='ltr'>noluerunt,</span> <span class='ocrx_word' id='word_1_157' title='bbox 3253 698 3499 753; x_wconf 89' lang='lat' dir='ltr'>ardeant</span> 
     </span>
    </p>
   </div>
   <div class='ocr_carea' id='block_1_22' title="bbox 1866 780 3498 859">
    <p class='ocr_par' dir='ltr' id='par_1_22' title="bbox 1866 780 3498 859">
     <span class='ocr_line' id='line_1_22' title="bbox 1866 780 3498 859; baseline 0.009 -26"><span class='ocrx_word' id='word_1_158' title='bbox 1866 780 2000 833; x_wconf 92' lang='lat' dir='ltr'>licet</span> <span class='ocrx_word' id='word_1_159' title='bbox 2028 781 2279 835; x_wconf 87' lang='lat' dir='ltr'>ﬂammis</span> <span class='ocrx_word' id='word_1_160' title='bbox 2322 785 2379 835; x_wconf 91' lang='lat' dir='ltr'>et</span> <span class='ocrx_word' id='word_1_161' title='bbox 2408 782 2635 853; x_wconf 83' lang='lat' dir='ltr'>ignibus</span> <span class='ocrx_word' id='word_1_162' title='bbox 2665 786 2879 853; x_wconf 85' lang='lat' dir='ltr'>traditi,</span> <span class='ocrx_word' id='word_1_163' title='bbox 2921 789 3007 841; x_wconf 88' lang='lat' dir='ltr'>vel</span> <span class='ocrx_word' id='word_1_164' title='bbox 3052 789 3259 859; x_wconf 82' lang='lat' dir='ltr'>objecti</span> <span class='ocrx_word' id='word_1_165' title='bbox 3302 791 3498 847; x_wconf 88' lang='lat' dir='ltr'>bestiis</span> 
     </span>
    </p>
   </div>
   <div class='ocr_carea' id='block_1_23' title="bbox 1867 874 3498 953">
    <p class='ocr_par' dir='ltr' id='par_1_23' title="bbox 1867 874 3498 953">
     <span class='ocr_line' id='line_1_23' title="bbox 1867 874 3498 953; baseline 0.009 -27"><span class='ocrx_word' id='word_1_166' title='bbox 1867 874 2093 928; x_wconf 90' lang='lat' dir='ltr'>animas</span> <span class='ocrx_word' id='word_1_167' title='bbox 2122 892 2253 928; x_wconf 88' lang='lat' dir='ltr'>suas</span> <span class='ocrx_word' id='word_1_168' title='bbox 2282 880 2537 946; x_wconf 88' lang='lat' dir='ltr'>ponant:</span> <span class='ocrx_word' id='word_1_169' title='bbox 2572 895 2689 932; x_wconf 92' lang='lat' dir='ltr'>non</span> <span class='ocrx_word' id='word_1_170' title='bbox 2710 880 2819 933; x_wconf 90' lang='lat' dir='ltr'>erit</span> <span class='ocrx_word' id='word_1_171' title='bbox 2848 880 2945 935; x_wconf 89' lang='lat' dir='ltr'>illa</span> <span class='ocrx_word' id='word_1_172' title='bbox 2974 882 3109 936; x_wconf 90' lang='lat' dir='ltr'>ﬁdei</span> <span class='ocrx_word' id='word_1_173' title='bbox 3140 900 3373 953; x_wconf 87' lang='lat' dir='ltr'>corona,</span> <span class='ocrx_word' id='word_1_174' title='bbox 3397 887 3498 941; x_wconf 92' lang='lat' dir='ltr'>sed</span> 
     </span>
    </p>
   </div>
   <div class='ocr_carea' id='block_1_24' title="bbox 1866 969 3495 1050">
    <p class='ocr_par' dir='ltr' id='par_1_24' title="bbox 1866 969 3495 1050">
     <span class='ocr_line' id='line_1_24' title="bbox 1866 969 3495 1050; baseline 0.009 -30"><span class='ocrx_word' id='word_1_175' title='bbox 1866 983 2035 1038; x_wconf 70' lang='lat' dir='ltr'>poena</span> <span class='ocrx_word' id='word_1_176' title='bbox 2073 969 2358 1037; x_wconf 69' lang='lat' dir='ltr'>perﬁdim;</span> <span class='ocrx_word' id='word_1_177' title='bbox 2395 987 2499 1025; x_wconf 91' lang='lat' dir='ltr'>nec</span> <span class='ocrx_word' id='word_1_178' title='bbox 2544 972 2827 1043; x_wconf 67' lang='lat' dir='ltr'>religiosa:</span> <span class='ocrx_word' id='word_1_179' title='bbox 2870 974 3091 1029; x_wconf 90' lang='lat' dir='ltr'>virtutis</span> <span class='ocrx_word' id='word_1_180' title='bbox 3135 978 3316 1032; x_wconf 85' lang='lat' dir='ltr'>exitus</span> <span class='ocrx_word' id='word_1_181' title='bbox 3372 981 3495 1050; x_wconf 85' lang='lat' dir='ltr'>glo-</span> 
     </span>
    </p>
   </div>
   <div class='ocr_carea' id='block_1_25' title="bbox 1866 1060 3497 1134">
    <p class='ocr_par' dir='ltr' id='par_1_25' title="bbox 1866 1060 3497 1134">
     <span class='ocr_line' id='line_1_25' title="bbox 1866 1060 3497 1134; baseline 0.009 -21"><span class='ocrx_word' id='word_1_182' title='bbox 1866 1060 2080 1129; x_wconf 51' lang='lat' dir='ltr'>riosus‘,</span> <span class='ocrx_word' id='word_1_183' title='bbox 2130 1062 2231 1116; x_wconf 88' lang='lat' dir='ltr'>sed</span> <span class='ocrx_word' id='word_1_184' title='bbox 2281 1063 2696 1134; x_wconf 87' lang='lat' dir='ltr'>desperationis</span> <span class='ocrx_word' id='word_1_185' title='bbox 2754 1066 3017 1123; x_wconf 90' lang='lat' dir='ltr'>interitus</span> <span class='ocrx_word' id='word_1_186' title='bbox 3060 1087 3071 1124; x_wconf 89' lang='lat'><strong>:</strong></span> <span class='ocrx_word' id='word_1_187' title='bbox 3129 1071 3309 1126; x_wconf 91' lang='lat' dir='ltr'>occidi</span> <span class='ocrx_word' id='word_1_188' title='bbox 3368 1073 3497 1128; x_wconf 90' lang='lat' dir='ltr'>talis</span> 
     </span>
    </p>
   </div>
   <div class='ocr_carea' id='block_1_26' title="bbox 1864 1156 2756 1228">
    <p class='ocr_par' dir='ltr' id='par_1_26' title="bbox 1864 1156 2756 1228">
     <span class='ocr_line' id='line_1_26' title="bbox 1864 1156 2756 1228; baseline 0.004 -19"><span class='ocrx_word' id='word_1_189' title='bbox 1864 1157 2073 1224; x_wconf 87' lang='lat' dir='ltr'>potest,</span> <span class='ocrx_word' id='word_1_190' title='bbox 2105 1156 2370 1210; x_wconf 86' lang='lat' dir='ltr'>coronari</span> <span class='ocrx_word' id='word_1_191' title='bbox 2402 1174 2519 1211; x_wconf 92' lang='lat' dir='ltr'>non</span> <span class='ocrx_word' id='word_1_192' title='bbox 2550 1162 2756 1228; x_wconf 85' lang='lat' dir='ltr'>potest.</span> 
     </span>
    </p>
   </div>
   <div class='ocr_carea' id='block_1_27' title="bbox 1935 1249 3491 1328">
    <p class='ocr_par' dir='ltr' id='par_1_27' title="bbox 1935 1249 3491 1328">
     <span class='ocr_line' id='line_1_27' title="bbox 1935 1249 3491 1328; baseline 0.009 -28"><span class='ocrx_word' id='word_1_193' title='bbox 1935 1249 2080 1301; x_wconf 87' lang='lat' dir='ltr'>Item</span> <span class='ocrx_word' id='word_1_194' title='bbox 2104 1249 2397 1318; x_wconf 87' lang='lat' dir='ltr'>ejusdem:</span> <span class='ocrx_word' id='word_1_195' title='bbox 2430 1252 2517 1304; x_wconf 82' lang='lat' dir='ltr'>An</span> <span class='ocrx_word' id='word_1_196' title='bbox 2550 1268 2672 1306; x_wconf 89' lang='lat' dir='ltr'>esse</span> <span class='ocrx_word' id='word_1_197' title='bbox 2705 1253 2812 1307; x_wconf 90' lang='lat' dir='ltr'>sibi</span> <span class='ocrx_word' id='word_1_198' title='bbox 2844 1270 2971 1309; x_wconf 92' lang='lat' dir='ltr'>cum</span> <span class='ocrx_word' id='word_1_199' title='bbox 2992 1256 3213 1312; x_wconf 87' lang='lat' dir='ltr'>Christo</span> <span class='ocrx_word' id='word_1_200' title='bbox 3234 1258 3491 1328; x_wconf 90' lang='lat' dir='ltr'>videtur,</span> 
     </span>
    </p>
   </div>
   <div class='ocr_carea' id='block_1_28' title="bbox 1865 1340 3495 1421">
    <p class='ocr_par' dir='ltr' id='par_1_28' title="bbox 1865 1340 3495 1421">
     <span class='ocr_line' id='line_1_28' title="bbox 1865 1340 3495 1421; baseline 0.009 -28"><span class='ocrx_word' id='word_1_201' title='bbox 1865 1340 1961 1410; x_wconf 92' lang='lat' dir='ltr'>qui</span> <span class='ocrx_word' id='word_1_202' title='bbox 1991 1341 2262 1396; x_wconf 89' lang='lat' dir='ltr'>adversus</span> <span class='ocrx_word' id='word_1_203' title='bbox 2293 1345 2618 1399; x_wconf 89' lang='lat' dir='ltr'>sacerdotes</span> <span class='ocrx_word' id='word_1_204' title='bbox 2649 1346 2855 1401; x_wconf 86' lang='lat' dir='ltr'>Christi</span> <span class='ocrx_word' id='word_1_205' title='bbox 2888 1349 3061 1403; x_wconf 83' lang='lat' dir='ltr'>facit?</span> <span class='ocrx_word' id='word_1_206' title='bbox 3093 1351 3192 1421; x_wconf 89' lang='lat' dir='ltr'>qui</span> <span class='ocrx_word' id='word_1_207' title='bbox 3208 1369 3267 1406; x_wconf 90' lang='lat' dir='ltr'>se</span> <span class='ocrx_word' id='word_1_208' title='bbox 3299 1370 3332 1407; x_wconf 90' lang='lat' dir='ltr'>a</span> <span class='ocrx_word' id='word_1_209' title='bbox 3355 1355 3495 1407; x_wconf 90' lang='lat' dir='ltr'>cleri</span> 
     </span>
    </p>
   </div>
   <div class='ocr_carea' id='block_1_29' title="bbox 1864 1434 3493 1506">
    <p class='ocr_par' dir='ltr' id='par_1_29' title="bbox 1864 1434 3493 1506">
     <span class='ocr_line' id='line_1_29' title="bbox 1864 1434 3493 1506; baseline 0.01 -20"><span class='ocrx_word' id='word_1_210' title='bbox 1864 1434 1986 1504; x_wconf 89' lang='lat' dir='ltr'>ejus</span> <span class='ocrx_word' id='word_1_211' title='bbox 2029 1439 2087 1489; x_wconf 91' lang='lat' dir='ltr'>et</span> <span class='ocrx_word' id='word_1_212' title='bbox 2115 1437 2298 1506; x_wconf 87' lang='lat' dir='ltr'>plebis</span> <span class='ocrx_word' id='word_1_213' title='bbox 2326 1438 2599 1492; x_wconf 89' lang='lat' dir='ltr'>societate</span> <span class='ocrx_word' id='word_1_214' title='bbox 2629 1440 2915 1495; x_wconf 86' lang='lat' dir='ltr'>secernit?</span> <span class='ocrx_word' id='word_1_215' title='bbox 2962 1443 3137 1497; x_wconf 82' lang='lat' dir='ltr'>Arma</span> <span class='ocrx_word' id='word_1_216' title='bbox 3165 1445 3260 1499; x_wconf 89' lang='lat' dir='ltr'>ille</span> <span class='ocrx_word' id='word_1_217' title='bbox 3291 1451 3493 1502; x_wconf 89' lang='lat' dir='ltr'>contra</span> 
     </span>
    </p>
   </div>
   <div class='ocr_carea' id='block_1_30' title="bbox 1862 1528 3490 1609">
    <p class='ocr_par' dir='ltr' id='par_1_30' title="bbox 1862 1528 3490 1609">
     <span class='ocr_line' id='line_1_30' title="bbox 1862 1528 3490 1609; baseline 0.009 -28"><span class='ocrx_word' id='word_1_218' title='bbox 1862 1528 2045 1582; x_wconf 87' lang='lat' dir='ltr'>Deum</span> <span class='ocrx_word' id='word_1_219' title='bbox 2070 1534 2281 1599; x_wconf 89' lang='lat' dir='ltr'>portat,</span> <span class='ocrx_word' id='word_1_220' title='bbox 2314 1536 2515 1586; x_wconf 87' lang='lat' dir='ltr'>contra</span> <span class='ocrx_word' id='word_1_221' title='bbox 2544 1534 2643 1587; x_wconf 88' lang='lat' dir='ltr'>Dei</span> <span class='ocrx_word' id='word_1_222' title='bbox 2685 1534 3120 1605; x_wconf 89' lang='lat' dir='ltr'>dispositionem</span> <span class='ocrx_word' id='word_1_223' title='bbox 3157 1544 3445 1609; x_wconf 81' lang='lat' dir='ltr'>repugnat</span> <span class='ocrx_word' id='word_1_224' title='bbox 3478 1559 3490 1597; x_wconf 93' lang='lat'>:</span> 
     </span>
    </p>
   </div>
   <div class='ocr_carea' id='block_1_31' title="bbox 1861 1622 3489 1702">
    <p class='ocr_par' dir='ltr' id='par_1_31' title="bbox 1861 1622 3489 1702">
     <span class='ocr_line' id='line_1_31' title="bbox 1861 1622 3489 1702; baseline 0.008 -27"><span class='ocrx_word' id='word_1_225' title='bbox 1861 1622 2041 1676; x_wconf 90' lang='lat' dir='ltr'>hostis</span> <span class='ocrx_word' id='word_1_226' title='bbox 2072 1624 2265 1677; x_wconf 89' lang='lat' dir='ltr'>altaris</span> <span class='ocrx_word' id='word_1_227' title='bbox 2296 1626 2563 1680; x_wconf 88' lang='lat' dir='ltr'>adversus</span> <span class='ocrx_word' id='word_1_228' title='bbox 2609 1628 2949 1683; x_wconf 88' lang='lat' dir='ltr'>sacriﬁcium</span> <span class='ocrx_word' id='word_1_229' title='bbox 2991 1631 3197 1685; x_wconf 87' lang='lat' dir='ltr'>Christi</span> <span class='ocrx_word' id='word_1_230' title='bbox 3240 1632 3489 1702; x_wconf 88' lang='lat' dir='ltr'>rebellis,</span> 
     </span>
    </p>
   </div>
   <div class='ocr_carea' id='block_1_32' title="bbox 1859 1716 3490 1795">
    <p class='ocr_par' dir='ltr' id='par_1_32' title="bbox 1859 1716 3490 1795">
     <span class='ocr_line' id='line_1_32' title="bbox 1859 1716 3490 1795; baseline 0.008 -27"><span class='ocrx_word' id='word_1_231' title='bbox 1859 1731 1964 1785; x_wconf 91' lang='lat' dir='ltr'>pro</span> <span class='ocrx_word' id='word_1_232' title='bbox 1994 1716 2105 1770; x_wconf 89' lang='lat' dir='ltr'>ﬁde</span> <span class='ocrx_word' id='word_1_233' title='bbox 2135 1718 2405 1787; x_wconf 87' lang='lat' dir='ltr'>perﬁdus,</span> <span class='ocrx_word' id='word_1_234' title='bbox 2436 1737 2541 1790; x_wconf 89' lang='lat' dir='ltr'>pro</span> <span class='ocrx_word' id='word_1_235' title='bbox 2580 1721 2862 1791; x_wconf 84' lang='lat' dir='ltr'>religione</span> <span class='ocrx_word' id='word_1_236' title='bbox 2893 1724 3220 1795; x_wconf 90' lang='lat' dir='ltr'>sacrilegus,</span> <span class='ocrx_word' id='word_1_237' title='bbox 3264 1726 3490 1781; x_wconf 90' lang='lat' dir='ltr'>inobse-</span> 
     </span>
    </p>
   </div>
   <div class='ocr_carea' id='block_1_33' title="bbox 136 1795 3495 1892">
    <p class='ocr_par' dir='ltr' id='par_1_33' title="bbox 136 1795 3495 1892">
     <span class='ocr_line' id='line_1_33' title="bbox 136 1795 3495 1892; baseline 0.009 -47"><span class='ocrx_word' id='word_1_238' title='bbox 136 1803 283 1873; x_wconf 71' lang='lat' dir='ltr'>(lbid,</span> <span class='ocrx_word' id='word_1_239' title='bbox 340 1804 480 1875; x_wconf 67' lang='lat' dir='ltr'>xm);</span> <span class='ocrx_word' id='word_1_240' title='bbox 528 1809 587 1859; x_wconf 76' lang='lat' dir='ltr'>el,</span> <span class='ocrx_word' id='word_1_241' title='bbox 627 1805 837 1860; x_wconf 78' lang='lat' dir='ltr'>iterum</span> <span class='ocrx_word' id='word_1_242' title='bbox 873 1825 886 1861; x_wconf 85' lang='lat'><strong>;</strong></span> <span class='ocrx_word' id='word_1_243' title='bbox 920 1810 1097 1871; x_wconf 71' lang='lat' dir='ltr'>Fides,</span> <span class='ocrx_word' id='word_1_244' title='bbox 1149 1825 1289 1879; x_wconf 68' lang='lat' dir='ltr'>spes,</span> <span class='ocrx_word' id='word_1_245' title='bbox 1340 1813 1600 1876; x_wconf 69' lang='lat' dir='ltr'>Charitas,</span> <span class='ocrx_word' id='word_1_246' title='bbox 1652 1795 3495 1892; x_wconf 79' lang='lat' dir='ltr'>trioBquensservus,ﬁliusimpius,fraterinimicus,contemp—</span> 
     </span>
    </p>
   </div>
   <div class='ocr_carea' id='block_1_34' title="bbox 135 1897 3495 1978">
    <p class='ocr_par' dir='ltr' id='par_1_34' title="bbox 135 1897 3495 1978">
     <span class='ocr_line' id='line_1_34' title="bbox 135 1897 3495 1978; baseline 0.005 -28"><span class='ocrx_word' id='word_1_247' title='bbox 135 1897 253 1959; x_wconf 76' lang='lat' dir='ltr'>haec,</span> <span class='ocrx_word' id='word_1_248' title='bbox 284 1898 462 1966; x_wconf 86' lang='lat' dir='ltr'>major</span> <span class='ocrx_word' id='word_1_249' title='bbox 501 1904 682 1953; x_wconf 89' lang='lat' dir='ltr'>autem</span> <span class='ocrx_word' id='word_1_250' title='bbox 714 1902 798 1954; x_wconf 87' lang='lat' dir='ltr'>his</span> <span class='ocrx_word' id='word_1_251' title='bbox 840 1902 1078 1956; x_wconf 88' lang='lat' dir='ltr'>charitas</span> <span class='ocrx_word' id='word_1_252' title='bbox 1114 1902 1316 1973; x_wconf 88' lang='lat' dir='ltr'>(Ibid.).</span> <span class='ocrx_word' id='word_1_253' title='bbox 1362 1905 1545 1969; x_wconf 89' lang='lat' dir='ltr'>Quam</span> <span class='ocrx_word' id='word_1_254' title='bbox 1587 1907 1764 1977; x_wconf 84' lang='lat' dir='ltr'>igitur</span> <span class='ocrx_word' id='word_1_255' title='bbox 1862 1901 1933 1956; x_wconf 90' lang='lat' dir='ltr'>tis</span> <span class='ocrx_word' id='word_1_256' title='bbox 1956 1902 2232 1974; x_wconf 88' lang='lat' dir='ltr'>episcopis</span> <span class='ocrx_word' id='word_1_257' title='bbox 2252 1908 2311 1958; x_wconf 89' lang='lat' dir='ltr'>et</span> <span class='ocrx_word' id='word_1_258' title='bbox 2328 1906 2423 1959; x_wconf 88' lang='lat' dir='ltr'>Dei</span> <span class='ocrx_word' id='word_1_259' title='bbox 2444 1908 2834 1962; x_wconf 85' lang='lat' dir='ltr'>sacerdotibus</span> <span class='ocrx_word' id='word_1_260' title='bbox 2857 1910 3163 1978; x_wconf 87' lang='lat' dir='ltr'>derelictis,</span> <span class='ocrx_word' id='word_1_261' title='bbox 3187 1914 3495 1969; x_wconf 89' lang='lat' dir='ltr'>constitue—</span> 
     </span>
    </p>
   </div>
   <div class='ocr_carea' id='block_1_35' title="bbox 136 1991 3489 2075">
    <p class='ocr_par' dir='ltr' id='par_1_35' title="bbox 136 1991 3489 2075">
     <span class='ocr_line' id='line_1_35' title="bbox 136 1991 3489 2075; baseline 0.007 -36"><span class='ocrx_word' id='word_1_262' title='bbox 136 1992 259 2043; x_wconf 84' lang='lat' dir='ltr'>ante</span> <span class='ocrx_word' id='word_1_263' title='bbox 291 1991 603 2046; x_wconf 87' lang='lat' dir='ltr'>Dominum</span> <span class='ocrx_word' id='word_1_264' title='bbox 629 1993 891 2063; x_wconf 82' lang='lat' dir='ltr'>poteritis</span> <span class='ocrx_word' id='word_1_265' title='bbox 926 1994 1141 2049; x_wconf 85' lang='lat' dir='ltr'>habere</span> <span class='ocrx_word' id='word_1_266' title='bbox 1192 1997 1480 2067; x_wconf 71' lang='lat' dir='ltr'>ﬁduciam,</span> <span class='ocrx_word' id='word_1_267' title='bbox 1526 2002 1758 2070; x_wconf 78' lang='lat' dir='ltr'>quando</span> <span class='ocrx_word' id='word_1_268' title='bbox 1861 2012 1925 2049; x_wconf 91' lang='lat' dir='ltr'>re</span> <span class='ocrx_word' id='word_1_269' title='bbox 1958 1997 2135 2050; x_wconf 89' lang='lat' dir='ltr'>audet</span> <span class='ocrx_word' id='word_1_270' title='bbox 2159 1997 2313 2051; x_wconf 88' lang='lat' dir='ltr'>aliud</span> <span class='ocrx_word' id='word_1_271' title='bbox 2332 1999 2530 2054; x_wconf 87' lang='lat' dir='ltr'>altare.</span> <span class='ocrx_word' id='word_1_272' title='bbox 2558 2002 2698 2054; x_wconf 88' lang='lat' dir='ltr'>Item</span> <span class='ocrx_word' id='word_1_273' title='bbox 2724 2002 2883 2071; x_wconf 87' lang='lat' dir='ltr'>cujus</span> <span class='ocrx_word' id='word_1_274' title='bbox 2902 2020 3075 2074; x_wconf 89' lang='lat' dir='ltr'>supra</span> <span class='ocrx_word' id='word_1_275' title='bbox 3095 2022 3108 2059; x_wconf 87' lang='lat'><strong>:</strong></span> <span class='ocrx_word' id='word_1_276' title='bbox 3130 2006 3298 2075; x_wconf 89' lang='lat' dir='ltr'>Pejus</span> <span class='ocrx_word' id='word_1_277' title='bbox 3315 2007 3489 2061; x_wconf 89' lang='lat' dir='ltr'>schis-</span> 
     </span>
    </p>
   </div>
   <div class='ocr_carea' id='block_1_36' title="bbox 136 2084 3490 2168">
    <p class='ocr_par' dir='ltr' id='par_1_36' title="bbox 136 2084 3490 2168">
     <span class='ocr_line' id='line_1_36' title="bbox 136 2084 3490 2168; baseline 0.008 -43"><span class='ocrx_word' id='word_1_278' title='bbox 136 2084 343 2138; x_wconf 80' lang='lat' dir='ltr'>nullum</span> <span class='ocrx_word' id='word_1_279' title='bbox 367 2085 705 2140; x_wconf 74' lang='lat' dir='ltr'>scandalum</span> <span class='ocrx_word' id='word_1_280' title='bbox 730 2088 995 2157; x_wconf 75' lang='lat' dir='ltr'>generari</span> <span class='ocrx_word' id='word_1_281' title='bbox 1018 2089 1177 2143; x_wconf 81' lang='lat' dir='ltr'>vobis</span> <span class='ocrx_word' id='word_1_282' title='bbox 1198 2090 1269 2144; x_wconf 88' lang='lat' dir='ltr'>de</span> <span class='ocrx_word' id='word_1_283' title='bbox 1293 2092 1427 2145; x_wconf 82' lang='lat' dir='ltr'>ﬁdei</span> <span class='ocrx_word' id='word_1_284' title='bbox 1449 2097 1658 2147; x_wconf 58' lang='lat' dir='ltr'>nostra;</span> <span class='ocrx_word' id='word_1_285' title='bbox 1680 2094 1763 2148; x_wconf 83' lang='lat' dir='ltr'>in-</span> <span class='ocrx_word' id='word_1_286' title='bbox 1862 2088 2034 2142; x_wconf 89' lang='lat' dir='ltr'>matis</span> <span class='ocrx_word' id='word_1_287' title='bbox 2065 2090 2283 2144; x_wconf 86' lang='lat' dir='ltr'>crimen</span> <span class='ocrx_word' id='word_1_288' title='bbox 2311 2095 2415 2159; x_wconf 89' lang='lat' dir='ltr'>est,</span> <span class='ocrx_word' id='word_1_289' title='bbox 2436 2109 2611 2162; x_wconf 89' lang='lat' dir='ltr'>quam</span> <span class='ocrx_word' id='word_1_290' title='bbox 2640 2094 2792 2163; x_wconf 89' lang='lat' dir='ltr'>quod</span> <span class='ocrx_word' id='word_1_291' title='bbox 2817 2095 2871 2148; x_wconf 91' lang='lat' dir='ltr'>hi</span> <span class='ocrx_word' id='word_1_292' title='bbox 2895 2097 2989 2167; x_wconf 90' lang='lat' dir='ltr'>qui</span> <span class='ocrx_word' id='word_1_293' title='bbox 3010 2098 3490 2168; x_wconf 87' lang='lat' dir='ltr'>sacriﬁcaverunt,</span> 
     </span>
    </p>
   </div>
   <div class='ocr_carea' id='block_1_37' title="bbox 133 2177 3490 2257">
    <p class='ocr_par' dir='ltr' id='par_1_37' title="bbox 133 2177 3490 2257">
     <span class='ocr_line' id='line_1_37' title="bbox 133 2177 3490 2257; baseline 0.005 -27"><span class='ocrx_word' id='word_1_294' title='bbox 133 2177 389 2245; x_wconf 87' lang='lat' dir='ltr'>tegritate</span> <span class='ocrx_word' id='word_1_295' title='bbox 407 2183 733 2247; x_wconf 88' lang='lat' dir='ltr'>cernentes,</span> <span class='ocrx_word' id='word_1_296' title='bbox 756 2180 928 2234; x_wconf 86' lang='lat' dir='ltr'>tantis</span> <span class='ocrx_word' id='word_1_297' title='bbox 955 2183 1309 2253; x_wconf 89' lang='lat' dir='ltr'>temporibus</span> <span class='ocrx_word' id='word_1_298' title='bbox 1329 2188 1761 2257; x_wconf 86' lang='lat' dir='ltr'>persuperﬁuas</span> <span class='ocrx_word' id='word_1_299' title='bbox 1862 2182 1959 2252; x_wconf 87' lang='lat' dir='ltr'>qui</span> <span class='ocrx_word' id='word_1_300' title='bbox 1990 2186 2188 2237; x_wconf 84' lang='lat' dir='ltr'>tamen</span> <span class='ocrx_word' id='word_1_301' title='bbox 2219 2185 2276 2237; x_wconf 93' lang='lat' dir='ltr'>in</span> <span class='ocrx_word' id='word_1_302' title='bbox 2305 2186 2643 2255; x_wconf 81' lang='lat' dir='ltr'>poenitentia</span> <span class='ocrx_word' id='word_1_303' title='bbox 2664 2188 2922 2241; x_wconf 87' lang='lat' dir='ltr'>criminis</span> <span class='ocrx_word' id='word_1_304' title='bbox 2960 2191 3252 2244; x_wconf 86' lang='lat' dir='ltr'>constituti</span> <span class='ocrx_word' id='word_1_305' title='bbox 3293 2193 3490 2246; x_wconf 92' lang='lat' dir='ltr'>Domi-</span> 
     </span>
    </p>
   </div>
   <div class='ocr_carea' id='block_1_38' title="bbox 134 2270 1757 2345">
    <p class='ocr_par' dir='ltr' id='par_1_38' title="bbox 134 2270 1757 2345">
     <span class='ocr_line' id='line_1_38' title="bbox 134 2270 1757 2345; baseline 0.007 -22"><span class='ocrx_word' id='word_1_306' title='bbox 134 2270 467 2339; x_wconf 65' lang='lat' dir='ltr'>quasstiones</span> <span class='ocrx_word' id='word_1_307' title='bbox 491 2272 563 2326; x_wconf 90' lang='lat' dir='ltr'>ab</span> <span class='ocrx_word' id='word_1_308' title='bbox 584 2273 833 2327; x_wconf 88' lang='lat' dir='ltr'>Ecclesia</span> <span class='ocrx_word' id='word_1_309' title='bbox 856 2274 975 2341; x_wconf 89' lang='lat' dir='ltr'>Dei,</span> <span class='ocrx_word' id='word_1_310' title='bbox 1002 2292 1127 2345; x_wconf 75' lang='lat' dir='ltr'>quas</span> <span class='ocrx_word' id='word_1_311' title='bbox 1151 2294 1266 2331; x_wconf 90' lang='lat' dir='ltr'>una</span> <span class='ocrx_word' id='word_1_312' title='bbox 1287 2282 1390 2345; x_wconf 88' lang='lat' dir='ltr'>est,</span> <span class='ocrx_word' id='word_1_313' title='bbox 1413 2283 1472 2332; x_wconf 87' lang='lat' dir='ltr'>et</span> <span class='ocrx_word' id='word_1_314' title='bbox 1501 2296 1534 2333; x_wconf 89' lang='lat' dir='ltr'>a</span> <span class='ocrx_word' id='word_1_315' title='bbox 1554 2281 1757 2335; x_wconf 89' lang='lat' dir='ltr'>frater-</span> 
     </span>
    </p>
   </div>
   <div class='ocr_carea' id='block_1_39' title="bbox 133 2363 1756 2443">
    <p class='ocr_par' dir='ltr' id='par_1_39' title="bbox 133 2363 1756 2443">
     <span class='ocr_line' id='line_1_39' title="bbox 133 2363 1756 2443; baseline 0.007 -27"><span class='ocrx_word' id='word_1_316' title='bbox 133 2378 200 2416; x_wconf 87' lang='lat' dir='ltr'>na</span> <span class='ocrx_word' id='word_1_317' title='bbox 229 2363 507 2419; x_wconf 87' lang='lat' dir='ltr'>charitate</span> <span class='ocrx_word' id='word_1_318' title='bbox 543 2382 642 2420; x_wconf 90' lang='lat' dir='ltr'>vos</span> <span class='ocrx_word' id='word_1_319' title='bbox 673 2366 851 2420; x_wconf 86' lang='lat' dir='ltr'>dividi</span> <span class='ocrx_word' id='word_1_320' title='bbox 879 2368 1116 2422; x_wconf 89' lang='lat' dir='ltr'>duratis.</span> <span class='ocrx_word' id='word_1_321' title='bbox 1148 2370 1252 2423; x_wconf 90' lang='lat' dir='ltr'>Ubi</span> <span class='ocrx_word' id='word_1_322' title='bbox 1284 2387 1536 2443; x_wconf 88' lang='lat' dir='ltr'>namque</span> <span class='ocrx_word' id='word_1_323' title='bbox 1569 2374 1639 2427; x_wconf 89' lang='lat' dir='ltr'>sit</span> <span class='ocrx_word' id='word_1_324' title='bbox 1666 2392 1756 2428; x_wconf 92' lang='lat' dir='ltr'>ec-</span> 
     </span>
    </p>
   </div>
   <div class='ocr_carea' id='block_1_40' title="bbox 132 2456 1757 2531">
    <p class='ocr_par' dir='ltr' id='par_1_40' title="bbox 132 2456 1757 2531">
     <span class='ocr_line' id='line_1_40' title="bbox 132 2456 1757 2531; baseline 0.007 -22"><span class='ocrx_word' id='word_1_325' title='bbox 132 2456 291 2511; x_wconf 88' lang='lat' dir='ltr'>clesia</span> <span class='ocrx_word' id='word_1_326' title='bbox 319 2458 649 2525; x_wconf 87' lang='lat' dir='ltr'>constituta,</span> <span class='ocrx_word' id='word_1_327' title='bbox 694 2459 826 2513; x_wconf 89' lang='lat' dir='ltr'>licet</span> <span class='ocrx_word' id='word_1_328' title='bbox 854 2460 1029 2531; x_wconf 87' lang='lat' dir='ltr'>ipsius</span> <span class='ocrx_word' id='word_1_329' title='bbox 1056 2462 1281 2517; x_wconf 91' lang='lat' dir='ltr'>Domini</span> <span class='ocrx_word' id='word_1_330' title='bbox 1306 2481 1442 2518; x_wconf 90' lang='lat' dir='ltr'>voce</span> <span class='ocrx_word' id='word_1_331' title='bbox 1468 2466 1529 2519; x_wconf 91' lang='lat' dir='ltr'>in</span> <span class='ocrx_word' id='word_1_332' title='bbox 1561 2471 1757 2522; x_wconf 90' lang='lat' dir='ltr'>sancto</span> 
     </span>
    </p>
   </div>
   <div class='ocr_carea' id='block_1_41' title="bbox 133 2550 1758 2629">
    <p class='ocr_par' dir='ltr' id='par_1_41' title="bbox 133 2550 1758 2629">
     <span class='ocr_line' id='line_1_41' title="bbox 133 2550 1758 2629; baseline 0.008 -27"><span class='ocrx_word' id='word_1_333' title='bbox 133 2550 428 2619; x_wconf 86' lang='lat' dir='ltr'>Evangelio</span> <span class='ocrx_word' id='word_1_334' title='bbox 439 2550 513 2604; x_wconf 90' lang='lat' dir='ltr'>sit</span> <span class='ocrx_word' id='word_1_335' title='bbox 527 2553 960 2623; x_wconf 88' lang='lat' dir='ltr'>apertum,quid</span> <span class='ocrx_word' id='word_1_336' title='bbox 980 2558 1177 2609; x_wconf 87' lang='lat' dir='ltr'>tamen</span> <span class='ocrx_word' id='word_1_337' title='bbox 1196 2556 1398 2611; x_wconf 90' lang='lat' dir='ltr'>beatus</span> <span class='ocrx_word' id='word_1_338' title='bbox 1409 2560 1758 2629; x_wconf 88' lang='lat' dir='ltr'>Augustinus</span> 
     </span>
    </p>
   </div>
   <div class='ocr_carea' id='block_1_42' title="bbox 134 2642 1759 2722">
    <p class='ocr_par' dir='ltr' id='par_1_42' title="bbox 134 2642 1759 2722">
     <span class='ocr_line' id='line_1_42' title="bbox 134 2642 1759 2722; baseline 0.008 -26"><span class='ocrx_word' id='word_1_339' title='bbox 134 2642 376 2711; x_wconf 86' lang='lat' dir='ltr'>ejusdem</span> <span class='ocrx_word' id='word_1_340' title='bbox 404 2644 713 2700; x_wconf 72' lang='lat' dir='ltr'>dominicae</span> <span class='ocrx_word' id='word_1_341' title='bbox 737 2663 966 2702; x_wconf 88' lang='lat' dir='ltr'>memor</span> <span class='ocrx_word' id='word_1_342' title='bbox 990 2650 1291 2705; x_wconf 79' lang='lat' dir='ltr'>sententiae</span> <span class='ocrx_word' id='word_1_343' title='bbox 1322 2651 1629 2722; x_wconf 91' lang='lat' dir='ltr'>deﬁnierit,</span> <span class='ocrx_word' id='word_1_344' title='bbox 1664 2672 1759 2709; x_wconf 89' lang='lat' dir='ltr'>au-</span> 
     </span>
    </p>
   </div>
   <div class='ocr_carea' id='block_1_43' title="bbox 134 2734 1756 2810">
    <p class='ocr_par' dir='ltr' id='par_1_43' title="bbox 134 2734 1756 2810">
     <span class='ocr_line' id='line_1_43' title="bbox 134 2734 1756 2810; baseline 0.009 -21"><span class='ocrx_word' id='word_1_345' title='bbox 134 2734 363 2791; x_wconf 90' lang='lat' dir='ltr'>diamus.</span> <span class='ocrx_word' id='word_1_346' title='bbox 393 2739 454 2791; x_wconf 89' lang='lat' dir='ltr'>In</span> <span class='ocrx_word' id='word_1_347' title='bbox 486 2738 575 2793; x_wconf 87' lang='lat' dir='ltr'>his</span> <span class='ocrx_word' id='word_1_348' title='bbox 590 2756 863 2810; x_wconf 89' lang='lat' dir='ltr'>namque,</span> <span class='ocrx_word' id='word_1_349' title='bbox 884 2741 982 2809; x_wconf 87' lang='lat' dir='ltr'>ait,</span> <span class='ocrx_word' id='word_1_350' title='bbox 1007 2759 1129 2796; x_wconf 88' lang='lat' dir='ltr'>esse</span> <span class='ocrx_word' id='word_1_351' title='bbox 1158 2744 1259 2797; x_wconf 90' lang='lat' dir='ltr'>Dei</span> <span class='ocrx_word' id='word_1_352' title='bbox 1279 2746 1589 2801; x_wconf 88' lang='lat' dir='ltr'>Ecclesiam</span> <span class='ocrx_word' id='word_1_353' title='bbox 1619 2765 1756 2802; x_wconf 90' lang='lat' dir='ltr'>con-</span> 
     </span>
    </p>
   </div>
   <div class='ocr_carea' id='block_1_44' title="bbox 1861 2277 3489 2353">
    <p class='ocr_par' dir='ltr' id='par_1_44' title="bbox 1861 2277 3489 2353">
     <span class='ocr_line' id='line_1_44' title="bbox 1861 2277 3489 2353; baseline 0.008 -25"><span class='ocrx_word' id='word_1_354' title='bbox 1861 2292 2001 2329; x_wconf 90' lang='lat' dir='ltr'>num</span> <span class='ocrx_word' id='word_1_355' title='bbox 2033 2277 2213 2346; x_wconf 88' lang='lat' dir='ltr'>plebis</span> <span class='ocrx_word' id='word_1_356' title='bbox 2243 2279 2724 2334; x_wconf 88' lang='lat' dir='ltr'>satisfactionibus</span> <span class='ocrx_word' id='word_1_357' title='bbox 2752 2281 3149 2353; x_wconf 80' lang='lat' dir='ltr'>deprecantur.</span> <span class='ocrx_word' id='word_1_358' title='bbox 3168 2285 3267 2339; x_wconf 86' lang='lat' dir='ltr'>Hic</span> <span class='ocrx_word' id='word_1_359' title='bbox 3300 2286 3489 2341; x_wconf 87' lang='lat' dir='ltr'>Eccle-</span> 
     </span>
    </p>
   </div>
   <div class='ocr_carea' id='block_1_45' title="bbox 1861 2368 3488 2450">
    <p class='ocr_par' dir='ltr' id='par_1_45' title="bbox 1861 2368 3488 2450">
     <span class='ocr_line' id='line_1_45' title="bbox 1861 2368 3488 2450; baseline 0.008 -29"><span class='ocrx_word' id='word_1_360' title='bbox 1861 2368 1944 2422; x_wconf 89' lang='lat' dir='ltr'>sia</span> <span class='ocrx_word' id='word_1_361' title='bbox 1970 2371 2244 2439; x_wconf 73' lang='lat' dir='ltr'>qumritur</span> <span class='ocrx_word' id='word_1_362' title='bbox 2270 2376 2326 2425; x_wconf 89' lang='lat' dir='ltr'>et</span> <span class='ocrx_word' id='word_1_363' title='bbox 2364 2377 2619 2444; x_wconf 87' lang='lat' dir='ltr'>rogatur,</span> <span class='ocrx_word' id='word_1_364' title='bbox 2654 2374 2767 2429; x_wconf 90' lang='lat' dir='ltr'>illic</span> <span class='ocrx_word' id='word_1_365' title='bbox 2812 2377 3073 2431; x_wconf 67' lang='lat' dir='ltr'>Ecclesia:</span> <span class='ocrx_word' id='word_1_366' title='bbox 3114 2384 3488 2450; x_wconf 88' lang='lat' dir='ltr'>repugnatur.</span> 
     </span>
    </p>
   </div>
   <div class='ocr_carea' id='block_1_46' title="bbox 1860 2461 3492 2536">
    <p class='ocr_par' dir='ltr' id='par_1_46' title="bbox 1860 2461 3492 2536">
     <span class='ocr_line' id='line_1_46' title="bbox 1860 2461 3492 2536; baseline 0.008 -21"><span class='ocrx_word' id='word_1_367' title='bbox 1860 2461 1957 2515; x_wconf 90' lang='lat' dir='ltr'>Hic</span> <span class='ocrx_word' id='word_1_368' title='bbox 1988 2467 2178 2534; x_wconf 88' lang='lat' dir='ltr'>potest</span> <span class='ocrx_word' id='word_1_369' title='bbox 2206 2466 2515 2521; x_wconf 83' lang='lat' dir='ltr'>necessitas</span> <span class='ocrx_word' id='word_1_370' title='bbox 2536 2468 2728 2536; x_wconf 88' lang='lat' dir='ltr'>fuisse,</span> <span class='ocrx_word' id='word_1_371' title='bbox 2764 2469 2874 2524; x_wconf 92' lang='lat' dir='ltr'>illic</span> <span class='ocrx_word' id='word_1_372' title='bbox 2896 2472 3158 2525; x_wconf 87' lang='lat' dir='ltr'>voluntas</span> <span class='ocrx_word' id='word_1_373' title='bbox 3179 2476 3408 2527; x_wconf 89' lang='lat' dir='ltr'>tenetur</span> <span class='ocrx_word' id='word_1_374' title='bbox 3434 2474 3492 2528; x_wconf 91' lang='lat' dir='ltr'>in</span> 
     </span>
    </p>
   </div>
   <div class='ocr_carea' id='block_1_47' title="bbox 1859 2557 3494 2639">
    <p class='ocr_par' dir='ltr' id='par_1_47' title="bbox 1859 2557 3494 2639">
     <span class='ocr_line' id='line_1_47' title="bbox 1859 2557 3494 2639; baseline 0.009 -31"><span class='ocrx_word' id='word_1_375' title='bbox 1859 2557 2093 2610; x_wconf 88' lang='lat' dir='ltr'>scelere.</span> <span class='ocrx_word' id='word_1_376' title='bbox 2110 2558 2207 2612; x_wconf 87' lang='lat' dir='ltr'>Hic</span> <span class='ocrx_word' id='word_1_377' title='bbox 2229 2560 2326 2630; x_wconf 89' lang='lat' dir='ltr'>qui</span> <span class='ocrx_word' id='word_1_378' title='bbox 2345 2561 2535 2631; x_wconf 89' lang='lat' dir='ltr'>lapsus</span> <span class='ocrx_word' id='word_1_379' title='bbox 2553 2565 2655 2630; x_wconf 91' lang='lat' dir='ltr'>est,</span> <span class='ocrx_word' id='word_1_380' title='bbox 2673 2563 2777 2617; x_wconf 90' lang='lat' dir='ltr'>sibi</span> <span class='ocrx_word' id='word_1_381' title='bbox 2792 2567 3019 2619; x_wconf 90' lang='lat' dir='ltr'>tantum</span> <span class='ocrx_word' id='word_1_382' title='bbox 3036 2566 3251 2633; x_wconf 88' lang='lat' dir='ltr'>nocuit,</span> <span class='ocrx_word' id='word_1_383' title='bbox 3268 2567 3379 2622; x_wconf 89' lang='lat' dir='ltr'>illic</span> <span class='ocrx_word' id='word_1_384' title='bbox 3396 2569 3494 2639; x_wconf 90' lang='lat' dir='ltr'>qui</span> 
     </span>
    </p>
   </div>
   <div class='ocr_carea' id='block_1_48' title="bbox 1859 2648 3491 2727">
    <p class='ocr_par' dir='ltr' id='par_1_48' title="bbox 1859 2648 3491 2727">
     <span class='ocr_line' id='line_1_48' title="bbox 1859 2648 3491 2727; baseline 0.011 -26"><span class='ocrx_word' id='word_1_385' title='bbox 1859 2648 2125 2704; x_wconf 62' lang='lat' dir='ltr'>haeresim</span> <span class='ocrx_word' id='word_1_386' title='bbox 2157 2653 2245 2706; x_wconf 88' lang='lat' dir='ltr'>vel</span> <span class='ocrx_word' id='word_1_387' title='bbox 2269 2654 2517 2709; x_wconf 88' lang='lat' dir='ltr'>schisma</span> <span class='ocrx_word' id='word_1_388' title='bbox 2537 2656 2728 2710; x_wconf 87' lang='lat' dir='ltr'>facere</span> <span class='ocrx_word' id='word_1_389' title='bbox 2758 2662 3017 2727; x_wconf 88' lang='lat' dir='ltr'>conatur,</span> <span class='ocrx_word' id='word_1_390' title='bbox 3050 2662 3260 2714; x_wconf 86' lang='lat' dir='ltr'>multos</span> <span class='ocrx_word' id='word_1_391' title='bbox 3295 2680 3491 2721; x_wconf 88' lang='lat' dir='ltr'>secum</span> 
     </span>
    </p>
   </div>
   <div class='ocr_carea' id='block_1_49' title="bbox 1858 2743 3492 2829">
    <p class='ocr_par' dir='ltr' id='par_1_49' title="bbox 1858 2743 3492 2829">
     <span class='ocr_line' id='line_1_49' title="bbox 1858 2743 3492 2829; baseline 0.013 -34"><span class='ocrx_word' id='word_1_392' title='bbox 1858 2743 2142 2798; x_wconf 88' lang='lat' dir='ltr'>trahendo</span> <span class='ocrx_word' id='word_1_393' title='bbox 2166 2746 2409 2817; x_wconf 89' lang='lat' dir='ltr'>decepit.</span> <span class='ocrx_word' id='word_1_394' title='bbox 2442 2748 2537 2803; x_wconf 78' lang='lat' dir='ltr'>[lic</span> <span class='ocrx_word' id='word_1_395' title='bbox 2557 2750 2764 2805; x_wconf 70' lang='lat' dir='ltr'>animos</span> <span class='ocrx_word' id='word_1_396' title='bbox 2779 2752 2945 2806; x_wconf 89' lang='lat' dir='ltr'>unius</span> <span class='ocrx_word' id='word_1_397' title='bbox 2959 2758 3045 2808; x_wconf 91' lang='lat' dir='ltr'>est</span> <span class='ocrx_word' id='word_1_398' title='bbox 3061 2756 3360 2829; x_wconf 91' lang='lat' dir='ltr'>damnum,</span> <span class='ocrx_word' id='word_1_399' title='bbox 3381 2761 3492 2816; x_wconf 90' lang='lat' dir='ltr'>illic</span> 
     </span>
    </p>
   </div>
   <div class='ocr_carea' id='block_1_50' title="bbox 133 2829 3543 2917">
    <p class='ocr_par' dir='ltr' id='par_1_50' title="bbox 133 2829 3543 2917">
     <span class='ocr_line' id='line_1_50' title="bbox 133 2829 3543 2917; baseline 0.008 -35"><span class='ocrx_word' id='word_1_400' title='bbox 133 2829 398 2897; x_wconf 88' lang='lat' dir='ltr'>stitutam,</span> <span class='ocrx_word' id='word_1_401' title='bbox 434 2832 533 2902; x_wconf 89' lang='lat' dir='ltr'>qui</span> <span class='ocrx_word' id='word_1_402' title='bbox 572 2832 804 2887; x_wconf 87' lang='lat' dir='ltr'>sedibus</span> <span class='ocrx_word' id='word_1_403' title='bbox 845 2836 1168 2905; x_wconf 86' lang='lat' dir='ltr'>apostolicis</span> <span class='ocrx_word' id='word_1_404' title='bbox 1205 2853 1309 2907; x_wconf 89' lang='lat' dir='ltr'>per</span> <span class='ocrx_word' id='word_1_405' title='bbox 1340 2842 1757 2896; x_wconf 88' lang='lat' dir='ltr'>successionem</span> <span class='ocrx_word' id='word_1_406' title='bbox 1856 2836 2175 2906; x_wconf 80' lang='lat' dir='ltr'>periculum</span> <span class='ocrx_word' id='word_1_407' title='bbox 2201 2840 2788 2909; x_wconf 87' lang='lat' dir='ltr'>plurimorum.Certe</span> <span class='ocrx_word' id='word_1_408' title='bbox 2817 2862 2874 2900; x_wconf 90' lang='lat' dir='ltr'>se</span> <span class='ocrx_word' id='word_1_409' title='bbox 2890 2852 3487 2917; x_wconf 86' lang='lat' dir='ltr'>peccassehicintelli-</span> <span class='ocrx_word' id='word_1_410' title='bbox 3534 2872 3543 2881; x_wconf 73' lang='grc'><em>”</em></span> 
     </span>
    </p>
   </div>
   <div class='ocr_carea' id='block_1_51' title="bbox 132 2924 3491 3017">
    <p class='ocr_par' dir='ltr' id='par_1_51' title="bbox 132 2924 3491 3017">
     <span class='ocr_line' id='line_1_51' title="bbox 132 2924 3491 3017; baseline 0.01 -49"><span class='ocrx_word' id='word_1_411' title='bbox 132 2924 427 2991; x_wconf 70' lang='grc' dir='ltr'>ριοερειιιιιηι</span> <span class='ocrx_word' id='word_1_412' title='bbox 469 2926 780 2995; x_wconf 54' lang='lat' dir='ltr'>praesidere</span> <span class='ocrx_word' id='word_1_413' title='bbox 826 2932 1159 2984; x_wconf 74' lang='lat' dir='ltr'>noscuntur,</span> <span class='ocrx_word' id='word_1_414' title='bbox 1206 2932 1274 2985; x_wconf 71' lang='lat' dir='ltr'>Et</span> <span class='ocrx_word' id='word_1_415' title='bbox 1311 2933 1639 3005; x_wconf 79' lang='lat' dir='ltr'>quicunque</span> <span class='ocrx_word' id='word_1_416' title='bbox 1684 2936 1755 2989; x_wconf 78' lang='lat' dir='ltr'>ab</span> <span class='ocrx_word' id='word_1_417' title='bbox 1857 2929 1942 2998; x_wconf 86' lang='lat' dir='ltr'>git</span> <span class='ocrx_word' id='word_1_418' title='bbox 1973 2933 2030 2983; x_wconf 93' lang='lat' dir='ltr'>et</span> <span class='ocrx_word' id='word_1_419' title='bbox 2053 2932 2296 3003; x_wconf 77' lang='lat' dir='ltr'>plangit,</span> <span class='ocrx_word' id='word_1_420' title='bbox 2322 2934 2416 2988; x_wconf 92' lang='lat' dir='ltr'>ille</span> <span class='ocrx_word' id='word_1_421' title='bbox 2435 2938 2733 2990; x_wconf 89' lang='lat' dir='ltr'>tumensin</span> <span class='ocrx_word' id='word_1_422' title='bbox 2750 2944 2983 3008; x_wconf 90' lang='lat' dir='ltr'>peccato</span> <span class='ocrx_word' id='word_1_423' title='bbox 3002 2960 3124 3010; x_wconf 92' lang='lat' dir='ltr'>suo,</span> <span class='ocrx_word' id='word_1_424' title='bbox 3155 2948 3209 2998; x_wconf 88' lang='lat' dir='ltr'>et</span> <span class='ocrx_word' id='word_1_425' title='bbox 3232 2946 3367 3017; x_wconf 88' lang='lat' dir='ltr'>ipsis</span> <span class='ocrx_word' id='word_1_426' title='bbox 3384 2948 3491 3002; x_wconf 87' lang='lat' dir='ltr'>sibi</span> 
     </span>
    </p>
   </div>
   <div class='ocr_carea' id='block_1_52' title="bbox 132 3017 3488 3110">
    <p class='ocr_par' dir='ltr' id='par_1_52' title="bbox 132 3017 3488 3110">
     <span class='ocr_line' id='line_1_52' title="bbox 132 3017 3488 3110; baseline 0.01 -49"><span class='ocrx_word' id='word_1_427' title='bbox 132 3017 457 3071; x_wconf 77' lang='lat' dir='ltr'>earumdem</span> <span class='ocrx_word' id='word_1_428' title='bbox 492 3019 715 3073; x_wconf 77' lang='lat' dir='ltr'>sodium</span> <span class='ocrx_word' id='word_1_429' title='bbox 746 3038 807 3074; x_wconf 81' lang='lat' dir='ltr'>se</span> <span class='ocrx_word' id='word_1_430' title='bbox 839 3023 1248 3078; x_wconf 80' lang='lat' dir='ltr'>communione</span> <span class='ocrx_word' id='word_1_431' title='bbox 1280 3027 1369 3080; x_wconf 77' lang='lat' dir='ltr'>vel</span> <span class='ocrx_word' id='word_1_432' title='bbox 1416 3028 1754 3083; x_wconf 67' lang='lat' dir='ltr'>auctoritate</span> <span class='ocrx_word' id='word_1_433' title='bbox 1857 3022 2079 3077; x_wconf 90' lang='lat' dir='ltr'>delictis</span> <span class='ocrx_word' id='word_1_434' title='bbox 2096 3026 2388 3095; x_wconf 90' lang='lat' dir='ltr'>placens,a</span> <span class='ocrx_word' id='word_1_435' title='bbox 2404 3032 2588 3083; x_wconf 91' lang='lat' dir='ltr'>matre</span> <span class='ocrx_word' id='word_1_436' title='bbox 2602 3031 2749 3085; x_wconf 91' lang='lat' dir='ltr'>ﬁlios</span> <span class='ocrx_word' id='word_1_437' title='bbox 2764 3038 3049 3105; x_wconf 89' lang='lat' dir='ltr'>segregat,</span> <span class='ocrx_word' id='word_1_438' title='bbox 3070 3044 3488 3110; x_wconf 89' lang='lat' dir='ltr'>ovesapastore</span> 
     </span>
    </p>
   </div>
   <div class='ocr_carea' id='block_1_53' title="bbox 131 3111 1757 3193">
    <p class='ocr_par' dir='ltr' id='par_1_53' title="bbox 131 3111 1757 3193">
     <span class='ocr_line' id='line_1_53' title="bbox 131 3111 1757 3193; baseline 0.009 -31"><span class='ocrx_word' id='word_1_439' title='bbox 131 3111 502 3180; x_wconf 86' lang='lat' dir='ltr'>suspenderit,</span> <span class='ocrx_word' id='word_1_440' title='bbox 520 3128 643 3166; x_wconf 89' lang='lat' dir='ltr'>esse</span> <span class='ocrx_word' id='word_1_441' title='bbox 660 3113 720 3167; x_wconf 92' lang='lat' dir='ltr'>in</span> <span class='ocrx_word' id='word_1_442' title='bbox 742 3114 1048 3169; x_wconf 82' lang='lat' dir='ltr'>schismate</span> <span class='ocrx_word' id='word_1_443' title='bbox 1073 3117 1520 3175; x_wconf 89' lang='lat' dir='ltr'>demonstratur.</span> <span class='ocrx_word' id='word_1_444' title='bbox 1542 3122 1608 3175; x_wconf 90' lang='lat' dir='ltr'>Et</span> <span class='ocrx_word' id='word_1_445' title='bbox 1628 3127 1757 3193; x_wconf 92' lang='lat' dir='ltr'>post</span> 
     </span>
    </p>
   </div>
   <div class='ocr_carea' id='block_1_54' title="bbox 132 3166 1830 3279">
    <p class='ocr_par' dir='ltr' id='par_1_54' title="bbox 132 3166 1830 3279">
     <span class='ocr_line' id='line_1_54' title="bbox 218 3166 1757 3193; baseline 0.009 -17"><span class='ocrx_word' id='word_1_446' title='bbox 218 3166 234 3180; x_wconf 79' lang='grc' dir='ltr'>ι</span> <span class='ocrx_word' id='word_1_447' title='bbox 490 3166 501 3179; x_wconf 83' lang='grc'>1</span> <span class='ocrx_word' id='word_1_448' title='bbox 752 3166 1045 3169; x_wconf 28' lang='lat'>”*&quot;&#39;—&quot;‘&quot;</span> <span class='ocrx_word' id='word_1_449' title='bbox 1079 3166 1359 3172; x_wconf 67' lang='lat'>&quot;“&quot;&quot;&quot;’&quot;</span> <span class='ocrx_word' id='word_1_450' title='bbox 1376 3166 1608 3175; x_wconf 73' lang='grc'>““”“⁸’““⁴’</span> <span class='ocrx_word' id='word_1_451' title='bbox 1628 3166 1757 3193; x_wconf 68' lang='grc' dir='ltr'>Γν⁹“¹</span> 
     </span>
     <span class='ocr_line' id='line_1_55' title="bbox 132 3166 1830 3279; baseline 0.009 -25"><span class='ocrx_word' id='word_1_452' title='bbox 132 3201 250 3257; x_wconf 89' lang='lat' dir='ltr'>alia.</span> <span class='ocrx_word' id='word_1_453' title='bbox 275 3204 501 3259; x_wconf 88' lang='lat' dir='ltr'>Positus</span> <span class='ocrx_word' id='word_1_454' title='bbox 522 3206 680 3275; x_wconf 87' lang='lat' dir='ltr'>foris,</span> <span class='ocrx_word' id='word_1_455' title='bbox 713 3208 939 3262; x_wconf 88' lang='lat' dir='ltr'>etiamsi</span> <span class='ocrx_word' id='word_1_456' title='bbox 968 3226 1071 3279; x_wconf 87' lang='lat' dir='ltr'>pro</span> <span class='ocrx_word' id='word_1_457' title='bbox 1098 3211 1303 3265; x_wconf 89' lang='lat' dir='ltr'>Christi</span> <span class='ocrx_word' id='word_1_458' title='bbox 1332 3214 1568 3267; x_wconf 89' lang='lat' dir='ltr'>nomine</span> <span class='ocrx_word' id='word_1_459' title='bbox 1597 3232 1752 3269; x_wconf 91' lang='lat' dir='ltr'>mor-</span> <span class='ocrx_word' id='word_1_460' title='bbox 1776 3166 1830 3240; x_wconf 65' lang='grc' dir='ltr'>Ο</span> 
     </span>
    </p>
   </div>
   <div class='ocr_carea' id='block_1_55' title="bbox 132 3296 1749 3382">
    <p class='ocr_par' dir='ltr' id='par_1_55' title="bbox 132 3296 1749 3382">
     <span class='ocr_line' id='line_1_56' title="bbox 132 3296 1749 3382; baseline 0.011 -35"><span class='ocrx_word' id='word_1_461' title='bbox 132 3296 249 3348; x_wconf 88' lang='lat' dir='ltr'>tuus</span> <span class='ocrx_word' id='word_1_462' title='bbox 264 3297 632 3367; x_wconf 88' lang='lat' dir='ltr'>fueris,&#39;_inter</span> <span class='ocrx_word' id='word_1_463' title='bbox 650 3302 915 3355; x_wconf 89' lang='lat' dir='ltr'>membra</span> <span class='ocrx_word' id='word_1_464' title='bbox 929 3302 1133 3357; x_wconf 88' lang='lat' dir='ltr'>Christi</span> <span class='ocrx_word' id='word_1_465' title='bbox 1158 3302 1292 3375; x_wconf 90' lang='lat' dir='ltr'>[non</span> <span class='ocrx_word' id='word_1_466' title='bbox 1308 3309 1723 3382; x_wconf 86' lang='lat' dir='ltr'>numeraberis]</span> <span class='ocrx_word' id='word_1_467' title='bbox 1737 3351 1749 3364; x_wconf 94' lang='lat'>.</span> 
     </span>
    </p>
   </div>
   <div class='ocr_carea' id='block_1_56' title="bbox 128 3386 1749 3472">
    <p class='ocr_par' dir='ltr' id='par_1_56' title="bbox 128 3386 1749 3472">
     <span class='ocr_line' id='line_1_57' title="bbox 128 3386 1749 3472; baseline 0.01 -31"><span class='ocrx_word' id='word_1_468' title='bbox 128 3386 315 3443; x_wconf 86' lang='lat' dir='ltr'>Patere</span> <span class='ocrx_word' id='word_1_469' title='bbox 342 3406 447 3460; x_wconf 90' lang='lat' dir='ltr'>pro</span> <span class='ocrx_word' id='word_1_470' title='bbox 483 3392 727 3459; x_wconf 89' lang='lat' dir='ltr'>Christo,</span> <span class='ocrx_word' id='word_1_471' title='bbox 760 3394 987 3448; x_wconf 70' lang='lat' dir='ltr'>haerens</span> <span class='ocrx_word' id='word_1_472' title='bbox 1018 3397 1263 3467; x_wconf 87' lang='lat' dir='ltr'>corpori,</span> <span class='ocrx_word' id='word_1_473' title='bbox 1292 3416 1486 3470; x_wconf 90' lang='lat' dir='ltr'>pugna</span> <span class='ocrx_word' id='word_1_474' title='bbox 1516 3418 1622 3472; x_wconf 92' lang='lat' dir='ltr'>pro</span> <span class='ocrx_word' id='word_1_475' title='bbox 1654 3420 1749 3457; x_wconf 89' lang='lat' dir='ltr'>ca-</span> 
     </span>
    </p>
   </div>
   <div class='ocr_carea' id='block_1_57' title="bbox 130 3480 1754 3565">
    <p class='ocr_par' dir='ltr' id='par_1_57' title="bbox 130 3480 1754 3565">
     <span class='ocr_line' id='line_1_58' title="bbox 130 3480 1754 3565; baseline 0.01 -31"><span class='ocrx_word' id='word_1_476' title='bbox 130 3480 255 3549; x_wconf 88' lang='lat' dir='ltr'>pite.</span> <span class='ocrx_word' id='word_1_477' title='bbox 287 3482 396 3538; x_wconf 91' lang='lat' dir='ltr'>Sed</span> <span class='ocrx_word' id='word_1_478' title='bbox 424 3488 485 3538; x_wconf 91' lang='lat' dir='ltr'>et</span> <span class='ocrx_word' id='word_1_479' title='bbox 505 3484 708 3540; x_wconf 89' lang='lat' dir='ltr'>beatus</span> <span class='ocrx_word' id='word_1_480' title='bbox 735 3487 1050 3558; x_wconf 86' lang='lat' dir='ltr'>Cyprianus</span> <span class='ocrx_word' id='word_1_481' title='bbox 1073 3492 1342 3561; x_wconf 87' lang='lat' dir='ltr'>egregius</span> <span class='ocrx_word' id='word_1_482' title='bbox 1356 3498 1576 3565; x_wconf 84' lang='lat' dir='ltr'>martyr</span> <span class='ocrx_word' id='word_1_483' title='bbox 1601 3495 1659 3550; x_wconf 91' lang='lat' dir='ltr'>in</span> <span class='ocrx_word' id='word_1_484' title='bbox 1690 3497 1754 3551; x_wconf 92' lang='lat' dir='ltr'>li-</span> 
     </span>
    </p>
   </div>
   <div class='ocr_carea' id='block_1_58' title="bbox 129 3571 1751 3653">
    <p class='ocr_par' dir='ltr' id='par_1_58' title="bbox 129 3571 1751 3653">
     <span class='ocr_line' id='line_1_59' title="bbox 129 3571 1751 3653; baseline 0.011 -26"><span class='ocrx_word' id='word_1_485' title='bbox 129 3571 222 3628; x_wconf 84' lang='lat' dir='ltr'>bro</span> <span class='ocrx_word' id='word_1_486' title='bbox 243 3591 414 3647; x_wconf 88' lang='lat' dir='ltr'>quem</span> <span class='ocrx_word' id='word_1_487' title='bbox 436 3578 511 3633; x_wconf 90' lang='lat' dir='ltr'>de</span> <span class='ocrx_word' id='word_1_488' title='bbox 534 3579 767 3634; x_wconf 89' lang='lat' dir='ltr'>unitatis</span> <span class='ocrx_word' id='word_1_489' title='bbox 786 3582 1019 3637; x_wconf 88' lang='lat' dir='ltr'>nomine</span> <span class='ocrx_word' id='word_1_490' title='bbox 1053 3584 1317 3653; x_wconf 88' lang='lat' dir='ltr'>titulavit,</span> <span class='ocrx_word' id='word_1_491' title='bbox 1354 3586 1507 3643; x_wconf 89' lang='lat' dir='ltr'>inter</span> <span class='ocrx_word' id='word_1_492' title='bbox 1535 3589 1645 3644; x_wconf 91' lang='lat' dir='ltr'>alia</span> <span class='ocrx_word' id='word_1_493' title='bbox 1673 3591 1751 3645; x_wconf 91' lang='lat' dir='ltr'>sic</span> 
     </span>
    </p>
   </div>
   <div class='ocr_carea' id='block_1_59' title="bbox 1856 3117 3487 3206">
    <p class='ocr_par' dir='ltr' id='par_1_59' title="bbox 1856 3117 3487 3206">
     <span class='ocr_line' id='line_1_60' title="bbox 1856 3117 3487 3206; baseline 0.013 -38"><span class='ocrx_word' id='word_1_494' title='bbox 1856 3117 2139 3186; x_wconf 87' lang='lat' dir='ltr'>sollicitat,</span> <span class='ocrx_word' id='word_1_495' title='bbox 2180 3120 2281 3173; x_wconf 91' lang='lat' dir='ltr'>Dei</span> <span class='ocrx_word' id='word_1_496' title='bbox 2315 3127 2676 3178; x_wconf 89' lang='lat' dir='ltr'>sacramenta</span> <span class='ocrx_word' id='word_1_497' title='bbox 2711 3125 3013 3197; x_wconf 89' lang='lat' dir='ltr'>disturbat,</span> <span class='ocrx_word' id='word_1_498' title='bbox 3044 3134 3102 3184; x_wconf 91' lang='lat' dir='ltr'>et</span> <span class='ocrx_word' id='word_1_499' title='bbox 3132 3148 3261 3186; x_wconf 89' lang='lat' dir='ltr'>cum</span> <span class='ocrx_word' id='word_1_500' title='bbox 3297 3135 3487 3206; x_wconf 89' lang='lat' dir='ltr'>lapsus</span> 
     </span>
    </p>
   </div>
   <div class='ocr_carea' id='block_1_60' title="bbox 1857 3212 3487 3300">
    <p class='ocr_par' dir='ltr' id='par_1_60' title="bbox 1857 3212 3487 3300">
     <span class='ocr_line' id='line_1_61' title="bbox 1857 3212 3487 3300; baseline 0.012 -37"><span class='ocrx_word' id='word_1_501' title='bbox 1857 3212 2033 3264; x_wconf 89' lang='lat' dir='ltr'>semel</span> <span class='ocrx_word' id='word_1_502' title='bbox 2060 3215 2396 3282; x_wconf 87' lang='lat' dir='ltr'>peccaverit,</span> <span class='ocrx_word' id='word_1_503' title='bbox 2415 3215 2507 3271; x_wconf 89' lang='lat' dir='ltr'>ille</span> <span class='ocrx_word' id='word_1_504' title='bbox 2523 3219 2777 3288; x_wconf 90' lang='lat' dir='ltr'>quotidie</span> <span class='ocrx_word' id='word_1_505' title='bbox 2794 3226 3010 3292; x_wconf 89' lang='lat' dir='ltr'>peccat.</span> <span class='ocrx_word' id='word_1_506' title='bbox 3033 3226 3334 3283; x_wconf 91' lang='lat' dir='ltr'>Postremo</span> <span class='ocrx_word' id='word_1_507' title='bbox 3361 3230 3487 3300; x_wconf 90' lang='lat' dir='ltr'>lap-</span> 
     </span>
    </p>
   </div>
   <div class='ocr_carea' id='block_1_61' title="bbox 1855 3307 3489 3393">
    <p class='ocr_par' dir='ltr' id='par_1_61' title="bbox 1855 3307 3489 3393">
     <span class='ocr_line' id='line_1_62' title="bbox 1855 3307 3489 3393; baseline 0.013 -38"><span class='ocrx_word' id='word_1_508' title='bbox 1855 3321 1951 3357; x_wconf 89' lang='lat' dir='ltr'>sus</span> <span class='ocrx_word' id='word_1_509' title='bbox 1970 3307 2312 3376; x_wconf 81' lang='lat' dir='ltr'>martyrium</span> <span class='ocrx_word' id='word_1_510' title='bbox 2343 3312 2718 3379; x_wconf 87' lang='lat' dir='ltr'>postmodum</span> <span class='ocrx_word' id='word_1_511' title='bbox 2747 3321 3083 3371; x_wconf 90' lang='lat' dir='ltr'>consecutus</span> <span class='ocrx_word' id='word_1_512' title='bbox 3112 3324 3299 3390; x_wconf 88' lang='lat' dir='ltr'>potest</span> <span class='ocrx_word' id='word_1_513' title='bbox 3322 3323 3489 3393; x_wconf 89' lang='lat' dir='ltr'>regni</span> 
     </span>
    </p>
   </div>
   <div class='ocr_carea' id='block_1_62' title="bbox 1852 3399 3491 3473">
    <p class='ocr_par' dir='ltr' id='par_1_62' title="bbox 1852 3399 3491 3473">
     <span class='ocr_line' id='line_1_63' title="bbox 1852 3399 3491 3473; baseline 0.013 -23"><span class='ocrx_word' id='word_1_514' title='bbox 1852 3399 2136 3468; x_wconf 89' lang='lat' dir='ltr'>promissa</span> <span class='ocrx_word' id='word_1_515' title='bbox 2170 3402 2506 3473; x_wconf 88' lang='lat' dir='ltr'>percipere:</span> <span class='ocrx_word' id='word_1_516' title='bbox 2537 3405 2631 3460; x_wconf 93' lang='lat' dir='ltr'>ille</span> <span class='ocrx_word' id='word_1_517' title='bbox 2674 3407 2718 3461; x_wconf 92' lang='lat' dir='ltr'>si</span> <span class='ocrx_word' id='word_1_518' title='bbox 2764 3412 2921 3464; x_wconf 77' lang='lat' dir='ltr'>extra</span> <span class='ocrx_word' id='word_1_519' title='bbox 2962 3412 3274 3468; x_wconf 88' lang='lat' dir='ltr'>Ecclesiam</span> <span class='ocrx_word' id='word_1_520' title='bbox 3314 3417 3491 3471; x_wconf 87' lang='lat' dir='ltr'>fuerit</span> 
     </span>
    </p>
   </div>
   <div class='ocr_carea' id='block_1_63' title="bbox 1854 3492 3484 3579">
    <p class='ocr_par' dir='ltr' id='par_1_63' title="bbox 1854 3492 3484 3579">
     <span class='ocr_line' id='line_1_64' title="bbox 1854 3492 3484 3579; baseline 0.013 -35"><span class='ocrx_word' id='word_1_521' title='bbox 1854 3492 2089 3561; x_wconf 90' lang='lat' dir='ltr'>occisus,</span> <span class='ocrx_word' id='word_1_522' title='bbox 2122 3494 2197 3548; x_wconf 87' lang='lat' dir='ltr'>ad</span> <span class='ocrx_word' id='word_1_523' title='bbox 2223 3495 2483 3552; x_wconf 70' lang='lat' dir='ltr'>Ecclesiae</span> <span class='ocrx_word' id='word_1_524' title='bbox 2517 3514 2633 3553; x_wconf 89' lang='lat' dir='ltr'>non</span> <span class='ocrx_word' id='word_1_525' title='bbox 2666 3505 2858 3571; x_wconf 86' lang='lat' dir='ltr'>potest</span> <span class='ocrx_word' id='word_1_526' title='bbox 2882 3507 3121 3574; x_wconf 66' lang='lat' dir='ltr'>praamia</span> <span class='ocrx_word' id='word_1_527' title='bbox 3162 3511 3484 3579; x_wconf 88' lang='lat' dir='ltr'>pervenire.</span> 
     </span>
    </p>
   </div>
   <div class='ocr_carea' id='block_1_64' title="bbox 1922 3588 3487 3668">
    <p class='ocr_par' dir='ltr' id='par_1_64' title="bbox 1922 3588 3487 3668">
     <span class='ocr_line' id='line_1_65' title="bbox 1922 3588 3487 3668; baseline 0.014 -30"><span class='ocrx_word' id='word_1_528' title='bbox 1922 3588 2067 3640; x_wconf 90' lang='lat' dir='ltr'>ltem</span> <span class='ocrx_word' id='word_1_529' title='bbox 2095 3588 2193 3658; x_wconf 90' lang='lat' dir='ltr'>qui</span> <span class='ocrx_word' id='word_1_530' title='bbox 2219 3605 2392 3660; x_wconf 87' lang='lat' dir='ltr'>supra</span> <span class='ocrx_word' id='word_1_531' title='bbox 2420 3607 2432 3645; x_wconf 92' lang='lat'><strong>:</strong></span> <span class='ocrx_word' id='word_1_532' title='bbox 2469 3591 2632 3655; x_wconf 87' lang='lat' dir='ltr'>Quod</span> <span class='ocrx_word' id='word_1_533' title='bbox 2659 3594 2703 3647; x_wconf 91' lang='lat' dir='ltr'>si</span> <span class='ocrx_word' id='word_1_534' title='bbox 2730 3595 2789 3649; x_wconf 90' lang='lat' dir='ltr'>in</span> <span class='ocrx_word' id='word_1_535' title='bbox 2819 3596 3122 3668; x_wconf 90' lang='lat' dir='ltr'>Scripturis</span> <span class='ocrx_word' id='word_1_536' title='bbox 3143 3604 3353 3658; x_wconf 89' lang='lat' dir='ltr'>sanctis</span> <span class='ocrx_word' id='word_1_537' title='bbox 3377 3606 3487 3660; x_wconf 87' lang='lat' dir='ltr'>fre-</span> 
     </span>
    </p>
   </div>
   <div class='ocr_carea' id='block_1_65' title="bbox 135 3665 3489 3762">
    <p class='ocr_par' dir='ltr' id='par_1_65' title="bbox 135 3665 3489 3762">
     <span class='ocr_line' id='line_1_66' title="bbox 135 3665 3489 3762; baseline 0.01 -43"><span class='ocrx_word' id='word_1_538' title='bbox 135 3665 291 3722; x_wconf 88' lang='lat' dir='ltr'>dicit:</span> <span class='ocrx_word' id='word_1_539' title='bbox 315 3671 630 3727; x_wconf 85' lang='lat' dir='ltr'>Exordium</span> <span class='ocrx_word' id='word_1_540' title='bbox 652 3672 723 3727; x_wconf 89' lang='lat' dir='ltr'>ab</span> <span class='ocrx_word' id='word_1_541' title='bbox 746 3674 965 3729; x_wconf 89' lang='lat' dir='ltr'>unitate</span> <span class='ocrx_word' id='word_1_542' title='bbox 982 3678 1378 3748; x_wconf 85' lang='lat' dir='ltr'>proﬁciscitur;</span> <span class='ocrx_word' id='word_1_543' title='bbox 1394 3684 1452 3735; x_wconf 90' lang='lat' dir='ltr'>et</span> <span class='ocrx_word' id='word_1_544' title='bbox 1470 3682 1750 3752; x_wconf 89' lang='lat' dir='ltr'>primatus</span> <span class='ocrx_word' id='word_1_545' title='bbox 1852 3682 2095 3750; x_wconf 81' lang='lat' dir='ltr'>quenter</span> <span class='ocrx_word' id='word_1_546' title='bbox 2125 3685 2183 3735; x_wconf 82' lang='lat' dir='ltr'>et</span> <span class='ocrx_word' id='word_1_547' title='bbox 2206 3682 2419 3753; x_wconf 85' lang='lat' dir='ltr'>ubique</span> <span class='ocrx_word' id='word_1_548' title='bbox 2450 3684 2751 3757; x_wconf 78' lang='lat' dir='ltr'>disciplina</span> <span class='ocrx_word' id='word_1_549' title='bbox 2786 3665 3133 3762; x_wconf 63' lang='lat' dir='ltr'>prmcipitur,</span> <span class='ocrx_word' id='word_1_550' title='bbox 3186 3700 3243 3749; x_wconf 88' lang='lat' dir='ltr'>et</span> <span class='ocrx_word' id='word_1_551' title='bbox 3286 3698 3489 3753; x_wconf 87' lang='lat' dir='ltr'>funda-</span> 
     </span>
    </p>
   </div>
   <div class='ocr_carea' id='block_1_66' title="bbox 130 3759 3482 3846">
    <p class='ocr_par' dir='ltr' id='par_1_66' title="bbox 130 3759 3482 3846">
     <span class='ocr_line' id='line_1_67' title="bbox 130 3759 3482 3846; baseline 0.011 -36"><span class='ocrx_word' id='word_1_552' title='bbox 130 3759 284 3817; x_wconf 85' lang='lat' dir='ltr'>Petro</span> <span class='ocrx_word' id='word_1_553' title='bbox 328 3764 521 3833; x_wconf 77' lang='lat' dir='ltr'>datur,</span> <span class='ocrx_word' id='word_1_554' title='bbox 556 3770 619 3821; x_wconf 76' lang='lat' dir='ltr'>ut</span> <span class='ocrx_word' id='word_1_555' title='bbox 659 3784 773 3822; x_wconf 81' lang='lat' dir='ltr'>una</span> <span class='ocrx_word' id='word_1_556' title='bbox 816 3769 1022 3823; x_wconf 81' lang='lat' dir='ltr'>Christi</span> <span class='ocrx_word' id='word_1_557' title='bbox 1064 3772 1312 3826; x_wconf 79' lang='lat' dir='ltr'>Ecclesia</span> <span class='ocrx_word' id='word_1_558' title='bbox 1366 3778 1423 3828; x_wconf 79' lang='lat' dir='ltr'>et</span> <span class='ocrx_word' id='word_1_559' title='bbox 1474 3777 1749 3833; x_wconf 75' lang='lat' dir='ltr'>cathedra</span> <span class='ocrx_word' id='word_1_560' title='bbox 1851 3777 2115 3828; x_wconf 89' lang='lat' dir='ltr'>mentum</span> <span class='ocrx_word' id='word_1_561' title='bbox 2144 3775 2441 3846; x_wconf 88' lang='lat' dir='ltr'>religionis</span> <span class='ocrx_word' id='word_1_562' title='bbox 2471 3794 2505 3831; x_wconf 89' lang='lat' dir='ltr'>a</span> <span class='ocrx_word' id='word_1_563' title='bbox 2544 3779 2679 3834; x_wconf 91' lang='lat' dir='ltr'>ﬁdei</span> <span class='ocrx_word' id='word_1_564' title='bbox 2720 3759 3126 3841; x_wconf 80' lang='lat' dir='ltr'>observatione</span> <span class='ocrx_word' id='word_1_565' title='bbox 3164 3775 3229 3843; x_wconf 85' lang='lat' dir='ltr'>ac</span> <span class='ocrx_word' id='word_1_566' title='bbox 3268 3791 3482 3846; x_wconf 87' lang='lat' dir='ltr'>timore</span> 
     </span>
    </p>
   </div>
   <div class='ocr_carea' id='block_1_67' title="bbox 133 3861 3480 3957">
    <p class='ocr_par' dir='ltr' id='par_1_67' title="bbox 133 3861 3480 3957">
     <span class='ocr_line' id='line_1_68' title="bbox 133 3861 3480 3957; baseline 0.009 -48"><span class='ocrx_word' id='word_1_567' title='bbox 133 3861 506 3914; x_wconf 87' lang='lat' dir='ltr'>monstretur:</span> <span class='ocrx_word' id='word_1_568' title='bbox 538 3864 596 3914; x_wconf 91' lang='lat' dir='ltr'>et</span> <span class='ocrx_word' id='word_1_569' title='bbox 620 3865 877 3932; x_wconf 88' lang='lat' dir='ltr'>pastores</span> <span class='ocrx_word' id='word_1_570' title='bbox 895 3867 1028 3918; x_wconf 89' lang='lat' dir='ltr'>sunt</span> <span class='ocrx_word' id='word_1_571' title='bbox 1050 3881 1272 3933; x_wconf 89' lang='lat' dir='ltr'>omnes,</span> <span class='ocrx_word' id='word_1_572' title='bbox 1307 3868 1408 3921; x_wconf 90' lang='lat' dir='ltr'>sed</span> <span class='ocrx_word' id='word_1_573' title='bbox 1435 3885 1571 3940; x_wconf 83' lang='lat' dir='ltr'>grex</span> <span class='ocrx_word' id='word_1_574' title='bbox 1604 3888 1748 3925; x_wconf 91' lang='lat' dir='ltr'>unus</span> <span class='ocrx_word' id='word_1_575' title='bbox 1849 3867 2243 3937; x_wconf 75' lang='lat' dir='ltr'>proiiciSCitur,</span> <span class='ocrx_word' id='word_1_576' title='bbox 2288 3870 2427 3941; x_wconf 91' lang='lat' dir='ltr'>quid</span> <span class='ocrx_word' id='word_1_577' title='bbox 2470 3872 2731 3943; x_wconf 85' lang='lat' dir='ltr'>cupidius</span> <span class='ocrx_word' id='word_1_578' title='bbox 2772 3880 3066 3947; x_wconf 78' lang='lat' dir='ltr'>appetere,</span> <span class='ocrx_word' id='word_1_579' title='bbox 3115 3882 3255 3951; x_wconf 87' lang='lat' dir='ltr'>quid</span> <span class='ocrx_word' id='word_1_580' title='bbox 3290 3885 3480 3957; x_wconf 89' lang='lat' dir='ltr'>magis</span> 
     </span>
    </p>
   </div>
   <div class='ocr_carea' id='block_1_68' title="bbox 137 3948 3481 4041">
    <p class='ocr_par' dir='ltr' id='par_1_68' title="bbox 137 3948 3481 4041">
     <span class='ocr_line' id='line_1_69' title="bbox 137 3948 3481 4041; baseline 0.012 -39"><span class='ocrx_word' id='word_1_581' title='bbox 137 3951 460 4021; x_wconf 85' lang='lat' dir='ltr'>ostenditur,</span> <span class='ocrx_word' id='word_1_582' title='bbox 503 3954 600 4024; x_wconf 88' lang='lat' dir='ltr'>qui</span> <span class='ocrx_word' id='word_1_583' title='bbox 650 3955 721 4009; x_wconf 89' lang='lat' dir='ltr'>ab</span> <span class='ocrx_word' id='word_1_584' title='bbox 759 3957 1031 4027; x_wconf 88' lang='lat' dir='ltr'>apostolis</span> <span class='ocrx_word' id='word_1_585' title='bbox 1070 3960 1334 4015; x_wconf 89' lang='lat' dir='ltr'>unanimi</span> <span class='ocrx_word' id='word_1_586' title='bbox 1368 3948 1747 4019; x_wconf 81' lang='lat' dir='ltr'>consensione</span> <span class='ocrx_word' id='word_1_587' title='bbox 1848 3960 1991 4013; x_wconf 73' lang='lat' dir='ltr'>V8118</span> <span class='ocrx_word' id='word_1_588' title='bbox 2036 3976 2101 4014; x_wconf 75' lang='lat' dir='ltr'>ac</span> <span class='ocrx_word' id='word_1_589' title='bbox 2139 3964 2340 4017; x_wconf 67' lang='lat' dir='ltr'>tenere</span> <span class='ocrx_word' id='word_1_590' title='bbox 2387 3981 2492 4019; x_wconf 79' lang='lat' dir='ltr'>n03</span> <span class='ocrx_word' id='word_1_591' title='bbox 2527 3969 2813 4036; x_wconf 68' lang='grc' dir='ltr'>οοηνθηίι,</span> <span class='ocrx_word' id='word_1_592' title='bbox 2867 3988 3043 4041; x_wconf 78' lang='lat' dir='ltr'>quam</span> <span class='ocrx_word' id='word_1_593' title='bbox 3084 3977 3147 4028; x_wconf 67' lang='grc' dir='ltr'>ιιι</span> <span class='ocrx_word' id='word_1_594' title='bbox 3192 3976 3481 4034; x_wconf 72' lang='lat' dir='ltr'>radiCibus</span> 
     </span>
    </p>
   </div>
   <div class='ocr_carea' id='block_1_69' title="bbox 135 4048 3479 4141">
    <p class='ocr_par' dir='ltr' id='par_1_69' title="bbox 135 4048 3479 4141">
     <span class='ocr_line' id='line_1_70' title="bbox 135 4048 3479 4141; baseline 0.011 -50"><span class='ocrx_word' id='word_1_595' title='bbox 135 4048 402 4111; x_wconf 78' lang='lat' dir='ltr'>pascatur.</span> <span class='ocrx_word' id='word_1_596' title='bbox 438 4048 508 4101; x_wconf 81' lang='lat' dir='ltr'>Et</span> <span class='ocrx_word' id='word_1_597' title='bbox 532 4052 661 4119; x_wconf 83' lang='lat' dir='ltr'>post,</span> <span class='ocrx_word' id='word_1_598' title='bbox 703 4066 883 4120; x_wconf 81' lang='lat' dir='ltr'>pauca</span> <span class='ocrx_word' id='word_1_599' title='bbox 923 4069 936 4106; x_wconf 85' lang='lat'>:</span> <span class='ocrx_word' id='word_1_600' title='bbox 972 4053 1127 4107; x_wconf 84' lang='lat' dir='ltr'>Hanc</span> <span class='ocrx_word' id='word_1_601' title='bbox 1168 4055 1429 4110; x_wconf 62' lang='lat' dir='ltr'>Ecclesia:</span> <span class='ocrx_word' id='word_1_602' title='bbox 1468 4058 1747 4113; x_wconf 78' lang='lat' dir='ltr'>unitatem</span> <span class='ocrx_word' id='word_1_603' title='bbox 1848 4052 2052 4107; x_wconf 86' lang='lat' dir='ltr'>fortius</span> <span class='ocrx_word' id='word_1_604' title='bbox 2078 4055 2220 4123; x_wconf 87' lang='lat' dir='ltr'>ﬁxis,</span> <span class='ocrx_word' id='word_1_605' title='bbox 2250 4059 2309 4111; x_wconf 91' lang='lat' dir='ltr'>et</span> <span class='ocrx_word' id='word_1_606' title='bbox 2354 4057 2656 4115; x_wconf 77' lang='lat' dir='ltr'>domiciliis</span> <span class='ocrx_word' id='word_1_607' title='bbox 2694 4064 2903 4118; x_wconf 76' lang='lat' dir='ltr'>nostris</span> <span class='ocrx_word' id='word_1_608' title='bbox 2954 4083 3127 4139; x_wconf 80' lang='lat' dir='ltr'>super</span> <span class='ocrx_word' id='word_1_609' title='bbox 3170 4074 3351 4141; x_wconf 65' lang='lat' dir='ltr'>petrae</span> <span class='ocrx_word' id='word_1_610' title='bbox 3390 4089 3479 4128; x_wconf 89' lang='lat' dir='ltr'>ro-</span> 
     </span>
    </p>
   </div>
   <div class='ocr_carea' id='block_1_70' title="bbox 132 4136 1748 4214">
    <p class='ocr_par' dir='ltr' id='par_1_70' title="bbox 132 4136 1748 4214">
     <span class='ocr_line' id='line_1_71' title="bbox 132 4136 1748 4214; baseline 0.012 -26"><span class='ocrx_word' id='word_1_611' title='bbox 132 4136 217 4204; x_wconf 89' lang='lat' dir='ltr'>qui</span> <span class='ocrx_word' id='word_1_612' title='bbox 247 4154 359 4193; x_wconf 92' lang='lat' dir='ltr'>non</span> <span class='ocrx_word' id='word_1_613' title='bbox 390 4144 574 4208; x_wconf 87' lang='lat' dir='ltr'>tenet,</span> <span class='ocrx_word' id='word_1_614' title='bbox 606 4147 803 4197; x_wconf 88' lang='lat' dir='ltr'>tenere</span> <span class='ocrx_word' id='word_1_615' title='bbox 843 4161 901 4198; x_wconf 89' lang='lat' dir='ltr'>se</span> <span class='ocrx_word' id='word_1_616' title='bbox 936 4145 1113 4201; x_wconf 86' lang='lat' dir='ltr'>ﬁdem</span> <span class='ocrx_word' id='word_1_617' title='bbox 1145 4148 1366 4203; x_wconf 79' lang='lat' dir='ltr'>credit?</span> <span class='ocrx_word' id='word_1_618' title='bbox 1405 4150 1512 4214; x_wconf 88' lang='lat' dir='ltr'>Qui</span> <span class='ocrx_word' id='word_1_619' title='bbox 1559 4153 1748 4206; x_wconf 90' lang='lat' dir='ltr'>cathe-</span> 
     </span>
    </p>
   </div>
   <div class='ocr_carea' id='block_1_71' title="bbox 130 4225 1747 4313">
    <p class='ocr_par' dir='ltr' id='par_1_71' title="bbox 130 4225 1747 4313">
     <span class='ocr_line' id='line_1_72' title="bbox 130 4225 1747 4313; baseline 0.012 -31"><span class='ocrx_word' id='word_1_620' title='bbox 130 4225 281 4285; x_wconf 88' lang='lat' dir='ltr'>dram</span> <span class='ocrx_word' id='word_1_621' title='bbox 312 4234 485 4301; x_wconf 89' lang='lat' dir='ltr'>Petri,</span> <span class='ocrx_word' id='word_1_622' title='bbox 519 4252 689 4305; x_wconf 88' lang='lat' dir='ltr'>super</span> <span class='ocrx_word' id='word_1_623' title='bbox 708 4253 885 4307; x_wconf 90' lang='lat' dir='ltr'>quam</span> <span class='ocrx_word' id='word_1_624' title='bbox 911 4240 1163 4294; x_wconf 89' lang='lat' dir='ltr'>Ecclesia</span> <span class='ocrx_word' id='word_1_625' title='bbox 1187 4242 1429 4298; x_wconf 88' lang='lat' dir='ltr'>fundata</span> <span class='ocrx_word' id='word_1_626' title='bbox 1454 4248 1558 4313; x_wconf 91' lang='lat' dir='ltr'>est,</span> <span class='ocrx_word' id='word_1_627' title='bbox 1588 4246 1747 4300; x_wconf 89' lang='lat' dir='ltr'>dese-</span> 
     </span>
    </p>
   </div>
   <div class='ocr_carea' id='block_1_72' title="bbox 127 4321 1747 4411">
    <p class='ocr_par' dir='ltr' id='par_1_72' title="bbox 127 4321 1747 4411">
     <span class='ocr_line' id='line_1_73' title="bbox 127 4321 1747 4411; baseline 0.012 -35"><span class='ocrx_word' id='word_1_628' title='bbox 127 4321 209 4389; x_wconf 84' lang='lat' dir='ltr'>rit,</span> <span class='ocrx_word' id='word_1_629' title='bbox 234 4328 289 4377; x_wconf 91' lang='lat' dir='ltr'>et</span> <span class='ocrx_word' id='word_1_630' title='bbox 313 4328 547 4396; x_wconf 89' lang='lat' dir='ltr'>resistit,</span> <span class='ocrx_word' id='word_1_631' title='bbox 566 4328 627 4382; x_wconf 91' lang='lat' dir='ltr'>in</span> <span class='ocrx_word' id='word_1_632' title='bbox 652 4331 902 4386; x_wconf 90' lang='lat' dir='ltr'>Ecclesia</span> <span class='ocrx_word' id='word_1_633' title='bbox 917 4350 976 4387; x_wconf 90' lang='lat' dir='ltr'>se</span> <span class='ocrx_word' id='word_1_634' title='bbox 1004 4351 1126 4389; x_wconf 90' lang='lat' dir='ltr'>esse</span> <span class='ocrx_word' id='word_1_635' title='bbox 1149 4336 1426 4391; x_wconf 85' lang='lat' dir='ltr'>conﬁdit?</span> <span class='ocrx_word' id='word_1_636' title='bbox 1456 4340 1595 4393; x_wconf 87' lang='lat' dir='ltr'>Item</span> <span class='ocrx_word' id='word_1_637' title='bbox 1616 4345 1747 4411; x_wconf 90' lang='lat' dir='ltr'>post</span> 
     </span>
    </p>
   </div>
   <div class='ocr_carea' id='block_1_73' title="bbox 127 4414 1740 4503">
    <p class='ocr_par' dir='ltr' id='par_1_73' title="bbox 127 4414 1740 4503">
     <span class='ocr_line' id='line_1_74' title="bbox 127 4414 1740 4503; baseline 0.014 -37"><span class='ocrx_word' id='word_1_638' title='bbox 127 4414 265 4471; x_wconf 86' lang='lat' dir='ltr'>alia:</span> <span class='ocrx_word' id='word_1_639' title='bbox 306 4420 392 4473; x_wconf 83' lang='lat' dir='ltr'>Ad</span> <span class='ocrx_word' id='word_1_640' title='bbox 435 4421 595 4492; x_wconf 91' lang='lat' dir='ltr'>pacis</span> <span class='ocrx_word' id='word_1_641' title='bbox 628 4424 927 4493; x_wconf 67' lang='lat' dir='ltr'>praemium</span> <span class='ocrx_word' id='word_1_642' title='bbox 969 4429 1272 4497; x_wconf 89' lang='lat' dir='ltr'>pervenire</span> <span class='ocrx_word' id='word_1_643' title='bbox 1318 4447 1435 4485; x_wconf 90' lang='lat' dir='ltr'>non</span> <span class='ocrx_word' id='word_1_644' title='bbox 1482 4437 1740 4503; x_wconf 88' lang='lat' dir='ltr'>possunt,</span> 
     </span>
    </p>
   </div>
   <div class='ocr_carea' id='block_1_74' title="bbox 126 4509 1606 4595">
    <p class='ocr_par' dir='ltr' id='par_1_74' title="bbox 126 4509 1606 4595">
     <span class='ocr_line' id='line_1_75' title="bbox 126 4509 1606 4595; baseline 0.013 -33"><span class='ocrx_word' id='word_1_645' title='bbox 126 4509 245 4576; x_wconf 88' lang='lat' dir='ltr'>quia</span> <span class='ocrx_word' id='word_1_646' title='bbox 272 4529 472 4583; x_wconf 89' lang='lat' dir='ltr'>pacem</span> <span class='ocrx_word' id='word_1_647' title='bbox 504 4516 731 4571; x_wconf 91' lang='lat' dir='ltr'>Domini</span> <span class='ocrx_word' id='word_1_648' title='bbox 760 4518 1061 4575; x_wconf 71' lang='lat' dir='ltr'>discordiae</span> <span class='ocrx_word' id='word_1_649' title='bbox 1088 4523 1282 4577; x_wconf 86' lang='lat' dir='ltr'>furore</span> <span class='ocrx_word' id='word_1_650' title='bbox 1311 4530 1606 4595; x_wconf 88' lang='lat' dir='ltr'>ruperunt.</span> 
     </span>
    </p>
   </div>
   <div class='ocr_carea' id='block_1_75' title="bbox 188 4604 1741 4675">
    <p class='ocr_par' dir='ltr' id='par_1_75' title="bbox 188 4604 1741 4675">
     <span class='ocr_line' id='line_1_76' title="bbox 188 4604 1741 4675; baseline 0.012 -17"><span class='ocrx_word' id='word_1_651' title='bbox 188 4604 321 4659; x_wconf 91' lang='lat' dir='ltr'>ltem</span> <span class='ocrx_word' id='word_1_652' title='bbox 352 4624 417 4662; x_wconf 85' lang='lat' dir='ltr'>ex</span> <span class='ocrx_word' id='word_1_653' title='bbox 446 4609 655 4664; x_wconf 90' lang='lat' dir='ltr'>eodem</span> <span class='ocrx_word' id='word_1_654' title='bbox 684 4611 830 4666; x_wconf 90' lang='lat' dir='ltr'>libro</span> <span class='ocrx_word' id='word_1_655' title='bbox 856 4612 935 4667; x_wconf 89' lang='lat' dir='ltr'>sic</span> <span class='ocrx_word' id='word_1_656' title='bbox 957 4614 1039 4667; x_wconf 91' lang='lat' dir='ltr'>ait</span> <span class='ocrx_word' id='word_1_657' title='bbox 1071 4632 1083 4669; x_wconf 94' lang='lat'>:</span> <span class='ocrx_word' id='word_1_658' title='bbox 1115 4616 1203 4669; x_wconf 83' lang='lat' dir='ltr'>Ad</span> <span class='ocrx_word' id='word_1_659' title='bbox 1235 4619 1576 4674; x_wconf 89' lang='lat' dir='ltr'>sacriﬁcium</span> <span class='ocrx_word' id='word_1_660' title='bbox 1608 4637 1741 4675; x_wconf 90' lang='lat' dir='ltr'>cum</span> 
     </span>
    </p>
   </div>
   <div class='ocr_carea' id='block_1_76' title="bbox 127 4692 1741 4785">
    <p class='ocr_par' dir='ltr' id='par_1_76' title="bbox 127 4692 1741 4785">
     <span class='ocr_line' id='line_1_77' title="bbox 127 4692 1741 4785; baseline 0.013 -37"><span class='ocrx_word' id='word_1_661' title='bbox 127 4692 455 4756; x_wconf 88' lang='lat' dir='ltr'>dissentione</span> <span class='ocrx_word' id='word_1_662' title='bbox 474 4703 771 4769; x_wconf 84' lang='lat' dir='ltr'>venientes</span> <span class='ocrx_word' id='word_1_663' title='bbox 784 4711 1016 4761; x_wconf 87' lang='lat' dir='ltr'>revocat</span> <span class='ocrx_word' id='word_1_664' title='bbox 1032 4708 1103 4762; x_wconf 89' lang='lat' dir='ltr'>ab</span> <span class='ocrx_word' id='word_1_665' title='bbox 1127 4710 1312 4779; x_wconf 79' lang='lat' dir='ltr'>altari,</span> <span class='ocrx_word' id='word_1_666' title='bbox 1336 4716 1392 4766; x_wconf 92' lang='lat' dir='ltr'>et</span> <span class='ocrx_word' id='word_1_667' title='bbox 1403 4712 1570 4783; x_wconf 88' lang='lat' dir='ltr'>jubet</span> <span class='ocrx_word' id='word_1_668' title='bbox 1584 4714 1741 4785; x_wconf 89' lang='lat' dir='ltr'>prius</span> 
     </span>
    </p>
   </div>
   <div class='ocr_carea' id='block_1_77' title="bbox 125 4792 1742 4874">
    <p class='ocr_par' dir='ltr' id='par_1_77' title="bbox 125 4792 1742 4874">
     <span class='ocr_line' id='line_1_78' title="bbox 125 4792 1742 4874; baseline 0.013 -32"><span class='ocrx_word' id='word_1_669' title='bbox 125 4792 456 4849; x_wconf 89' lang='lat' dir='ltr'>concordare</span> <span class='ocrx_word' id='word_1_670' title='bbox 503 4813 633 4851; x_wconf 90' lang='lat' dir='ltr'>cum</span> <span class='ocrx_word' id='word_1_671' title='bbox 673 4799 873 4867; x_wconf 86' lang='lat' dir='ltr'>fratre,</span> <span class='ocrx_word' id='word_1_672' title='bbox 916 4804 1052 4855; x_wconf 92' lang='lat' dir='ltr'>tunc</span> <span class='ocrx_word' id='word_1_673' title='bbox 1091 4819 1221 4857; x_wconf 91' lang='lat' dir='ltr'>cum</span> <span class='ocrx_word' id='word_1_674' title='bbox 1251 4820 1391 4874; x_wconf 90' lang='lat' dir='ltr'>pace</span> <span class='ocrx_word' id='word_1_675' title='bbox 1429 4806 1742 4862; x_wconf 88' lang='lat' dir='ltr'>redeuntes</span> 
     </span>
    </p>
   </div>
   <div class='ocr_carea' id='block_1_78' title="bbox 126 4880 1739 4969">
    <p class='ocr_par' dir='ltr' id='par_1_78' title="bbox 126 4880 1739 4969">
     <span class='ocr_line' id='line_1_79' title="bbox 126 4880 1739 4969; baseline 0.014 -34"><span class='ocrx_word' id='word_1_676' title='bbox 126 4880 351 4941; x_wconf 91' lang='lat' dir='ltr'>Domino</span> <span class='ocrx_word' id='word_1_677' title='bbox 381 4894 593 4944; x_wconf 80' lang='lat' dir='ltr'>munus</span> <span class='ocrx_word' id='word_1_678' title='bbox 614 4892 820 4947; x_wconf 82' lang='lat' dir='ltr'>offerre</span> <span class='ocrx_word' id='word_1_679' title='bbox 848 4893 1062 4965; x_wconf 88' lang='lat' dir='ltr'>(Matth.</span> <span class='ocrx_word' id='word_1_680' title='bbox 1080 4896 1154 4969; x_wconf 88' lang='lat' dir='ltr'>v);</span> <span class='ocrx_word' id='word_1_681' title='bbox 1196 4898 1331 4968; x_wconf 88' lang='lat' dir='ltr'>quia</span> <span class='ocrx_word' id='word_1_682' title='bbox 1360 4916 1465 4954; x_wconf 92' lang='lat' dir='ltr'>nec</span> <span class='ocrx_word' id='word_1_683' title='bbox 1496 4901 1570 4955; x_wconf 89' lang='lat' dir='ltr'>ad</span> <span class='ocrx_word' id='word_1_684' title='bbox 1600 4902 1739 4957; x_wconf 89' lang='lat' dir='ltr'>Cain</span> 
     </span>
    </p>
   </div>
   <div class='ocr_carea' id='block_1_79' title="bbox 126 4984 1739 5063">
    <p class='ocr_par' dir='ltr' id='par_1_79' title="bbox 126 4984 1739 5063">
     <span class='ocr_line' id='line_1_80' title="bbox 126 4984 1739 5063; baseline 0.014 -35"><span class='ocrx_word' id='word_1_685' title='bbox 126 4988 349 5035; x_wconf 87' lang='lat' dir='ltr'>munera</span> <span class='ocrx_word' id='word_1_686' title='bbox 368 4984 616 5054; x_wconf 85' lang='lat' dir='ltr'>respexit</span> <span class='ocrx_word' id='word_1_687' title='bbox 631 4986 779 5040; x_wconf 88' lang='lat' dir='ltr'>Deus</span> <span class='ocrx_word' id='word_1_688' title='bbox 801 4987 1121 5062; x_wconf 88' lang='lat' dir='ltr'>(Genes.1v);</span> <span class='ocrx_word' id='word_1_689' title='bbox 1142 5008 1330 5063; x_wconf 91' lang='lat' dir='ltr'>neque</span> <span class='ocrx_word' id='word_1_690' title='bbox 1344 4994 1501 5048; x_wconf 89' lang='lat' dir='ltr'>enim</span> <span class='ocrx_word' id='word_1_691' title='bbox 1523 4995 1739 5050; x_wconf 85' lang='lat' dir='ltr'>habere</span> 
     </span>
    </p>
   </div>
   <div class='ocr_carea' id='block_1_80' title="bbox 126 5065 1738 5161">
    <p class='ocr_par' dir='ltr' id='par_1_80' title="bbox 126 5065 1738 5161">
     <span class='ocr_line' id='line_1_81' title="bbox 126 5065 1738 5161; baseline 0.014 -39"><span class='ocrx_word' id='word_1_692' title='bbox 126 5065 415 5129; x_wconf 89' lang='lat' dir='ltr'>Dominum</span> <span class='ocrx_word' id='word_1_693' title='bbox 446 5082 715 5147; x_wconf 89' lang='lat' dir='ltr'>pacatum</span> <span class='ocrx_word' id='word_1_694' title='bbox 736 5084 983 5151; x_wconf 89' lang='lat' dir='ltr'>poterat,</span> <span class='ocrx_word' id='word_1_695' title='bbox 1015 5086 1110 5155; x_wconf 90' lang='lat' dir='ltr'>qui</span> <span class='ocrx_word' id='word_1_696' title='bbox 1155 5103 1282 5140; x_wconf 89' lang='lat' dir='ltr'>cum</span> <span class='ocrx_word' id='word_1_697' title='bbox 1318 5087 1494 5142; x_wconf 88' lang='lat' dir='ltr'>fratre</span> <span class='ocrx_word' id='word_1_698' title='bbox 1534 5105 1738 5161; x_wconf 89' lang='lat' dir='ltr'>pacem</span> 
     </span>
    </p>
   </div>
   <div class='ocr_carea' id='block_1_81' title="bbox 123 5168 1740 5254">
    <p class='ocr_par' dir='ltr' id='par_1_81' title="bbox 123 5168 1740 5254">
     <span class='ocr_line' id='line_1_82' title="bbox 123 5168 1740 5254; baseline 0.013 -37"><span class='ocrx_word' id='word_1_699' title='bbox 123 5175 214 5229; x_wconf 88' lang='lat' dir='ltr'>per</span> <span class='ocrx_word' id='word_1_700' title='bbox 233 5168 332 5221; x_wconf 90' lang='lat' dir='ltr'>zeli</span> <span class='ocrx_word' id='word_1_701' title='bbox 361 5168 711 5227; x_wconf 89' lang='lat' dir='ltr'>discordiam</span> <span class='ocrx_word' id='word_1_702' title='bbox 741 5191 859 5229; x_wconf 91' lang='lat' dir='ltr'>non</span> <span class='ocrx_word' id='word_1_703' title='bbox 886 5176 1153 5234; x_wconf 89' lang='lat' dir='ltr'>habebat.</span> <span class='ocrx_word' id='word_1_704' title='bbox 1189 5179 1373 5245; x_wconf 88' lang='lat' dir='ltr'>Quam</span> <span class='ocrx_word' id='word_1_705' title='bbox 1414 5182 1521 5236; x_wconf 91' lang='lat' dir='ltr'>sibi</span> <span class='ocrx_word' id='word_1_706' title='bbox 1562 5183 1740 5254; x_wconf 85' lang='lat' dir='ltr'>igitur</span> 
     </span>
    </p>
   </div>
   <div class='ocr_carea' id='block_1_82' title="bbox 121 5265 1738 5339">
    <p class='ocr_par' dir='ltr' id='par_1_82' title="bbox 121 5265 1738 5339">
     <span class='ocr_line' id='line_1_83' title="bbox 121 5265 1738 5339; baseline 0.014 -29"><span class='ocrx_word' id='word_1_707' title='bbox 121 5268 305 5322; x_wconf 87' lang='lat' dir='ltr'>pacem</span> <span class='ocrx_word' id='word_1_708' title='bbox 332 5265 681 5332; x_wconf 88' lang='lat' dir='ltr'>promittunt</span> <span class='ocrx_word' id='word_1_709' title='bbox 707 5268 923 5325; x_wconf 90' lang='lat' dir='ltr'>inimici</span> <span class='ocrx_word' id='word_1_710' title='bbox 952 5272 1194 5328; x_wconf 82' lang='lat' dir='ltr'>fratrum</span> <span class='ocrx_word' id='word_1_711' title='bbox 1215 5274 1243 5328; x_wconf 72' lang='lat' dir='ltr'>‘I</span> <span class='ocrx_word' id='word_1_712' title='bbox 1286 5276 1422 5339; x_wconf 64' lang='lat' dir='ltr'>Quae</span> <span class='ocrx_word' id='word_1_713' title='bbox 1463 5278 1738 5332; x_wconf 89' lang='lat' dir='ltr'>sacriﬁcia</span> 
     </span>
    </p>
   </div>
   <div class='ocr_carea' id='block_1_83' title="bbox 122 5350 1735 5426">
    <p class='ocr_par' dir='ltr' id='par_1_83' title="bbox 122 5350 1735 5426">
     <span class='ocr_line' id='line_1_84' title="bbox 122 5350 1735 5426; baseline 0.016 -25"><span class='ocrx_word' id='word_1_714' title='bbox 122 5350 389 5410; x_wconf 86' lang='lat' dir='ltr'>celebrare</span> <span class='ocrx_word' id='word_1_715' title='bbox 412 5374 471 5412; x_wconf 91' lang='lat' dir='ltr'>se</span> <span class='ocrx_word' id='word_1_716' title='bbox 492 5360 942 5419; x_wconf 71' lang='lat' dir='ltr'>creduntaamuli</span> <span class='ocrx_word' id='word_1_717' title='bbox 962 5367 1326 5423; x_wconf 90' lang='lat' dir='ltr'>sacerdotum</span> <span class='ocrx_word' id='word_1_718' title='bbox 1340 5370 1367 5424; x_wconf 89' lang='lat'><strong>?</strong></span> <span class='ocrx_word' id='word_1_719' title='bbox 1388 5370 1595 5425; x_wconf 90' lang='lat' dir='ltr'>Secum</span> <span class='ocrx_word' id='word_1_720' title='bbox 1613 5389 1735 5426; x_wconf 88' lang='lat' dir='ltr'>esse</span> 
     </span>
    </p>
   </div>
   <div class='ocr_carea' id='block_1_84' title="bbox 121 5439 1733 5535">
    <p class='ocr_par' dir='ltr' id='par_1_84' title="bbox 121 5439 1733 5535">
     <span class='ocr_line' id='line_1_85' title="bbox 121 5439 1733 5535; baseline 0.017 -40"><span class='ocrx_word' id='word_1_721' title='bbox 121 5439 387 5504; x_wconf 83' lang='lat' dir='ltr'>Christum</span> <span class='ocrx_word' id='word_1_722' title='bbox 414 5468 543 5507; x_wconf 91' lang='lat' dir='ltr'>cum</span> <span class='ocrx_word' id='word_1_723' title='bbox 567 5456 789 5511; x_wconf 91' lang='lat' dir='ltr'>collecti</span> <span class='ocrx_word' id='word_1_724' title='bbox 818 5458 1037 5514; x_wconf 88' lang='lat' dir='ltr'>fuerint</span> <span class='ocrx_word' id='word_1_725' title='bbox 1056 5461 1387 5533; x_wconf 90' lang='lat' dir='ltr'>opinantur,</span> <span class='ocrx_word' id='word_1_726' title='bbox 1415 5465 1478 5519; x_wconf 90' lang='lat' dir='ltr'>hi</span> <span class='ocrx_word' id='word_1_727' title='bbox 1506 5466 1602 5535; x_wconf 91' lang='lat' dir='ltr'>qui</span> <span class='ocrx_word' id='word_1_728' title='bbox 1637 5483 1733 5521; x_wconf 83' lang='lat' dir='ltr'>ex-</span> 
     </span>
    </p>
   </div>
   <div class='ocr_carea' id='block_1_85' title="bbox 121 5535 1733 5621">
    <p class='ocr_par' dir='ltr' id='par_1_85' title="bbox 121 5535 1733 5621">
     <span class='ocr_line' id='line_1_86' title="bbox 121 5535 1733 5621; baseline 0.017 -33"><span class='ocrx_word' id='word_1_729' title='bbox 121 5535 200 5589; x_wconf 86' lang='lat' dir='ltr'>tra</span> <span class='ocrx_word' id='word_1_730' title='bbox 224 5540 527 5602; x_wconf 87' lang='lat' dir='ltr'>Ecclesiam</span> <span class='ocrx_word' id='word_1_731' title='bbox 556 5550 952 5621; x_wconf 81' lang='lat' dir='ltr'>colliguntur?</span> <span class='ocrx_word' id='word_1_732' title='bbox 976 5555 1139 5609; x_wconf 87' lang='lat' dir='ltr'>Tales</span> <span class='ocrx_word' id='word_1_733' title='bbox 1168 5557 1343 5612; x_wconf 87' lang='lat' dir='ltr'>etiam</span> <span class='ocrx_word' id='word_1_734' title='bbox 1386 5559 1431 5613; x_wconf 89' lang='lat' dir='ltr'>si</span> <span class='ocrx_word' id='word_1_735' title='bbox 1467 5560 1633 5614; x_wconf 90' lang='lat' dir='ltr'>occisi</span> <span class='ocrx_word' id='word_1_736' title='bbox 1673 5560 1733 5614; x_wconf 91' lang='lat' dir='ltr'>in</span> 
     </span>
    </p>
   </div>
   <div class='ocr_carea' id='block_1_86' title="bbox 122 5632 1733 5725">
    <p class='ocr_par' dir='ltr' id='par_1_86' title="bbox 122 5632 1733 5725">
     <span class='ocr_line' id='line_1_87' title="bbox 122 5632 1733 5725; baseline 0.017 -42"><span class='ocrx_word' id='word_1_737' title='bbox 122 5632 465 5694; x_wconf 86' lang='lat' dir='ltr'>confessione</span> <span class='ocrx_word' id='word_1_738' title='bbox 484 5643 734 5698; x_wconf 88' lang='lat' dir='ltr'>nominis</span> <span class='ocrx_word' id='word_1_739' title='bbox 750 5645 983 5716; x_wconf 86' lang='lat' dir='ltr'>fuerint,</span> <span class='ocrx_word' id='word_1_740' title='bbox 998 5652 1226 5705; x_wconf 89' lang='lat' dir='ltr'>macula</span> <span class='ocrx_word' id='word_1_741' title='bbox 1241 5651 1349 5707; x_wconf 89' lang='lat' dir='ltr'>ista</span> <span class='ocrx_word' id='word_1_742' title='bbox 1378 5669 1486 5708; x_wconf 90' lang='lat' dir='ltr'>nec</span> <span class='ocrx_word' id='word_1_743' title='bbox 1498 5653 1733 5725; x_wconf 87' lang='lat' dir='ltr'>sangui-</span> 
     </span>
    </p>
   </div>
   <div class='ocr_carea' id='block_1_87' title="bbox 122 5728 1731 5818">
    <p class='ocr_par' dir='ltr' id='par_1_87' title="bbox 122 5728 1731 5818">
     <span class='ocr_line' id='line_1_88' title="bbox 122 5728 1731 5818; baseline 0.014 -39"><span class='ocrx_word' id='word_1_744' title='bbox 122 5736 187 5777; x_wconf 80' lang='lat' dir='ltr'>ne</span> <span class='ocrx_word' id='word_1_745' title='bbox 218 5728 477 5789; x_wconf 85' lang='lat' dir='ltr'>abluitur.</span> <span class='ocrx_word' id='word_1_746' title='bbox 503 5737 864 5809; x_wconf 86' lang='lat' dir='ltr'>lnexpiahilis</span> <span class='ocrx_word' id='word_1_747' title='bbox 909 5745 968 5796; x_wconf 89' lang='lat' dir='ltr'>et</span> <span class='ocrx_word' id='word_1_748' title='bbox 1001 5744 1189 5814; x_wconf 89' lang='lat' dir='ltr'>gravis</span> <span class='ocrx_word' id='word_1_749' title='bbox 1229 5747 1397 5818; x_wconf 88' lang='lat' dir='ltr'>culpa</span> <span class='ocrx_word' id='word_1_750' title='bbox 1434 5747 1731 5803; x_wconf 60' lang='lat' dir='ltr'>discordias</span> 
     </span>
    </p>
   </div>
   <div class='ocr_carea' id='block_1_88' title="bbox 126 5826 1733 5915">
    <p class='ocr_par' dir='ltr' id='par_1_88' title="bbox 126 5826 1733 5915">
     <span class='ocr_line' id='line_1_89' title="bbox 126 5826 1733 5915; baseline 0.014 -41"><span class='ocrx_word' id='word_1_751' title='bbox 126 5830 219 5873; x_wconf 86' lang='lat' dir='ltr'>nec</span> <span class='ocrx_word' id='word_1_752' title='bbox 238 5826 497 5893; x_wconf 87' lang='lat' dir='ltr'>passione</span> <span class='ocrx_word' id='word_1_753' title='bbox 522 5835 821 5903; x_wconf 84' lang='lat' dir='ltr'>purgatur.</span> <span class='ocrx_word' id='word_1_754' title='bbox 853 5835 989 5891; x_wconf 84' lang='lat' dir='ltr'>Esse</span> <span class='ocrx_word' id='word_1_755' title='bbox 1006 5842 1228 5912; x_wconf 85' lang='lat' dir='ltr'>martyr</span> <span class='ocrx_word' id='word_1_756' title='bbox 1256 5857 1376 5898; x_wconf 89' lang='lat' dir='ltr'>non</span> <span class='ocrx_word' id='word_1_757' title='bbox 1403 5844 1612 5915; x_wconf 88' lang='lat' dir='ltr'>potest,</span> <span class='ocrx_word' id='word_1_758' title='bbox 1636 5841 1733 5914; x_wconf 90' lang='lat' dir='ltr'>qui</span> 
     </span>
    </p>
   </div>
   <div class='ocr_carea' id='block_1_89' title="bbox 430 5924 987 6003">
    <p class='ocr_par' dir='ltr' id='par_1_89' title="bbox 430 5924 987 6003">
     <span class='ocr_line' id='line_1_90' title="bbox 430 5924 987 6003; baseline 0.018 -11"><span class='ocrx_word' id='word_1_759' title='bbox 430 5924 699 5997; x_wconf 76' lang='lat' dir='ltr'>PATROL.</span> <span class='ocrx_word' id='word_1_760' title='bbox 751 5931 987 6003; x_wconf 83' lang='lat' dir='ltr'>LXXII.</span> 
     </span>
    </p>
   </div>
   <div class='ocr_carea' id='block_1_90' title="bbox 1846 4146 3483 4232">
    <p class='ocr_par' dir='ltr' id='par_1_90' title="bbox 1846 4146 3483 4232">
     <span class='ocr_line' id='line_1_91' title="bbox 1846 4146 3483 4232; baseline 0.014 -32"><span class='ocrx_word' id='word_1_761' title='bbox 1846 4146 2027 4202; x_wconf 69' lang='lat' dir='ltr'>busta:</span> <span class='ocrx_word' id='word_1_762' title='bbox 2047 4149 2201 4203; x_wconf 91' lang='lat' dir='ltr'>mole</span> <span class='ocrx_word' id='word_1_763' title='bbox 2219 4150 2493 4221; x_wconf 90' lang='lat' dir='ltr'>solidatis,</span> <span class='ocrx_word' id='word_1_764' title='bbox 2516 4154 2836 4212; x_wconf 89' lang='lat' dir='ltr'>inconcussi</span> <span class='ocrx_word' id='word_1_765' title='bbox 2869 4160 2943 4213; x_wconf 89' lang='lat' dir='ltr'>ad</span> <span class='ocrx_word' id='word_1_766' title='bbox 2964 4164 3246 4232; x_wconf 90' lang='lat' dir='ltr'>procellas</span> <span class='ocrx_word' id='word_1_767' title='bbox 3274 4182 3339 4221; x_wconf 91' lang='lat' dir='ltr'>ac</span> <span class='ocrx_word' id='word_1_768' title='bbox 3369 4170 3483 4222; x_wconf 91' lang='lat' dir='ltr'>tur-</span> 
     </span>
    </p>
   </div>
   <div class='ocr_carea' id='block_1_91' title="bbox 1844 4240 3479 4330">
    <p class='ocr_par' dir='ltr' id='par_1_91' title="bbox 1844 4240 3479 4330">
     <span class='ocr_line' id='line_1_92' title="bbox 1844 4240 3479 4330; baseline 0.014 -36"><span class='ocrx_word' id='word_1_769' title='bbox 1844 4240 2008 4296; x_wconf 91' lang='lat' dir='ltr'>bines</span> <span class='ocrx_word' id='word_1_770' title='bbox 2037 4243 2227 4297; x_wconf 69' lang='lat' dir='ltr'>smculi</span> <span class='ocrx_word' id='word_1_771' title='bbox 2252 4247 2488 4316; x_wconf 89' lang='lat' dir='ltr'>stemus,</span> <span class='ocrx_word' id='word_1_772' title='bbox 2523 4251 2585 4303; x_wconf 89' lang='lat' dir='ltr'>ut</span> <span class='ocrx_word' id='word_1_773' title='bbox 2614 4249 2687 4303; x_wconf 91' lang='lat' dir='ltr'>ad</span> <span class='ocrx_word' id='word_1_774' title='bbox 2724 4252 2825 4307; x_wconf 93' lang='lat' dir='ltr'>Dei</span> <span class='ocrx_word' id='word_1_775' title='bbox 2867 4270 3112 4311; x_wconf 90' lang='lat' dir='ltr'>munera</span> <span class='ocrx_word' id='word_1_776' title='bbox 3149 4276 3254 4330; x_wconf 91' lang='lat' dir='ltr'>per</span> <span class='ocrx_word' id='word_1_777' title='bbox 3288 4260 3479 4317; x_wconf 87' lang='lat' dir='ltr'>divina</span> 
     </span>
    </p>
   </div>
   <div class='ocr_carea' id='block_1_92' title="bbox 1846 4339 2709 4411">
    <p class='ocr_par' dir='ltr' id='par_1_92' title="bbox 1846 4339 2709 4411">
     <span class='ocr_line' id='line_1_93' title="bbox 1846 4339 2709 4411; baseline 0.012 -23"><span class='ocrx_word' id='word_1_778' title='bbox 1846 4340 2133 4407; x_wconf 61' lang='lat' dir='ltr'>praecepta</span> <span class='ocrx_word' id='word_1_779' title='bbox 2162 4339 2356 4394; x_wconf 89' lang='lat' dir='ltr'>venire</span> <span class='ocrx_word' id='word_1_780' title='bbox 2382 4341 2709 4411; x_wconf 84' lang='lat' dir='ltr'>possimus?</span> 
     </span>
    </p>
   </div>
   <div class='ocr_carea' id='block_1_93' title="bbox 1916 4430 3475 4512">
    <p class='ocr_par' dir='ltr' id='par_1_93' title="bbox 1916 4430 3475 4512">
     <span class='ocr_line' id='line_1_94' title="bbox 1916 4430 3475 4512; baseline 0.014 -30"><span class='ocrx_word' id='word_1_781' title='bbox 1916 4430 1985 4483; x_wconf 91' lang='lat' dir='ltr'>Et</span> <span class='ocrx_word' id='word_1_782' title='bbox 2009 4430 2140 4485; x_wconf 90' lang='lat' dir='ltr'>ideo</span> <span class='ocrx_word' id='word_1_783' title='bbox 2172 4432 2475 4489; x_wconf 89' lang='lat' dir='ltr'>hortamur</span> <span class='ocrx_word' id='word_1_784' title='bbox 2499 4436 2867 4494; x_wconf 89' lang='lat' dir='ltr'>dilectionem</span> <span class='ocrx_word' id='word_1_785' title='bbox 2898 4446 3167 4512; x_wconf 89' lang='lat' dir='ltr'>vestram,</span> <span class='ocrx_word' id='word_1_786' title='bbox 3214 4448 3272 4500; x_wconf 91' lang='lat' dir='ltr'>et</span> <span class='ocrx_word' id='word_1_787' title='bbox 3310 4448 3475 4504; x_wconf 90' lang='lat' dir='ltr'>obse-</span> 
     </span>
    </p>
   </div>
   <div class='ocr_carea' id='block_1_94' title="bbox 1758 4528 3478 4611">
    <p class='ocr_par' dir='ltr' id='par_1_94' title="bbox 1758 4528 3478 4611">
     <span class='ocr_line' id='line_1_95' title="bbox 1758 4528 3478 4611; baseline 0.013 -36"><span class='ocrx_word' id='word_1_788' title='bbox 1758 4536 1818 4608; x_wconf 86' lang='lat' dir='ltr'><strong>D</strong></span> <span class='ocrx_word' id='word_1_789' title='bbox 1841 4541 2086 4591; x_wconf 85' lang='lat' dir='ltr'>eramus,</span> <span class='ocrx_word' id='word_1_790' title='bbox 2111 4528 2174 4578; x_wconf 91' lang='lat' dir='ltr'>ut</span> <span class='ocrx_word' id='word_1_791' title='bbox 2198 4528 2317 4580; x_wconf 89' lang='lat' dir='ltr'>tam</span> <span class='ocrx_word' id='word_1_792' title='bbox 2347 4529 2624 4584; x_wconf 89' lang='lat' dir='ltr'>terribilia</span> <span class='ocrx_word' id='word_1_793' title='bbox 2652 4533 2885 4587; x_wconf 89' lang='lat' dir='ltr'>Patrum</span> <span class='ocrx_word' id='word_1_794' title='bbox 2903 4536 3234 4592; x_wconf 89' lang='lat' dir='ltr'>testimonia</span> <span class='ocrx_word' id='word_1_795' title='bbox 3264 4557 3478 4611; x_wconf 84' lang='lat' dir='ltr'>cogno-</span> 
     </span>
    </p>
   </div>
   <div class='ocr_carea' id='block_1_95' title="bbox 1842 4619 3467 4693">
    <p class='ocr_par' dir='ltr' id='par_1_95' title="bbox 1842 4619 3467 4693">
     <span class='ocr_line' id='line_1_96' title="bbox 1842 4619 3467 4693; baseline 0.012 -22"><span class='ocrx_word' id='word_1_796' title='bbox 1842 4620 2085 4685; x_wconf 89' lang='lat' dir='ltr'>scentes,</span> <span class='ocrx_word' id='word_1_797' title='bbox 2110 4619 2265 4672; x_wconf 92' lang='lat' dir='ltr'>nullo</span> <span class='ocrx_word' id='word_1_798' title='bbox 2293 4620 2469 4675; x_wconf 90' lang='lat' dir='ltr'>modo</span> <span class='ocrx_word' id='word_1_799' title='bbox 2499 4624 2801 4693; x_wconf 87' lang='lat' dir='ltr'>patiamini</span> <span class='ocrx_word' id='word_1_800' title='bbox 2838 4628 3073 4683; x_wconf 88' lang='lat' dir='ltr'>ulterius</span> <span class='ocrx_word' id='word_1_801' title='bbox 3102 4630 3160 4684; x_wconf 89' lang='lat' dir='ltr'>in</span> <span class='ocrx_word' id='word_1_802' title='bbox 3190 4631 3467 4691; x_wconf 88' lang='lat' dir='ltr'>divisione</span> 
     </span>
    </p>
   </div>
   <div class='ocr_carea' id='block_1_96' title="bbox 1842 4710 3471 4786">
    <p class='ocr_par' dir='ltr' id='par_1_96' title="bbox 1842 4710 3471 4786">
     <span class='ocr_line' id='line_1_97' title="bbox 1842 4710 3471 4786; baseline 0.012 -21"><span class='ocrx_word' id='word_1_803' title='bbox 1842 4710 2103 4766; x_wconf 79' lang='lat' dir='ltr'>Ecclesiae</span> <span class='ocrx_word' id='word_1_804' title='bbox 2126 4712 2433 4782; x_wconf 87' lang='lat' dir='ltr'>persistere</span> <span class='ocrx_word' id='word_1_805' title='bbox 2458 4732 2470 4781; x_wconf 93' lang='lat'>;</span> <span class='ocrx_word' id='word_1_806' title='bbox 2492 4717 2665 4771; x_wconf 92' lang='lat' dir='ltr'>sedin</span> <span class='ocrx_word' id='word_1_807' title='bbox 2683 4719 2900 4774; x_wconf 88' lang='lat' dir='ltr'>viscera</span> <span class='ocrx_word' id='word_1_808' title='bbox 2921 4726 3130 4778; x_wconf 81' lang='lat' dir='ltr'>sanctae</span> <span class='ocrx_word' id='word_1_809' title='bbox 3159 4728 3361 4783; x_wconf 88' lang='lat' dir='ltr'>matris</span> <span class='ocrx_word' id='word_1_810' title='bbox 3381 4747 3471 4786; x_wconf 86' lang='lat' dir='ltr'>ca-</span> 
     </span>
    </p>
   </div>
   <div class='ocr_carea' id='block_1_97' title="bbox 1840 4804 3468 4882">
    <p class='ocr_par' dir='ltr' id='par_1_97' title="bbox 1840 4804 3468 4882">
     <span class='ocr_line' id='line_1_98' title="bbox 1840 4804 3468 4882; baseline 0.013 -23"><span class='ocrx_word' id='word_1_811' title='bbox 1840 4804 2068 4859; x_wconf 78' lang='lat' dir='ltr'>tholicae</span> <span class='ocrx_word' id='word_1_812' title='bbox 2083 4809 2255 4876; x_wconf 88' lang='lat' dir='ltr'>atque</span> <span class='ocrx_word' id='word_1_813' title='bbox 2277 4809 2606 4878; x_wconf 59' lang='lat' dir='ltr'>apostolica;</span> <span class='ocrx_word' id='word_1_814' title='bbox 2622 4814 2851 4882; x_wconf 81' lang='lat' dir='ltr'>regredi</span> <span class='ocrx_word' id='word_1_815' title='bbox 2878 4818 2999 4871; x_wconf 87' lang='lat' dir='ltr'>tota</span> <span class='ocrx_word' id='word_1_816' title='bbox 3030 4820 3241 4875; x_wconf 89' lang='lat' dir='ltr'>mentis</span> <span class='ocrx_word' id='word_1_817' title='bbox 3279 4824 3468 4881; x_wconf 88' lang='lat' dir='ltr'>inten-</span> 
     </span>
    </p>
   </div>
   <div class='ocr_carea' id='block_1_98' title="bbox 1839 4898 3470 4975">
    <p class='ocr_par' dir='ltr' id='par_1_98' title="bbox 1839 4898 3470 4975">
     <span class='ocr_line' id='line_1_99' title="bbox 1839 4898 3470 4975; baseline 0.015 -23"><span class='ocrx_word' id='word_1_818' title='bbox 1839 4898 1997 4953; x_wconf 91' lang='lat' dir='ltr'>tione</span> <span class='ocrx_word' id='word_1_819' title='bbox 2027 4900 2272 4953; x_wconf 89' lang='lat' dir='ltr'>celerate</span> <span class='ocrx_word' id='word_1_820' title='bbox 2307 4898 2693 4975; x_wconf 89' lang='lat' dir='ltr'>[eccelerate):</span> <span class='ocrx_word' id='word_1_821' title='bbox 2728 4909 2791 4960; x_wconf 91' lang='lat' dir='ltr'>ut</span> <span class='ocrx_word' id='word_1_822' title='bbox 2812 4909 3053 4965; x_wconf 87' lang='lat' dir='ltr'>radicati</span> <span class='ocrx_word' id='word_1_823' title='bbox 3091 4913 3148 4967; x_wconf 90' lang='lat' dir='ltr'>in</span> <span class='ocrx_word' id='word_1_824' title='bbox 3190 4916 3470 4975; x_wconf 88' lang='lat' dir='ltr'>charitate</span> 
     </span>
    </p>
   </div>
   <div class='ocr_carea' id='block_1_99' title="bbox 1840 4992 3466 5084">
    <p class='ocr_par' dir='ltr' id='par_1_99' title="bbox 1840 4992 3466 5084">
     <span class='ocr_line' id='line_1_100' title="bbox 1840 4992 3466 5084; baseline 0.017 -39"><span class='ocrx_word' id='word_1_825' title='bbox 1840 4992 2079 5047; x_wconf 89' lang='lat' dir='ltr'>unitatis</span> <span class='ocrx_word' id='word_1_826' title='bbox 2100 4997 2271 5065; x_wconf 88' lang='lat' dir='ltr'>atque</span> <span class='ocrx_word' id='word_1_827' title='bbox 2286 4995 2513 5049; x_wconf 85' lang='lat' dir='ltr'>fundati</span> <span class='ocrx_word' id='word_1_828' title='bbox 2526 4996 2718 5053; x_wconf 88' lang='lat' dir='ltr'>dicere</span> <span class='ocrx_word' id='word_1_829' title='bbox 2740 5017 3071 5060; x_wconf 88' lang='lat' dir='ltr'>mereamur</span> <span class='ocrx_word' id='word_1_830' title='bbox 3099 5025 3111 5062; x_wconf 91' lang='lat'><strong>:</strong></span> <span class='ocrx_word' id='word_1_831' title='bbox 3144 5013 3275 5067; x_wconf 88' lang='lat' dir='ltr'>Ecce</span> <span class='ocrx_word' id='word_1_832' title='bbox 3301 5031 3466 5084; x_wconf 87' lang='lat' dir='ltr'>quam</span> 
     </span>
    </p>
   </div>
   <div class='ocr_carea' id='block_1_100' title="bbox 1841 5087 3468 5166">
    <p class='ocr_par' dir='ltr' id='par_1_100' title="bbox 1841 5087 3468 5166">
     <span class='ocr_line' id='line_1_101' title="bbox 1841 5087 3468 5166; baseline 0.016 -27"><span class='ocrx_word' id='word_1_833' title='bbox 1841 5087 2037 5141; x_wconf 90' lang='lat' dir='ltr'>bonum</span> <span class='ocrx_word' id='word_1_834' title='bbox 2066 5093 2117 5142; x_wconf 89' lang='lat' dir='ltr'>et</span> <span class='ocrx_word' id='word_1_835' title='bbox 2144 5104 2307 5158; x_wconf 84' lang='lat' dir='ltr'>quam</span> <span class='ocrx_word' id='word_1_836' title='bbox 2325 5090 2653 5158; x_wconf 85' lang='lat' dir='ltr'>jucundum,</span> <span class='ocrx_word' id='word_1_837' title='bbox 2682 5094 2930 5152; x_wconf 83' lang='lat' dir='ltr'>habitare</span> <span class='ocrx_word' id='word_1_838' title='bbox 2960 5103 3166 5166; x_wconf 82' lang='lat' dir='ltr'>fratres</span> <span class='ocrx_word' id='word_1_839' title='bbox 3199 5108 3257 5159; x_wconf 88' lang='lat' dir='ltr'>in</span> <span class='ocrx_word' id='word_1_840' title='bbox 3300 5124 3468 5165; x_wconf 87' lang='lat' dir='ltr'>unum</span> 
     </span>
    </p>
   </div>
   <div class='ocr_carea' id='block_1_101' title="bbox 1840 5178 3471 5265">
    <p class='ocr_par' dir='ltr' id='par_1_101' title="bbox 1840 5178 3471 5265">
     <span class='ocr_line' id='line_1_102' title="bbox 1840 5178 3471 5265; baseline 0.015 -31"><span class='ocrx_word' id='word_1_841' title='bbox 1840 5178 2004 5252; x_wconf 88' lang='lat' dir='ltr'>(Psal.</span> <span class='ocrx_word' id='word_1_842' title='bbox 2036 5180 2269 5252; x_wconf 81' lang='lat' dir='ltr'>cxxxu):</span> <span class='ocrx_word' id='word_1_843' title='bbox 2310 5183 2589 5238; x_wconf 90' lang='lat' dir='ltr'>veraciter</span> <span class='ocrx_word' id='word_1_844' title='bbox 2626 5188 3047 5248; x_wconf 84' lang='lat' dir='ltr'>exclamantes:</span> <span class='ocrx_word' id='word_1_845' title='bbox 3080 5197 3360 5265; x_wconf 86' lang='lat' dir='ltr'>Repletum</span> <span class='ocrx_word' id='word_1_846' title='bbox 3391 5209 3471 5261; x_wconf 85' lang='lat' dir='ltr'>est</span> 
     </span>
    </p>
   </div>
   <div class='ocr_carea' id='block_1_102' title="bbox 1837 5275 3462 5365">
    <p class='ocr_par' dir='ltr' id='par_1_102' title="bbox 1837 5275 3462 5365">
     <span class='ocr_line' id='line_1_103' title="bbox 1837 5275 3462 5365; baseline 0.015 -39"><span class='ocrx_word' id='word_1_847' title='bbox 1837 5275 2039 5341; x_wconf 87' lang='lat' dir='ltr'>gaudio</span> <span class='ocrx_word' id='word_1_848' title='bbox 2069 5291 2127 5329; x_wconf 90' lang='lat' dir='ltr'>os</span> <span class='ocrx_word' id='word_1_849' title='bbox 2154 5281 2417 5340; x_wconf 84' lang='lat' dir='ltr'>nostrum,</span> <span class='ocrx_word' id='word_1_850' title='bbox 2446 5283 2496 5333; x_wconf 89' lang='lat' dir='ltr'>et</span> <span class='ocrx_word' id='word_1_851' title='bbox 2521 5279 2712 5348; x_wconf 85' lang='lat' dir='ltr'>lingua</span> <span class='ocrx_word' id='word_1_852' title='bbox 2740 5289 2928 5339; x_wconf 87' lang='lat' dir='ltr'>nostra</span> <span class='ocrx_word' id='word_1_853' title='bbox 2947 5289 3276 5346; x_wconf 68' lang='lat' dir='ltr'>exultatione</span> <span class='ocrx_word' id='word_1_854' title='bbox 3294 5294 3462 5365; x_wconf 87' lang='lat' dir='ltr'>(Psal.</span> 
     </span>
    </p>
   </div>
   <div class='ocr_carea' id='block_1_103' title="bbox 1839 5368 3468 5451">
    <p class='ocr_par' dir='ltr' id='par_1_103' title="bbox 1839 5368 3468 5451">
     <span class='ocr_line' id='line_1_104' title="bbox 1839 5368 3468 5451; baseline 0.014 -30"><span class='ocrx_word' id='word_1_855' title='bbox 1839 5368 2017 5439; x_wconf 82' lang='lat' dir='ltr'>cxxv).</span> <span class='ocrx_word' id='word_1_856' title='bbox 2049 5368 2262 5433; x_wconf 85' lang='lat' dir='ltr'>Quibus</span> <span class='ocrx_word' id='word_1_857' title='bbox 2290 5371 2553 5427; x_wconf 90' lang='lat' dir='ltr'>breviore</span> <span class='ocrx_word' id='word_1_858' title='bbox 2582 5375 2817 5445; x_wconf 88' lang='lat' dir='ltr'>quidem</span> <span class='ocrx_word' id='word_1_859' title='bbox 2842 5379 3007 5451; x_wconf 85' lang='lat' dir='ltr'>style,</span> <span class='ocrx_word' id='word_1_860' title='bbox 3031 5382 3351 5442; x_wconf 88' lang='lat' dir='ltr'>abundanti</span> <span class='ocrx_word' id='word_1_861' title='bbox 3381 5394 3468 5446; x_wconf 90' lang='lat' dir='ltr'>ta-</span> 
     </span>
    </p>
   </div>
   <div class='ocr_carea' id='block_1_104' title="bbox 1836 5463 3467 5540">
    <p class='ocr_par' dir='ltr' id='par_1_104' title="bbox 1836 5463 3467 5540">
     <span class='ocr_line' id='line_1_105' title="bbox 1836 5463 3467 5540; baseline 0.015 -24"><span class='ocrx_word' id='word_1_862' title='bbox 1836 5478 1974 5517; x_wconf 89' lang='lat' dir='ltr'>men</span> <span class='ocrx_word' id='word_1_863' title='bbox 2013 5463 2293 5519; x_wconf 88' lang='lat' dir='ltr'>charitate</span> <span class='ocrx_word' id='word_1_864' title='bbox 2329 5468 2637 5538; x_wconf 91' lang='lat' dir='ltr'>responsis,</span> <span class='ocrx_word' id='word_1_865' title='bbox 2672 5473 2730 5524; x_wconf 91' lang='lat' dir='ltr'>et</span> <span class='ocrx_word' id='word_1_866' title='bbox 2755 5471 2824 5525; x_wconf 90' lang='lat' dir='ltr'>de</span> <span class='ocrx_word' id='word_1_867' title='bbox 2856 5474 3234 5533; x_wconf 82' lang='lat' dir='ltr'>fraternitatis</span> <span class='ocrx_word' id='word_1_868' title='bbox 3264 5488 3467 5540; x_wconf 67' lang='lat' dir='ltr'>vestrae</span> 
     </span>
    </p>
   </div>
   <div class='ocr_carea' id='block_1_105' title="bbox 1835 5557 3469 5635">
    <p class='ocr_par' dir='ltr' id='par_1_105' title="bbox 1835 5557 3469 5635">
     <span class='ocr_line' id='line_1_106' title="bbox 1835 5557 3469 5635; baseline 0.015 -26"><span class='ocrx_word' id='word_1_869' title='bbox 1835 5557 2146 5626; x_wconf 89' lang='lat' dir='ltr'>mentibus,</span> <span class='ocrx_word' id='word_1_870' title='bbox 2171 5562 2229 5613; x_wconf 89' lang='lat' dir='ltr'>et</span> <span class='ocrx_word' id='word_1_871' title='bbox 2251 5559 2322 5614; x_wconf 91' lang='lat' dir='ltr'>de</span> <span class='ocrx_word' id='word_1_872' title='bbox 2343 5560 2547 5617; x_wconf 70' lang='lat' dir='ltr'>divinae</span> <span class='ocrx_word' id='word_1_873' title='bbox 2569 5563 2974 5623; x_wconf 70' lang='lat' dir='ltr'>misericordia:</span> <span class='ocrx_word' id='word_1_874' title='bbox 3001 5569 3210 5628; x_wconf 88' lang='lat' dir='ltr'>virtute</span> <span class='ocrx_word' id='word_1_875' title='bbox 3232 5580 3469 5635; x_wconf 76' lang='lat' dir='ltr'>conlidi-</span> 
     </span>
    </p>
   </div>
   <div class='ocr_carea' id='block_1_106' title="bbox 1835 5644 3456 5729">
    <p class='ocr_par' dir='ltr' id='par_1_106' title="bbox 1835 5644 3456 5729">
     <span class='ocr_line' id='line_1_107' title="bbox 1835 5644 3456 5729; baseline 0.016 -25"><span class='ocrx_word' id='word_1_876' title='bbox 1835 5644 2097 5719; x_wconf 44' lang='lat' dir='ltr'>mus,&#39;vos</span> <span class='ocrx_word' id='word_1_877' title='bbox 2114 5656 2324 5707; x_wconf 59' lang='lat' dir='ltr'>sancta</span> <span class='ocrx_word' id='word_1_878' title='bbox 2344 5654 2510 5710; x_wconf 90' lang='lat' dir='ltr'>citius</span> <span class='ocrx_word' id='word_1_879' title='bbox 2528 5658 2837 5715; x_wconf 87' lang='lat' dir='ltr'>reformari</span> <span class='ocrx_word' id='word_1_880' title='bbox 2851 5661 3250 5723; x_wconf 89' lang='lat' dir='ltr'>indubitanter</span> <span class='ocrx_word' id='word_1_881' title='bbox 3265 5672 3456 5729; x_wconf 89' lang='lat' dir='ltr'>Eccle-</span> 
     </span>
    </p>
   </div>
   <div class='ocr_carea' id='block_1_107' title="bbox 1834 5743 3461 5835">
    <p class='ocr_par' dir='ltr' id='par_1_107' title="bbox 1834 5743 3461 5835">
     <span class='ocr_line' id='line_1_108' title="bbox 1834 5743 3461 5835; baseline 0.015 -38"><span class='ocrx_word' id='word_1_882' title='bbox 1834 5743 1951 5798; x_wconf 81' lang='lat' dir='ltr'>siae.</span> <span class='ocrx_word' id='word_1_883' title='bbox 1981 5745 2042 5801; x_wconf 91' lang='lat' dir='ltr'>Si</span> <span class='ocrx_word' id='word_1_884' title='bbox 2072 5750 2269 5802; x_wconf 90' lang='lat' dir='ltr'>tamen</span> <span class='ocrx_word' id='word_1_885' title='bbox 2295 5764 2401 5819; x_wconf 89' lang='lat' dir='ltr'>pro</span> <span class='ocrx_word' id='word_1_886' title='bbox 2432 5751 2643 5806; x_wconf 86' lang='lat' dir='ltr'>nostris</span> <span class='ocrx_word' id='word_1_887' title='bbox 2668 5752 2855 5810; x_wconf 90' lang='lat' dir='ltr'>adhuc</span> <span class='ocrx_word' id='word_1_888' title='bbox 2877 5755 3095 5813; x_wconf 88' lang='lat' dir='ltr'>delictis</span> <span class='ocrx_word' id='word_1_889' title='bbox 3122 5761 3342 5835; x_wconf 88' lang='lat' dir='ltr'>aliquid</span> <span class='ocrx_word' id='word_1_890' title='bbox 3358 5767 3461 5822; x_wconf 91' lang='lat' dir='ltr'>ini-</span> 
     </span>
    </p>
   </div>
   <div class='ocr_carea' id='block_1_108' title="bbox 1833 5837 3463 5933">
    <p class='ocr_par' dir='ltr' id='par_1_108' title="bbox 1833 5837 3463 5933">
     <span class='ocr_line' id='line_1_109' title="bbox 1833 5837 3463 5933; baseline 0.015 -41"><span class='ocrx_word' id='word_1_891' title='bbox 1833 5837 2016 5894; x_wconf 88' lang='lat' dir='ltr'>micus</span> <span class='ocrx_word' id='word_1_892' title='bbox 2039 5840 2369 5898; x_wconf 88' lang='lat' dir='ltr'>animarum</span> <span class='ocrx_word' id='word_1_893' title='bbox 2386 5843 2546 5899; x_wconf 84' lang='lat' dir='ltr'>vobis</span> <span class='ocrx_word' id='word_1_894' title='bbox 2563 5846 2963 5907; x_wconf 89' lang='lat' dir='ltr'>obstinationis</span> <span class='ocrx_word' id='word_1_895' title='bbox 2981 5852 3157 5925; x_wconf 81' lang='lat' dir='ltr'>(quod</span> <span class='ocrx_word' id='word_1_896' title='bbox 3176 5857 3341 5933; x_wconf 87' lang='lat' dir='ltr'>absit)</span> <span class='ocrx_word' id='word_1_897' title='bbox 3364 5866 3463 5917; x_wconf 87' lang='lat' dir='ltr'>aut</span> 
     </span>
    </p>
   </div>
   <div class='ocr_carea' id='block_1_109' title="bbox 3077 5961 3154 6024">
    <p class='ocr_par' dir='ltr' id='par_1_109' title="bbox 3077 5961 3154 6024">
     <span class='ocr_line' id='line_1_110' title="bbox 3077 5961 3154 6024; baseline 0.039 -3"><span class='ocrx_word' id='word_1_898' title='bbox 3077 5961 3154 6024; x_wconf 68' lang='lat'><strong>23</strong></span> 
     </span>
    </p>
   </div>
  </div>
