4016 6240
498 298 600 353 715

1880 290 2145 349 PELAGII
2178 290 2371 349 PAPE
2407 290 2455 348 ῙΙ

3760 296 3863 350 716

497 401 805 460 dubietatis
825 401 1106 473 intulerit,
1129 400 1442 459 secundum
1468 402 1623 473 quod
1650 401 2013 457 interlocutio
2029 418 2128 457 no-
2226 403 2401 473 longo
2433 400 2725 457 divisionis
2753 418 2858 456 usu
2889 402 3106 473 quanto
3125 398 3338 457 mentis
3358 398 3575 474 frigore
3596 400 3866 457 fraterni-

497 503 616 553 stra
648 502 941 571 gestorum
973 497 1126 569 apud
1162 514 1266 552 nos
1293 496 1621 551 habitorum
1656 511 1926 567 suprema
1968 512 2125 551 com-

494 593 783 665 plectitur,
819 598 876 648 et
912 593 1056 647 sicut
1080 589 1551 645 excellentissimo
1585 589 1821 645 domino
1852 589 1969 645 filio
2020 606 2124 645 no-

495 691 614 743 stro
646 687 967 758 Smaragdo
984 685 1227 740 exarcho
1248 683 1420 738 Italia
1438 683 1758 755 supplicare
1780 684 2122 752 curavimus,

494 781 801 835 instructas
825 781 933 833 huc
959 778 1033 832 ad
1057 794 1162 831 nos
1183 793 1478 847 personas,
1513 777 1718 848 quibus
1742 777 1964 831 facilius
1993 778 2124 831 red-

496 874 690 929 denda
718 872 1161 943 recipiendaque
1190 870 1263 924 sit
1284 871 1454 938 ratio,
1484 871 1713 925 mittere
1744 872 2033 938 festinate,
2064 874 2129 925 ut

495 969 655 1022 nulla
691 966 960 1035 deinceps
1006 980 1317 1019 consensus
1356 964 1527 1018 vestri
1579 964 1841 1019 dubietas
1861 964 2124 1035 supersit,

495 1064 594 1115 aut
632 1058 891 1123 tarditas,
939 1058 986 1111 si
1033 1058 1114 1111 eis
1166 1058 1476 1113 satisfactio
1505 1059 1678 1129 plena
1702 1058 1996 1112 reddatur.
2026 1058 2126 1111 Vel

496 1154 543 1207 si
573 1169 675 1224 pro
705 1150 1128 1222 longinquitate
1172 1152 1451 1219 locorum,
1470 1153 1556 1205 vel
1588 1155 1917 1222 temporum
1941 1151 2124 1223 quali-

494 1249 611 1301 tate
642 1244 959 1316 pavescitis,
994 1244 1108 1299 illic
1138 1247 1425 1300 Ravenna
1472 1245 1573 1299 ﬁat
1626 1244 2003 1316 congregatio
2044 1261 2128 1299 sa-

494 1338 815 1405 cerdotum,
848 1353 961 1409 quo
994 1354 1099 1392 nos
1126 1338 1302 1392 etiam
1337 1338 1435 1409 qui
1464 1340 1589 1393 loco
1620 1341 1815 1393 nostro
1837 1338 2124 1405 intersint,

495 1432 791 1487 divinitate
810 1430 1078 1503 propitia,
1113 1431 1450 1502 dirigemus,
1485 1449 1519 1486 a
1549 1432 1755 1503 quibus
1786 1432 2124 1487 satisfactio-

494 1543 631 1581 nem
652 1525 1047 1597 plenissimam
1078 1525 1349 1597 capiatis;
1385 1542 1456 1579 ne
1479 1526 1723 1597 amplius
1748 1525 1961 1580 anima
1989 1525 2125 1579 sim-

491 1620 668 1692 plices
718 1619 911 1673 divisa
970 1636 1005 1672 a
1058 1621 1257 1673 sancta
1325 1619 1578 1674 Ecclesia
1649 1637 1753 1691 pro
1826 1620 2127 1691 superﬂuis

494 1712 905 1785 quaestionibus
951 1714 1073 1766 tam
1120 1713 1296 1783 longa
1334 1712 1717 1768 obstinatione
1759 1715 2123 1780 remaneant,

2224 499 2313 550 tas
2342 499 2529 550 vestra
2557 496 2856 567 torpuerit,
2900 512 3028 567 qua
3064 512 3170 551 nec
3215 495 3497 551 confricta
3542 496 3863 552 recalescit.

2228 589 2377 654 Quid
2407 589 2584 660 igitur
2608 588 2760 643 inter
2798 590 2921 644 hac
2948 589 3178 657 faciam,
3209 590 3317 645 nisi
3345 593 3409 645 ut
3440 607 3544 662 pro
3591 590 3755 646 vobis
3791 590 3868 645 ad

2224 684 2505 754 lacrymas
2526 683 2759 738 vertar?
2778 683 2922 747 Quia
2936 684 3093 739 enim
3109 685 3199 739 leo
3224 684 3459 754 rugiens
3488 684 3693 739 circuit
3713 700 3867 756 qua-

2225 794 2361 831 rens
2394 793 2568 847 quem
2613 777 2849 831 devoret
2879 778 2928 848 (Ι
2959 780 3101 833 Petr.
3134 779 3211 850 v),
3259 777 3372 832 scio
3424 781 3484 832 et
3518 794 3619 833 vos
3647 780 3867 831 stantes

2227 874 2385 925 extra
2414 871 2606 925 caulas
2632 870 2825 925 ovium
2853 870 3278 943 (devorandos).
3310 873 3435 926 Non
3466 872 3719 942 demptis
3745 872 3864 925 fru-

2226 963 2408 1018 ctibus
2438 964 2706 1035 palmites
2733 964 2991 1032 attendo,
3024 964 3125 1019 sed
3148 965 3426 1021 abscissos
3446 982 3480 1019 a
3510 965 3707 1019 radice
3737 964 3870 1018 vitis

2227 1058 2459 1128 aspicio.
2481 1059 2551 1112 Et
2567 1058 2841 1112 sudantes
2868 1075 2966 1113 vos
2988 1058 3284 1129 operarios
3309 1075 3505 1125 cerno,
3539 1058 3642 1112 sed
3662 1062 3869 1112 tamen

2224 1151 2489 1206 laborare
2509 1155 2669 1206 extra
2683 1151 2911 1206 vineam
2929 1168 3045 1206 non
3064 1152 3289 1223 ignoro.
3305 1154 3445 1207 Ecce
3458 1156 3705 1223 urgente
3727 1152 3866 1217 fine,

2226 1248 2430 1299 cuncta
2448 1248 2762 1312 vastantur,
2783 1244 2855 1299 ad
2885 1245 3255 1300 solitudinem
3275 1249 3429 1300 terra
3450 1245 3759 1316 redigitur,
3784 1248 3872 1299 at-

2228 1338 2529 1409 que(utita
2541 1338 2803 1408 dixerim)
2824 1339 3076 1409 procella
3101 1338 3294 1393 diluvii
3310 1338 3594 1393 mundum
3618 1338 3865 1404 subruit,

2227 1436 2285 1486 et
2312 1436 2501 1486 vestra
2525 1433 2855 1486 fraternitas
2877 1438 3074 1486 arcam
3106 1432 3273 1502 fugit.
3310 1433 3449 1487 Cum
3487 1432 3743 1487 Ieremia
3785 1431 3869 1486 di-

2227 1542 2387 1579 cam:
2420 1526 2552 1591 Quis
2580 1526 2733 1580 dabit
2763 1528 2932 1595 capiti
2961 1542 3073 1580 meo
3103 1542 3306 1595 aquam
3329 1532 3381 1581 et
3409 1528 3579 1581 oculis
3600 1528 3735 1581 meis
3745 1529 3871 1594 fon-

2227 1624 2331 1673 tem
2357 1619 2721 1687 lacrymarum
2739 1620 2869 1690 (Jer.
2900 1618 3006 1687 ix);
3042 1623 3100 1673 et
3123 1635 3351 1673 rursum
3379 1635 3393 1674 :
3417 1620 3703 1675 Deducant
3725 1621 3870 1673 oculi

2226 1714 2401 1767 nostri
2462 1713 2750 1781 lacrymas,
2793 1718 2843 1767 et
2876 1713 3155 1783 palpebra
3199 1717 3397 1767 nostra
3422 1713 3666 1781 deﬂuant
3705 1715 3870 1783 aquis

495 1782 603 1861 nec
647 1823 749 1878 per
794 1823 912 1873 vos,
956 1822 1100 1877 quos
1133 1782 1410 1860 dominici
1450 1806 1641 1877 gregis
1684 1807 1851 1861 decet
1878 1823 2001 1860 esse
2031 1782 2204 1877 pa-B
2229 1806 2442 1875 (Ibid);
2482 1805 2669 1860 dicam
2709 1823 2841 1861 cum
2871 1782 2979 1861 illo
3003 1804 3215 1860 iterum
3251 1822 3264 1860 :
3312 1806 3542 1861 Plorabo
3573 1812 3625 1861 et
3653 1782 3870 1876 requie-

492 1904 697 1967 stores,
730 1916 862 1954 oves
887 1916 920 1953 a
940 1898 1114 1970 septis
1140 1900 1535 1955 ecclesiasticis
1556 1904 1863 1971 evagantes
1900 1899 2125 1971 rapacis

493 1997 611 2069 lupi
638 1997 907 2052 dentibus
931 2000 1368 2052 consumantur.

910 2141 1245 2197 EPISTOLA
1280 2142 1325 2194 v
1360 2140 1518 2214 [Olim
1552 2141 1702 2215 VII],

599 2261 720 2309 QUxE
746 2261 843 2301 EST
868 2261 1058 2301 TERTIA
1090 2262 1161 2301 AD
1185 2261 1347 2300 ELIAM
1370 2260 1433 2299 ΕΤ
1470 2255 1767 2301 EPI'SCOPOS
1806 2260 2014 2300 ISTRL’E.

490 2350 672 2417 Hujus
699 2349 937 2418 epistola
962 2350 1206 2401 meminit
1228 2348 1413 2402 beatus
1431 2347 1719 2415 Gregorius
1750 2348 1843 2401 lib.
1869 2363 1929 2416 ιι,
1965 2349 2120 2416 epist.

562 2423 651 2487 36,
689 2420 764 2473 ad
792 2422 1064 2489 episcopos
1103 2419 1395 2480 Hibernia,
1435 2434 1599 2487 quam
1631 2420 1829 2472 librum
1859 2420 2121 2488 appellat.
2188 2466 2193 2473 .

559 2493 697 2545 Eam
722 2491 792 2544 ab
823 2490 1003 2543 eodem
1031 2490 1182 2542 beato
1214 2488 1490 2556 Gregorio,
1513 2505 1631 2542 cum
1648 2489 1826 2543 adhuc
1847 2495 1981 2543 esset
2008 2491 2125 2543 dia-

562 2576 727 2616 conus
750 2562 1011 2628 scriptam
1025 2562 1199 2625 fuisse
1227 2563 1442 2613 nomine
1464 2561 1674 2627 Pelagii
1689 2576 1870 2629 papa,
1898 2565 2127 2614 testatur

558 2633 767 2686 Paulus
816 2631 1202 2697 Warnefridus
1240 2631 1335 2685 lib.
1368 2647 1428 2685 ιιι
1455 2631 1522 2685 de
1551 2633 1722 2687 Gestis
1746 2632 2127 2699 Langobardo-

558 2718 701 2765 rum,
729 2718 847 2772 cap.
881 2705 967 2768 l0,
1001 2703 1078 2756 al.
1105 2704 1192 2755 20.

561 2820 951 2877 Dilectissimis
991 2820 1285 2889 fratribus,
1328 2820 1484 2888 Elia,
1541 2821 1627 2875 vel
1679 2821 1955 2876 universis
2003 2821 2121 2893 epi-

489 2916 674 2986 scopis
713 2915 772 2969 in
818 2914 994 2969 lstria
1040 2913 1299 2985 partibus
1333 2914 1678 2981 constitutis,
1709 2915 1976 2986 Pelagius
2011 2914 2125 2985 epi-

489 3026 712 3081 scopus.

560 3105 600 3158 l.
628 3103 910 3157 Virtutum
935 3104 1123 3155 mater
1151 3101 1401 3155 charitas
1429 3102 1479 3171 (Ι
1496 3104 1615 3160 Cor.
1662 3101 1804 3171 xm),
1848 3117 1975 3172 qua
2013 3102 2121 3156 Re-

488 3196 806 3267 demptoris
827 3195 913 3248 sui
933 3194 1104 3248 lucris
1124 3194 1398 3262 serviens,
1424 3212 1552 3266 qua
1573 3212 1871 3266 nunquam
1905 3212 1975 3249 ea
1995 3211 2122 3265 qua

489 3306 593 3344 sua
623 3291 756 3342 sunt
781 3287 1005 3358 quaerit,
1035 3286 1320 3342 desiderio
1340 3288 1637 3343 anhelanti
1661 3304 1754 3342 me
1772 3287 1999 3360 impulit
2026 3288 2125 3343 du-

490 3382 629 3437 dum
670 3379 1018 3435 fraternitati
1063 3384 1266 3435 vestra
1318 3381 1491 3451 plena
1548 3380 1866 3435 dulcedinis
1914 3382 2126 3453 scripta

490 3474 901 3540 transmittere,
931 3489 1058 3544 qua
1084 3472 1369 3543 disjuncta
1392 3474 1488 3527 diu
1511 3474 1732 3545 possint
1763 3492 1864 3529 suo
1896 3475 2125 3546 corpori

488 3568 694 3623 Christi
710 3567 972 3622 membra
982 3567 1220 3622 sociare.
1231 3568 1289 3620 ln
1306 3567 1512 3638 quibus
1527 3569 1653 3638 plus
1665 3568 1930 3639 precibus
1949 3585 2125 3639 quam

491 3661 727 3718 monitis
750 3662 1013 3732 loquens,
1032 3660 1241 3715 affectu
1265 3677 1379 3732 quo
1400 3661 1570 3729 valui,
1589 3662 1878 3716 exhortari
1912 3661 2122 3730 curavi,

494 3759 558 3812 ut
595 3772 738 3827 quos
785 3759 949 3826 aptos
981 3753 1357 3809 discutienda
1390 3754 1604 3810 rationi
1630 3755 1988 3826 praviderit,
2015 3756 2127 3811 huc

489 3848 727 3905 Dilectio
754 3850 943 3902 vestra
973 3845 1270 3919 dirigeret,
1301 3851 1586 3918 quatenus
1612 3847 1673 3902 in
1700 3847 1878 3903 trium
1900 3849 2119 3920 capitu-

489 3943 681 3998 lorum
710 3940 966 4011 negotio,
1010 3941 1098 3994 vel
1129 3957 1375 4012 quaque
1405 3946 1603 4012 aperta
1647 3946 1781 3997 sunt
1819 3960 2130 4015 cognosce-

490 4040 642 4101 rent,
673 4035 762 4089 vel
783 4049 1029 4105 quaque
1055 4034 1252 4087 forsan
1273 4034 1515 4089 obscura
1532 4036 1885 4104 viderentur,
1904 4038 2027 4092 hac
2046 4037 2128 4092 eis

493 4127 719 4183 collatio
752 4114 1001 4198 pacifica
1029 4126 1365 4182 intentionis
1394 4129 1671 4199 aperiret:
1698 4130 1938 4185 tandem
1974 4131 2122 4185 Dile-

493 4220 698 4276 ctionis
743 4223 943 4273 vestra
996 4220 1207 4291 scripta
1265 4222 1505 4293 suscepi,
1556 4240 1685 4293 qua
1733 4241 1851 4279 non
1888 4225 2130 4280 rationis

493 4330 693 4370 causas
724 4316 1071 4384 quarerent,
1107 4314 1209 4368 sed
1245 4313 1560 4369 deliberata
1598 4317 1754 4386 apud
1796 4333 1895 4371 vos
1922 4317 2129 4387 judicii

496 4407 785 4465 sententia
809 4406 1185 4479 imperarent.
1216 4409 1329 4462 Hoc
1362 4412 1556 4462 autem
1589 4408 1743 4478 quod
1778 4426 1878 4464 vos
1914 4412 2128 4477 audere

2222 1899 2542 1963 scamonia
2571 1899 2727 1954 enim
2758 1899 3015 1970 quietem
3044 1898 3366 1955 concordia
3386 1898 3447 1954 in
3466 1902 3654 1955 vestro
3688 1899 3870 1954 corde

2224 2009 2342 2047 non
2361 1992 2784 2059 invenio,fessa
2801 1994 2982 2048 menti
3004 1995 3286 2064 lacrymas
3298 1997 3511 2071 sterno.
3537 1992 3675 2058 Qua
3703 1992 3867 2047 enim

2222 2086 2340 2140 mei
2370 2086 2600 2157 spiritus
2620 2086 2851 2157 requies
2876 2103 2997 2141 esse
3029 2090 3238 2159 potest,
3269 2087 3317 2141 si
3343 2087 3415 2140 ab
3446 2087 3669 2142 occulto
3692 2087 3868 2141 hoste

2224 2179 2503 2234 inﬂictum
2529 2181 2736 2235 vulnus
2754 2180 2978 2235 mederi
3004 2197 3120 2236 non
3142 2180 3377 2252 potest?
3402 2181 3542 2235 Ecce
3560 2180 3619 2234 in
3643 2179 3867 2234 cunctis

2224 2273 2425 2328 mundi
2440 2273 2695 2344 partibus
2714 2276 2910 2329 sancta
2931 2277 2991 2327 et
3007 2274 3343 2328 universalis
3359 2273 3611 2328 Ecclesia
3621 2273 3864 2327 unitatis

2224 2382 2341 2421 sua
2366 2366 2546 2421 radiis
2570 2367 2771 2438 fulget,
2807 2367 2907 2421 sed
2926 2372 3124 2422 tamen
3156 2367 3343 2422 adhuc
3371 2367 3642 2421 umbram
3662 2369 3869 2421 vestra

2226 2460 2517 2514 divisionis
2544 2461 2804 2516 sustinet.
2837 2461 3058 2531 Ubique
3086 2462 3144 2515 in
3183 2461 3316 2515 fidei
3366 2464 3516 2515 statu
3544 2460 3864 2531 perdurat;

2226 2553 2325 2608 sed
2338 2553 2593 2624 gaudere
2610 2570 2740 2608 eam
2762 2554 2833 2608 de
2863 2571 2965 2608 sua
2977 2555 3157 2609 salute
3174 2554 3444 2625 prohibet
3456 2555 3684 2619 vulnus,
3705 2553 3864 2625 quod

2226 2646 2296 2701 de
2327 2651 2514 2701 vestra
2535 2647 2882 2701 abscissione
2904 2649 3131 2702 tolerat.
3146 2649 3343 2719 Neque
3369 2648 3527 2702 enim
3548 2664 3761 2702 sanum
3777 2664 3866 2702 ca-

2224 2743 2329 2811 put
2349 2741 2599 2795 brachiis
2619 2741 2991 2795 marentibus
3013 2741 3258 2812 gaudet;
3288 2758 3393 2796 nec
3419 2757 3479 2795 se
3507 2740 3674 2813 quasi
3704 2741 3863 2795 inco-

2224 2834 2382 2888 lume
2413 2850 2534 2888 esse
2552 2838 2751 2905 pectus
2763 2836 3006 2902 laetatur,
3029 2851 3159 2888 cum
3176 2835 3566 2905 subjectorum
3580 2835 3867 2889 viscerum

2225 2927 2519 2982 doloribus
2544 2928 2803 2999 tangitur
2826 2945 2839 2994 ;
2873 2931 2993 2983 tota
3024 2944 3273 2999 namque
3295 2929 3552 2999 corporis
3574 2945 3864 3000 compago

2226 3020 2490 3088 afficitur,
2514 3020 2558 3074 si
2580 3038 2711 3091 pars
2733 3020 2856 3091 ejus
2872 3022 2957 3075 vel
2980 3025 3237 3075 extrema
3253 3021 3867 3093 laceratur.0uidquid

2226 3130 2365 3184 ergo
2388 3117 2473 3167 est
2493 3114 2648 3184 quod
2668 3114 2842 3168 aliam
2864 3114 2984 3185 pati
3006 3114 3198 3181 sentit,
3222 3115 3280 3168 in
3295 3132 3355 3169 se
3384 3114 3693 3170 harmonia
3726 3116 3864 3169 cha-

2224 3207 2409 3261 ritatis
2435 3207 2690 3273 attrahit,
2720 3208 2895 3262 Paulo
2924 3210 3256 3273 attestante,
3275 3208 3373 3279 qui
3404 3208 3485 3262 ait
3512 3225 3526 3262 :
3562 3212 3632 3264 Et
3660 3207 3868 3277 siquid

2218 3303 2435 3370 patitur
2457 3316 2627 3355 unum
2646 3302 2961 3363 membrum,
2990 3304 3394 3371 compatiuntur
3403 3306 3597 3356 cetera
3621 3302 3869 3356 membra.

2227 3394 2275 3464 (Ι
2300 3396 2418 3451 Cor.
2435 3393 2532 3463 ιι).
2554 3394 2667 3448 Nos
2691 3392 2885 3464 itaque
2908 3409 3123 3461 sumus,
3152 3393 3251 3465 qui
3272 3395 3459 3448 vestro
3489 3393 3691 3449 dolore
3713 3397 3870 3448 tran-

2226 3488 2505 3557 sfigimur,
2543 3503 2647 3542 nos
2665 3486 2762 3558 qui
2778 3486 2979 3541 vestris
3008 3486 3372 3541 scissionibus
3389 3488 3868 3541 secamur.’l‘anto

2225 3579 2401 3650 igitur
2431 3580 2658 3634 damnis
2683 3579 2885 3634 vestris
2905 3580 3115 3634 festina
3151 3564 3429 3635 debemus
3467 3581 3868 3636 consolatione

2226 3690 2577 3740 succurrere,
2615 3677 2830 3744 quanto
2863 3690 2932 3728 ea
2980 3689 3084 3745 per
3123 3674 3465 3728 ‘charitatem
3508 3674 3776 3745 cogimur
3801 3677 3869 3727 ut

2227 3770 2422 3821 nostra
2447 3765 2680 3820 sentire.
2716 3767 2859 3820 Nam
2897 3765 3005 3820 etsi
3037 3766 3268 3821 differre
3307 3767 3547 3821 forsitan
3574 3767 3867 3833 volumus,

2227 3876 2488 3931 superna
2518 3858 2927 3931 increpationis
2951 3876 3089 3915 voce
3115 3863 3423 3927 terremur,
3457 3876 3583 3931 qua
3615 3858 3873 3931 ignavos

2226 3957 2485 4025 pastores
2514 3953 2818 4025 increpans
2832 3953 3003 4008 dicit:
3030 3954 3183 4020 Quod
3205 3957 3448 4022 fractum
3479 3959 3616 4016 erat,
3643 3969 3758 4008 non
3791 3955 3873 4008 al-

2228 4049 2460 4115 ligastis,
2485 4053 2534 4102 et
2554 4048 2701 4117 quod
2720 4048 2989 4115 abjectum
3013 4062 3123 4101 non
3147 4047 3465 4109 reduxistis,
3503 4051 3553 4103 et
3582 4047 3733 4116 quod
3737 4063 3868 4116 per-

2228 4142 2402 4196 ditum
2425 4157 2532 4196 non
2559 4143 2844 4210 quaesistis.
2876 4140 2934 4196 Si
2962 4139 3193 4195 differre
3216 4142 3498 4208 volumus,
3536 4139 3870 4195 indiscreta

2230 4234 2578 4289 inventionis
2592 4234 3099 4304 increpamur,qua
3112 4249 3216 4304 per
3230 4233 3578 4305 prophetam
3591 4234 3871 4288 Dominus

2232 4326 2368 4382 dicit
2391 4344 2403 4383 :
2432 4328 2714 4397 Numquid
2732 4329 2915 4382 resina
2936 4343 3046 4381 non
3060 4332 3140 4382 est
3162 4330 3222 4382 in
3234 4328 3472 4390 Galaad,
3503 4333 3604 4382 aut
3627 4328 3869 4383 medicus

2228 4437 2335 4475 non
2361 4427 2439 4476 est
2470 4421 2586 4476 ibi?
2608 4422 2784 4487 Quare
2808 4436 2931 4488 ergo
2958 4436 3067 4475 non
3098 4426 3177 4475 est
3205 4422 3440 4476 obducta
3474 4423 3710 4476 cicatrix
3743 4424 3873 4492 ﬁlia

497 4508 568 4563 de
581 4512 769 4562 vestra
783 4502 1264 4574 sapientiavideo,
1288 4502 1491 4567 fateor,
1511 4501 1713 4555 dolens
1728 4503 2131 4576 miror;elqui-
2149 4523 2209 4595 D
2224 4516 2421 4586 populi
2447 4517 2553 4569 mei
2577 4515 2784 4586 (Ezech.
2822 4514 3048 4585 xxxw)?
3094 4513 3242 4578 Quid
3275 4514 3430 4569 enim
3456 4530 3563 4585 per
3586 4515 3868 4583 resinam,

497 4603 629 4658 dem
656 4617 761 4674 per
790 4598 1060 4671 epistolas
1081 4596 1364 4666 exempla,
1389 4596 1453 4648 ut
1480 4600 1638 4665 puto,
1664 4597 2127 4653 ostendithumi-

498 4696 692 4763 litatis,
716 4693 933 4749 amoris
953 4691 1243 4762 specimen
1265 4687 1503 4758 praebui.
1528 4688 1643 4743 Sed
1662 4688 1797 4744 dum
1813 4692 1953 4746 nihil
1977 4694 2131 4764 apud

496 4808 596 4847 vos
616 4788 805 4860 reperi
837 4782 1251 4842 admonitionis
1278 4798 1424 4835 mea
1450 4782 1624 4838 verba
1650 4784 1951 4855 proficere,
1984 4785 2132 4841 ﬂens

501 4898 850 4956 gemensque
874 4896 1003 4935 cum
1027 4876 1311 4949 prOpheta
1336 4891 1513 4947 cogor
1543 4878 1863 4934 exclamare
1894 4897 1906 4934 :
1954 4880 2129 4935 Cura-

498 4980 672 5033 vimus
709 4976 1055 5044 Babylonem,
1084 4975 1134 5025 et
1169 4984 1279 5024 non
1307 4974 1387 5024 est
1418 4976 1617 5026 sanata
1661 4971 1789 5041 (Jer.
1808 4976 1900 5045 ιι).
1931 4974 2132 5044 Ignem

501 5073 781 5144 quantum
823 5065 973 5121 valui
1018 5062 1312 5118 charitatis
1353 5063 1611 5131 accendi,
1662 5069 1721 5119 et
1770 5069 1945 5121 tanta
2004 5068 2135 5123 scis-

502 5166 676 5222 sionis
702 5176 939 5218 exurere
967 5156 1295 5227 rubiginem
1321 5157 1506 5224 volui;
1544 5158 1645 5212 sed
1676 5158 1977 5230 impletum
2004 5179 2132 5233 pro-

501 5262 690 5334 pheta
717 5253 1066 5311 sententiam
1098 5250 1347 5323 peccatis
1386 5251 1745 5322 exigentibus
1788 5253 2000 5324 inveni,
2035 5257 2134 5327 qui

502 5354 615 5411 ait:
649 5355 876 5409 Frustra
902 5348 1152 5415 conﬂavit
1184 5347 1463 5414 conflator,
1494 5349 1675 5401 scorta
1702 5348 1820 5416 ejus
1862 5365 1971 5405 non
2004 5356 2136 5406 sunt

501 5450 828 5517 consumpta
849 5443 975 5514 (Jer.
1005 5440 1102 5510 ιν).
1134 5440 1300 5494 Nulla
1320 5439 1376 5493 in
1404 5441 1693 5512 rescriptis
1736 5440 1976 5510 ﬂamma
2005 5444 2136 5500 cha.

502 5542 687 5597 ritatis
714 5537 1006 5610 aspicitur,
1029 5535 1249 5589 nullam
1266 5534 1355 5587 vel
1375 5538 1505 5605 post
1524 5536 1856 5607 exemplum
1878 5538 2132 5593 dulcedi-

503 5651 640 5692 nem
656 5632 922 5687 redolent
940 5629 999 5684 in
1029 5626 1378 5683 cunctissuis
1404 5629 1785 5696 sermonibus,
1814 5629 1956 5684 nihil
1979 5633 2136 5703 quod

503 5729 577 5784 ad
608 5741 810 5800 pacem
849 5723 1169 5796 perveniat,
1220 5724 1406 5776 sonat.
1455 5722 1718 5789 Pensate,
1764 5739 1977 5794 quaso,
2025 5727 2136 5783 hoc

500 5821 675 5895 (quod
700 5820 890 5873 dicere
909 5816 1019 5871 nisi
1040 5814 1296 5887 singultu
1318 5812 1775 5887 interrumpente
1809 5834 1925 5874 non
1947 5820 2133 5897 valeo)

2231 4625 2359 4680 qua
2392 4609 2720 4663 fomentum
2744 4606 2897 4679 ignis
2931 4611 3035 4676 est,
3079 4623 3206 4678 qua
3248 4610 3308 4662 et
3348 4607 3407 4662 in
3453 4613 3869 4663 ornamentum

2231 4701 2440 4757 domus
2462 4718 2757 4756 marmora
2781 4700 3055 4773 dissipata
3097 4700 3417 4771 conjungit,
3464 4700 3578 4755 nisi
3621 4700 3873 4756 charitas

2232 4794 2605 4866 designatur?
2634 4794 2773 4859 Qua
2802 4793 2932 4849 etin
2959 4810 3161 4849 amore
3191 4792 3367 4849 corda
3392 4793 3708 4861 succendit,
3739 4798 3875 4849 etut

2232 4891 2491 4942 sanctam
2516 4888 2826 4942 Ecclesiam
2864 4887 3100 4942 unitatis
3138 4889 3484 4943 ornamento
3529 4890 3873 4959 componat,

2233 4980 2525 5037 discordes
2555 4981 2858 5036 hominum
2882 4984 3108 5035 mentes
3134 4997 3240 5053 per
3264 4980 3420 5052 pacis
3447 4980 3506 5036 in
3532 4998 3594 5035 se
3615 4980 3877 5036 studium

2232 5075 2410 5146 ligat?
2435 5075 2585 5139 Quid
2614 5092 2719 5146 per
2743 5074 2977 5141 Galaad,
3002 5091 3130 5146 qua
3161 5091 3396 5129 acervus
3424 5074 3747 5130 testimonii
3792 5074 3885 5129 in-

2232 5171 2602 5239 terpretatur,
2631 5168 2740 5222 nisi
2761 5169 2821 5223 in
2846 5168 3155 5240 Scriptura
3188 5184 3362 5223 sacra
3397 5167 3767 5222 altitudinem
3796 5168 3885 5222 in-

2235 5279 2471 5317 numera
2484 5262 2903 5317 sententiarum
2916 5261 3170 5317 densitas
3185 5261 3364 5317 dicit?
3386 5260 3535 5325 Quid
3545 5277 3655 5333 per
3664 5261 3885 5316 medici

2233 5356 2592 5423 vocabulum,
2628 5355 2737 5410 nisi
2764 5355 3157 5427 unusquisque
3177 5354 3568 5428 pradicator?
3597 5355 3745 5419 Quid
3774 5372 3887 5427 per

2236 5466 2352 5505 non
2369 5450 2674 5505 obductam
2694 5449 2825 5504 filia
2846 5447 3187 5518 cicatricem,
3213 5446 3321 5504 nisi
3339 5449 3506 5520 culpa
3524 5448 3716 5520 plebis
3736 5454 3881 5504 ante

2236 5543 2338 5599 Dei
2358 5545 2552 5599 oculos
2584 5542 2736 5598 nuda
2756 5546 3112 5598 monstratur
3128 5542 3156 5597 ?
3188 5541 3395 5597 Resina
3414 5558 3556 5612 ergo
3584 5542 3645 5596 in
3666 5542 3884 5597 Galaad

2235 5636 2483 5692 defuisse
2515 5635 2945 5704 convincitur,si
2960 5652 3069 5707 pro
3090 5634 3448 5691 ostendenda
3465 5635 3883 5703 veritate,cum

2235 5732 2390 5786 tanta
2417 5730 2609 5786 adsint
2636 5730 2943 5802 Scriptura
2966 5746 3138 5785 sacra
3152 5726 3508 5795 testimonia,
3529 5729 3880 5786 associando

2235 5840 2335 5880 vos
2359 5828 2571 5881 sancta
2591 5823 2874 5889 Ecclesia,
2898 5839 3264 5897 nequaquam
3297 5822 3473 5896 digne
3494 5822 3731 5881 ardoris
3753 5825 3880 5881 cha-
