4016 6240
154 372 252 426 717

1399 366 1738 423 EPISTOLA-I
1775 364 1859 422 ET
1898 365 2227 423 DECRETA.

3403 372 3505 425 718

148 479 272 532 ritas
298 474 630 543 exhibetur;
659 477 716 530 et
740 474 891 530 velut
912 474 1142 530 absente
1172 474 1391 531 medico
1403 476 1633 531 cicatrix
1654 493 1768 531 non
1789 488 1849 561 Α
1869 476 2029 530 disti:
2062 476 2207 530 nihil
2237 492 2466 547 prorsus
2492 475 2561 530 de
2591 475 2736 531 bene
2763 475 3085 546 compositis
3111 477 3502 531 rectractetur.

146 570 453 635 obducitur,
481 570 541 623 in
564 569 957 624 exhortatione
989 575 1263 638 cessante,
1292 575 1463 624 tantae
1490 571 1771 625 seissionis

150 664 301 734 culpa
321 663 475 717 nullo
489 662 765 718 velamine
787 663 1176 734 subsequentis
1202 663 1353 734 pacis
1372 664 1642 735 operitur.
1663 664 1769 719 Sed

140 759 250 829 jam
277 762 500 828 tempus
531 761 635 824 est,
682 756 801 827 ipsa
837 773 941 810 nos
985 757 1409 827 susceptionum
1454 764 1767 812 vestrarum

146 851 371 905 vulnera
390 857 643 921 tangere,
673 849 865 920 eisque
884 853 1111 904 auctore
1144 851 1253 904 Deo
1278 850 1653 905 medicamina
1677 868 1770 922 pa-

145 944 348 999 tefactae
379 943 627 997 veritatis
657 943 947 997 adhibere.

211 1038 380 1091 ILPer
392 1052 458 1090 ea
469 1052 595 1107 quae
612 1035 719 1106 piae
732 1035 1020 1090 memoria:
1035 1036 1060 1090 J
1069 1036 1332 1090 ustiniani
1349 1035 1617 1106 principis
1632 1041 1769 1091 tem-

142 1130 358 1201 poribus
395 1134 517 1183 acta
534 1134 687 1198 sunt,
720 1129 1047 1183 fraternitas
1089 1134 1272 1183 vestra
1302 1129 1619 1200 suspicatur
1645 1146 1769 1184 san-

143 1227 278 1277 ctam
290 1222 804 1278 Chalcedoneusem
818 1223 1098 1293 synodum
1114 1223 1286 1277 fuisse
1301 1224 1623 1277 convulsam
1634 1265 1646 1277 .
1661 1223 1766 1278 Sed

140 1317 272 1371 absit
296 1317 776 1370 hocaChristiano
804 1332 997 1386 Opere,
1015 1316 1375 1371 aChristiana
1400 1316 1762 1388 cogitatione.

140 1410 325 1480 Inipsa
339 1410 554 1481 quippe
578 1409 822 1476 Nicaena,
841 1410 1480 1480 Constantinopolitana,
1499 1427 1562 1464 ac
1583 1410 1767 1481 prima

141 1502 371 1572 synodus
397 1502 678 1573 Ephesina
705 1501 928 1556 ﬁrmata
948 1507 1063 1571 est;
1096 1508 1151 1557 et
1175 1503 1431 1573 quisquis
1458 1503 1616 1556 illam
1642 1520 1766 1574 par-

140 1602 244 1650 tem
259 1596 445 1667 aliqua
469 1596 779 1650 convellere
806 1596 1027 1665 nititur,
1048 1595 1172 1650 illas
1190 1596 1468 1650 nimirum
1486 1596 1761 1664 funditus,

143 1707 260 1760 qua:
288 1706 388 1760 per
411 1690 561 1744 hanc
602 1690 838 1743 ﬁrmata:
873 1695 1024 1758 sunt,
1054 1689 1341 1744 destruere
1375 1695 1632 1744 conatur.
1662 1690 1765 1744 Cui

141 1783 432 1853 suspicioni
454 1783 514 1836 in
542 1782 765 1853 scriptis
791 1783 989 1837 vestris
1014 1799 1083 1838 ex
1122 1782 1299 1836 sancti
1337 1783 1763 1854 przedecessoris

1872 570 2146 624 Ultimum
2169 586 2298 624 vero
2325 588 2358 623 a
2384 569 2538 623 vobis
2570 570 2804 641 ponitur
2832 569 3237 637 testimonium,
3266 570 3417 641 quod
3446 569 3506 624 in

1868 663 2045 734 priori
2072 663 2194 733 ejus
2243 663 2505 734 epistola,
2556 663 2624 717 de
2664 680 2778 735 qua
2816 663 2995 717 multa
3028 664 3153 734 jam
3181 663 3507 718 testimonia

1868 756 2085 827 prolata
2101 758 2343 825 fuerant,
2385 756 2725 825 continetur,
2751 758 3003 829 primum
3043 757 3251 811 dicitur
3281 757 3457 828 (1bid.)
3485 774 3498 811 :

1869 850 2003 913 Quae
2022 850 2145 919 jam
2171 850 2450 920 patefacta
2481 854 2614 903 sunt
2638 867 2915 921 quzerere,
2938 866 3064 921 qua:
3092 850 3342 921 perfecta
3372 855 3505 904 sunt

1868 948 2191 1009 retractare,
2207 948 2262 997 et
2282 960 2409 1014 quae
2430 948 2561 997 sunt
2579 944 2808 999 deﬁnita
2826 943 3161 1013 convellere,
3182 943 3319 1015 quid
3346 943 3501 997 aliud

1868 1040 1971 1103 est,
2001 1053 2173 1107 quam
2200 1037 2267 1091 de
2306 1036 2524 1108 adeptis
2553 1038 2794 1107 gratiam
2822 1054 2937 1093 non
2966 1037 3198 1106 referre,
3227 1040 3284 1090 et
3312 1037 3383 1091 ad
3408 1036 3499 1091 in-

1867 1130 2119 1183 terdietae
2144 1130 2361 1184 arboris
2412 1129 2607 1184 cibum
2653 1131 2941 1201 improbos
2991 1130 3273 1202 appetitus
3298 1130 3500 1184 morti-

1868 1222 2003 1277 fera:
2044 1223 2368 1294 cupiditatis
2416 1223 2717 1277 extendere
2743 1225 2770 1278 ⁸1
2813 1226 2940 1278 Haec
2987 1229 3139 1293 sunt,
3170 1224 3371 1278 fratres
3421 1222 3502 1277 di-

1866 1316 2170 1384 lectissimi,
2200 1334 2327 1388 quee
2362 1317 2511 1371 beati
2555 1317 2756 1371 Leonis
2795 1317 2865 1371 ad
2894 1318 3137 1372 Leonem
3182 1317 3500 1388 principem

1865 1410 2037 1464 verba
2081 1411 2385 1482 posuistis;
2440 1428 2571 1482 quas
2599 1411 2862 1466 videlicet
2903 1411 2973 1465 ab
3006 1427 3071 1466 eo
3102 1428 3203 1481 pro
3247 1411 3499 1465 custodia

1865 1503 2095 1559 illibatae
2138 1504 2288 1573 ﬁdei,
2343 1521 2459 1559 non
2502 1510 2694 1560 autem
2732 1522 2835 1576 pro
2883 1504 3063 1559 causis
3103 1505 3494 1575 episcoporum

1866 1598 2217 1668 specialibus,
2245 1615 2373 1669 quae
2398 1600 2549 1670 apud
2574 1584 2983 1655 (.halcedonem
3016 1603 3186 1669 gesta:
3208 1603 3358 1667 sunt,
3374 1614 3498 1669 pro-

1862 1692 2144 1746 feruntur.
2176 1691 2315 1745 Nam
2344 1692 2476 1762 quia
2517 1709 2620 1763 pro
2648 1692 2821 1747 solius
2852 1692 2981 1746 ﬁdei
3021 1692 3355 1746 intemerata
3395 1692 3495 1745 ob-

1862 1785 2173 1839 servatione
2204 1785 2428 1854 dixerit,
2452 1786 2806 1856 pensandum
2836 1790 2919 1840 est
2948 1785 3008 1839 in
3038 1785 3235 1839 eadem
3266 1784 3499 1855 epistola

138 1876 302 1929 nostri
329 1876 528 1930 Leonis
555 1876 803 1947 epistolis
827 1894 891 1930 ac
917 1876 1180 1947 encycliis
1206 1876 1526 1930 testimonia
1555 1877 1759 1948 adjun-
1782 1876 1839 1948 Β
1863 1878 1999 1948 quid
2026 1878 2338 1950 praemisit;
2367 1879 2445 1933 ait
2475 1879 2647 1949 enim,
2676 1880 2748 1934 ad
2773 1879 3039 1934 eumdem
3070 1877 3389 1949 principem
3421 1878 3499 1933 lo-

141 1970 280 2040 gitis,
300 1973 361 2022 ut
375 1971 671 2040 praefatam
690 1975 940 2024 sanctam
954 1970 1467 2025 Chalcedonensem
1485 1971 1763 2041 synodum

137 2063 395 2117 illibatam
412 2062 616 2118 debere
644 2063 927 2118 observari
945 2067 1309 2118 monstretur.
1342 2064 1479 2128 Quae
1504 2065 1759 2136 quidem,

136 2155 325 2210 fratres
372 2157 710 2224 charissimi,
744 2174 812 2212 ex
858 2157 1049 2227 paucis
1076 2158 1327 2229 epistolis
1373 2164 1599 2228 sumpta
1626 2176 1758 2229 per-

137 2250 303 2304 mixto
329 2251 529 2305 ordine
551 2251 898 2321 confusoque
917 2251 1198 2321 posuistis,
1222 2255 1287 2305 ut
1312 2251 1449 2305 dum
1468 2252 1762 2323 interjecta

136 2343 232 2396 alia
251 2344 500 2414 epistola,
540 2345 612 2399 ad
651 2345 758 2398 alia
784 2344 986 2415 prioris
1022 2344 1277 2416 epistolas
1307 2344 1475 2399 verba
1519 2346 1760 2400 recurri-

137 2441 238 2501 tur,
263 2437 419 2508 quasi
451 2453 521 2492 ex
552 2437 744 2491 multis
772 2437 1029 2508 epistolis
1062 2438 1279 2508 prolata
1310 2438 1659 2493 viderentur.
1694 2440 1760 2494 Et

137 2530 280 2583 valde
309 2531 611 2600 miramur,
640 2548 742 2585 cur
778 2530 1100 2585 fraternitas
1127 2536 1307 2585 vestra
1338 2532 1408 2586 de
1448 2537 1563 2586 tam
1596 2533 1761 2603 [sicut

136 2622 384 2696 diximus]
417 2625 612 2695 paucis
642 2624 890 2696 epistolis
920 2642 1034 2679 non
1065 2642 1247 2695 pauca
1274 2626 1599 2696 sumpserit,
1628 2643 1759 2680 cum

135 2719 335 2771 constet
377 2718 532 2788 quod
581 2719 649 2773 de
688 2723 894 2773 sanctas
923 2719 1390 2774 Chalcedonensis
1417 2719 1617 2790 synodi
1643 2719 1754 2774 illi-

134 2807 250 2864 bata
268 2811 631 2867 veneratione
658 2815 714 2866 et
726 2812 1213 2882 prmdeeessorum
1235 2816 1559 2867 nostrorum
1580 2830 1759 2868 asser-

134 2902 202 2956 tio
242 2903 564 2974 innumera,
612 2910 668 2959 et
713 2906 1024 2960 multorum
1067 2907 1297 2960 Patrum
1342 2923 1645 2961 consensus
1698 2907 1755 2962 in

134 2998 401 3069 encycliis,
448 2999 608 3069 quasi
656 2999 921 3070 quasdam
956 3015 1012 3054 se
1061 3001 1294 3070 mundo,
1341 3000 1506 3055 nobis
1551 3000 1757 3057 infudit

138 3087 343 3160 (Forsan
371 3092 651 3147 sumendo
697 3093 795 3147 lux
849 3093 1063 3147 mundo
1109 3109 1166 3148 se
1197 3110 1254 3148 n.
1288 3094 1439 3166 inf.].
1488 3094 1594 3150 Sed
1621 3094 1756 3165 quia

133 3199 341 3255 semper
365 3185 772 3241 dictandiordo
800 3192 955 3241 tanta
984 3187 1214 3242 sibimet
1239 3188 1590 3244 connexione
1628 3189 1755 3243 sub-

126 3276 394 3350 jungitur,
416 3285 485 3335 ut
508 3286 565 3334 et
579 3281 955 3351 przecedentia
980 3280 1454 3352 subsequentibus
1482 3283 1750 3352 serviant,
1773 3255 1828 3330 Ο

133 3376 181 3425 et
206 3373 602 3445 subsequentia
623 3392 691 3429 ex
716 3375 1164 3445 praecedentibus
1180 3377 1629 3447 suspendantur:
1656 3394 1751 3433 eo-

133 3480 249 3520 rum
285 3484 516 3522 sensum
545 3485 672 3540 quae
700 3470 916 3540 prolata
943 3474 1095 3536 sunt,
1122 3470 1327 3524 melius
1361 3471 1682 3542 pandimus,
1706 3472 1752 3526 si

131 3557 263 3614 infra
306 3578 593 3633 supraque
640 3563 912 3633 legentes,
940 3562 1027 3617 vel
1056 3579 1167 3633 quo
1202 3563 1457 3633 tendant,
1487 3565 1575 3619 vel
1600 3565 1752 3620 unde

130 3654 414 3722 pendeant,
444 3640 920 3711 demonstremus.

193 3747 336 3802 111.Α
361 3749 663 3804 dilectione
690 3748 865 3820 igitur
884 3753 1064 3804 vestra
1090 3750 1342 3821 primum
1361 3750 1749 3805 testimonium

132 3841 289 3896 sancti
315 3842 746 3913 preedecessoris
774 3843 950 3898 nostri
992 3844 1188 3899 Leonis
1223 3844 1471 3915 ponitur,
1513 3846 1665 3916 quod
1690 3845 1747 3899 in

131 3932 237 4002 ejus
261 3935 495 4005 epistola
536 3936 739 3990 ultima
774 3937 1094 3992 continetur
1154 3935 1359 4009 [Epist
1390 3940 1458 3992 78
1488 3939 1563 3992 ad
1589 3941 1746 3994 Leon.

131 4026 293 4098 imp.],
320 4046 433 4101 quo
460 4030 569 4085 ait:
601 4031 677 4085 De
703 4029 871 4085 rebus
895 4032 1045 4103 apud
1060 4032 1313 4086 Nicaeam
1342 4036 1398 4086 et
1416 4032 1567 4103 apud
1592 4033 1750 4087 Chal.

131 4121 383 4177 cedonem
401 4124 547 4178 sicut
566 4124 681 4179 Deo
703 4125 914 4195 placuit
935 4126 1199 4195 deﬁnitis,
1226 4126 1449 4181 nullum
1469 4127 1748 4182 audemus

130 4211 261 4269 inire
281 4221 600 4288 tractatum,
624 4223 895 4290 tanquam
923 4219 1093 4274 dubia
1112 4221 1196 4274 vel
1210 4221 1437 4275 inﬁrma
1465 4220 1594 4289 sint,
1618 4237 1746 4293 quas

129 4310 272 4363 tanta
298 4327 398 4381 per
425 4311 700 4383 Spiritum
728 4317 986 4368 sanctum
1004 4313 1130 4369 ﬁxit
1160 4315 1484 4370 auctoritas.
1518 4316 1639 4384 (Cui
1666 4332 1749 4370 se-

131 4402 366 4459 cundum
390 4406 781 4461 testimonium
810 4423 879 4462 ex
915 4424 980 4462 ea
1023 4408 1262 4480 epistola
1298 4425 1331 4462 a
1355 4408 1513 4463 vobis
1539 4410 1743 4480 adjun-

132 4494 290 4566 gitur,
313 4500 462 4570 quod
484 4500 596 4555 illic
624 4500 796 4572 paulo
822 4502 1082 4573 superius
1108 4502 1370 4570 habetur,
1401 4520 1515 4574 quo
1541 4504 1747 4558 dicitur

136 4584 298 4664 [lbid.]
326 4609 339 4646 :
372 4594 513 4658 Quia
549 4594 692 4649 sicut
717 4601 907 4650 sancte
934 4596 1316 4667 veraciterque
1346 4596 1582 4664 dixistis,
1610 4614 1743 4669 per-
1764 4629 1824 4702 D

130 4682 280 4739 fectio
316 4686 751 4757 incrementum,
782 4695 840 4744 et
878 4690 1253 4762 adjectionem
1296 4690 1589 4762 plenitudo
1630 4707 1745 4746 non

131 4777 350 4851 recipit.)
377 4783 689 4852 lnterjectis
723 4788 915 4838 autem
942 4783 1161 4839 duobus
1184 4784 1518 4839 testimoniis
1544 4784 1612 4840 de
1641 4802 1743 4840 en-

131 4870 299 4938 cycliis
323 4876 649 4947 assumptis,
681 4878 904 4948 praefati
932 4878 1359 4949 praedecessoris
1387 4878 1566 4933 nostri
1605 4880 1743 4934 Leo-

130 4962 207 5016 nis
231 4964 360 5021 item
402 4970 475 5023 ad
501 4970 745 5025 Leonem
769 4971 1085 5042 principem
1116 4972 1324 5043 scripto
1360 4977 1544 5027 vestro
1578 4974 1746 5027 verba

133 5057 460 5127 replicantur
483 5062 689 5133 quibus
718 5064 961 5119 dicitur:
1010 5065 1313 5137 Legitimas
1342 5064 1612 5120 divinitus
1652 5067 1742 5121 in-

131 5150 349 5218 spiratas
372 5157 799 5213 constitutiones
821 5158 963 5213 velle
992 5175 1238 5229 movere,
1268 5175 1384 5214 non
1410 5165 1493 5214 est
1529 5160 1746 5231 paciﬁci

130 5239 377 5319 hominis,
410 5251 506 5305 sed
532 5251 774 5319 rebellis,
795 5252 1014 5308 dicente
1042 5254 1298 5325 apostolo
1323 5271 1336 5308 :
1397 5255 1585 5311 Verbis
1619 5271 1743 5309 con-

131 5338 344 5405 tendere,
371 5344 447 5398 ad
458 5346 598 5400 nihil
618 5350 696 5400 est
712 5346 863 5409 utile,
886 5348 995 5401 nisi
1014 5347 1088 5401 ad
1110 5348 1502 5404 subversionem
1522 5349 1746 5403 audien-

130 5431 251 5485 tium
296 5436 386 5505 (Π
423 5441 555 5493 Tim.
588 5439 687 5510 ιι).
729 5441 875 5494 Nam
913 5440 957 5494 si
989 5441 1254 5496 humanis
1284 5442 1745 5513 persuasionibus

128 5537 335 5597 semper
356 5530 666 5603 disceptare
690 5533 767 5588 sit
790 5535 1055 5605 liberum,
1096 5552 1398 5607 nunquam
1420 5536 1611 5592 deesse
1639 5553 1743 5607 po-

127 5619 303 5676 terunt
328 5625 428 5695 qui
456 5627 674 5682 veritati
702 5628 947 5683 audeant
972 5630 1267 5684 resultare.
1301 5631 1389 5701 (Et
1409 5631 1532 5702 ejus
1549 5647 1745 5685 rursus

127 5709 188 5764 ad
213 5731 339 5772 eum
366 5736 382 5773 :
409 5720 534 5776 Non
553 5721 700 5777 sinas
723 5726 918 5778 contra
945 5722 1193 5779 dexterae
1217 5725 1623 5797 omnipotentis
1645 5725 1743 5780 Dei

126 5803 428 5882 triumphos
447 5814 706 5872 redivivis
723 5832 1001 5889 exurgere
1023 5818 1274 5874 motibus
1300 5819 1549 5876 extincta
1570 5823 1749 5876 certa-

128 5897 310 5975 mina).
337 5904 507 5979 Cujus
525 5909 709 5966 adhuc
735 5910 1128 5968 testimonium
1164 5916 1292 5984 post
1319 5929 1501 5985 pauca
1547 5912 1741 5969 subdi-

1863 1988 2041 2042 quens
2071 1970 2285 2044 (Ibid.):
2320 1973 2498 2043 Supra
2518 1990 2713 2027 curam
2735 1989 2928 2027 rerum
2962 1972 3360 2042 temporalium
3414 1989 3499 2028 re-

1862 2064 2082 2135 ligiosa:
2128 2065 2497 2136 providentia:
2547 2067 2888 2120 famulatum
2914 2065 3115 2120 divinis
3164 2068 3222 2119 et
3267 2066 3497 2120 aeternis

1862 2153 2317 2224 dispositionibus
2360 2160 2786 2225 perseveranter
2813 2153 3160 2225 impenditis,
3193 2159 3255 2207 ut
3288 2153 3498 2207 scilicet

1862 2248 2130 2301 catholica
2160 2248 2319 2316 ﬁdes,
2348 2264 2475 2319 qum
2514 2249 2832 2303 humanum
2879 2264 3055 2319 genus
3081 2246 3201 2301 sola
3235 2246 3493 2315 viviﬁeat,

1861 2341 1976 2395 sola
2004 2341 2328 2411 sanctiﬁcat,
2375 2342 2436 2396 in
2480 2359 2596 2397 una
2644 2341 2990 2396 confessione
3029 2345 3358 2412 permaneat
3391 2358 3408 2409 ;
3441 2343 3498 2395 et

1860 2434 2229 2489 dissensiones
2245 2452 2371 2506 quae
2397 2436 2465 2489 de
2496 2439 2849 2490 terrenarum
2879 2434 3214 2506 opinionum
3227 2433 3496 2487 varietate

1858 2533 2190 2599 nascuntur,
2218 2546 2251 2582 a
2280 2529 2560 2584 soliditate
2604 2529 2754 2583 illius
2790 2534 2985 2599 petra},
3015 2545 3185 2600 supra
3212 2543 3386 2599 quam
3414 2526 3493 2581 ci-

1858 2626 1995 2680 vitas
2021 2627 2116 2681 Dei
2144 2627 2471 2697 mdiﬁcatur,
2507 2627 2830 2700 abigantur.
2852 2627 2925 2698 (Si
2953 2626 3127 2697 igitur
3155 2626 3348 2695 ﬁdem,
3376 2624 3492 2680 fra-

1857 2724 1970 2774 tres
2012 2721 2345 2791 charissimi,
2376 2722 2435 2775 in
2475 2722 2691 2777 cunctis
2744 2721 2943 2776 mundi
2973 2720 3226 2792 partibus
3262 2736 3381 2774 uno
3432 2735 3496 2773 ac

1857 2813 2035 2868 solido
2061 2819 2207 2870 statu
2235 2815 2424 2886 vigere
2450 2831 2567 2869 non
2605 2815 2931 2883 cerneretis,
2963 2814 3298 2868 convulsum
3323 2812 3491 2884 quid-

1856 2923 2029 2979 quam
2056 2908 2124 2963 de
2153 2914 2349 2963 sancta
2376 2909 2812 2963 Chalcedonensi
2840 2908 3051 2979 synodo
3090 2912 3240 2962 recte
3273 2905 3490 2961 dicere-

1855 3000 1947 3055 tis.
1983 3002 2055 3055 At
2089 3005 2388 3074 postquam
2416 3002 2560 3056 nihil
2602 3018 2754 3056 nunc
2781 3001 2937 3055 aliud
2984 3001 3092 3055 nisi
3127 3000 3196 3054 de
3224 2998 3484 3071 personis

1853 3096 2064 3168 agitur,
2098 3095 2241 3149 nihil
2291 3096 2360 3150 de
2396 3100 2587 3151 sancta
2638 3094 3102 3150 Chalcedonensis
3134 3094 3333 3166 synodi
3379 3093 3490 3147 ﬁde

1854 3189 2126 3260 quaeritis,
2154 3189 2545 3243 auctoritatem
2566 3193 2792 3260 patrum
2820 3188 2981 3260 quasi
3007 3187 3295 3259 sequendo
3326 3186 3492 3241 decli-

1852 3283 1991 3337 nati.
2023 3283 2276 3354 Namque
2303 3287 2370 3336 ut
2408 3283 2605 3337 iisdem
2646 3283 2843 3337 beatus
2873 3283 2982 3337 Leo
3028 3280 3365 3350 ostenderet,
3394 3297 3485 3335 re-

1852 3376 2079 3431 tractari
2106 3393 2233 3447 qua:
2257 3376 2503 3448 perfecta
2540 3380 2672 3430 sunt
2710 3393 2828 3430 non
2856 3375 3048 3429 deberi
3073 3392 3086 3442 ;
3118 3391 3233 3447 qua
3259 3374 3379 3428 haec
3406 3374 3491 3429 in-

1852 3471 2103 3526 tentione
2153 3471 2424 3539 dixisset,
2477 3470 2629 3525 illico
2672 3469 2921 3524 subdidit
2977 3469 3153 3540 (Ibid.)
3188 3485 3201 3522 :
3234 3467 3376 3532 Quia
3417 3467 3489 3523 ad

1851 3580 2050 3634 pacem
2100 3564 2428 3619 universalis
2467 3562 2723 3617 Ecclesia:
2751 3605 2764 3632 ,
2815 3567 2871 3616 et
2917 3561 2988 3615 ad
3033 3560 3345 3615 custodiam
3393 3578 3483 3615 ea-

1850 3657 2076 3712 tholicse
2101 3658 2232 3712 ﬁdei
2274 3674 2409 3711 cura
2435 3655 2754 3727 dignamini
2797 3654 3121 3710 sollicitiore
3165 3654 3350 3708 vivere
3379 3655 3488 3725 [re-

1850 3751 2107 3823 spicere].
2136 3751 2283 3816 Quid
2318 3750 2493 3822 igitur
2523 3767 2654 3804 cum
2699 3749 3025 3820 prohiberet
3072 3747 3301 3802 deﬁnita
3338 3763 3476 3802 con-

1850 3845 2001 3914 velli,
2028 3844 2472 3900 admonitionem
2513 3842 2771 3915 protinus
2800 3842 2868 3897 de
2896 3840 3151 3896 custodia
3195 3840 3483 3895 catholicas

1850 3938 1982 3993 ﬁdei
2006 3938 2318 4010 subjunxit,
2353 3942 2411 3993 et
2436 3937 2568 4009 quia
2593 3954 2709 3991 non
2734 3937 2840 3990 hoc
2866 3936 2934 3990 de
2964 3934 3330 3989 retractandis
3356 3950 3484 3989 cau-

1849 4032 1925 4087 sis
1952 4033 2304 4104 specialibus,
2337 4032 2436 4087 sed
2472 4031 2541 4086 de
2571 4031 2687 4085 sola
2730 4029 2859 4084 ﬁdei
2904 4028 3253 4100 professione
3302 4027 3477 4082 dixis—

1848 4132 1951 4197 set,
1981 4126 2284 4181 indicavit?
2306 4127 2403 4180 llla
2432 4142 2677 4197 namque
2700 4141 2850 4179 nunc
2877 4124 2937 4178 in
2960 4126 3143 4177 vestra
3162 4122 3477 4194 quaestione

1847 4225 2158 4288 vertentur,
2187 4237 2314 4293 quae
2340 4220 2460 4293 ipse
2485 4236 2710 4292 quoque
2738 4219 3117 4290 praadecessor
3142 4221 3333 4271 noster
3356 4216 3482 4270 bea-

1848 4318 1938 4369 tus
1962 4316 2072 4370 Leo
2103 4314 2409 4387 dijudicat;
2456 4315 2594 4370 dum
2615 4330 2729 4368 non
2754 4312 2863 4367 nisi
2889 4329 2954 4366 ea
2979 4327 3106 4383 quae
3132 4310 3283 4381 apud
3311 4309 3478 4365 Chal-

1848 4409 2121 4464 cedonem
2151 4409 2219 4463 de
2245 4408 2356 4464 ﬁde
2383 4414 2516 4463 sunt
2542 4412 2767 4475 statuta,
2793 4406 3108 4460 conﬁrmat.
3127 4406 3249 4474 Ipse
3270 4403 3481 4474 quippe

1848 4503 1921 4558 ad
1946 4503 2267 4558 Anatolium
2312 4500 2941 4572 Constantinopolitanaa
2967 4497 3123 4552 urbis
3149 4497 3479 4566 episcopum

1847 4596 2115 4666 scribens,
2138 4597 2278 4651 dum
2300 4612 2433 4649 eum
2452 4595 2521 4649 de
2550 4594 2794 4665 quodam
2819 4608 2964 4646 novo
2983 4605 3121 4643 ausu
3149 4587 3476 4659 corriperet,

1847 4694 1983 4749 dicit
2017 4692 2205 4761 (Epist.
2261 4690 2396 4759 58):
2428 4689 2497 4742 Ut
2547 4690 2797 4741 sanctam
2861 4683 3141 4755 synodum
3181 4681 3251 4736 ad
3299 4681 3479 4736 extin-

1848 4786 2134 4859 guendam
2162 4783 2347 4838 solum
2367 4780 2652 4849 haeresim,
2676 4782 2733 4832 et
2750 4778 2819 4832 ad
2841 4776 3328 4832 conﬁrmationem
3348 4774 3478 4830 ﬁdei

1845 4879 2134 4936 catholica:
2158 4875 2342 4931 studio
2375 4871 2833 4929 Christianissimi
2864 4870 3136 4944 principis
3164 4886 3477 4943 congrega-

1844 4979 1982 5041 tam,
2037 4973 2098 5028 in
2148 4968 2498 5025 occasionem
2560 4965 2803 5020 ambitus
2872 4965 3082 5020 trahas.
3124 4966 3207 5035 (Et
3252 4980 3480 5019 rursum

1851 5068 2059 5140 (Ibid.):
2088 5069 2168 5121 Ita
2206 5063 2363 5118 abuti
2388 5061 2565 5115 voluit
2587 5059 2822 5115 concilio
2864 5059 3139 5131 synodali,
3167 5063 3234 5114 ut
3278 5059 3479 5113 fratres

1845 5163 1906 5218 in
1941 5160 2072 5216 ﬁdei
2114 5156 2506 5215 tantummodo
2549 5153 2777 5225 negotio
2807 5158 3155 5222 convocatos,
3186 5155 3243 5205 et
3287 5150 3481 5206 deﬁni-

1847 5255 2015 5313 tionis
2044 5255 2165 5326 ejus
2191 5268 2375 5321 causa,
2404 5266 2535 5322 qua:
2553 5251 2673 5304 erat
2692 5247 2959 5316 curanda,
2982 5247 3296 5317 pertractos
3314 5242 3477 5315 [deﬁ—

1845 5350 2059 5406 nitione
2102 5349 2224 5420 ejus
2243 5361 2447 5415 causae,
2482 5360 2540 5416 q.
2567 5359 2618 5397 e.
2648 5348 2701 5396 c.’
2722 5339 3092 5413 perfunctos],
3134 5338 3205 5392 ad
3248 5353 3479 5392 consen-

1845 5444 2105 5501 tiendum
2125 5441 2227 5497 sibi
2242 5442 2342 5495 aut
2356 5437 2714 5511 depravando
2740 5434 3076 5499 traduceret,
3095 5436 3195 5487 aut
3214 5430 3479 5487 terrendo

1847 5538 2251 5611 compelleret).
2281 5533 2387 5599 Qui
2412 5539 2479 5588 ut
2505 5531 2648 5587 nihil
2686 5546 2745 5585 se
2771 5526 3099 5583 omnimodo
3137 5526 3205 5581 de
3248 5525 3478 5581 Chalce-

1847 5632 2087 5690 donensi
2115 5629 2327 5703 synodo
2362 5627 2663 5699 suscipere,
2710 5623 2821 5679 nisi
2848 5623 2916 5678 de
2959 5621 3071 5676 sola
3099 5620 3210 5675 ﬁde
3257 5625 3481 5692 gestum

1845 5728 2051 5798 fuerat,
2096 5726 2531 5792 demonstraret,
2588 5719 2774 5776 eidem
2824 5716 3036 5789 synodo
3089 5714 3357 5785 scribens,
3406 5713 3484 5767 ait

1851 5823 2040 5893 (Epist.
2063 5823 2186 5891 61):
2233 5819 2305 5875 Ut
2343 5822 2400 5873 et
2439 5818 2692 5873 fraterna
2724 5811 3083 5879 universitas,
3115 5813 3171 5864 et
3220 5807 3482 5864 omnium

1846 5915 2102 5971 ﬁdelium
2141 5913 2309 5971 corda
2356 5912 2717 5985 cognoscant,
2755 5924 2873 5964 non
2902 5906 3084 5963 solum
3114 5920 3217 5979 per
3254 5903 3477 5971 fratres,
