4016 6240
463 364 566 418 719

1866 357 2128 416 PELAGII
2166 348 2358 416 ΡΛΡίΕ
2396 358 2442 415 ΙΙ

3729 362 3833 414 7‘20

461 471 563 542 qui
580 468 760 525 vicem
787 485 981 525 meam
1005 468 1223 524 executi
1252 469 1403 536 sunt,
1433 466 1531 522 sed
1564 466 1741 523 etiam
1768 485 1873 539 per
1892 486 2097 540 appro-
2115 492 2175 564 Α
2197 473 2295 524 aut
2318 469 2532 524 violare
2556 483 2758 523 eorum
2776 483 2903 540 quae
2931 466 3001 522 ab
3029 482 3098 522 ea
3125 460 3285 523 recte
3306 468 3440 523 sunt
3461 467 3520 522 et
3536 464 3833 522 inviolabi-

458 564 757 620 bationem
777 567 1070 635 gestorum
1094 562 1457 635 synodalium
1482 562 1779 633 propriam
1799 562 2093 617 vobiscum

462 659 635 713 inisse
662 657 1033 723 sententiam,
1058 656 1116 710 in
1144 656 1264 710 sola
1288 655 1552 710 videlicet
1571 655 1708 710 ﬁdei
1724 672 1913 724 causa,
1938 656 2095 727 quod

462 769 612 824 saepe
641 750 950 805 dicendum
983 752 1086 803 est.
1123 749 1246 818 (Qui
1279 765 1416 820 ergo
1458 749 1588 803 unit
1625 766 1755 804 cum
1778 749 2090 815 Chalcedo;

460 846 628 901 nensi
666 842 885 915 synodo
915 842 973 896 in
1000 843 1121 897 sola
1150 842 1287 896 ﬁdei
1317 859 1488 897 causa
1526 846 1856 910 convocata,
1888 846 2101 897 cuncta-

460 956 587 1011 quaa
616 938 728 991 illic
758 935 1080 1007 specialiter
1105 940 1268 1007 gesta
1295 940 1447 1004 sunt,
1478 954 1537 990 se
1564 937 1762 1008 procul
1788 935 1962 991 dubio
1995 953 2088 990 ex-

456 1035 724 1085 traneum
743 1029 1119 1083 demonstrat.
1139 1029 1278 1083 Hinc
1290 1033 1377 1083 est
1393 1046 1619 1084 rursum
1637 1029 1793 1100 quod
1808 1046 1938 1083 cum
1951 1045 2094 1100 prze-
2132 1054 2133 1059 η

454 1124 574 1178 fato
611 1122 877 1177 Anatolio
911 1122 982 1176 de
1011 1122 1344 1193 recipiendo
1370 1123 1555 1178 Attico
1586 1124 1921 1194 presbytero
1951 1122 2086 1177 scri-

453 1218 611 1284 bere,
646 1216 783 1270 dicit
812 1216 1005 1287 (Epz'st.
1037 1217 1154 1287 77):
1178 1218 1261 1270 Ita
1292 1218 1355 1270 ut
1376 1216 1856 1271 Chalcedonensis
1883 1216 2089 1287 synodi

454 1310 855 1365 deﬁnitionem
887 1309 958 1363 de
988 1309 1122 1377 ﬁde,
1156 1310 1247 1364 cui
1268 1310 1443 1365 etiam
1477 1310 1705 1365 dilectio
1732 1314 1831 1365 tua
1850 1310 2090 1365 subscri-

445 1403 640 1459 bendo
666 1402 975 1471 consensit,
1000 1419 1176 1474 quam
1199 1402 1527 1475 apostolicae
1550 1404 1700 1458 sedis
1718 1404 1969 1459 ﬁrmavit
1990 1422 2086 1459 au—

449 1497 702 1565 ctoritas,
733 1497 1073 1569 proﬁteatur
1098 1514 1159 1551 se
1191 1514 1296 1568 per
1316 1497 1513 1553 omnia
1542 1497 1947 1570 servaturum.)
1978 1498 2085 1562 Qui

448 1590 932 1647 Chalcedonensis
956 1590 1162 1661 synodi
1184 1590 1582 1646 deﬁnitionem
1604 1591 1818 1659 dicens,
1841 1591 2087 1663 Vigilan-

448 1690 538 1739 ter
582 1684 782 1752 etiam,
817 1684 887 1737 de
916 1684 1053 1751 ﬁde,
1095 1700 1212 1739 non
1246 1684 1507 1754 adderet,
1538 1684 1650 1755 nisi
1692 1702 1911 1752 causas,
1956 1702 2085 1756 quae

447 1778 560 1834 illic
603 1777 929 1849 specialiter
968 1781 1143 1832 motae
1188 1778 1436 1847 fuerant,
1487 1780 1855 1851 reprobasset
1882 1780 2082 1848 (solam

2194 563 2327 616 liter
2368 562 2650 634 deﬁnita.)
2679 564 2751 615 At
2780 563 2952 633 longe
2986 563 3072 616 est
3116 561 3292 629 aliud,
3322 578 3441 617 non
3472 577 3639 632 posse
3667 576 3827 615 com-

2194 655 2414 711 moveri
2444 672 2513 710 ea
2525 672 2651 727 qua:
2669 655 2899 710 decreta
2910 659 3063 723 sunt,
3088 657 3145 710 et
3162 671 3277 710 non
3293 671 3461 727 posse
3476 654 3829 710 commoveri

2194 766 2263 804 ea
2291 766 2417 821 qua:
2437 753 2590 804 recte
2610 754 2668 803 et
2687 749 3110 821 inculpabiliter
3128 752 3264 804 sunt
3280 748 3527 804 decreta.
3556 748 3829 804 Sciebant

2194 843 2350 897 enim
2392 843 2498 897 viri
2524 843 2858 911 doctissimi,
2889 860 2959 898 ea
2989 860 3118 914 qua:
3147 843 3261 898 illic
3300 846 3463 914 gesta
3490 844 3727 897 fuerant
3756 842 3827 896 de

2192 936 2375 991 causis
2425 937 2782 1008 specialibus,
2839 954 2873 991 a
2919 937 3342 1008 praadecessore
3388 940 3584 991 nostro
3634 936 3828 990 Leone

2190 1033 2422 1102 recepta
2449 1030 2789 1086 omnimodo
2807 1046 2925 1085 non
2946 1030 3151 1099 fuisse;
3175 1034 3235 1085 et
3256 1031 3469 1085 idcirco
3497 1028 3827 1084 cautissime

2191 1124 2464 1191 scribunt,
2495 1124 2847 1179 commoveri
2878 1127 2977 1178 aut
3004 1124 3204 1179 violari
3232 1140 3359 1196 quae
3389 1125 3543 1178 recte
3573 1123 3646 1177 ab
3669 1138 3741 1176 ea
3773 1125 3832 1175 et

2188 1217 2613 1289 inculpabiliter
2630 1217 2868 1272 deﬁnita
2897 1220 3050 1286 sunt,
3080 1234 3199 1273 non
3231 1217 3469 1284 deberi;
3502 1233 3575 1271 ne
3605 1216 3648 1270 si
3692 1231 3832 1269 cun-

2188 1315 2279 1366 cta
2307 1311 2654 1366 conﬁrmare
2676 1328 2736 1365 se
2758 1310 3037 1379 dicerent,
3057 1311 3359 1366 sententiae
3377 1326 3526 1381 saepe
3557 1309 3662 1364 fati
3684 1325 3831 1380 prae-

2186 1404 2501 1459 decessoris
2554 1404 2734 1459 nostri
2777 1404 2985 1459 Leonis
3030 1404 3349 1459 obviarent.
3383 1403 3546 1459 Unde
3592 1406 3652 1456 et
3710 1402 3825 1456 illic

2185 1497 2336 1553 illico
2366 1498 2759 1570 subjungunt:
2788 1500 2871 1552 Ita
2902 1498 3196 1570 sapiamus
3215 1514 3467 1569 semper,
3501 1496 3649 1551 sicut
3674 1495 3829 1568 sapit

2186 1593 2498 1664 apostolica
2527 1593 2924 1647 Romanorum
2956 1592 3108 1647 sedis
3136 1592 3429 1663 Ecclesia.)

2253 1687 2316 1740 V.
2344 1688 2479 1741 Post
2507 1687 2630 1741 haec
2655 1703 2884 1758 quoque
2912 1687 3173 1758 exempla
3203 1685 3467 1757 ejusdem
3497 1684 3822 1756 praedeces-

2184 1780 2328 1835 soris
2357 1780 2538 1835 nostri
2563 1780 2771 1835 Leonis
2791 1779 2865 1835 ad
2894 1780 3166 1835 Basilium
3196 1780 3529 1851 episcopum
3558 1779 3826 1833 testimo-

447 1872 825 1927 nihilominus
847 1871 1149 1942 exciperet)
1172 1873 1246 1942 (a)
1275 1888 1404 1943 quae
1431 1872 1483 1926 ei
1499 1872 1869 1943 singulariter
1889 1871 2077 1944 displi-
2096 1864 2152 1936 B
2178 1873 2339 1927 nium
2370 1873 2659 1944 posuistis,
2684 1890 2797 1945 quo
2823 1873 2936 1928 ait:
2969 1873 3217 1929 Obsecro
3243 1872 3624 1928 Dilectionem
3652 1875 3821 1926 tuam

445 1969 659 2021 cerent.
690 1967 764 2018 At
792 1967 1101 2036 postquam
1152 1964 1295 2019 nihil
1339 1965 1494 2019 aliud
1543 1965 1767 2036 synodi,
1796 1965 1904 2019 nisi
1944 1964 2076 2019 ﬁdei

443 2058 843 2113 deﬁnitionem
874 2057 1124 2129 recepit:
1161 2057 1298 2128 quid
1330 2060 1417 2112 est
1444 2058 1620 2127 aliud,
1650 2058 1758 2113 nisi
1781 2058 1938 2130 quod
1966 2075 2074 2112 ca:-

440 2146 576 2207 tera
596 2168 725 2224 quae
750 2150 863 2206 illic
889 2150 1215 2222 specialiter
1243 2154 1404 2206 mota
1429 2155 1582 2220 sunt,
1622 2152 1933 2207 refutavit‘?
1975 2152 2078 2206 Ne-

442 2261 552 2318 que
576 2246 733 2301 enim
760 2244 804 2299 si
840 2246 1029 2313 vellet,
1058 2261 1235 2299 unam
1256 2245 1663 2300 tantummodo
1680 2262 1913 2301 causam
1934 2261 2076 2317 prae-

437 2339 540 2396 fati
575 2338 829 2395 Anatolii
870 2338 1297 2410 reprehendere
1327 2342 1642 2407 vereretur,
1669 2339 1764 2410 qui
1795 2340 1944 2394 hanc
1970 2355 2073 2395 suo

430 2434 649 2506 judicio
670 2450 785 2489 non
804 2433 1204 2504 approbatam,
1226 2435 1284 2486 et
1298 2432 1680 2487 serenissimis
1696 2432 2070 2504 principibus,

436 2532 494 2582 et
523 2526 743 2583 auctori
775 2527 897 2597 ejus
928 2525 1118 2580 eidem
1149 2526 1415 2581 Anatolio
1448 2543 1565 2581 non
1595 2530 1681 2580 est
1706 2527 1918 2581 veritus
1939 2527 2071 2581 scri-

434 2621 548 2694 ptis
595 2620 1047 2675 discurrentibus
1102 2619 1374 2674 indicare.
1420 2621 1562 2675 Cum
1594 2637 1727 2674 vero
1772 2624 1831 2674 et
1874 2620 1945 2674 de
1976 2620 2074 2675 illa

436 2714 679 2788 praefato
705 2714 972 2769 Anatolio
1000 2712 1219 2785 private
1245 2712 1518 2784 loquitur,
1549 2716 1607 2767 et
1635 2730 1860 2768 rursum
1896 2713 1970 2768 ad
1988 2731 2073 2785 sy-

435 2809 655 2865 nodum
679 2809 953 2875 scribens,
970 2806 1125 2878 quod
1145 2806 1215 2861 de
1244 2807 1365 2861 sola
1379 2807 1494 2862 ﬁde
1521 2810 1747 2879 gestum
1776 2808 1986 2874 fuerat,
2011 2823 2070 2862 se

434 2904 690 2975 recipere
718 2902 1062 2968 conﬁtetur;
1109 2904 1335 2956 constat
1370 2900 1526 2972 quod
1557 2904 1616 2955 et
1639 2900 1970 2956 Anatolium
1998 2901 2069 2955 de

435 2997 668 3070 speciali
696 2995 956 3051 criminis
982 3011 1154 3049 causa
1184 2993 1501 3065 redarguit,
1530 2997 1589 3048 et
1614 2998 1819 3049 cuncta
1847 2995 2071 3066 privata

438 3090 693 3162 negotia,
724 3107 852 3162 quae
881 3092 1040 3144 mota
1079 3089 1138 3143 in
1190 3087 1412 3160 synodo
1466 3089 1716 3157 fuerant,
1768 3087 2069 3143 retractari

432 3184 733 3239 concessit.

503 3279 587 3332 IV.
649 3278 895 3331 Rursum
931 3276 991 3330 in
1040 3275 1250 3346 scripto
1301 3278 1490 3331 vestro
1544 3274 1943 3330 testimonium
2001 3231 2144 3330 acc

433 3371 759 3442 exemplum
785 3370 856 3424 de
879 3369 1146 3441 encycliis
1171 3369 1424 3441 ponitur,
1450 3368 1607 3440 quod
1627 3369 1791 3423 multi
1815 3368 2067 3441 episcopi

432 3465 602 3520 simul
620 3464 843 3519 dicunt:
859 3465 1052 3536 Neque
1079 3480 1261 3518 unum
1276 3463 1396 3518 iota
1412 3464 1501 3517 vel
1520 3463 1745 3535 apicem
1761 3479 2068 3535 possumus

430 3562 532 3616 aut
559 3574 947 3627 commovere,
988 3561 1089 3612 aut
1116 3561 1474 3613 commutare
1518 3573 1719 3612 eorum
1757 3573 1885 3628 qua:
1913 3556 2067 3629 apud

431 3640 857 3729 Chalcedonem
885 3652 1116 3707 decreta
1146 3654 1297 3706 sunt.
1322 3651 1438 3723 (Cui
1464 3650 1619 3706 aliud
1644 3667 1876 3723 quoque
1906 3652 2064 3706 testi-

431 3751 694 3808 monium
726 3746 888 3821 quasi
911 3763 977 3801 ex
996 3746 1205 3801 eadem
1233 3745 1475 3817 epistola
1496 3744 1882 3817 subjunxistis,
1912 3745 2067 3817 quod

429 3844 696 3902 videlicet
710 3840 959 3897 Anatolii
973 3838 1625 3911 Constantinopolitanae
1642 3840 1798 3895 urbis
1814 3837 2065 3912 episcopi

432 3924 554 3996 esse
582 3954 702 3993 non
754 3935 995 3990 dubium
1030 3936 1134 3999 est,
1182 3950 1296 4004 quo
1329 3933 1409 3987 ait
1437 3950 1450 3987 :
1483 3934 1562 3987 De
1610 3933 2065 3991 Chalcedonensi

432 4049 566 4089 vero
596 4032 794 4085 sancta
818 4027 1039 4099 synodo
1068 4026 1216 4093 dico,
1247 4026 1523 4097 quoniam
1572 4027 1759 4099 ipsum
1806 4042 2064 4099 quaerere

433 4124 694 4191 omnino,
724 4125 823 4176 aut
858 4120 1150 4175 revolvere
1183 4119 1399 4190 aliquid
1445 4137 1645 4175 eorum
1673 4138 1800 4192 qua:
1829 4120 1899 4174 ab
1940 4121 2066 4191 ipsa

432 4218 598 4275 ﬁnita
626 4219 779 4285 sunt,
802 4213 1105 4270 hominum
1134 4216 1220 4267 est
1245 4213 1638 4269 insidiantium
1660 4214 2063 4269 tantummodo

432 4311 715 4379 Ecclesiis,
746 4313 803 4364 et
842 4307 1145 4363 universali
1189 4307 1394 4363 Christi
1429 4307 1602 4378 paci.)
1630 4310 1687 4361 In
1711 4324 1824 4378 quo
1854 4307 2064 4362 revolvi

433 4413 492 4465 et
521 4404 761 4463 convelli
812 4402 1138 4475 prohibeat,
1190 4401 1312 4473 ipse
1344 4400 1687 4471 subjungat;
1746 4401 1827 4454 ait
1868 4403 2061 4456 enim;

329 4500 333 4505 ’
433 4500 677 4569 Quando
699 4496 1015 4571 apostolica
1040 4495 1276 4567 quidem
1296 4498 1353 4549 et
1370 4498 1609 4566 paterna
1627 4494 1902 4566 dogmata
1923 4493 2064 4550 olim

2177 1970 2240 2021 ut
2277 1966 2762 2022 Chalcedonensis
2815 1967 3021 2038 synodi
3065 1966 3495 2022 deﬁnitionibus
3538 1965 3599 2020 in
3659 1965 3822 2019 nullo

2175 2060 2436 2116 animum
2454 2062 2749 2128 relaxetis;
2774 2064 2831 2115 et
2847 2077 2976 2132 qum
2991 2078 3057 2116 ex
3076 2061 3271 2115 divina
3290 2064 3424 2115 sunt
3439 2059 3820 2132 inspiratione

2176 2156 2518 2226 composita,
2572 2155 2729 2210 nulla
2775 2155 3080 2231 patiamini
3134 2154 3388 2210 novitate
3420 2153 3697 2208 temerari
3736 2154 3819 2223 (et

2174 2265 2435 2303 rursum:
2464 2249 2536 2303 Ut
2560 2252 2755 2303 autem
2778 2248 2957 2320 possit
2973 2249 3095 2303 haec
3112 2248 3434 2303 exhortatio
3456 2247 3530 2302 ad
3548 2248 3818 2302 omnium

2171 2342 2415 2396 fratrum
2442 2342 2998 2413 etcoepiscoporum
3028 2342 3296 2397 notitiam
3319 2341 3645 2413 pervenire,
3688 2339 3824 2394 dili—

2173 2440 2380 2506 genter
2426 2438 2629 2491 vestrae
2674 2436 3071 2491 Fraternitatis
3117 2452 3253 2490 cura
3306 2434 3634 2506 perspiciat,
3680 2433 3821 2504 quia

2173 2528 2352 2600 (quod
2393 2545 2545 2601 saepe
2586 2528 2893 2584 dicendum
2930 2528 3035 2600 est)
3078 2531 3199 2583 tota
3241 2527 3443 2599 religio
3486 2526 3821 2583 Christiana

2172 2623 2455 2690 turbatur,
2473 2622 2517 2675 si
2535 2622 2853 2693 quidquam
2871 2622 2942 2676 de
2964 2622 3053 2676 his
3074 2639 3200 2693 quae
3218 2621 3373 2693 apud
3383 2620 3817 2677 Chalcedonem

2171 2715 2482 2770 constituta
2520 2720 2672 2782 sunt,
2707 2715 3102 2787 convellatur.)
3135 2715 3249 2770 Sed
3276 2719 3470 2769 utrum
3511 2713 3583 2767 de
3627 2713 3820 2767 causis

2171 2809 2556 2880 quarumdam
2588 2825 2968 2880 personarum
2997 2808 3359 2880 specialibus,
3390 2824 3464 2861 an
3494 2807 3566 2861 de
3596 2810 3816 2861 sanctae

2170 2902 2307 2956 ﬁdei
2320 2902 2657 2957 deﬁnitione
2676 2903 3245 2973 asserat,inquiratur
3260 2902 3380 2973 ipse
3393 2900 3532 2973 quid
3548 2901 3817 2972 superius

2171 2995 2351 3063 dicat;
2375 2995 2455 3050 ait
2474 2996 2631 3050 enim
2656 3013 2668 3051 :
2694 2997 2822 3050 Haec
2840 2995 3049 3067 scripta
3080 2994 3281 3061 direxi,
3306 2994 3512 3066 quibus
3538 2994 3811 3049 Dilectio-

2170 3106 2306 3143 nem
2333 3092 2583 3144 vestram
2610 3089 2828 3144 credidi
2870 3088 3385 3157 commonendam,
3408 3092 3473 3142 ut
3511 3087 3812 3142 sceleratis

2169 3183 2401 3238 ausibus
2426 3186 2623 3238 sancta
2649 3183 2972 3238 constantia
2993 3182 3289 3249 resistatis,
3322 3199 3395 3237 ne
3421 3182 3479 3236 in
3510 3198 3812 3254 quoquam

2169 3281 2367 3332 nostra
2407 3277 2733 3332 communis
2763 3276 2905 3331 ﬁdes
2933 3281 3033 3331 aut
3060 3276 3289 3348 trepida
3320 3276 3672 3343 inveniatur,
3710 3280 3814 3330 aut

2166 3370 2382 3442 tepida.
2416 3370 2545 3443 (Qui
2598 3371 2775 3441 igitur
2811 3370 3278 3426 admonitionem
3330 3369 3629 3425 servanda
3668 3369 3811 3423 ﬁdei

2166 3464 2464 3536 praemisit,
2485 3464 2583 3519 ubi
2610 3464 2881 3518 custodiri
2904 3463 3188 3535 synodum
3210 3464 3405 3531 voluit,
3423 3463 3717 3518 indicavit.
3750 3462 3813 3519 Si

2168 3562 2363 3613 autem
2374 3557 2434 3612 in
2450 3558 2620 3628 hujus
2632 3557 2889 3629 epistolae
2902 3558 3265 3613 sermonibus
3283 3557 3655 3629 ambigimus,
3672 3574 3813 3613 eum

2168 3668 2235 3706 ex
2260 3651 2386 3705 aliis
2412 3650 2527 3705 suis
2558 3650 2814 3722 epistolis
2843 3667 2957 3722 quo
2984 3668 3156 3706 sensu
3195 3652 3317 3706 haec
3349 3650 3573 3718 dixerit,
3606 3651 3807 3723 requi-

2166 3760 2383 3799 ramus.
2418 3744 2705 3800 Marciano
2734 3761 2990 3817 namque
3030 3747 3291 3817 Augusto
3323 3744 3535 3816 scripta
3567 3762 3670 3799 sua
3700 3761 3810 3817 pro

2167 3839 2374 3893 eadem
2406 3838 2628 3910 synodo
2648 3838 2923 3909 dirigens,
2941 3838 3022 3893 ait
3046 3839 3243 3910 (Epist.
3273 3840 3398 3910 59):
3430 3837 3516 3892 Ad
3545 3839 3809 3894 Gloriam

2163 3935 2414 3986 vestram
2444 3935 2502 3987 et
2518 3932 2591 3986 ad
2616 3932 3319 4004 Constantinopolitanum
3340 3931 3653 3986 antistitem
3668 3932 3814 3987 scri-

2164 4028 2264 4097 pta
2294 4025 2492 4093 direxi,
2527 4041 2655 4097 quae
2676 4025 2970 4080 evidenter
3001 4025 3393 4093 ostenderent,
3428 4041 3542 4092 me,
3571 4041 3703 4095 quas
3732 4024 3809 4080 de

2164 4118 2278 4173 ﬁde
2307 4118 2588 4174 catholica
2612 4118 2671 4172 in
2698 4118 2974 4190 praedicta
3017 4118 3237 4190 synodo
3268 4118 3507 4173 deﬁnita
3548 4118 3804 4187 fuerant,

2165 4212 2531 4283 approbare.)
2563 4212 2671 4276 Qui
2699 4212 2745 4266 si
2772 4215 3006 4266 cunctas
3033 4214 3092 4265 et
3119 4211 3396 4283 speciales
3422 4228 3625 4266 causas
3650 4212 3803 4283 ejus-

2166 4305 2539 4377 demsynodi
2590 4305 2829 4377 recepit,
2863 4323 2964 4361 cur
3007 4322 3075 4360 ea
3106 4322 3167 4360 se
3193 4305 3519 4377 approbare
3549 4322 3679 4377 quae
3728 4305 3801 4359 de

2164 4399 2447 4454 catholica
2473 4398 2587 4453 ﬁde
2609 4398 2668 4453 in
2697 4399 2972 4471 praedicta
2991 4398 3211 4471 synodo
3240 4398 3479 4454 deﬁnita
3501 4403 3655 4466 sunt,
3680 4416 3809 4471 spe-

2165 4492 2389 4548 cialiter
2418 4492 2667 4547 asserit?
2724 4493 2969 4547 Rursum
3005 4509 3233 4564 quoque
3258 4493 3504 4563 praefato
3550 4492 3803 4565 principi

430 4596 599 4654 nobis
622 4593 856 4662 tradita,
890 4591 948 4645 in
979 4607 1046 4644 eo
1066 4590 1338 4645 roborata
1358 4591 1492 4642 sunt
1518 4591 1689 4659 atque
1709 4589 1959 4643 ﬁrmata.
1991 4589 2071 4661 (Si
2089 4602 2150 4674 D
2174 4587 2429 4641 scribens
2459 4587 2675 4658 (Ibid):
2720 4586 2868 4651 Quia
2893 4587 3162 4641 omnibus
3186 4586 3378 4641 modis
3408 4586 3812 4641 obediendum

432 4692 610 4763 igitur
626 4685 1023 4742 insidiantium
1043 4687 1129 4739 est
1143 4682 1446 4739 hominum
1465 4682 1779 4754 apostolica
1794 4682 2070 4754 dogmata

435 4788 492 4840 et
520 4785 763 4855 paterna
778 4778 1125 4846 convellere,
1149 4776 1245 4848 qui
1272 4777 1478 4831 eadem
1505 4780 1748 4847 paterna
1769 4779 1827 4831 et
1843 4781 2069 4848 aposto-

432 4878 542 4934 lica
559 4877 833 4947 dogmata
848 4872 1069 4927 illibata
1088 4870 1390 4941 recipiunt,
1411 4873 1637 4924 constat
1655 4871 1854 4940 procul
1867 4870 2063 4939 dubio,

434 4970 569 5045 quia
600 4967 940 5024 insidiantes
964 4981 1079 5019 non
1113 4966 1262 5018 sunt.
1287 4962 1557 5033 Ejusdem
1579 4979 1829 5034 namque
1859 4963 2064 5035 synodi

316 5128 319 5131 _
430 5066 608 5122 ﬁdem
640 5062 1052 5117 intemeratum
1094 5057 1209 5111 Deo
1252 5059 1485 5111 auctore
1531 5056 1867 5125 retinemus,
1902 5060 1960 5110 et
1984 5056 2064 5111 sic

432 5156 654 5231 privata
698 5148 935 5222 negotia
964 5163 1093 5218 quae
1137 5145 1252 5199 illic
1296 5148 1459 5215 gesta
1501 5148 1653 5216 sunt,
1687 5162 1818 5201 cum
1863 5150 2063 5201 sancto

430 5249 855 5325 praedecessore
883 5243 1079 5295 nostro
1116 5238 1304 5293 Leone
1349 5238 1733 5309 praeterimus,
1764 5243 1827 5294 ut
1856 5238 2059 5294 deﬁni-

430 5345 651 5401 tionem
679 5337 815 5394 ﬁdei
845 5336 958 5390 illic
984 5333 1294 5405 prolatam,
1327 5334 1623 5404 proposita
1648 5332 1823 5388 etiam
1849 5337 2059 5402 morte,

429 5449 807 5495 reservemus.
832 5432 893 5485 ln
920 5426 1271 5500 praecedenti
1291 5429 1485 5481 autem
1509 5427 1837 5483 testimonio
1855 5427 2063 5483 multo-

428 5549 559 5588 rum
587 5529 754 5584 simul
776 5524 1177 5597 episcoporum
1206 5524 1399 5575 utrum
1424 5520 1688 5589 dictator,
1717 5538 1792 5576 an
1818 5521 2062 5592 scriptor

430 5622 723 5689 erraverit,
742 5621 1111 5691 ignoramus;
1136 5631 1323 5686 neque
1342 5614 1498 5668 enim
1518 5614 1576 5668 in
1591 5614 1859 5685 encycliis
1884 5613 2061 5669 conti-

430 5722 619 5781 netur,
669 5717 732 5768 ut
756 5711 865 5782 ipsi
917 5711 975 5764 in
1021 5707 1243 5780 scriptis
1272 5707 1474 5762 vestris
1520 5707 1808 5778 posuistis.
1861 5709 2056 5780 Neque

430 5810 588 5864 enim
616 5806 737 5860 iota
755 5818 935 5857 unum
969 5805 1068 5856 aut
1110 5800 1331 5872 apicem
1358 5815 1665 5872 possumus
1689 5817 2058 5859 commovere

504 5926 574 5997 (a)
604 5925 810 5977 Deesse
835 5921 923 5975 his
948 5918 1241 5991 quidpiam
1276 5918 1516 5975 videtur.
1548 5922 1717 5979 HAan.

2172 4683 2258 4734 est
2275 4679 2548 4751 potestati
2573 4680 2816 4751 [pietati]
2846 4684 3049 4735 vestra:
3072 4684 3128 4735 et
3146 4680 3594 4751 religiosissima:
3610 4682 3813 4735 volun-

2166 4773 2290 4840 tati,
2315 4774 2818 4829 constitutionibus
2847 4774 3233 4845 synodalibus,
3262 4790 3391 4845 qua:
3411 4774 3555 4829 mihi
3576 4774 3649 4828 de
3671 4791 3838 4829 conv

2165 4866 2494 4922 ﬁrmatione
2532 4867 2669 4922 ﬁdei
2710 4868 3007 4923 catholicas
3038 4868 3379 4938 placuerunt
3397 4867 3584 4922 libens
3615 4868 3815 4939 adjeci

2166 4961 2514 5016 sententiam
2561 4978 2778 5017 meam.
2810 4962 2892 5035 (Si
2933 4978 3073 5033 ergo
3115 4962 3622 5017 conﬁrmationem
3672 4962 3815 5018 ﬁdei

2164 5055 2456 5111 catholicae
2477 5056 2582 5110 sibi
2610 5055 2910 5127 placuisse,
2943 5056 3114 5127 eique
3143 5056 3494 5111 sententiam
3524 5056 3815 5127 adjecisse

2165 5149 2367 5203 astruit
2390 5166 2403 5216 ;
2436 5149 2494 5203 in
2525 5149 2633 5218 his,
2662 5150 2722 5204 in
2744 5149 2951 5221 quibus
2976 5150 3339 5205 conﬁrmatio
3366 5150 3504 5205 ﬁdei
3530 5167 3650 5206 non
3676 5151 3811 5221 fuit,

2164 5245 2390 5297 constat
2419 5242 2555 5314 quia
2584 5244 2935 5299 sententiam
2966 5260 3085 5299 non
3119 5243 3348 5315 adjecit.

2233 5337 2318 5391 Vl.
2348 5336 2548 5392 Adhuc
2593 5342 2786 5393 autem
2818 5354 2885 5393 ex
2930 5337 3193 5409 ejusdem
3235 5338 3394 5392 beati
3425 5339 3634 5394 Leonis
3685 5339 3811 5413 epi-

2162 5431 2308 5485 stola
2334 5431 2730 5486 testimonium
2759 5432 2980 5503 scriptis
3023 5430 3223 5486 vestris
3248 5431 3520 5501 inseritis,
3568 5449 3701 5504 quae
3731 5433 3813 5489 ad

2162 5524 2432 5579 Basilium
2484 5525 2659 5579 dicit:
2710 5526 2807 5580 Pie
2839 5525 3005 5580 nobis
3036 5528 3095 5579 et
3138 5529 3474 5581 constanter
3512 5527 3809 5583 utendum

2163 5620 2381 5688 (Forsan
2422 5618 2750 5690 vivendum)
2804 5622 2923 5686 est,
2966 5618 3185 5674 nedum
3221 5620 3425 5674 talium
3479 5618 3807 5692 disputatio

2159 5710 2505 5780 admittitur,
2521 5727 2722 5767 eorum
2745 5728 2873 5783 quae
2892 5710 3162 5766 divinitus
3182 5711 3419 5767 deﬁnita
3438 5717 3595 5782 sunt,
3609 5718 3809 5770 aucto-

2158 5804 2311 5859 ritati
2339 5804 2669 5877 derogetur.
2692 5806 2762 5860 Et
2774 5804 2953 5861 infra:
2978 5806 3091 5860 Nec
3112 5804 3271 5861 enim
3294 5805 3554 5880 aliquam
3575 5804 3805 5881 [Forsan
