4016 6240
169 412 260 465 72a
782 380 794 389 ”
1434 407 1775 464 EPISTULA;
1812 405 1897 462 ET
1933 406 2262 466 DECRETA.

3427 413 3529 470 722

165 515 235 573 ad
247 513 528 589 aliquam]
543 512 1022 588 disceptationem
1038 515 1207 588 plene
1221 515 1460 572 deﬁnita
1472 514 1795 572 revocanda
1815 524 1877 601 Α
1897 521 1960 574 ut
1984 519 2056 574 ad
2084 535 2288 577 omnes
2297 518 2504 576 fratres
2519 519 2619 591 qui
2634 519 3091 578 Chalcedonensi
3107 519 3328 592 synodo
3346 519 3530 575 inter-

164 612 311 677 sunt,
339 626 414 664 ne
442 609 521 665 ad
550 610 852 665 arbitrium
884 609 1297 667 damnatorum
1341 610 1450 682 ipsi
1480 610 1552 665 de
1597 609 1685 665 his
1711 608 1791 665 vi-

166 707 406 762 deamur
443 706 766 778 ambigere,
797 722 925 778 quae
953 705 1326 762 manifestum
1355 710 1442 762 est
1466 723 1571 778 per
1598 704 1799 761 omnia

1896 615 2150 682 fuerunt,
2165 615 2375 687 scripta
2386 615 2719 687 dirigerem,
2735 616 2941 688 quibus
2952 615 3230 688 placuisse
3243 615 3383 671 mihi
3397 631 3527 688 qua

1898 726 1933 765 a
1952 709 2163 764 sanctis
2184 709 2455 765 fratribus
2478 710 2687 765 nostris
2713 710 2783 765 de
2802 712 3005 782 regula
3029 710 3168 766 ﬁdei
3185 710 3527 767 conﬁrmata

164 799 519 872 propheticis
538 803 596 854 et
627 800 972 871 evangelicis
994 804 1166 872 atque
1199 800 1522 872 apostolicis
1549 799 1793 855 auctori-
1828 826 1861 839 ι
1898 806 2050 871 sunt,
2083 802 2565 859 demonstrarem.
2595 804 2757 877 (Hinc
2781 805 3044 877 estquod
3069 804 3382 860 Pulcheriaa
3412 806 3523 859 Au-

165 894 373 949 tatibus
393 910 738 949 consonare.
762 894 917 963 (Quae
946 897 1142 951 autem
1163 896 1251 949 vel
1272 894 1533 966 superius
1561 893 1798 949 deﬁnita

164 987 452 1053 divinitus,
485 988 575 1041 vel
595 987 834 1042 inferius
862 988 1032 1059 plene
1063 987 1301 1043 deﬁnita
1318 991 1554 1057 asserat,
1578 1004 1646 1042 ex
1674 987 1797 1058 ipsa

162 1081 246 1135 vel
271 1096 339 1134 ex
365 1080 495 1136 aliis
520 1081 643 1151 ejus
668 1080 923 1152 epistolis
952 1084 1141 1135 vestra
1174 1081 1525 1136 Fraternitas
1551 1084 1757 1152 penset
1780 1098 1793 1136 :

163 1174 219 1228 in
247 1174 457 1245 quibus
488 1191 792 1245 nunquam
833 1174 1101 1246 specialia
1132 1179 1293 1246 gesta
1323 1173 1795 1243 commemorari,

165 1266 262 1322 sed
293 1268 417 1322 sola
433 1284 569 1339 quas
596 1268 667 1322 de
680 1269 793 1323 ﬁde
807 1272 941 1323 sunt
964 1269 1190 1340 prolata
1202 1270 1527 1324 conﬁrmat.
1544 1268 1705 1324 Unde
1736 1268 1796 1323 in

163 1360 247 1416 his
272 1377 508 1432 quoque
537 1361 724 1417 verbis
751 1362 1059 1433 vigilanter
1086 1362 1676 1434 imprimitur[Forsan
1702 1378 1795 1415 ex-

163 1453 476 1527 primitur],
506 1458 566 1509 et
595 1472 723 1527 quae
750 1457 919 1528 plene
959 1456 1196 1511 deﬁnita
1226 1456 1435 1511 dixerit
1480 1456 1799 1511 attenditur

171 1546 386 1620 [Forsan
423 1548 793 1619 ostenditur],
827 1565 959 1603 cum
982 1548 1151 1603 dicit:
1184 1550 1264 1603 Ne
1301 1549 1373 1603 de
1405 1548 1494 1603 his
1540 1548 1676 1620 ipsis
1715 1547 1794 1603 vi-

167 1640 407 1696 deamur
429 1641 750 1713 ambigere,
781 1659 908 1714 qua:
938 1642 1315 1697 manifestum
1347 1645 1433 1696 est
1458 1659 1563 1714 per
1598 1642 1798 1698 omnia

165 1734 513 1807 propheticis
535 1737 593 1789 et
614 1736 960 1808 evangelicis
990 1739 1163 1807 atque
1195 1736 1518 1808 apostolicis
1548 1736 1793 1791 auctori-

166 1828 372 1883 tatibus
397 1832 763 1899 consonare).
796 1833 1059 1897 Pensate,
1091 1846 1308 1901 quaeso,
1341 1831 1548 1885 fratres
1580 1830 1793 1885 charis-

1898 899 2079 967 gustaz
2107 896 2317 951 iterum
2338 897 2610 967 scribens,
2629 898 2709 953 ait
2724 898 2917 970 (Epist.
2947 897 3068 970 58):
3099 898 3257 953 Circa
3281 899 3525 953 fratrem

1898 992 2095 1044 autem
2124 1006 2321 1045 meum
2349 994 2752 1047 veneratorem
2788 995 3042 1047 vestrum
3082 991 3372 1047 lulianum
3411 991 3527 1062 epi-

1898 1099 2133 1155 scopum
2160 1086 2442 1155 quantum
2482 1085 2691 1139 debeat
2729 1086 2964 1140 credere
3007 1088 3196 1140 vestra
3242 1084 3522 1156 dignatio,

1898 1176 2223 1247 apostolicae
2240 1177 2391 1233 sedis
2410 1178 2690 1233 aestimate
2699 1179 2939 1249 judicio,
2953 1196 3084 1234 cum
3098 1179 3156 1233 in
3175 1195 3347 1233 causa
3365 1177 3523 1246 ﬁdei,

1898 1271 1989 1326 cui
2041 1271 2291 1342 gloriosa
2338 1271 2527 1327 Pietas
2570 1275 2759 1327 vestra
2806 1274 3140 1341 famulatur,
3190 1273 3373 1327 vicem
3414 1271 3525 1344 ipsi

1897 1380 2090 1419 meam
2102 1368 2340 1419 eatenus
2357 1365 2699 1437 delegarim,
2716 1369 2776 1420 ut
2791 1366 2862 1420 ab
2878 1383 2947 1421 ea
2962 1383 3091 1437 quae
3106 1365 3266 1421 vobis
3282 1364 3526 1421 debetur

1898 1458 2260 1513 observantia
2287 1475 2406 1513 non
2436 1460 2734 1528 recedens,
2774 1476 2869 1515 me
2910 1460 3114 1514 Pietati
3144 1462 3345 1513 vestrm
3375 1476 3521 1531 prae-

1897 1555 2125 1607 sentare
2156 1569 2275 1607 non
2307 1552 2577 1624 desinat.)
2612 1554 2855 1608 Causam
2887 1554 3101 1626 quippe
3138 1554 3275 1609 ﬁdei
3301 1571 3522 1610 memo-

1894 1664 2049 1713 rans,
2085 1662 2476 1717 nequaquam,
2521 1647 2790 1715 Eatenus,
2827 1647 3061 1715 diceret,
3093 1648 3202 1702 nisi
3246 1647 3527 1719 quidquid

1896 1744 2057 1795 extra
2082 1739 2259 1795 ﬁdem
2301 1741 2592 1812 ageretur,
2621 1757 2690 1794 ex
2719 1740 2939 1813 synodo
2986 1741 3208 1796 excludi
3236 1741 3525 1797 voluisset.

1966 1834 2077 1888 νη.
2109 1835 2355 1888 Rursum
2404 1850 2509 1905 per
2550 1834 2857 1905 epistolam
2904 1838 3154 1890 vestram
3205 1835 3444 1903 dicitur,
3495 1852 3531 1891 a

166 1920 308 1990 simi,
335 1921 380 1976 si
407 1923 624 1994 scripta
671 1896 957 1979 Theodori
986 1896 1334 1995 propheticis
1369 1928 1427 1978 et
1450 1923 1797 1996 evangelicis
1816 1896 1873 1968 B
1898 1927 2033 1982 sede
2060 1927 2373 1998 apostolica
2400 1896 2501 1983 vos
2521 1896 2740 1996 doctos,
2769 1932 2942 2000 atque
2971 1928 3042 1982 ab
3076 1928 3286 1983 scrinio
3316 1896 3529 1984 sanctae

168 2019 333 2086 atque
357 2016 636 2087 apostolis
675 2017 1109 2072 auctoritatibus
1156 2020 1496 2084 consonant,
1529 2034 1658 2088 quae
1704 2034 1793 2072 re-

168 2108 534 2180 demptorem
556 2113 819 2165 nostrum
850 2110 1062 2182 iniquis
1092 2110 1322 2164 ausibus
1351 2108 1663 2165 Dominum
1691 2127 1793 2165 ne-

168 2212 320 2279 gant.
342 2209 593 2262 Pensate
621 2204 668 2258 si
699 2205 795 2259 illa
821 2204 1064 2275 epistola
1093 2203 1442 2275 propheticis
1463 2207 1521 2258 et
1546 2220 1793 2275 evange-

166 2301 281 2356 licis
342 2304 521 2371 atque
580 2297 910 2369 apostolicis
980 2298 1413 2352 auctoritatibus
1477 2313 1794 2353 consonare

160 2394 434 2459 videatur,
462 2394 527 2446 in
553 2409 668 2463 qua
693 2394 751 2446 et
776 2391 958 2445 hostis
988 2391 1250 2446 Ecclesiae
1280 2390 1577 2445 Nestorius
1602 2391 1798 2447 defen-

168 2487 332 2554 ditur,
356 2490 415 2542 et
441 2487 718 2541 defensor
743 2485 1007 2540 Ecclesiae
1034 2484 1274 2556 Cyrillus
1303 2488 1619 2539 accusatur.
1648 2487 1793 2539 Pen-

168 2586 277 2636 sate
299 2580 344 2634 si
369 2580 469 2635 illa
487 2578 818 2634 Theodoriti
839 2578 1047 2650 scripta
1068 2578 1438 2649 propheticis,
1452 2578 1797 2649 evangelicis

167 2678 331 2746 atque
378 2672 709 2744 apostolicis
763 2671 1199 2727 auctoritatibus
1250 2674 1607 2738 consonant,
1669 2687 1796 2742 qua:

168 2767 315 2839 prius
340 2772 548 2823 contra
576 2770 794 2822 rectam
832 2766 1011 2820 ﬁdem
1054 2765 1227 2833 edita,
1256 2765 1376 2837 ipse
1421 2765 1794 2836 postmodum

168 2878 470 2916 conversus
526 2861 784 2916 damnat.
829 2851 1161 2914 Extremum
1219 2875 1448 2930 quoque
1497 2875 1645 2930 saepe
1691 2858 1795 2913 fati

165 2956 361 3010 Leonis
382 2955 457 3010 ad
472 2954 700 3010 Actium
721 2953 1119 3026 presbyterum
1144 2951 1537 3007 testimonium
1558 2952 1791 3024 ponitis,

167 3066 274 3120 quo
304 3049 385 3105 ait
406 3051 428 3073 '
457 3066 475 3104 :
510 3050 589 3103 Ne
617 3048 871 3121 patiatur
907 3046 1223 3118 sopitarum
1256 3063 1453 3102 rerum
1498 3050 1793 3101 certamen

167 3143 368 3211 aﬁ‘erri,
392 3158 644 3215 quarum
669 3144 1014 3196 retractator
1029 3157 1146 3195 non
1174 3140 1280 3195 nisi
1306 3140 1790 3211 sacrilegusinve-

168 3235 541 3305 nitur.(Quod
567 3235 639 3289 de
684 3234 891 3306 quibus
919 3234 1092 3288 rebus
1123 3235 1361 3299 astruat,
1404 3232 1479 3287 ad
1523 3234 1791 3288 eumdem
1812 3264 1867 3339 Ο

164 3330 378 3384 Aetium
404 3329 666 3383 scribens
688 3328 812 3400 ipse
840 3327 1178 3383 manifestat
1205 3326 1400 3381 dicens
1422 3328 1469 3350 “
1500 3342 1513 3381 :
1544 3326 1693 3381 Nihil
1720 3326 1792 3381 ab

165 3423 487 3494 apostolicis
527 3438 787 3493 unquam
816 3425 1018 3493 potero
1067 3420 1282 3475 sentire
1329 3419 1641 3489 diversum,
1687 3437 1794 3475 nec

167 3533 197 3570 a
221 3533 349 3570 mea
366 3516 494 3588 ipse
512 3515 738 3570 deviare
757 3514 1072 3580 sententia;
1098 3516 1156 3568 et
1181 3512 1337 3584 quod
1358 3516 1555 3568 sancto
1578 3513 1793 3584 Spiritu

164 3611 467 3664 revelante-
507 3609 799 3663 confessus
839 3624 987 3675 sum,
1020 3606 1291 3678 quodque
1338 3623 1571 3661 mecum
1618 3608 1794 3662 totius

165 3704 358 3773 synodi
396 3701 760 3775 professione
806 3700 1156 3773 praedicante
1192 3700 1459 3771 patefeci,
1485 3701 1678 3772 aliqua
1704 3718 1793 3757 va-

164 3797 360 3852 rietate
388 3799 782 3852 commutem:
802 3812 931 3850 cum
946 3795 1165 3850 facilius
1185 3794 1332 3849 mihi
1352 3793 1425 3849 sit
1444 3794 1794 3866 quibuslibet

165 3894 219 3944 et
252 3890 547 3963 suppliciis
571 3889 643 3944 ab
685 3890 797 3944 hoc
840 3889 1061 3944 mundo
1110 3887 1344 3955 auferri,
1382 3904 1557 3959 quam
1612 3888 1684 3943 ab
1724 3906 1793 3945 ea

164 4000 328 4055 quam
378 3984 733 4056 generaliter
772 3982 1009 4049 credidi,
1057 3983 1408 4054 professione
1440 3983 1694 4056 mutari).
1734 3983 1791 4039 Si

163 4093 293 4148 ergo
318 4082 527 4133 cuncta
550 4094 643 4132 res
673 4094 802 4148 qua:
836 4076 1136 4131 retractari
1164 4092 1283 4131 non
1323 4076 1516 4144 debet,
1546 4077 1669 4131 sola
1707 4080 1794 4135 est

160 4171 434 4241 professio
455 4171 612 4239 ﬁdei,
643 4171 736 4225 ille
754 4172 1098 4225 retractator
1120 4186 1316 4224 rerum
1333 4170 1443 4224 erit
1458 4170 1788 4241 sacrilegus,

164 4265 255 4335 qui
274 4265 619 4336 professioni
636 4265 759 4336 ejus
778 4263 951 4319 fuerit
977 4263 1253 4319 diversus.
1276 4265 1420 4318 Nam
1449 4264 1605 4335 quod
1631 4263 1791 4319 idem

162 4356 356 4413 beatus
381 4361 497 4414 Leo
527 4360 711 4413 solam
731 4358 793 4413 in
814 4357 1034 4429 synodo
1052 4357 1470 4429 professionem
1488 4357 1622 4412 ﬁdei
1639 4374 1792 4412 sum-

163 4466 252 4506 mo
280 4452 486 4508 ardore
529 4451 831 4515 custodiat,
862 4450 1184 4506 innumeris
1221 4451 1476 4522 epistolis
1514 4451 1786 4506 demons-

167 4547 288 4611 trat,
306 4562 372 4599 ex
384 4545 593 4617 quibus
614 4562 797 4616 pauca
813 4545 1063 4599 breviter
1075 4544 1534 4616 perstringimus,
1551 4548 1613 4599 ut
1628 4545 1686 4599 in
1707 4545 1789 4600 eis

1895 2021 2180 2088 Ecclesiae,
2214 2021 2305 2076 cui
2356 2022 2474 2076 Deo
2503 2024 2736 2077 auctore
2766 2038 3105 2092 praesumus,
3130 2012 3525 2090 conﬁrmatos,

1897 2131 1969 2168 ne
1995 2113 2129 2169 huic
2156 2113 2240 2169 rei
2271 2130 2399 2185 quae
2430 2114 2534 2169 sub
2553 2114 2664 2186 pia:
2693 2114 2992 2170 memoriae
3020 2115 3342 2170 Justiniano
3367 2116 3526 2186 prin-

1895 2207 2019 2279 cipe
2077 2210 2239 2279 gesta
2289 2210 2407 2275 est,
2447 2208 2773 2264 consentire
2822 2208 3080 2263 debeatis
3114 2226 3126 2264 :
3157 2212 3330 2280 atque
3380 2210 3530 2265 hanc

1897 2301 2339 2373 Opitulationem
2361 2301 2712 2356 excusationi
2741 2304 2944 2357 vestrae
2980 2302 3295 2373 adjungitis
3332 2302 3525 2357 dicen-

1898 2397 2002 2463 tes,
2031 2394 2266 2466 quodin
2292 2411 2477 2449 causa:
2494 2394 2781 2467 principio
2803 2398 2862 2450 et
2888 2395 3055 2450 sedes
3080 2396 3395 2467 apostolica
3426 2413 3530 2468 per

1896 2488 2166 2560 Vigilium
2187 2504 2424 2560 papam,
2444 2491 2502 2542 et
2518 2505 2721 2543 omnes
2742 2489 3075 2544 Latinarum
3100 2489 3530 2561 provinciarum

1895 2582 2185 2654 principes
2228 2581 2593 2637 damnationi
2640 2582 2820 2637 trium
2871 2583 3258 2656 capitulorum
3301 2584 3531 2639 fortiter

1896 2675 2248 2730 restiterunt.
2282 2678 2345 2729 In
2370 2675 2578 2747 quibus
2605 2675 2795 2731 verbis
2849 2677 3225 2745 attendimus,
3254 2677 3410 2748 quod
3436 2693 3529 2732 res

1896 2786 2023 2843 quae
2042 2786 2353 2840 provocare
2368 2787 2467 2826 vos
2488 2770 2562 2825 ad
2583 2786 2929 2826 consensum
2953 2770 3170 2838 debuit,
3196 2788 3229 2825 a
3249 2787 3543 2843 consensu,

1893 2881 1993 2920 vos
2005 2864 2128 2936 ipsa
2159 2864 2396 2919 divellit.
2417 2864 2604 2919 Latini
2620 2863 2836 2936 quippe
2854 2865 3125 2920 homines
3142 2869 3199 2920 et
3214 2865 3529 2922 Graecitatis

1894 2957 2102 3029 ignari,
2124 2957 2538 3028 dumlinguam
2561 2958 2842 3025 nesciunt,
2859 2974 3119 3013 errorem
3132 2959 3297 3013 tarde
3318 2976 3530 3029 cogno-

1894 3054 2133 3118 verunt;
2167 3054 2225 3105 et
2262 3054 2422 3106 tanto
2463 3051 2545 3106 eis
2579 3050 2821 3105 celerius
2864 3051 3022 3105 credi
3062 3051 3280 3121 debuit,
3311 3056 3527 3123 quanto

1894 3162 2098 3200 eorum
2125 3145 2466 3212 constantia,
2492 3162 2789 3216 quousque
2815 3162 3014 3200 verum
3035 3149 3470 3217 cognoscerent,
3494 3164 3530 3201 a

1894 3238 2212 3294 certamine
2241 3255 2358 3293 non
2402 3237 2644 3309 quievit;
2696 3254 2944 3310 quorum
2980 3255 3325 3294 consensum
3371 3242 3526 3295 certe

1900 3332 2092 3405 [recte]
2126 3330 2475 3387 Fraternitas
2502 3335 2689 3387 vestra
2718 3332 3058 3403 despiceret,
3089 3332 3135 3387 si
3162 3349 3304 3388 ausu
3332 3334 3530 3405 praeci-

1894 3426 2017 3497 piti,
2035 3425 2373 3497 priusquam
2394 3442 2594 3480 verum
2606 3429 3043 3497 cognoscerent,
3068 3426 3521 3483 consensissent:

1895 3522 1955 3574 at
1979 3522 2281 3590 postquam
2302 3518 2401 3573 diu
2422 3519 2493 3572 ab
2519 3519 2603 3573 eis
2621 3519 2946 3574 laboratum
2975 3522 3078 3587 est,
3109 3523 3168 3574 et
3192 3522 3365 3591 longe
3386 3524 3530 3575 tem-

1892 3629 2033 3684 pore
2065 3612 2139 3666 ad
2167 3611 2407 3682 injurias
2437 3629 2616 3683 usque
2647 3615 2952 3679 certatum,
2986 3612 3121 3666 hinc
3159 3616 3348 3667 vestra
3391 3615 3522 3668 Fra-

1894 3705 2133 3761 ternitas
2157 3708 2362 3776 penset
2392 3704 2526 3775 quia
2556 3707 2644 3759 tot
2667 3705 2894 3760 labores
2939 3708 3180 3776 repente
3212 3724 3329 3760 non
3356 3707 3527 3761 relin-

1894 3801 2158 3870 querent,
2190 3797 2297 3851 nisi
2326 3814 2454 3869 quae
2482 3814 2617 3852 vera
2643 3797 2756 3851 sint
2775 3798 3161 3869 agnovissent.
3186 3799 3335 3863 Quid
3366 3800 3525 3855 enim

1894 3892 2070 3947 divini
2100 3890 2321 3946 consilii
2368 3890 2541 3945 fuisse
2590 3891 2898 3959 credimus,
2946 3893 3187 3959 fratres,
3236 3893 3391 3964 quod
3426 3894 3524 3950 diu

1892 3986 2129 4041 Saulum
2161 3984 2534 4057 omnipotens
2564 3986 2715 4039 Deus
2754 3988 3207 4057 repugnatorem
3245 4004 3361 4042 suae
3388 3988 3525 4042 ﬁdei

1893 4096 2015 4134 esse
2044 4077 2331 4151 permisit,
2363 4081 2422 4133 et
2462 4078 2539 4134 sic
2584 4095 2719 4133 eum
2757 4095 2874 4133 suae
2910 4079 3046 4134 ﬁdei
3082 4081 3526 4151 praedicatorem

1892 4173 2046 4241 fecit,
2075 4172 2183 4227 nisi
2206 4174 2268 4226 ut
2286 4172 2522 4241 cunctis,
2554 4172 2761 4243 quibus
2786 4189 2891 4245 per
2916 4172 3079 4228 illum
3106 4174 3297 4229 fuerat
3322 4174 3526 4246 pra’di-

1890 4270 2139 4334 caturus,
2163 4266 2513 4334 ostenderet,
2543 4265 2679 4338 quia
2699 4266 2865 4321 valde
2891 4284 3091 4321 verum
3112 4271 3197 4323 est
3224 4268 3326 4323 Dei
3346 4270 3525 4325 Evan-

1891 4360 2128 4431 gelium,
2162 4359 2318 4431 quod
2340 4364 2396 4415 et
2420 4362 2584 4414 tanta
2614 4359 2825 4414 duritia
2852 4360 3126 4416 inclinata
3159 4362 3520 4433 praedicaret,

1892 4457 1954 4509 ut
1978 4454 2117 4508 dum
2144 4471 2214 4508 ea
2239 4452 2530 4509 auditores
2557 4453 2680 4524 ejus
2710 4470 2838 4524 quae
2866 4454 2937 4508 ab
2970 4454 3066 4508 illo
3091 4457 3292 4508 contra
3325 4454 3526 4510 ﬁdeles

1890 4550 2053 4618 gesta
2072 4548 2412 4615 recolerent,
2437 4549 2675 4618 repente
2697 4563 2831 4600 eum
2851 4545 2925 4600 ad
2944 4545 3121 4600 ﬁdem
3147 4562 3373 4600 versum
3402 4564 3519 4603 non

164 4637 365 4692 certior
389 4639 542 4693 facta
567 4641 757 4692 vestra
783 4638 1131 4692 Fraternitas
1151 4637 1385 4709 colligat
1403 4654 1579 4709 quam
1608 4640 1791 4692 multa
1808 4633 1867 4705 D
1892 4640 2014 4694 sine
2041 4638 2291 4693 evidenti
2318 4639 2544 4693 ratione
2569 4638 2894 4693 sentirent?
2938 4638 3100 4693 Unde
3144 4639 3262 4710 ipse
3288 4655 3519 4712 quoque

166 4730 469 4786 taceamus.
488 4732 628 4786 Hinc
642 4735 729 4786 est
750 4731 909 4786 enim
931 4731 1087 4802 quod
1101 4731 1451 4785 Marcianum
1464 4732 1788 4803 Augustum

163 4823 363 4894 scripto
419 4842 522 4879 suo
577 4823 916 4895 alloquitur,
968 4823 1165 4878 dicens
1199 4825 1391 4893 (Epist.
1423 4826 1547 4895 59):
1607 4824 1791 4879 Fratri

167 4919 351 4972 autem
400 4934 533 4973 meo
583 4917 810 4974 Iuliano
861 4917 1130 4989 episcopo
1172 4916 1397 4972 noverit
1431 4920 1617 4972 vestra
1661 4917 1786 4973 Cle-

163 5012 371 5067 mentia
414 5012 524 5066 hoc
553 5028 649 5066 me
679 5012 910 5083 proprie
953 5011 1246 5082 delegasse
1273 5013 1336 5064 ut
1365 5010 1648 5085 quidquid
1673 5010 1788 5065 illic

164 5102 233 5156 ad
246 5105 563 5161 custodiam
585 5104 722 5160 ﬁdei
739 5105 1030 5177 pertinere
1044 5103 1391 5176 probaverit,
1406 5121 1536 5159 meo
1548 5104 1787 5159 nomine

163 5199 352 5253 vestrae
372 5199 716 5254 ﬁducialiter
736 5202 1011 5270 suggerat
1030 5196 1491 5270 potestati.(Hinc
1521 5201 1609 5252 est
1632 5197 1787 5269 quod

163 5288 465 5347 Pulcheria:
506 5294 780 5364 Augustae
819 5292 1095 5360 scribens,
1129 5291 1210 5346 ait
1235 5290 1429 5363 (Epist.
1460 5290 1586 5363 60):
1622 5290 1788 5354 Quod

165 5396 287 5438 vero
330 5385 619 5455 piissimus
666 5386 985 5458 imperator
1016 5385 1089 5440 ad
1126 5402 1333 5450 omnes
1363 5383 1663 5456 episcopos
1690 5384 1789 5455 qui

164 5474 607 5534 Chalcedonensi
632 5480 853 5551 synodo
879 5479 1289 5547 interfuerunt,
1320 5478 1502 5534 voluit
1524 5494 1619 5533 me
1650 5477 1784 5532 scri-

166 5571 255 5637 pta
274 5556 539 5644 dirigere,
555 5573 761 5644 quibus
782 5590 851 5628 ea
872 5590 1000 5645 quae
1028 5574 1140 5628 illic
1166 5573 1237 5627 de
1266 5571 1401 5627 ﬁdei
1429 5572 1631 5643 regula
1656 5574 1789 5625 sunt

166 5660 393 5719 deﬁnita
420 5666 740 5734 ﬁrmarem,
772 5667 1021 5721 libenter
1048 5665 1324 5739 implevi).
1346 5666 1488 5721 Hinc
1515 5668 1603 5721 est
1632 5665 1789 5737 quod

169 5754 381 5813 Iuliano
413 5760 682 5832 episcopo
711 5759 984 5828 scribens,
1009 5759 1183 5816 dicit:
1208 5760 1374 5825 Quod
1399 5758 1790 5816 necessarium

169 5849 398 5905 credidit
416 5853 894 5909 clementissimus
911 5853 1247 5925 imperator,
1269 5853 1520 5911 libenter
1532 5852 1784 5925 implevi,

237 5972 255 5991 "
284 5971 403 6029 Non
426 5976 610 6032 exstat
627 5974 751 6033 haec
782 5972 1045 6049 epistola.

1890 4733 2025 4787 dum
2040 4729 2511 4803 praedicationem
2527 4747 2689 4785 suam
2703 4731 2913 4785 debere
2932 4731 3095 4786 facile
3109 4732 3180 4786 ab
3193 4732 3520 4790 inﬁdelibus

1888 4824 2067 4897 recipi
2096 4822 2342 4879 Domino
2375 4823 2611 4893 diceret,
2642 4823 2757 4879 ait:
2788 4827 3027 4889 Domine,
3056 4828 3165 4896 ipsi
3189 4830 3365 4883 sciunt
3389 4831 3522 4899 quia

1888 4935 1982 4990 ego
2035 4934 2183 4973 eram
2222 4917 2542 4971 concludens
2570 4919 2629 4971 in
2664 4934 2895 4982 carcere,
2925 4922 2976 4974 et
3006 4921 3211 4976 credens
3233 4937 3332 4993 per
3352 4938 3516 4993 syna-

1888 5026 2053 5081 gogas
2100 5025 2183 5066 eos
2233 5011 2330 5079 qui
2379 5009 2669 5065 credebant
2704 5012 2762 5064 in
2792 5015 2841 5066 te
2891 5010 3030 5082 (Act.
3078 5013 3233 5084 xxu).
3286 5015 3513 5071 Etcum

1888 5104 2129 5171 Galatas,
2164 5102 2362 5157 relicta
2399 5102 2692 5173 Evangelii
2720 5106 2941 5175 regula,
2989 5105 3048 5160 in
3072 5107 3350 5162 Judaismi
3382 5126 3518 5164 con-

1889 5197 2133 5268 spiceret
2143 5212 2400 5251 errorem
2415 5195 2752 5264 declinasse,
2773 5215 2936 5253 suam
2953 5200 3034 5253 eis
3050 5200 3303 5271 priorem
3320 5204 3520 5257 contra

1887 5289 2265 5361 Evangelium
2289 5289 2565 5345 duritiam
2606 5291 2824 5359 retulit,
2858 5295 2916 5345 et
2942 5292 3013 5346 ab
3034 5292 3359 5347 intentione
3388 5311 3518 5366 per-

1887 5384 2039 5439 ﬁdiae
2071 5400 2275 5439 eorum
2301 5387 2529 5439 mentes
2553 5384 2804 5453 retorsit,
2837 5384 3033 5440 dicens
3061 5403 3074 5441 :
3112 5387 3363 5443 Audistis
3392 5404 3517 5443 con-

1886 5480 2241 5535 versationem
2282 5494 2454 5534 meam
2495 5479 2796 5549 aliquando
2823 5481 2881 5534 in
2922 5480 3224 5544 Judaismo,
3264 5484 3520 5551 quoniam

1886 5588 2057 5645 supra
2100 5572 2320 5627 modum
2359 5572 2717 5643 persequebar
2758 5572 3053 5628 Ecclesium
3109 5575 3225 5638 Dei,
3266 5578 3318 5629 et
3345 5590 3515 5647 expu-

1888 5666 2123 5735 gnabam
2170 5666 2373 5734 illam;
2430 5670 2482 5720 et
2531 5665 2871 5736 proﬁciebam
2916 5668 2973 5720 in
3019 5666 3299 5722 Judaismo
3350 5683 3518 5737 supra

1886 5760 2082 5815 multos
2135 5763 2423 5817 cowtaneos
2475 5773 2614 5814 meos
2641 5761 2698 5813 in
2738 5774 2925 5829 genere
2971 5775 3104 5828 meo,
3150 5760 3518 5815 abundantius

1887 5854 2168 5908 mutator
2196 5855 2428 5908 eaistens
2452 5857 2809 5924 paternarum
2848 5834 3090 5911 mearuin
3134 5854 3513 5912 traditionum.

1960 5973 2009 5997 “
2029 5972 2225 6046 Neque
2250 5973 2371 6031 haec
2398 5973 2586 6031 adhuc
2612 5976 2813 6033 exstat.
