4016 6240
465 400 566 468 ’129

1863 414 2127 470 PELAGII
2164 416 2355 470 ΡΑΡΑΞ
2391 416 2439 471 Π
2516 431 2522 437 ‘

3739 417 3840 471 724

465 523 596 579 Cum
612 526 792 576 autem
812 523 1022 592 placuit
1045 522 1093 575 ei
1110 520 1205 589 qui
1228 533 1309 573 me
1326 520 1630 588 segregavit
1653 519 1719 573 de
1730 523 1882 575 utero
1902 525 2097 578 matris
2119 533 2178 608 Α
2201 523 2486 578 dicentes:
2530 524 2801 579 Doctrina
2825 525 3031 579 vestras
3059 521 3392 577 reverendae
3432 522 3584 578 sedis
3625 524 3717 578 est
3738 539 3843 595 per

462 631 613 678 mem,
641 620 690 670 et
713 618 921 670 vocavit
940 631 1039 685 per
1065 616 1301 682 gratiam
1327 628 1502 675 suam,
1524 617 1587 666 ut
1610 614 1874 669 reuelaret
1900 617 2099 672 Filium

463 724 624 764 suum
654 711 712 763 in
736 726 836 775 me,
864 714 925 762 ut
958 708 1379 773 evangelizarem
1404 708 1561 760 illum
1589 709 1649 761 in
1677 709 1945 775 gentibus,
1978 726 2099 765 con-

462 806 617 858 tinuo
644 819 751 857 non
789 804 1036 870 acquievi
1079 803 1232 854 carni
1273 803 1323 854 et
1353 803 1631 868 sanguini.
1687 803 1849 871 Ecce,
1890 803 2097 857 fratres

464 895 805 960 charissimi,
824 896 1031 949 Paulus
1045 893 1312 965 egregius
1334 894 1554 961 doctor,
1580 895 1717 966 quia
1744 896 1841 949 diu
1870 897 2101 952 veritati

462 990 691 1054 restitit,
721 988 856 1041 inde
888 988 961 1041 ad
991 988 1393 1043 conﬁrmanda
1433 988 1610 1042 corda
1646 988 2005 1044 audientium
2036 991 2097 1045 in

464 1083 723 1153 ejusdem
747 1081 1156 1152 praedicatione
1178 1081 1434 1136 veritatis
1451 1081 1802 1151 adjutorium
1823 1085 2094 1155 sumpsit:

460 1175 772 1231 ostendens
786 1174 1205 1245 profecto,quia
1221 1175 1417 1242 fidem,
1434 1174 1523 1229 cui
1536 1177 1696 1229 tanto
1716 1175 1875 1246 prius
1900 1178 2097 1233 labore

456 1268 765 1335 restiterat,
794 1268 1169 1339 postmodum
1198 1269 1320 1323 sine
1349 1285 1581 1339 magna:
1603 1268 1839 1324 rationis
1866 1271 2096 1326 certitu—

461 1363 596 1418 dine
624 1379 741 1417 non
769 1363 1019 1417 tenebat.

528 1459 663 1512 VIII.
687 1457 866 1512 Debet
895 1473 1033 1527 ergo
1066 1455 1427 1527 perpendere
1457 1459 1645 1511 vestra
1676 1456 1935 1525 Dilectio,
1961 1459 2099 1529 quia

459 1551 949 1624 prmdecessorum
986 1553 1317 1605 nostrorum
1348 1550 1406 1604 in
1448 1550 1555 1605 hac
1586 1567 1755 1605 causa
1785 1568 2096 1607 consensus

457 1649 622 1700 tanto
644 1650 773 1716 post
793 1643 980 1698 inanis
1002 1660 1119 1698 non
1136 1643 1262 1709 fuit,
1289 1647 1506 1714 quanto
1522 1644 1678 1716 prius
1702 1644 1857 1699 duris
1874 1650 2098 1700 contra-

458 1739 777 1794 dictionum
809 1738 1103 1793 laboribus
1137 1737 1446 1791 insudavit.
1480 1738 1593 1792 Sed
1628 1739 1715 1793 his
1745 1740 1981 1810 insuper
2009 1741 2092 1794 fa-

455 1837 612 1888 ctum
638 1831 811 1898 Petri,
831 1830 927 1902 qui
963 1835 1020 1885 et
1061 1832 1305 1884 Paulum
1333 1835 1581 1901 superat,
1607 1835 1795 1887 vestra
1816 1833 2097 1888 Fraterni-

2197 616 2433 672 beatum
2469 618 2746 685 Leonem,
2776 620 3244 688 successoresque
3269 616 3413 687 ejus,
3462 616 3617 672 unde
3655 633 3839 687 pauca

2198 727 2659 766 commemorare
2677 710 3165 783 praesumpsimus,
3182 714 3481 766 mortuum
3503 710 3574 765 ab
3589 710 3839 766 homini-

2197 805 2304 859 bus
2354 805 2620 859 damnari
2650 807 2978 859 nullatenus
3006 808 3272 877 oportere
3297 821 3311 871 ;
3341 804 3419 875 (et
3445 808 3649 858 tamen
3681 804 3838 859 nulla

2200 899 2322 969 ejus
2349 898 2682 954 testimonia
2708 898 3056 966 subdidistis,
3081 898 3287 969 quibus
3310 898 3461 951 hanc
3481 897 3839 952 sententiam

2198 992 2525 1046 ﬁrmaretis.
2550 992 2779 1047 Etenim
2798 1008 2924 1063 quin
2944 992 3147 1047 avobis
3163 991 3465 1062 subjuncta
3484 994 3637 1059 sunt,
3662 994 3841 1045 retra-

2200 1086 2511 1141 ctationem
2543 1085 2677 1155 ﬁdei
2700 1085 2823 1140 ﬁeri
2853 1085 3181 1156 prohibent,
3206 1100 3324 1139 non
3342 1088 3539 1139 autem
3567 1083 3840 1139 damnari

2198 1178 2461 1234 inﬁdeles
2489 1183 2748 1235 mortuos
2770 1178 3189 1233 contradicunt.
3211 1178 3324 1233 Sed
3355 1194 3545 1249 neque
3568 1178 3681 1232 hoc
3706 1177 3842 1233 bea-

2196 1276 2321 1327 tum
2349 1274 2602 1327 Leonem
2630 1273 3113 1343 prazdecessorem
3138 1274 3400 1326 nostrum
3429 1270 3687 1342 quodam
3711 1271 3837 1325 loco

2200 1366 2404 1420 dixisse
2421 1366 2811 1420 meminimus.
2831 1366 2965 1430 Quis
2986 1369 3181 1420 autem
3203 1363 3440 1432 nesciat,
3461 1363 3616 1435 quod
3638 1363 3701 1417 in
3719 1363 3843 1417 nul-

2180 1448 2251 1514 lo
2274 1460 2378 1514 sibi
2403 1460 2661 1531 ejusdem
2684 1459 2891 1514 Leonis
2909 1463 2968 1513 et
2990 1459 3145 1513 beati
3167 1457 3471 1529 Augustini
3500 1456 3836 1528 praedicatio

2198 1553 2598 1608 contradicat?
2620 1556 2741 1625 Ipse
2776 1570 3031 1624 namque
3068 1553 3142 1607 ad
3169 1552 3529 1607 Bonifacium
3556 1551 3839 1605 comitem

2198 1647 2470 1713 scribens,
2493 1647 2575 1702 ait
2622 1649 2812 1717 (Epist.
2848 1650 2932 1713 50,
2959 1662 3079 1716 sup.
3109 1647 3228 1701 coll.
3258 1646 3306 1715 5)
3335 1662 3350 1700 :
3401 1645 3459 1701 Si
3486 1661 3623 1699 vera.
3644 1646 3841 1698 essent

2200 1757 2327 1812 quae
2349 1741 2421 1795 ab
2445 1739 2527 1794 eis
2556 1740 2781 1810 objecta
2809 1743 2941 1793 sunt
2968 1738 3293 1805 Caeciliano,
3325 1742 3382 1792 et
3405 1738 3572 1793 nobis
3597 1741 3840 1809 possent

2200 1834 2513 1904 aliquando
2536 1833 2866 1899 monstrari,
2902 1833 3086 1904 ipsum
3100 1833 3226 1903 jam
3256 1833 3552 1887 mortuum
3587 1830 3834 1885 anathe-

454 1930 544 1981 tas
572 1926 645 1985 ad
668 1924 1015 1980 memoriam
1034 1925 1291 1978 reducat.
1312 1924 1419 1978 Diu
1448 1925 1658 1997 quippe
1677 1927 1903 1995 restitit,
1929 1944 2000 1981 ne
2023 1928 2096 1982 ad
2116 1908 2172 1979 B
2198 1927 2620 1981 matizaremus.
2645 1927 2759 1982 Sed
2788 1930 2988 1981 tamen
3001 1926 3312 1980 Ecclesiam
3328 1925 3553 1991 Christi,
3570 1941 3702 1995 quae
3718 1940 3838 1978 non

455 2020 635 2074 ﬁdem
660 2022 862 2090 gentes
878 2021 1075 2072 sancta
1091 2018 1340 2071 Ecclesia
1358 2018 1481 2072 sine
1502 2018 1934 2074 circumcisione
1958 2020 2097 2075 reci-

452 2116 637 2185 peret,
671 2112 770 2166 diu
800 2130 859 2166 se
895 2129 927 2165 a
954 2128 1359 2166 conversarum
1396 2112 1656 2183 gentium
1685 2115 2094 2169 communione

453 2206 750 2273 subtraxit,
782 2206 964 2261 Paulo
1015 2208 1344 2272 attestante,
1379 2206 1475 2276 qui
1513 2206 1628 2261 ait:
1688 2210 1818 2264 Cum
1865 2211 2096 2263 venisset

454 2302 824 2361 Antiochiam,
852 2300 913 2353 in
944 2302 1142 2367 faciem
1169 2301 1218 2353 ei
1259 2301 1456 2361 restiti,
1488 2303 1620 2368 quia
1660 2302 2094 2370 reprehensibilis

450 2400 588 2450 erat.
616 2395 777 2448 Prius
818 2395 961 2447 enim
1000 2406 1169 2462 quam
1220 2394 1466 2447 venirent
1501 2395 1727 2463 quidam
1756 2395 1826 2448 ab
1874 2397 2090 2459 Jacobo,

452 2504 573 2543 cum
597 2487 852 2555 gentibus
882 2486 1071 2540 edebat
1094 2504 1111 2551 ,-
1143 2500 1264 2539 cum
1293 2491 1474 2540 autem
1501 2489 1792 2551 venissent,
1817 2489 2095 2545 subtrahe-

453 2583 545 2636 bat
573 2596 648 2643 se,
678 2582 871 2633 timens
900 2595 985 2633 eos
1006 2581 1103 2648 qui
1117 2595 1184 2633 ea:
1208 2580 1612 2634 circumcisione
1629 2587 1785 2636 erant
1811 2581 2013 2652 (Galat.
2033 2587 2089 2655 1).

450 2675 521 2730 Et
550 2674 725 2729 Paulo
761 2675 923 2744 post:
980 2676 1050 2729 Et
1103 2688 1222 2726 cum
1280 2673 1534 2728 vidissem
1600 2676 1744 2743 quod
1795 2691 1902 2730 non
1958 2680 2095 2732 recte

449 2768 752 2823 ambularet
795 2768 871 2821 ad
896 2769 1184 2821 veritatem
1244 2769 1531 2836 evangelii,
1563 2769 1687 2822 diri
1731 2771 1889 2824 Petro
1914 2785 2095 2825 coram

445 2863 734 2916 omnibus:
788 2863 850 2918 Si
898 2866 959 2915 tu
986 2876 1108 2915 cum
1153 2862 1372 2916 Judzeus
1411 2863 1507 2923 sis,
1568 2863 1845 2931 gentiliter
1891 2867 1941 2918 et
1985 2879 2093 2918 non

436 2956 665 3026 judaice
700 2957 858 3017 vivis,
891 2956 1152 3024 quomodo
1194 2960 1373 3023 gentes
1410 2958 1551 3023 cogis
1584 2956 1879 3023 judaizare
1903 2959 1931 3011 Ρ
1984 2956 2093 3022 Qui

445 3054 647 3104 tamen
665 3049 735 3103 ab
754 3048 1154 3103 eodemPaulo
1176 3049 1548 3119 postmodum
1562 3049 1788 3104 ratione
1805 3056 2088 3121 suscepta,

452 3143 589 3198 dum
613 3142 896 3214 quosdam
919 3142 1278 3212 conspiceret
1299 3143 1396 3213 qui
1426 3143 1672 3213 gentiles
1694 3143 1767 3198 ad
1784 3144 2090 3199 Ecclesium

442 3236 742 3299 venientes
768 3235 1028 3305 pondere
1062 3235 1359 3289 servandae
1396 3236 1848 3291 circumcisionis
1879 3253 2082 3292 onera-

450 3332 599 3395 rent,
647 3327 811 3382 dicit:
867 3330 976 3385 Cur
1023 3330 1240 3382 tentatis
1278 3331 1466 3391 Deum,
1516 3332 1844 3399 imponentes
1887 3331 2089 3400 jugum

449 3422 738 3476 cervicibus
786 3421 1204 3491 discipulorum,
1263 3422 1410 3491 quod
1458 3438 1624 3492 neque
1666 3428 1854 3493 patres
1894 3426 2086 3488 nostri,

449 3532 619 3585 neque
642 3531 737 3569 nos
756 3519 979 3585 portare
1002 3517 1278 3584 potuimus
1299 3514 1438 3587 (Act.
1474 3515 1562 3587 xv)
1588 3517 1616 3570 ?
1653 3517 1942 3587 Nunquid,
1972 3518 2085 3572 fra-

447 3613 565 3664 tres
617 3607 950 3674 lectissimi,
1000 3609 1170 3662 Petro
1225 3610 1619 3679 apostolorum
1687 3610 1934 3681 principi
1982 3611 2088 3666 sibi

449 3702 751 3758 dissimilia
782 3702 1013 3756 docenti
1032 3702 1229 3756 debuit
1253 3702 1326 3756 ad
1355 3703 1478 3757 haec
1506 3703 1678 3757 verba
1698 3705 2087 3775 responderi?

448 3798 576 3852 Haec
595 3813 721 3868 quae
746 3796 906 3863 dicis,
928 3796 1128 3850 audire
1148 3813 1263 3851 non
1282 3813 1604 3867 possumus,
1621 3798 1757 3869 quia
1773 3798 1928 3853 aliud
1951 3803 2086 3854 ante

447 3890 773 3962 praedicasti
792 3890 820 3944 ?
852 3891 910 3945 Si
937 3890 1113 3959 igitur
1138 3890 1196 3944 in
1216 3891 1391 3944 trium
1415 3891 1797 3962 capitulorum
1827 3893 2083 3963 negotio,

446 3984 602 4038 aliud
633 4000 763 4037 cum
788 3984 997 4037 veritas
1026 3986 1401 4053 quaereretur,
1435 3985 1592 4039 aliud
1629 3988 1823 4040 autem
1851 3986 2086 4042 inventa

444 4077 705 4141 veritate,
731 4076 949 4129 dictum
979 4079 1083 4142 est,
1109 4093 1211 4129 cur
1226 4078 1468 4145 mutatio
1494 4079 1797 4133 sententiae
1812 4080 1942 4134 huic
1964 4080 2084 4135 sedi

444 4169 505 4222 in
528 4167 768 4222 crimine
802 4167 1088 4238 objicitur,
1120 4185 1248 4239 qua
1278 4187 1311 4224 a
1342 4174 1546 4225 cuncta
1567 4173 1818 4226 Ecclesia
1845 4173 2079 4227 humili-

446 4265 535 4316 ter
548 4261 605 4315 in
628 4261 751 4331 ejus
763 4264 998 4315 auctore
1016 4263 1364 4317 veneratur?
1383 4265 1508 4318 Non
1527 4265 1683 4319 enim
1698 4267 1943 4321 mutatio
1961 4284 2086 4321 sen-

448 4355 663 4423 tentias,
681 4355 782 4409 sed
811 4355 1201 4411 inconstantia
1222 4373 1420 4410 sensus
1443 4358 1501 4410 in
1519 4359 1686 4428 culpa
1708 4362 1812 4413 est.
1837 4360 2081 4423 Quando

445 4466 585 4520 ergo
614 4449 686 4504 ad
709 4449 1104 4521 cognitionem
1136 4450 1297 4517 recti,
1328 4450 1573 4505 intentio
1595 4450 2083 4509 incommutabilis

442 4547 806 4615 permaneat,
841 4543 982 4615 quid
1004 4544 1213 4611 obstat,
1242 4543 1286 4598 si
1314 4544 1706 4616 ignorantiam
1732 4563 1895 4601 suam
1917 4548 2078 4602 dese-

2108 3278 2163 3352 C

2195 2020 2460 2091 litigiosis
2486 2020 2855 2091 opinionibus
2879 2021 2955 2073 ﬁn
2964 2020 3136 2091 gitur,
3161 2020 3260 2074 sed
3282 2019 3487 2073 divinis
3510 2017 3834 2072 attestatio-

2195 2114 2362 2168 uibus
2413 2114 2844 2184 comprobatur,
2877 2117 3117 2184 propter
3165 2112 3487 2183 quemlibet
3522 2111 3835 2165 hominem

2193 2207 2521 2277 relinquere
2549 2224 2665 2262 non
2690 2206 3010 2275 debemus.)
3033 2207 3173 2260 Ecce
3188 2205 3465 2259 mirabilis
3484 2204 3840 2275 praedicator

2195 2304 2253 2355 et
2282 2300 2615 2355 scissionem
2635 2300 2900 2354 Ecclesiae
2930 2303 3169 2371 propter
3185 2298 3485 2352 hominem
3509 2301 3688 2363 vetat,
3712 2300 3773 2352 et
3787 2296 3840 2351 si

2195 2410 2309 2464 qua
2335 2409 2603 2465 perversa
2637 2393 3056 2463 deprehendat,
3088 2409 3222 2446 eum
3251 2408 3423 2462 quem
3468 2390 3697 2462 publice
3731 2390 3835 2444 de-

2195 2487 2471 2541 fendebat
2486 2487 2871 2553 Caecilianum,
2888 2502 2945 2539 se
2969 2486 3144 2540 etiam
3166 2488 3295 2556 post
3313 2487 3565 2538 mortem
3592 2483 3843 2537 anathe-

2194 2580 2469 2634 matizare
2504 2597 2619 2634 non
2638 2579 2908 2650 abnegat,
2930 2579 3065 2650 quia
3076 2578 3341 2633 videlicet
3358 2581 3492 2632 tunc
3508 2576 3839 2630 viventibus

2192 2690 2324 2727 vere
2352 2675 2702 2740 consulatur,
2737 2689 2866 2726 cum
2912 2673 3078 2742 culpa
3108 2672 3167 2726 in
3198 2671 3311 2725 fide
3355 2673 3693 2741 perpetrata
3724 2685 3839 2723 nec

2193 2769 2382 2821 morte
2408 2766 2827 2819 interveniente
2848 2767 3087 2819 laxetur.
3105 2765 3163 2820 Si
3180 2781 3313 2819 vero
3334 2765 3443 2819 hoc
3470 2762 3835 2830 faciendum,

2192 2861 2383 2915 dicere
2412 2861 2655 2914 fortasse
2672 2859 3095 2930 praesumimus,
3129 2859 3237 2913 hoc
3262 2860 3460 2930 procul
3481 2857 3659 2913 dubio
3688 2855 3834 2911 faci-

2190 2971 2337 3021 mus,
2369 2953 2524 3024 quod
2554 2954 2678 3007 fieri
2710 2956 2989 3007 vetemus.
3019 2952 3384 3008 Theodorum
3416 2952 3633 3023 quippe
3676 2966 3841 3005 mor-

2189 3051 2351 3101 tuum
2372 3050 2570 3102 sancta
2581 3046 2832 3117 synodus
2853 3046 3045 3117 prima
3061 3046 3347 3117 Ephesina
3369 3045 3503 3100 dam
3514 3044 3834 3111 navit(Act.

2188 3140 2285 3211 VI).
2311 3143 2455 3195 Nam
2469 3157 2600 3195 cum
2623 3140 2693 3194 ab
2717 3140 2839 3211 ejus
2858 3140 3146 3211 discipulis
3166 3140 3444 3195 dictatum
3467 3139 3658 3194 abillo
3681 3155 3838 3210 sym-

2188 3235 2385 3289 bolum
2419 3234 2625 3287 eadem
2652 3233 2872 3304 synodo
2899 3234 3098 3287 fuisset
3123 3234 3437 3305 prolatum,
3471 3232 3622 3287 illico
3651 3233 3766 3287 illic
3797 3249 3838 3287 θ,

2189 3327 2398 3382 sanctis
2420 3327 2683 3381 Patribus
2706 3344 2839 3381 cum
2860 3330 3092 3381 auctore
3117 3327 3459 3381 damnatum
3486 3330 3590 3380 est.
3617 3327 3688 3379 Et
3708 3326 3836 3397 qui-

2190 3422 2324 3475 dem
2358 3420 2466 3491 ipsi
2498 3421 2679 3474 sancti
2707 3422 2905 3475 Patres
2932 3421 2989 3474 in
3023 3420 3228 3474 eadem
3256 3420 3475 3491 synodo
3503 3419 3834 3475 residentes

2189 3514 2263 3569 ad
2278 3514 2585 3568 Dominum
2593 3515 2715 3584 jam
2730 3514 2946 3585 recepti
2961 3517 3111 3580 sunt,
3126 3517 3436 3584 postquam
3452 3514 3832 3567 Theodorum

2189 3608 2569 3662 damnavere:
2604 3611 2660 3661 et
2688 3608 2731 3661 si
2774 3607 3043 3661 damnari
3084 3610 3382 3662 mortuum
3412 3624 3525 3660 non
3554 3606 3834 3661 debuisse

2188 3701 2449 3767 dicimus,
2478 3702 2676 3772 procul
2698 3700 2873 3755 dubio
2888 3704 3147 3755 mortuos
3166 3717 3517 3766 accusamus,
3542 3703 3601 3754 et
3629 3700 3834 3771 incipi-

2187 3811 2317 3848 mus
2343 3795 2727 3861 committere,
2758 3794 2913 3865 quod
2951 3794 3190 3848 nitimur
3220 3794 3548 3865 prohibere.
3577 3793 3693 3848 Sed
3724 3810 3835 3847 cur

2188 3888 2285 3943 diu
2317 3891 2374 3942 et
2412 3904 2542 3958 quae
2568 3887 2747 3943 nostis
2772 3888 3118 3958 loquimur?
3139 3887 3412 3957 Ejusdem
3430 3886 3718 3941 Theodori
3752 3903 3832 3941 ex

2186 3981 2344 4035 libris
2373 3982 2523 4035 illius
2554 3981 2706 4035 dicta
2728 3980 3092 4053 replicemus.
3127 3982 3196 4035 Et
3225 3981 3270 4035 si
3299 3982 3492 4035 Jesum
3518 3980 3591 4049 (a)
3632 3979 3834 4034 Domi-

2186 4092 2326 4128 num
2339 4092 2404 4129 ac
2425 4076 2607 4129 Deum
2627 4078 2913 4141 nostrum,
2930 4075 3028 4145 qui
3049 4078 3180 4145 post
3213 4078 3463 4128 mortem
3480 4072 3692 4140 vivere,
3707 4073 3829 4127 imo

2186 4168 2321 4238 quia
2344 4169 2533 4222 vivere
2564 4169 2836 4235 creditur,
2864 4171 2995 4239 post
3022 4171 3274 4222 mortem
3299 4167 3636 4222 Theodorus
3666 4170 3825 4238 post-

2184 4262 2371 4332 posita
2383 4262 2741 4317 dubitatione
2755 4262 3077 4329 damnavit;
3098 4278 3286 4332 neque
3302 4261 3458 4315 enim
3470 4264 3671 4316 nostra
3682 4260 3827 4314 ﬁdes

2184 4355 2399 4426 patitur
2421 4358 2483 4409 ut
2517 4356 2615 4427 qui
2667 4359 2751 4410 tot
2779 4356 3154 4426 blasphemiis
3198 4354 3575 4425 Redemptori
3624 4357 3824 4409 nostro

2184 4449 2364 4503 hostis
2413 4450 2643 4517 exstitit,
2694 4466 2728 4503 a
2778 4450 2939 4504 vobis
2986 4449 3220 4504 ulterius
3267 4448 3638 4502 defendatur.
3698 4448 3825 4518 Ipse

2183 4543 2397 4614 quippe
2429 4545 2627 4597 contra
2654 4544 3050 4615 Apollinarem
3081 4543 3142 4598 in
3186 4542 3335 4597 libro
3361 4541 3534 4597 tertio
3574 4542 3827 4612 loquens

441 4654 596 4704 rens,
629 4638 803 4692 verba
824 4638 1158 4709 permutet?
1179 4639 1259 4692 De
1292 4638 1414 4710 ipso
1447 4655 1678 4710 quoque
1707 4644 1941 4696 auctore
1962 4651 2156 4723 om-D
2181 4636 2261 4691 ait
2286 4639 2437 4707 (Sup.
2469 4638 2590 4691 coll.
2623 4637 2706 4707 4):

440 4731 602 4786 nium
640 4733 755 4786 Deo
787 4731 1080 4803 Scriptura
1123 4736 1432 4787 attestante
1486 4734 1907 4805 cognoscimus,
1947 4736 2082 4806 quia

442 4825 582 4879 dum
630 4824 935 4880 consilium
986 4843 1104 4881 non
1158 4830 1361 4881 manet
1394 4828 1611 4888 (Forsan
1663 4828 1889 4900 mutat),
1927 4845 2079 4900 saepe

439 4917 791 4972 sententiam
822 4922 1044 4988 mutat;
1087 4937 1277 4991 neque
1318 4920 1474 4975 enim
1502 4920 1833 4992 inopinatus
1862 4922 1914 4976 ei
1944 4940 2076 4993 pro-

437 5015 641 5066 ventus
663 5017 1000 5083 accesserat,
1019 5031 1151 5068 cum
1175 5015 1245 5069 de
1270 5031 1338 5069 eo
1361 5031 1537 5085 quem
1559 5015 1680 5087 ipse
1704 5016 1845 5087 ungi
1868 5033 2081 5088 prince-

364 5150 365 5153 η
436 5108 622 5178 perat,
657 5105 916 5161 dicebat:
950 5110 1178 5162 Paenitet
1206 5124 1288 5163 me
1328 5109 1547 5164 Saulem
1573 5111 1793 5163 unmisse
1817 5126 1993 5180 regem
2020 5114 2078 5167 in

432 5200 604 5256 Israel
632 5199 682 5270 (Ι
726 5203 855 5270 Reg.
886 5200 998 5271 xv).
1034 5202 1150 5256 Hoc
1200 5201 1414 5272 quippe
1453 5218 1512 5256 se
1561 5202 1846 5258 facturum
1900 5205 2075 5260 etiam

433 5297 571 5348 tunc
587 5294 887 5364 praescivit,
909 5311 1041 5349 cum
1061 5311 1195 5349 eum
1215 5295 1376 5365 quasi
1392 5286 1769 5367 approbando
1788 5298 2070 5369 praetulit;

434 5405 539 5442 nec
564 5388 636 5442 ad
661 5388 1064 5458 pcenitentiam
1099 5388 1263 5459 quasi
1280 5387 1612 5459 inopinatus
1634 5392 1799 5446 dolor
1816 5393 2069 5461 accessit,

433 5481 535 5534 sed
574 5484 771 5535 tamen
802 5482 1082 5553 paenitere
1126 5499 1185 5536 se
1216 5481 1491 5551 insinuat,
1522 5485 1657 5555 quia
1699 5502 1815 5540 non
1848 5489 2071 5541 mutato

431 5574 691 5641 consilio,
718 5592 788 5630 ea
819 5593 947 5647 quae
992 5575 1211 5631 dudum
1259 5575 1479 5632 dixerat
1511 5578 1583 5633 de
1612 5578 1709 5633 illo
1741 5579 1915 5633 verba
1945 5597 2071 5651 per-

434 5670 640 5721 mutat.

507 5761 585 5813 IX.
615 5761 675 5812 In
736 5760 822 5814 his
877 5765 1074 5817 autem
1124 5763 1475 5819 testimoniis
1520 5781 1649 5836 quae
1700 5782 1771 5819 ex
1813 5765 2067 5837 epistolis

432 5850 639 5904 Leonis
662 5853 1099 5922 praedecessoris
1145 5858 1327 5912 nostri
1371 5858 1657 5933 posuistis,
1708 5859 2062 5930 praemisistis

504 5967 581 6040 (α)
609 5970 789 6027 Locus
812 5979 1132 6047 corruptus.
1167 5979 1357 6051 Forte,
1397 5981 1763 6051 inspiciamus,
1787 5983 1838 6037 si
1860 5984 2055 6040 Iesum.

2252 4732 2310 4784 X.
2349 4752 2375 4779 ‹‹
2407 4730 2707 4794 Quomodo
2737 4730 2913 4801 igitur
2933 4734 3013 4799 tu,
3038 4731 3126 4786 cui
3145 4746 3315 4803 super
3332 4747 3538 4786 omnes
3566 4730 3824 4786 maxime

2183 4824 2348 4879 decet
2377 4824 2662 4879 mentium
2684 4825 2969 4896 regimen,
3000 4827 3159 4880 illum
3186 4826 3283 4896 qui
3311 4842 3377 4880 ex
3397 4825 3633 4897 Virgine
3654 4828 3828 4880 natus

2181 4927 2285 4992 est,
2317 4925 2499 4977 Deum
2530 4941 2674 4992 esse,
2709 4927 2766 4978 et
2792 4941 2857 4978 ex
2901 4925 3019 4979 Deo
3061 4924 3616 4979 consubstantialem
3667 4925 3828 4980 Patri

2179 5017 2496 5072 existimari
2517 5018 2675 5084 dicis,
2702 5017 2808 5071 nisi
2829 5018 2977 5073 forte
3000 5021 3197 5073 sancto
3226 5018 3461 5089 Spiritui
3488 5018 3640 5071 illius
3669 5034 3831 5072 crea-

2180 5112 2398 5167 tionem
2423 5112 2711 5183 imputare
2740 5129 2857 5166 non
2881 5112 3052 5182 jubes
3080 5112 3108 5167 ἱ)
3134 5112 3249 5168 Sed
3282 5112 3410 5183 quis
3444 5114 3531 5165 est
3560 5113 3731 5175 Deus,
3766 5114 3831 5167 et

2178 5222 2246 5259 ex
2296 5206 2433 5271 Deo,
2458 5208 2514 5258 et
2557 5205 3059 5289 consubstantialis
3098 5206 3300 5260 Patri?
3346 5207 3395 5258 Is
3423 5205 3585 5259 idem
3622 5204 3723 5276 qui
3756 5222 3829 5259 ex

2173 5298 2407 5370 Virgine
2445 5301 2615 5353 natus
2646 5301 2788 5367 erat,
2817 5300 2867 5367 (0
2905 5300 3237 5354 mirandum
3263 5299 3300 5372 l)
3328 5303 3386 5354 et
3413 5299 3508 5369 qui
3554 5315 3663 5370 per
3692 5298 3826 5370 Spi-

2174 5392 2351 5446 ritum
2379 5396 2642 5447 sanctum
2689 5392 3009 5447 secundum
3052 5393 3273 5447 divinas
3313 5392 3640 5463 Scripturas
3668 5393 3825 5463 plas-

2172 5489 2363 5541 matus
2380 5489 2549 5555 est,et
2562 5486 2968 5541 confictionem
2985 5486 3043 5539 in
3055 5485 3324 5539 muliebri
3338 5485 3563 5556 accepit
3576 5489 3780 5539 ventre
3795 5485 3829 5539 ?

2172 5582 2365 5635 Inerat
2385 5580 2646 5649 forsitan,
2672 5581 2807 5653 quia
2830 5597 2963 5636 mox
2990 5596 3165 5652 quam
3199 5580 3516 5651 plasmatus
3547 5582 3656 5647 est,
3680 5584 3739 5634 et
3758 5584 3830 5635 ut

2172 5675 2455 5746 templum
2471 5675 2573 5731 Dei
2593 5678 2743 5729 esset
2753 5674 3000 5747 accepit:
3021 5691 3139 5729 non
3152 5676 3351 5729 tamen
3366 5672 3825 5728 existimandum

2169 5769 2334 5823 nobis
2361 5772 2448 5823 est
2496 5771 2680 5823 Deum
2728 5770 2798 5823 de
2825 5769 3059 5840 Virgine
3087 5771 3289 5823 natum
3330 5783 3474 5821 esse.
3505 5789 3535 5817 ››
3600 5769 3672 5822 Et
3692 5772 3823 5840 post

2169 5878 2349 5931 pauca
2367 5880 2379 5917 :
2410 5885 2436 5913 ς(
2449 5864 2563 5919 Nec
2580 5862 2897 5920 secundum
2914 5866 3075 5918 tuam
3090 5878 3290 5917 vocem
3309 5862 3819 5935 pronuntiandum

2160 5984 2327 6041 Haec.
