4016 6240
176 332 284 385 725

1464 335 1803 392 EPISTULA}
1841 334 1924 391 ET
1962 336 2295 392 DECRETA.

3474 346 3574 399 7-6

172 440 283 502 est,
314 438 578 497 omnino
607 456 675 495 ex
719 440 955 512 Virgine
1002 444 1204 498 natum
1245 444 1428 499 Deum
1476 459 1620 511 esse,
1670 447 1729 500 et
1767 459 1839 500 ex
1858 453 1919 528 Α
1939 443 2118 499 Deum
2136 444 2328 499 dicens
2350 443 2484 514 (non
2507 444 2664 501 enim
2684 446 3109 503 resurrectionis
3139 448 3374 504 scientia
3402 450 3567 506 doce-

177 532 301 587 Deo
333 534 902 591 consubstantialem
930 536 1105 591 Patri.
1138 559 1166 587 »
1198 538 1269 592 Et
1295 540 1426 609 post
1454 554 1638 609 pauca
1668 555 1683 594 :
1721 559 1750 588 «
1780 539 1839 596 Si

176 625 365 698 igitur
414 644 561 682 cum
603 644 776 683 carne
816 632 949 684 eum
991 633 1193 686 natum
1241 647 1363 685 esse
1416 631 1632 702 dicunt,
1682 632 1841 703 quod

180 724 384 776 autem
419 725 634 778 natum
652 727 758 789 est,
780 723 930 778 Deus
955 729 1012 778 et
1041 740 1110 779 ex
1137 725 1274 791 Deo,
1303 728 1362 780 et
1390 726 1842 782 consubstantia-

178 814 250 869 lis
266 814 431 870 Patri
462 819 574 885 est,
609 832 842 871 necesse
855 820 941 871 est
970 820 1029 872 et
1058 818 1167 874 hoc
1183 834 1421 873 carnem
1444 818 1656 888 dicere,
1680 818 1840 891 quod

180 907 225 961 si
259 924 384 963 non
419 909 540 964 hoc
564 925 694 964 caro
727 914 830 978 est,
859 911 1132 982 quoniam
1163 928 1268 966 nec
1287 914 1453 979 Deus,
1476 929 1583 968 nec
1614 929 1681 967 ex
1700 916 1837 981 Deo,

180 1018 289 1056 nec
319 1003 843 1059 consubstantialis
870 1004 1041 1073 Patri,
1072 1004 1172 1059 sed
1203 1022 1271 1060 ex
1301 1005 1521 1060 semine
1553 1007 1749 1075 David,
1782 1011 1842 1062 et

179 1095 706 1152 consubstantialis
736 1097 791 1152 ei
821 1098 983 1169 cujus
1025 1115 1223 1154 semen
1274 1101 1378 1165 est,
1422 1114 1540 1154 non
1580 1099 1639 1154 id
1682 1101 1841 1172 quod

180 1192 390 1244 natum
422 1193 520 1244 est
550 1206 621 1245 ex
652 1191 903 1262 Virgine,
935 1192 1102 1259 Deus,
1136 1196 1195 1247 et
1224 1208 1291 1248 ex
1321 1193 1461 1259 Deo,
1503 1196 1563 1247 et
1601 1194 1841 1249 consub-

181 1283 485 1337 stantialis
516 1284 691 1339 Patri.
724 1305 752 1335 »

254 1376 326 1431 Et
355 1381 501 1449 post
522 1394 745 1451 pauca:
782 1400 811 1428 «
831 1380 955 1434 Non
987 1380 1138 1434 Deus
1158 1380 1410 1436 Verbum
1437 1396 1505 1435 ex
1532 1381 1704 1437 Maria
1734 1398 1836 1437 na-

184 1474 275 1524 tus
306 1474 420 1538 est,
458 1474 635 1526 natus
664 1475 860 1527 autem
888 1476 974 1527 est
1003 1489 1070 1527 ex
1089 1473 1280 1541 Maria,
1305 1474 1402 1544 qui
1424 1490 1491 1528 ex
1511 1475 1734 1529 semine
1755 1479 1843 1531 est

184 1564 403 1631 David;
442 1581 567 1620 non
587 1567 733 1620 Deus
760 1566 1012 1621 Verbum
1035 1583 1101 1621 ex
1124 1567 1367 1622 muliere
1389 1571 1560 1622 natus
1586 1571 1690 1622 est.
1714 1590 1743 1619 »
1769 1570 1838 1623 Et

184 1656 403 1713 iterum
429 1677 443 1714 :
486 1681 517 1709 ‹‹
549 1659 716 1724 Quod
746 1658 999 1714 edictum
1027 1664 1115 1714 est
1142 1660 1299 1714 enim
1326 1662 1635 1716 Ducebatur
1661 1679 1697 1716 a
1722 1661 1843 1733 Spi-

1938 537 2039 592 bat
2062 543 2118 592 et
2142 539 2321 593 Deum
2347 553 2467 593 esse
2487 554 2621 594 eum
2647 539 2745 612 qui
2785 542 3070 612 surrexit),
3116 542 3214 597 sed
3255 543 3419 614 quasi
3465 558 3571 615 pro

1938 631 2215 686 miraculo
2240 632 2386 687 facto
2416 633 2593 688 Deum
2621 634 2917 690 collaudat.
2942 657 2969 684 »
3003 636 3268 707 Ejusdem
3293 636 3573 692 Theodori

1939 741 2011 780 ex
2037 730 2359 780 commento
2384 726 2536 798 quod
2557 732 2642 782 est
2682 727 2743 782 in
2781 729 2953 784 Actus
2998 730 3387 801 apostolorum
3427 731 3572 786 libro

1938 818 2170 890 primo:
2216 838 2245 871 ε(
2296 820 2389 874 Ille
2434 824 2631 876 autem
2672 821 2833 891 dixit,
2877 827 3138 894 oportere
3182 823 3575 896 paenitentiam

1938 913 2170 980 agentes
2198 924 2293 963 eos
2317 924 2423 980 pro
2450 910 2628 965 crucis
2655 911 2716 964 in
2743 910 3059 983 iniquitate,
3106 916 3163 968 et
3184 919 3574 985 agnoscentes

1940 1001 2285 1057 Salvatorem
2311 1007 2368 1057 et
2391 1002 2717 1074 Dominum,
2741 1008 2798 1059 et
2821 1006 3080 1060 omnium
3097 1012 3385 1062 auctorem
3400 1006 3575 1063 bono-

1940 1111 2072 1149 rum
2094 1095 2285 1150 Jesum
2311 1095 2619 1167 Christum,
2649 1098 2924 1169 quoniam
2951 1116 3056 1170 per
3073 1100 3179 1154 ista
3219 1100 3478 1171 pervenit
3518 1102 3575 1155 et

1939 1193 2262 1260 assumptus
2273 1194 2358 1243 est
2369 1189 2559 1245 divina
2568 1191 2856 1260 natura,in
2869 1192 3098 1264 [ipsum]
3112 1192 3327 1265 Spiritu
3339 1193 3574 1265 quidem

1940 1282 2110 1337 ﬁdem
2139 1283 2440 1355 suscipere,
2467 1288 2524 1339 et
2548 1285 2670 1355 ejus
2698 1285 3000 1357 discipulos
3038 1286 3163 1341 ﬁeri
3198 1292 3329 1342 ante
3382 1287 3576 1343 omnia

1939 1376 2010 1432 ad
2038 1376 2318 1449 baptisma
2341 1378 2688 1446 accedentes,
2719 1379 2871 1450 quod
2898 1383 2955 1434 et
2981 1380 3105 1452 ipse
3127 1380 3358 1436 tradidit
3388 1381 3570 1451 nobis,

1938 1470 2400 1527 reformationem
2427 1472 2657 1543 quidem
2679 1472 2898 1528 habens
2919 1473 3305 1545 inspirationis
3321 1474 3574 1547 [praefor-

1938 1564 2254 1619 mationem
2279 1581 2336 1636 q.
2368 1565 2428 1619 h.
2460 1566 2822 1637 sperationis]
2849 1567 3195 1635 futurorum,
3242 1568 3305 1622 in
3343 1568 3575 1624 nomine

1941 1663 2134 1719 autem
2153 1657 2555 1713 celebrandum
2584 1660 2761 1714 Patris
2790 1665 2848 1715 et
2875 1660 2997 1714 Filii
3025 1665 3082 1715 et
3108 1661 3286 1715 sancti
3311 1661 3572 1732 Spiritus.

184 1755 301 1809 ritu
329 1753 563 1825 (Matth.
608 1753 683 1823 IV)
725 1755 923 1825 aperte
956 1754 1065 1808 hoc
1106 1753 1409 1825 signiﬁcat,
1448 1755 1604 1826 quod
1650 1755 1722 1810 ab
1770 1772 1903 1826 eo_
1942 1752 2054 1805 Hoc
2102 1751 2257 1806 enim
2300 1752 2452 1823 quod
2489 1757 2614 1807 est:
2656 1756 2728 1809 Et
2758 1754 3061 1824 baptizetur
3093 1756 3466 1825 unusquisque
3520 1757 3580 1809 in

186 1822 535 1918 regebatur,
565 1847 637 1901 ab
665 1822 734 1902 eo
762 1822 841 1901 ad
866 1822 1219 1902 voluntatem
1238 1822 1546 1920 [virtutem]
1576 1850 1840 1921 pr0posi-
1862 1822 1918 1894 B
1940 1846 2154 1899 nomine
2184 1822 2540 1904 JesuCChristi
2569 1845 2713 1917 (Act.
2743 1847 2798 1916 ιι)
2811 1822 2841 1915 ,“
2852 1864 2970 1903 non
2998 1848 3107 1902 hoc
3136 1822 3290 1917 dicit,
3321 1822 3393 1903 ut
3414 1864 3575 1903 voca-

185 1943 389 1995 torum
422 1940 897 2009 confortabatur;
932 1940 1003 1995 ab
1031 1957 1099 1995 eo
1120 1940 1195 1995 ad
1226 1941 1347 1995 Ιιωο
1386 1958 1514 2012 quas
1544 1943 1847 2014 Oportebat

190 2032 540 2099 ducebatur,
561 2032 634 2087 ab
653 2049 719 2088 eo
734 2033 891 2104 quod
912 2032 1154 2088 decebat
1174 2033 1505 2101 docebatur,
1523 2034 1594 2089 ab
1609 2051 1677 2090 eo
1695 2035 1847 2106 cogi-

188 2125 513 2181 tationibus
542 2127 939 2192 roborabatur,
972 2129 1034 2181 ut
1063 2126 1138 2181 ad
1158 2130 1381 2182 tantum
1412 2131 1706 2184 certamen
1723 2129 1843 2183 suf-

192 2219 413 2288 ﬁceret,
433 2220 586 2275 sicut
615 2223 673 2274 et
696 2221 899 2274 beatus
926 2221 1132 2275 Paulus
1162 2220 1332 2276 dicit:
1362 2221 1677 2291 Quicunque
1690 2224 1844 2291 Lenim

194 2313 411 2383 Spiritu
442 2317 545 2370 Dei
569 2319 829 2383 aguntur,
858 2316 918 2368 hi
934 2318 1064 2368 sunt
1084 2314 1189 2383 ﬁlii
1208 2317 1304 2370 Dei
1331 2314 1499 2385 (Rom.
1532 2314 1671 2387 νιιι).
1698 2336 1726 2365 ››

263 2406 426 2462 Idem
455 2407 621 2478 cujus
650 2424 859 2479 supra:
896 2429 924 2457 «
954 2408 1159 2461 Dicant
1183 2407 1359 2477 igitur
1380 2408 1546 2463 nobis
1578 2408 1842 2464 omnium

192 2500 629 2571 sapientissimi,
661 2501 707 2555 si
737 2517 845 2573 pro
868 2517 1040 2555 sensu
1069 2500 1314 2555 Domino
1337 2503 1471 2556 Jesu
1501 2501 1724 2557 Christo
1746 2502 1842 2573 qui

196 2596 282 2647 est
311 2594 638 2649 secundum
655 2609 911 2661 carnem,
939 2592 1203 2648 divinitas
1233 2594 1383 2648 facta
1399 2597 1566 2662 esset,
1596 2594 1740 2649 sicut
1755 2594 1842 2650 di-

197 2690 351 2753 cunt,
387 2687 536 2758 quid
555 2687 736 2742 sancti
758 2688 1002 2758 Spiritus
1020 2687 1429 2759 cooperatione
1459 2688 1532 2743 ad
1553 2688 1845 2743 haecChri-

196 2779 633 2852 stusindigebat
652 2781 679 2835 ‘?
695 2782 810 2836 Nec
836 2780 993 2835 enim
1017 2780 1300 2852 unigeniti
1328 2781 1596 2836 divinitas
1623 2781 1842 2854 Spiritu

196 2873 503 2945 indigebat
523 2874 596 2929 ad
629 2874 1122 2944 justificationem,
1169 2874 1384 2945 Spiritu
1416 2874 1719 2945 indigebat
1766 2877 1842 2931 ad

197 2967 508 3022 vicendum
538 2968 851 3035 diabolum,
885 2967 1100 3039 Spiritu
1123 2967 1421 3039 indigebat
1438 2968 1511 3023 ad
1544 2970 1841 3040 operanda

199 3061 505 3130 miracula;
533 3061 749 3133 Spiritu
779 3061 1081 3132 indigebat
1096 3064 1159 3115 ut
1185 3061 1489 3116 doceretur
1505 3078 1573 3116 ea
1591 3078 1719 3133 qua
1747 3063 1843 3118 de-

200 3154 365 3209 cebat
402 3171 691 3227 peragere
709 3172 727 3224 ;
762 3154 978 3227 Spiritu
1005 3153 1307 3226 indigebat
1334 3157 1398 3209 ut
1440 3155 1840 3212 immaculatus
1860 3190 1915 3263 Ο

198 3252 528 3319 appareret.
555 3270 585 3299 ››

269 3341 340 3394 Et
362 3345 501 3412 post
528 3357 749 3413 pauca:
787 3362 815 3391 α
842 3342 921 3396 Ac
950 3340 994 3395 si
1027 3341 1181 3396 dicat
1201 3341 1362 3395 Iesus
1386 3357 1398 3395 :
1427 3341 1549 3412 Ego
1580 3340 1839 3413 quidem,

203 3450 374 3504 quem
390 3434 622 3502 videtis,
641 3434 785 3489 nihil
803 3435 1039 3506 quidem
1062 3435 1253 3489 facere
1273 3451 1509 3507 possum
1522 3435 1841 3490 secundum

202 3542 395 3581 meam
422 3530 709 3593 naturam,
738 3544 868 3582 cum
888 3528 1067 3583 homo
1084 3528 1214 3595 sim,
1238 3545 1449 3601 operor
1466 3532 1681 3597 autem,
1706 3528 1842 3599 quia

204 3622 259 3673 in
284 3636 365 3676 me
386 3637 617 3677 manens
642 3624 806 3676 Pater
827 3624 1007 3677 omnia
1033 3624 1171 3690 facit
1189 3622 1366 3693 (Joan.
1393 3623 1523 3692 xiv).
1554 3621 1841 3686 Quoniam

206 3713 359 3768 enim
398 3718 458 3769 et
497 3731 594 3784 ego
630 3717 689 3770 in
718 3718 903 3778 Patre,
941 3720 993 3770 et
1034 3718 1200 3771 Pater
1223 3719 1283 3770 in
1319 3732 1403 3770 me
1441 3714 1649 3787 (Ibid.),
1691 3716 1841 3770 Deus

205 3808 395 3862 autem
424 3809 677 3863 Verbum
700 3808 1032 3879 unigenitus
1048 3809 1148 3864 Dei
1178 3808 1238 3863 in
1266 3826 1360 3863 me
1382 3811 1486 3876 est,
1511 3811 1733 3863 certum
1757 3811 1845 3863 est

207 3901 359 3970 quod
379 3905 438 3956 et
463 3904 631 3956 Pater
651 3918 782 3956 cum
812 3904 938 3974 ipso
970 3902 1026 3956 in
1045 3919 1139 3957 me
1161 3906 1377 3969 manet,
1396 3905 1454 3956 et
1474 3918 1651 3973 Opera
1682 3900 1837 3956 facit.

210 3993 276 4047 Et
286 4011 403 4049 non
416 3999 503 4050 est
520 3995 854 4050 mirandum
879 3996 949 4050 de
962 3995 1187 4050 Christo
1208 3996 1330 4050 haec
1352 3994 1688 4061 existimari,
1709 4011 1842 4049 cum

208 4087 634 4160 evidenteripse
658 4089 729 4143 de
752 4089 972 4143 caeteris
996 4088 1326 4143 hominibus
1358 4088 1537 4143 dicat:
1579 4089 1685 4154 Qui
1718 4089 1842 4142 dili-

209 4183 283 4246 git
310 4198 413 4245 me,
437 4198 617 4238 meum
640 4183 860 4238 verbum
886 4183 1154 4237 observet:
1191 4187 1243 4237 et
1270 4184 1432 4237 Pater
1473 4182 1662 4249 diliget
1697 4197 1839 4245 eum,

211 4278 257 4326 et
274 4276 349 4328 ad
373 4292 493 4331 eum
517 4279 809 4339 veniemus,
832 4282 882 4331 et
900 4279 1232 4331 mansionem
1260 4277 1413 4346 apud
1454 4277 1633 4345 ipsum
1672 4278 1841 4342 facie-

212 4382 325 4421 mus
351 4369 556 4439 (Ibid.).
582 4390 610 4419 ››
642 4371 713 4424 Et
744 4370 956 4424 iterum
982 4386 995 4424 :
1024 4392 1051 4419 ‹‹
1073 4369 1303 4425 Sciebat
1323 4368 1626 4436 subtiliter,
1658 4372 1720 4422 ut
1743 4385 1844 4423 no-

212 4462 329 4515 tam
361 4463 598 4533 quidem
653 4464 871 4517 faceret
908 4463 1177 4534 gentibus
1214 4462 1513 4535 pietatem,
1549 4465 1845 4533 pateretur

1944 1937 2161 1992 tionem
2183 1955 2312 2009 quae
2338 1938 2399 1993 in
2427 1939 2661 1993 nomine
2681 1941 2861 1994 Patris
2885 1945 2942 1995 et
2966 1940 3090 1996 Filii
3121 1945 3180 1996 et
3203 1942 3377 1996 sancti
3392 1941 3576 2012 Spiri-

1944 2037 2037 2086 tus
2063 2035 2167 2100 est,
2195 2031 2599 2102 relinquentes,
2628 2035 2819 2087 Jesum
2844 2034 3129 2089 Christum
3156 2034 3219 2088 in
3241 2035 3579 2105 baptismate

1944 2129 2133 2193 vocet;
2166 2125 2265 2179 sed
2288 2125 2454 2196 quale
2480 2127 2567 2179 est
2609 2126 2735 2193 hoc,
2779 2127 2932 2198 quod
2976 2127 3036 2181 in
3083 2128 3266 2197 Moyse
3310 2127 3579 2198 baptizati

1943 2218 2155 2273 suntin
2172 2218 2326 2273 nube
2361 2224 2418 2273 et
2437 2219 2497 2272 in
2531 2219 2677 2274 mari
2705 2222 2751 2289 (Ι
2788 2220 2908 2275 Cor.
2942 2222 3018 2291 x),
3069 2225 3131 2275 ut
3178 2220 3390 2275 diceret
3437 2221 3575 2293 quia

1944 2312 2049 2365 sub
2068 2312 2220 2366 nube
2248 2314 2306 2366 et
2329 2312 2389 2366 in
2417 2312 2562 2367 mari
2604 2313 2999 2384 Egyptiorum
3033 2314 3278 2385 separati
3315 2318 3472 2380 sunt,
3514 2313 3579 2368 li-

1941 2405 2125 2460 berati
2169 2421 2369 2460 eorum
2408 2406 2697 2474 servitute,
2743 2411 2809 2461 ut
2861 2407 3061 2479 Moysis
3102 2408 3263 2479 leges
3315 2407 3574 2463 attende-

1943 2503 2110 2568 rent;
2152 2499 2262 2554 tale
2308 2504 2412 2567 est,
2459 2504 2515 2554 et
2552 2500 2867 2570 baptizatur
2908 2502 3300 2573 unusquisque
3348 2502 3412 2556 in
3458 2517 3575 2556 mo-

1943 2592 2098 2647 mine
2126 2594 2255 2647 Jesu
2285 2592 2489 2649 Christi
2522 2609 2537 2648 :
2589 2596 2656 2647 ut
2699 2610 2829 2649 cum
2871 2595 2941 2649 ad
2988 2594 3179 2667 ipsum
3222 2595 3582 2651 accessissent

1940 2690 2214 2758 tanquam
2244 2687 2614 2755 Salvatorem,
2661 2691 2719 2742 et
2759 2688 3022 2743 omnium
3061 2688 3345 2743 bonorum
3381 2693 3575 2743 aucto-

1940 2795 2085 2847 rem,
2137 2784 2194 2834 et
2240 2779 2529 2835 doctorem
2558 2780 2830 2849 veritatis,
2861 2781 2933 2836 ab
2961 2781 3085 2852 ipso
3116 2785 3310 2853 utpote
3349 2785 3580 2837 auctore

1939 2872 2222 2928 bonorum
2253 2877 2311 2927 et
2339 2872 2564 2928 doctore
2592 2872 2842 2928 veritatis
2882 2879 3234 2944 vocarentur,
3267 2874 3411 2929 sicut
3449 2891 3574 2929 om-

1940 2966 2107 3021 nibus
2133 2966 2460 3022 hominibus
2503 2982 2902 3039 quamcunque
2960 2972 3170 3023 sectam
3211 2968 3580 3040 sequentibus

1940 3059 2288 3114 consuetudo
2317 3064 2404 3115 est
2430 3060 2500 3115 ab
2531 3060 2655 3132 ipso
2698 3061 2980 3132 dogmatis
3021 3061 3317 3116 inventore
3366 3061 3576 3128 vocari,

1941 3159 2005 3209 ut
2034 3153 2329 3221 Platonici,
2364 3157 2422 3209 et
2448 3154 2742 3226 Epicurei,
2785 3159 2842 3210 et
2882 3155 3198 3225 Manicheei,
3241 3160 3298 3211 et
3338 3155 3570 3211 Marcio-

1940 3247 2126 3317 nistaa,
2160 3252 2218 3303 et
2245 3247 2476 3319 quidem
2497 3247 2565 3317 [si
2595 3247 2848 3318 quidem]
2880 3249 3016 3304 tales
3045 3249 3333 3305 dicuntur.
3364 3248 3576 3303 Eodem

1940 3341 2095 3397 enim
2124 3341 2297 3396 modo
2328 3346 2383 3396 et
2426 3357 2529 3396 nos
2569 3341 2857 3397 nominari
2897 3342 3243 3398 Christianos
3280 3342 3574 3414 judicave-

1940 3441 2079 3491 runt
2106 3435 2367 3506 apostoli.
2400 3456 2428 3485 »

2010 3529 2277 3600 Ejusdem
2298 3528 2584 3584 Theodori
2602 3529 2662 3583 in
2676 3528 2833 3584 libris
2862 3528 2931 3584 de
2954 3529 3343 3585 incarnatione
3361 3529 3427 3585 ;’‹‹
3447 3530 3577 3586 Plus

1938 3622 2361 3695 inquietabatur
2390 3621 2680 3691 Dominus,
2714 3625 2773 3676 et
2800 3627 3088 3677 certamen
3119 3623 3302 3694 majus
3329 3623 3578 3679 habebat

1939 3716 2010 3771 ad
2070 3715 2277 3769 animas
2321 3714 2625 3786 passiones,
2674 3731 2847 3786 quam
2905 3715 3184 3786 corporis;
3246 3717 3306 3770 et
3351 3715 3576 3770 meliori

1939 3808 2128 3863 animo
2156 3808 2420 3863 libidines
2449 3807 2726 3875 vincebat,
2757 3807 3041 3863 mediante
3070 3808 3278 3863 deitate
3317 3808 3390 3863 ad
3439 3823 3571 3880 per-

1939 3901 2260 3957 fectionem.
2292 3901 2451 3957 Unde
2481 3905 2537 3956 et
2565 3901 2838 3956 Dominus
2867 3901 2939 3956 ad
2968 3901 3089 3956 haec
3120 3901 3368 3956 maxime
3408 3900 3571 3957 insti-

1939 3999 2102 4050 tuere
2132 3995 2355 4050 videtur
2384 3998 2692 4050 certamen.
2727 4014 2755 4046 )›

2015 4090 2152 4144 ltem
2200 4088 2457 4158 ejusdem
2499 4088 2561 4142 in
2607 4088 2752 4143 libro
2799 4093 3000 4144 contra
3053 4089 3426 4161 Synusiastas,
3489 4090 3579 4146 vel

1940 4181 2396 4253 Apollinaristas:
2436 4204 2463 4233 «
2495 4182 2604 4238 Sed
2634 4182 2683 4237 si
2712 4198 2840 4237 caro
2871 4187 3013 4250 erat,
3044 4183 3253 4255 inquit,
3285 4182 3572 4253 cruciﬁxa,

1941 4276 2225 4348 quomodo
2251 4276 2332 4331 sol
2351 4276 2539 4332 radios
2555 4276 2776 4343 avertit,
2806 4281 2863 4332 et
2878 4277 3129 4332 tenebras
3160 4280 3580 4349 occupaverunt

1940 4375 2153 4425 terram
2172 4386 2429 4439 omnem,
2453 4375 2510 4426 et
2526 4372 2695 4425 terrae
2723 4374 2932 4439 motus,
2957 4373 3016 4424 et
3027 4374 3205 4440 petrae
3223 4371 3407 4425 scissae
3423 4376 3576 4437 sunt,

1943 4466 2002 4517 et
2056 4464 2271 4519 mortui
2326 4468 2697 4518 surrexerunt
2738 4463 2912 4531 (Matt.
2958 4463 3162 4530 xxvn)?
3220 4463 3362 4527 Quid
3404 4464 3581 4534 igitur

216 4556 405 4610 autem
434 4556 826 4617 laborantium
846 4556 1230 4624 infirmitates,
1262 4559 1320 4610 et
1345 4555 1423 4610 sic
1463 4555 1536 4611 ad
1573 4554 1840 4610 effectum
1859 4562 1920 4635 Ι)
1944 4556 2132 4611 dicant
2162 4560 2220 4610 et
2248 4557 2317 4610 de
2346 4556 2596 4611 tenebris
2644 4555 2705 4609 in
2746 4556 2989 4626 Egypto
3027 4555 3187 4609 factis
3230 4556 3580 4626 temporibus

216 4662 373 4703 suam
408 4650 769 4705 voluntatem
803 4650 1109 4705 educeret:
1143 4656 1201 4705 et
1222 4649 1646 4720 justiﬁcabatur
1682 4648 1841 4716 inde,

219 4742 274 4793 et
332 4742 740 4799 immaculatus
798 4743 1226 4810 ostendebatur,
1299 4742 1413 4796 sive
1477 4741 1843 4813 reparatione

220 4832 545 4907 [pejorum],
567 4838 683 4892 sive
710 4836 965 4892 custodia
995 4837 1327 4904 meliorum,
1360 4835 1475 4890 sive
1506 4835 1684 4891 etiam
1703 4852 1845 4906 pau-

220 4925 373 4984 latim
399 4930 475 4985 ad
504 4931 750 4986 meliora
778 4930 1149 5002 profectibus.
1180 4951 1208 4981 »

283 5023 348 5077 Et
376 5027 509 5096 post
548 5041 736 5097 pauca
773 5023 1036 5095 ejusdem
1081 5021 1366 5079 Theodori
1410 5039 1477 5077 ex
1515 5024 1847 5078 commento

222 5119 529 5172 secundum
553 5120 866 5174 Joannem:
889 5138 918 5170 ‹‹
939 5117 1085 5173 Dicit
1107 5117 1180 5171 ad
1204 5118 1490 5173 Thomam
1513 5118 1701 5185 :Infer
1712 5116 1851 5185 digi-

224 5211 331 5262 tum
358 5216 510 5266 tuum
532 5214 654 5275 huc,
688 5217 741 5267 et
756 5213 880 5267 vide
903 5226 1099 5267 manus
1121 5227 1287 5276 meas,
1310 5215 1363 5266 et
1380 5212 1601 5281 porrige
1627 5225 1852 5264 manum

228 5303 388 5366 tuam,
414 5311 464 5359 et
481 5308 632 5360 mitte
650 5308 710 5360 in
739 5307 884 5360 latus
907 5321 1105 5369 meum,
1134 5310 1185 5359 et
1211 5305 1325 5360 noli
1366 5319 1478 5359 esse
1514 5303 1851 5366 incredulus,

1942 4648 2145 4719 Moysis
2171 4664 2291 4702 non
2321 4664 2425 4718 per
2450 4653 2564 4702 tres
2593 4648 2780 4716 horas,
2815 4647 2917 4703 sed
2946 4665 3048 4720 per
3076 4652 3190 4702 tres
3221 4647 3342 4703 dies
3374 4649 3575 4719 :(Emod.

1944 4739 1996 4813 Χ)
2016 4741 2044 4796 ‘l
2072 4740 2218 4805 Quid
2246 4743 2442 4795 autem
2470 4743 2703 4811 propter
2730 4740 2841 4795 alia
2869 4756 2973 4811 per
3001 4742 3245 4812 Moysem
3280 4742 3428 4798 facta
3469 4743 3579 4798 mi-

1945 4834 2156 4903 racula,
2174 4837 2230 4889 et
2247 4849 2375 4904 quas
2395 4849 2499 4904 per
2531 4835 2720 4888 Jesum
2742 4834 2909 4901 Nave,
2941 4833 3042 4906 qui
3071 4835 3251 4891 solem
3278 4841 3424 4892 stare
3450 4836 3585 4893 fecit

1950 4930 2123 4996 (Iosue
2151 4928 2224 4997 x),
2258 4927 2358 4998 qui
2390 4926 2470 4980 sol
2501 4926 2853 4996 temporibus
2874 4928 3125 4983 Ezechiae
3145 4929 3294 5000 regis
3313 4934 3369 4984 et
3383 4933 3584 4986 contra

1950 5025 2212 5076 naturam
2241 5022 2586 5075 retroversus
2615 5022 2700 5073 est
2731 5019 2831 5090 (IV
2856 5023 2984 5089 Reg.
3019 5022 3141 5093 xx);
3190 5027 3247 5077 et
3289 5023 3361 5077 de
3401 5023 3584 5079 Elisaei

1949 5114 2240 5185 reliquiis,
2290 5130 2419 5185 quae
2473 5115 2766 5168 mortuum
2810 5114 3227 5170 suscitaverunt
3289 5115 3400 5185 (IV
3451 5120 3582 5187 Ileg.

1952 5208 2106 5278 xm)?
2130 5228 2158 5257 ››
2192 5206 2464 5278 Ejusdem
2498 5223 2566 5262 ex
2597 5205 2742 5262 libro
2792 5210 2987 5261 octavo
3030 5207 3100 5262 de
3140 5208 3533 5264 lncarnatione
3568 5226 3582 5264 :

1956 5300 2340 5357 «Manifestum
2352 5304 2546 5355 autem
2559 5302 2646 5354 est
2657 5300 2811 5371 quod
2833 5301 3017 5356 unitas
3030 5300 3289 5355 convenit
3304 5319 3317 5354 :
3334 5317 3437 5371 per
3458 5319 3586 5357 eam

230 5395 319 5448 sed
343 5398 515 5466 ﬁdelis
544 5398 720 5469 (Joan.
747 5399 859 5470 xx).
895 5398 1200 5465 Quoniam,
1228 5397 1383 5465 dicit,
1413 5413 1529 5452 non
1564 5396 1771 5465 credis,
1798 5402 1858 5451 et
1954 5395 2111 5452 enim
2139 5394 2382 5450 collectae
2432 5397 2673 5463 naturae,
2718 5410 2894 5449 unam
2932 5410 3237 5466 personam
3275 5395 3587 5450 secundum

233 5489 436 5546 tactum
473 5493 660 5547 solum
701 5493 966 5548 sufﬁcere
1005 5492 1110 5547 tibi
1154 5491 1230 5546 ad
1268 5490 1625 5546 credendum
1664 5492 1853 5560 putas,

237 5579 367 5647 (haec
391 5585 545 5640 enim
572 5586 771 5641 dicens
796 5602 916 5642 non
942 5602 1037 5641 me
1068 5584 1302 5655 latuisti)
1346 5589 1520 5657 tange
1566 5600 1762 5651 manu,
1802 5586 1860 5637 et

239 5686 369 5745 cape
395 5679 879 5750 experimentum,
914 5683 973 5734 et
999 5678 1152 5734 disce
1179 5678 1436 5747 credere,
1470 5681 1529 5733 et
1558 5694 1678 5733 non
1717 5676 1861 5731 diffi-

240 5762 385 5822 dere.
411 5772 655 5826 Thomas
687 5772 925 5844 quidem
947 5790 1078 5828 cum
1108 5772 1187 5827 sic
1214 5771 1571 5839 credidisset,
1601 5771 1859 5825 Dominus

245 5873 375 5918 meus
401 5871 447 5922 et
486 5869 623 5923 Deus
646 5882 817 5933 meus,
850 5866 1006 5938 dicit,
1048 5883 1166 5923 non
1214 5865 1405 5940 ipsum
1454 5862 1767 5919 Dominum
1806 5865 1865 5919 et

1954 5490 2234 5545 unitatem
2266 5487 2596 5544 effecerunt.
2631 5488 2786 5544 Sicut
2816 5488 2971 5543 enim
3000 5488 3069 5542 de
3098 5486 3220 5541 viro
3252 5491 3309 5542 et
3345 5487 3587 5543 muliere

1957 5583 2183 5650 dicitur,
2214 5583 2360 5654 quod
2372 5583 2499 5652 jam
2522 5599 2629 5638 non
2654 5588 2783 5638 sunt
2804 5580 2932 5646 duo,
2965 5582 3062 5637 sed
3085 5597 3198 5636 una
3223 5597 3347 5636 caro
3379 5581 3585 5654 (Genes.

1958 5693 2036 5744 11;
2065 5678 2263 5734 Matth.
2291 5679 2437 5746 xix);
2471 5678 2722 5732 dicamus
2751 5679 2810 5731 et
2836 5692 2939 5731 nos
2959 5674 3371 5731 rationabiliter
3394 5692 3591 5730 secun-

1960 5770 2097 5824 dum
2125 5769 2362 5823 unitatis
2390 5771 2690 5837 rationem,
2723 5770 2878 5842 quod
2911 5786 3028 5824 non
3059 5773 3193 5823 sunt
3220 5768 3349 5823 duas.
3392 5783 3586 5840 perso-

1962 5879 2070 5935 nae,
2101 5863 2199 5919 sed
2232 5880 2365 5945 una,
2400 5862 2607 5920 scilicet
2636 5863 2850 5920 naturis
2881 5862 3155 5920 discretis.
3192 5882 3219 5910 »
