4016 6240
444 336 542 388 727

1842 334 2104 390 PELAGII
2140 334 2332 391 ΡΑΡΛΕ
2369 334 2415 391 ll

3719 336 3823 391 628

516 444 584 497 Et
613 443 743 513 post
771 457 990 513 pauca:
1029 462 1058 492 «
1089 441 1379 506 Quomodo
1410 441 1588 512 igitur
1614 440 1787 495 homo
1827 446 1885 495 et
1926 442 2073 497 Deus
2096 460 2156 534 Α
2177 447 2430 513 nentem,
2459 447 2729 529 tanquam
2758 445 3015 501 eruditus
3046 443 3469 513 sermocinator,
3501 445 3561 497 et
3602 440 3664 495 in
3700 443 3820 495 An~

443 552 625 590 unum
657 553 760 607 per
780 536 1057 591 unitatem
1075 552 1194 589 esse
1216 535 1440 604 potest?
1469 534 1566 605 qui
1598 534 1858 601 viviﬁcat,
1893 540 1950 590 et
1976 536 2076 606 qui

443 630 789 699 vivificatur;
838 630 935 701 qui
976 628 1258 696 salviﬁcat,
1311 633 1367 683 et
1418 627 1516 699 qui
1565 628 1931 698 salviticatur;
1976 630 2076 700 qui

442 728 574 779 ante
605 724 808 778 sacula
830 728 930 789 est,
963 728 1018 776 et
1045 722 1141 793 qui
1162 738 1231 775 ex
1249 721 1416 776 Maria
1430 722 1730 793 apparuit?
1747 744 1789 781 ››,
1811 722 2075 792 Ejusdem

444 834 512 873 ex
552 816 1014 887 interpretatione
1060 815 1304 886 symboli
1343 819 1730 870 trecentorum
1776 816 1971 870 decem
2020 820 2077 871 et

442 915 568 966 octo
608 912 837 964 Patrum
870 928 889 964 :
933 930 959 957 ‹‹
1005 909 1113 965 Sed
1154 907 1437 963 Christum
1478 909 1709 980 quidem
1764 909 2076 963 secundum

442 1007 789 1075 assumptam
821 1003 965 1057 servi
996 1003 1261 1072 formam,
1296 1019 1428 1057 eum
1456 1009 1646 1058 autem
1673 1003 1773 1074 qui
1813 1020 1938 1057 eam
1982 1020 2071 1057 as-

441 1097 704 1168 sumpsit,
721 1114 889 1167 super
910 1096 1106 1151 omnia
1123 1096 1429 1151 nominans
1444 1099 1653 1167 Deum;
1675 1097 1867 1151 intulit
1880 1102 2073 1151 tamen

439 1194 546 1248 hoc
573 1192 887 1245 secundum
901 1191 1380 1263 conjunctioncm,
1405 1195 1465 1244 ut
1484 1208 1583 1261 per
1602 1191 2074 1262 signiﬁcationem

442 1286 743 1341 nominum
771 1288 1105 1340 naturarum
1135 1285 1493 1340 manifestam
1525 1285 1856 1339 divisionem
1886 1285 2070 1339 faciat.

431 1364 617 1437 l‘iemo
665 1380 859 1451 igitur,
894 1396 1080 1451 neque
1111 1396 1244 1433 eum
1272 1380 1371 1451 qui
1400 1379 1711 1433 secundum
1740 1395 1969 1433 carnem
2002 1396 2073 1432 ex

436 1474 649 1529 Iudaeis
693 1479 796 1541 est,
848 1473 995 1527 dicat
1041 1475 1221 1527 Deum
1263 1492 1276 1527 :
1311 1490 1414 1527 nec
1456 1472 1661 1527 iterum
1706 1474 1884 1527 Deum
1931 1472 2069 1543 [Al.,

436 1568 766 1633 Dominum,
810 1583 913 1620 nec
940 1583 1014 1621 ne
1046 1567 1253 1621 iterum
1280 1567 1600 1637 Dominum]
1641 1566 1738 1638 qui
1781 1568 1865 1620 est
1903 1581 2074 1637 super

352 1642 359 1651 ’
440 1661 654 1730 omnia,
688 1661 998 1715 secundum
1030 1676 1258 1714 carnem
1290 1675 1359 1714 ex
1386 1660 1613 1715 Judais.
1650 1679 1677 1711 »

509 1757 651 1809 Item
682 1772 751 1809 ex
770 1759 1092 1810 commento
1123 1754 1371 1825 epistola
1402 1754 1471 1807 ad
1502 1754 1759 1807 Hebraos
1789 1770 1802 1807 :
1832 1754 2070 1807 «Jesum

2174 536 2385 591 tiochia
2409 537 2581 608 Syria
2612 538 2670 593 in
2694 539 2929 594 ecclesia
2957 540 3271 610 alloquens,
3306 538 3385 593 sic
3412 535 3556 591 dixit
3589 551 3603 591 :
3642 554 3672 585 «
3705 535 3818 590 Ho-

2174 645 2271 685 mo
2300 632 2477 697 Jesus,
2511 634 2646 701 quid
2690 638 2767 688 est
2803 635 2944 688 enim
2982 634 3135 688 homo
3167 633 3313 703 quod
3339 647 3539 687 memor
3566 646 3621 685 es
3648 630 3769 698 ejus
3793 631 3821 684 ?

2180 722 2341 793 (Psal.
2370 727 2484 794 vm)
2500 742 2519 798 ;
2552 727 2847 796 Apostolus
2878 731 3090 793 autem,
3126 726 3195 781 de
3218 727 3349 780 Jesu
3379 725 3599 780 dictum
3643 723 3819 778 fuisse

2174 817 2302 885 hoc,
2336 818 2507 873 dixit:
2542 821 2681 874 Eum
2712 822 2852 874 enim
2877 822 2975 889 qui
2996 822 3167 890 paulo
3194 822 3374 874 minus
3401 820 3470 873 ab
3485 819 3701 886 angelis
3722 819 3822 872 mi-

2175 917 2401 966 noratus
2439 917 2534 975 est,
2566 914 2825 976 vidimus,
2861 913 3068 984 inquit,
3095 916 3273 968 Iesum
3317 911 3518 983 (Hebr.
3562 913 3641 979 ιι).
3674 910 3821 974 Quid

2174 1011 2354 1080 ergo?
2412 1012 2591 1065 Homo
2636 1012 2794 1065 Jesus
2844 1010 3105 1066 similiter
3144 1009 3413 1066 omnibus
3456 1008 3815 1075 hominibus,

2175 1103 2393 1158 nullam
2435 1104 2651 1159 habens
2695 1104 3077 1159 differentiam
3123 1104 3196 1159 ad
3253 1104 3513 1158 homines
3559 1102 3819 1173 ejusdem

2177 1197 2418 1267 generis,
2460 1203 2668 1269 prater
2709 1214 2777 1252 ea
2817 1214 2946 1268 qua
2995 1197 3177 1268 gratia
3220 1197 3270 1252 ei
3318 1196 3492 1251 dedit.
3542 1216 3570 1244 ι»
3601 1195 3820 1259 Quibus

2173 1291 2402 1344 Proclus
2437 1290 3068 1362 Constantinopolitanae
3099 1290 3256 1344 urbis
3282 1289 3580 1360 episcopus
3610 1287 3816 1343 rescri-

2171 1382 2331 1453 bens,
2375 1384 2452 1439 ait
2491 1384 2642 1455 (Sup.
2685 1386 2807 1440 coll.
2855 1388 2907 1453 5,
2938 1400 3083 1438 conc.
3119 1386 3168 1452 v)
3207 1400 3220 1437 :
3258 1383 3563 1454 Fugiamus
3610 1381 3812 1436 turbu-

2171 1476 2354 1532 lentos
2391 1483 2448 1532 et
2497 1495 2745 1532 canosos
2785 1478 3016 1532 fallacia
3062 1477 3230 1545 rivos,
3272 1482 3429 1547 septa
3473 1476 3573 1531 Dei
3614 1476 3817 1545 [sectas

2172 1572 2370 1641 Deum]
2398 1570 2799 1643 impugnantes
2827 1588 2840 1626 :
2872 1571 2997 1626 dico
3026 1571 3145 1625 Arii
3172 1572 3427 1626 furorem
3460 1569 3818 1624 dividentem

2170 1664 2520 1719 individuam
2555 1665 2908 1731 Trinitatem,
2940 1664 3200 1719 Eunomii
3227 1664 3523 1719 audaciam
3560 1663 3813 1718 circum—

2172 1758 2494 1813 cludentem
2554 1759 2786 1814 scientia
2843 1758 3475 1828 incomprehensibilem
3521 1761 3812 1824 naturam,

437 1848 591 1904 enim
610 1848 744 1903 dicit
764 1866 796 1902 a
816 1849 1103 1915 Nazareth,
1127 1864 1281 1917 quem
1304 1851 1463 1901 unwit
1481 1852 1621 1902 Deus
1648 1849 1860 1918 Spiritu
1884 1849 2070 1901 sancto
2089 1832 2146 1903 B
2170 1852 2482 1907 Macedonii
2507 1852 2723 1906 rabiem
2750 1858 3107 1923 separantem
3128 1869 3158 1905 a
3182 1852 3388 1906 deitate
3415 1848 3813 1921 inseparabili-

436 1949 487 1997 et
515 1946 714 1997 virtute
747 1942 887 2011 (Act.
922 1943 969 2011 Χ)
998 1959 1011 1996 :
1045 1943 1146 2013 qui
1175 1946 1367 1995 autem
1398 1942 1466 1995 de
1499 1940 1707 2012 Spiritu
1728 1943 1930 1994 unctus
1961 1942 2065 2008 est,

435 2036 765 2104 omnimde
784 2034 999 2106 aliquid
1016 2035 1146 2089 inde
1166 2033 1486 2105 assumpsit.
1511 2034 1643 2097 Quis
1664 2038 1853 2088 autem
1874 2032 2069 2087 furens

439 2130 606 2196 dicat,
639 2130 707 2183 de
739 2128 947 2200 Spiritu
973 2128 1186 2200 aliquid
1217 2127 1583 2199 assumpsisse
1614 2127 1867 2182 divinam
1896 2131 2065 2181 natu-

435 2224 597 2278 ram?
628 2244 655 2271 ››
688 2224 754 2276 Et
783 2222 1028 2277 iterum:
1057 2241 1084 2273 «
1117 2224 1314 2278 Certus
1345 2222 1581 2293 quidem
1611 2225 1669 2275 et
1697 2221 1836 2292 ipse,
1863 2220 2068 2275 Filium

435 2318 534 2371 Dei
564 2333 622 2371 se
654 2333 763 2371 non
797 2316 1108 2370 secundum
1137 2315 1445 2370 divinitatis
1476 2315 1666 2369 dicens
1696 2314 2064 2384 nativitatem,

438 2411 534 2465 sed
565 2410 876 2465 secundum
907 2410 1060 2480 quod
1092 2409 1429 2463 domesticus
1460 2408 1557 2461 Dci
1585 2413 1705 2462 erat
1736 2425 1749 2462 :
1783 2426 1889 2480 per
1918 2409 2069 2480 quod

434 2504 538 2559 filii
576 2504 695 2569 Dei,
728 2520 830 2574 per
868 2504 1217 2557 voluntatem
1262 2501 1572 2573 [virtutem]
1620 2502 1910 2556 domestici
1953 2504 2066 2558 Deo

432 2597 720 2651 constituti
748 2598 1029 2666 homines,
1062 2596 1292 2650 interim
1322 2596 1681 2651 vocabantur.
1715 2618 1742 2646 ››
2022 2578 2035 2587 ’

503 2693 588 2746 XI.
621 2694 746 2745 Ilac
768 2691 835 2746 de
865 2691 1180 2744 innumeris
1204 2708 1386 2762 pauca
1406 2691 1779 2761 pratulimus,
1814 2694 1879 2745 ut
1908 2691 2068 2763 quasi

429 2803 531 2859 per
558 2786 813 2840 foramen
853 2790 1183 2856 angustum,
1228 2802 1402 2855 quam
1447 2784 1691 2839 nimium
1735 2785 2068 2839 barathrum

431 2881 585 2934 intus
615 2881 831 2946 lateret,
865 2883 1329 2933 monstraremus.
1359 2879 1494 2933 Ecce
1517 2880 1710 2949 quales
1740 2879 1865 2949 plus
1894 2896 2068 2950 quam

434 2976 633 3029 decem
664 2973 843 3028 millia
863 2973 1140 3027 librorum
1159 2972 1482 3027 Theodorus
1501 2972 1785 3043 scripsisse
1808 2973 2069 3044 perhibe-

432 3073 544 3123 tur.
578 3070 832 3135 Pensate,
866 3084 1081 3139 quaso,
1114 3066 1159 3120 si
1200 3084 1314 3120 non
1345 3070 1502 3121 tanto
1534 3067 1750 3120 acriora
1786 3069 2069 3122 tormenta

432 3163 769 3237 promeruit,
790 3167 1002 3234 quanto
1024 3162 1273 3233 pluriora
1296 3163 1641 3234 conscripsit.
1662 3163 1768 3218 Sed
1781 3163 1901 3217 hac
1918 3163 2067 3218 illius
2087 3202 2142 3276 Ο

432 3258 578 3313 dicta
607 3274 735 3328 qua
756 3257 974 3327 prolata
996 3260 1147 3321 sunt,
1166 3260 1359 3309 utrum
1392 3257 1513 3326 ejus
1540 3256 1673 3324 sint,
1699 3257 1936 3311 fortasse
1969 3258 2069 3312 du-

432 3350 667 3404 bitatur.
704 3352 951 3418 Patrum,
986 3349 1031 3402 si
1062 3349 1249 3419 placet
1293 3349 1502 3420 scripta
1542 3350 1901 3419 proferamus
1931 3367 1944 3403 :
1991 3351 2070 3406 ita

433 3444 584 3515 apud
615 3460 710 3497 vos
740 3443 911 3497 libros
942 3443 1083 3513 ejus,
1130 3459 1270 3513 quos
1311 3443 1380 3497 de
1430 3443 1667 3514 perfidia
1706 3444 1856 3498 illius
1898 3448 2069 3499 testes

433 3538 789 3606 deduximus,
812 3536 1066 3591 deductis
1086 3536 1319 3607 insuper
1341 3537 1573 3591 testibus
1596 3537 2069 3593 affirmemus.Ar-

430 3633 636 3688 menia
667 3631 877 3704 quippe
907 3632 1160 3703 episcopi
1199 3631 1395 3685 Proclo
1434 3632 2068 3703 Constantinopolitana

432 3727 588 3781 urbis
600 3726 859 3798 episcopo
876 3726 1090 3780 libellos
1111 3732 1305 3779 contra
1320 3726 1675 3780 Theodorum
1690 3726 2065 3797 porrigentes,

432 3820 628 3876 dicunt
684 3822 831 3890 (Sup.
876 3821 998 3874 coll.
1049 3822 1094 3890 ti)
1148 3835 1161 3873 :
1209 3819 1335 3873 Fuit
1382 3824 1574 3874 autem
1633 3820 1836 3891 aliquis
1897 3820 2070 3891 pestis

434 3914 706 3985 [pestifer]
738 3914 932 3982 homo,
967 3912 1152 3983 magis
1184 3917 1377 3967 autem
1407 3913 1547 3982 fera,
1580 3913 1829 3967 hominis
1854 3914 2069 3968 habens

430 4008 676 4063 formam
700 4006 1057 4074 diabolieam,
1081 4006 1318 4060 mentito
1342 4006 1573 4061 nomine
1603 4007 1951 4076 Theodorus,
1972 4008 2071 4078 qui

433 4101 658 4155 schema
692 4104 749 4153 et
778 4116 985 4153 nomen
1005 4098 1249 4170 episcopi
1269 4099 1488 4167 habuit,
1514 4100 1570 4154 in
1592 4102 1799 4172 angulo
1826 4106 1882 4154 et
1900 4101 2068 4171 igno-

431 4194 531 4249 bili
578 4194 700 4247 loco
741 4193 889 4247 orbis
939 4195 1223 4247 terrarum
1265 4194 1512 4261 latitans,
1570 4194 1628 4248 in
1684 4196 2070 4265 Mopsuesteno

432 4286 635 4343 Cilicia
651 4286 910 4341 secunda
930 4286 1026 4340 vili
1052 4286 1280 4357 oppido,
1300 4303 1431 4340 vere
1454 4286 1689 4358 quidem
1716 4286 2067 4358 etprincipa-

430 4382 558 4437 liter
593 4400 622 4436 a
664 4381 833 4453 paulo
873 4381 1232 4435 Samosateno
1264 4380 1633 4443 descendens,
1668 4381 1799 4435 licet
1829 4381 2070 4436 Photino

432 4480 489 4532 et
514 4475 730 4531 caeteris
758 4474 1148 4530 haresiarchis
1177 4474 1239 4529 in
1270 4474 1411 4529 libro
1443 4475 1512 4530 de
1542 4474 1934 4529 lncarnatione
1963 4476 2067 4529 Do-

2168 1950 2257 2000 ter
2285 1946 2689 2017 procedentem
2722 1946 3015 2017 Spiritum,
3048 1950 3105 1999 et
3134 1961 3337 2000 novam
3368 1945 3535 1999 istam
3551 1943 3816 2014 blasphe—

2168 2039 2344 2093 miam
2371 2056 2501 2111 qua
2530 2039 2804 2095 Judaismi
2836 2040 3016 2093 multo
3047 2040 3290 2110 amplius
3309 2043 3538 2109 superat
3551 2037 3816 2107 blasphe-

2168 2133 2362 2203 miam,
2403 2133 2847 2201 introducentes,
2898 2149 3030 2187 nam
3060 2133 3143 2187 illi
3174 2132 3408 2204 quidem
3439 2148 3571 2186 cum
3604 2131 3813 2185 Filium

2170 2231 2400 2298 negant,
2434 2227 2697 2282 fraudant
2729 2242 2890 2281 ramo
2918 2227 3199 2296 radicem;
3234 2225 3325 2280 isti
3355 2241 3488 2280 vero
3535 2240 3667 2279 eum
3713 2224 3814 2294 qui

2169 2327 2254 2376 est
2283 2326 2579 2393 negantes,
2613 2322 2854 2375 alterum
2884 2321 3024 2390 [Al.,
3052 2337 3183 2375 eum
3205 2320 3305 2391 qui
3333 2325 3420 2374 est
3440 2318 3612 2372 Filius
3643 2318 3816 2372 dene-

2170 2419 2326 2486 gant,
2369 2415 2693 2469 fraudantes
2733 2430 2889 2468 ramo
2927 2414 3196 2482 radicem,
3238 2413 3329 2467 isti
3358 2429 3489 2467 vero
3523 2412 3575 2466 ei
3600 2411 3699 2482 qui
3728 2414 3818 2465 est

2168 2509 2436 2578 alterum]
2486 2508 2874 2573 introducunt,
2919 2507 3280 2561 detrahentes
3319 2507 3598 2561 sinceram
3639 2507 3812 2558 natu-

2169 2618 2309 2657 ram.
2349 2602 2581 2671 (Rursus
2610 2602 2678 2655 de
2710 2602 2879 2672 hujus
2910 2617 3099 2656 errore
3130 2602 3370 2655 Joannes
3411 2615 3643 2670 quoque
3688 2601 3811 2651 An-

2169 2697 2442 2751 tiochena
2473 2696 2733 2750 Ecclesia
2761 2694 2993 2750 antistes
3018 2694 3128 2748 ait:
3163 2695 3332 2749 Multo
3363 2698 3556 2748 autem
3584 2699 3810 2763 tempo-

2169 2808 2230 2846 re
2260 2806 2624 2862 perseverans
2646 2789 2994 2855 Theodorus,
3017 2788 3294 2859 persuasit
3313 2787 3509 2841 multis
3530 2792 3589 2841 et
3619 2788 3816 2841 Nesto-

2168 2884 2273 2953 rio,
2306 2883 2458 2955 quod
2486 2882 2741 2938 Christus
2772 2882 2944 2936 Filius
2975 2882 3068 2936 Dei
3102 2881 3226 2950 vivi,
3256 2882 3356 2952 qui
3383 2881 3453 2935 de
3483 2886 3676 2935 sancta
3706 2880 3818 2934 vir-

2171 2978 2302 3049 gine
2339 2976 2508 3031 Maria
2545 2981 2712 3031 natus
2740 2981 2842 3043 est,
2865 2992 2981 3029 non
3013 2980 3096 3029 est
3117 2975 3215 3046 qui
3244 2991 3311 3029 ex
3336 2976 3497 3029 Patre
3526 2977 3698 3028 natus
3730 2979 3817 3029 est

2168 3073 2316 3125 Deus
2356 3069 2598 3124 Verbum
2638 3068 3133 3123 consubstantialis
3173 3068 3461 3138 Genitori;
3501 3067 3600 3122 sed
3639 3067 3816 3121 homo

2168 3181 2274 3236 pro
2305 3164 2572 3236 qualitate
2599 3180 2715 3218 sua
2748 3162 3051 3217 voluntatis
3083 3179 3149 3216 ex
3179 3163 3292 3216 Deo
3327 3162 3508 3216 Verbo
3539 3178 3812 3232 coopera-

2168 3259 2381 3313 tionem
2412 3256 2765 3328 suscipiens.)
2809 3258 3019 3311 Rursus
3061 3256 3129 3310 de
3172 3255 3294 3326 ejus
3329 3271 3523 3309 errore
3569 3254 3818 3325 Cyrillus

2167 3354 2237 3406 ad
2264 3353 2611 3422 Lamponem
2630 3350 3022 3421 presbyterum
3050 3349 3317 3418 scribens,
3338 3348 3417 3403 ait
3449 3365 3462 3402 :
3494 3349 3641 3403 Cum
3661 3348 3817 3418 apud

2170 3446 2367 3500 1E1iam
2414 3461 2815 3511 commorarer,
2858 3444 2943 3497 vir
2967 3443 3167 3513 aliquis
3196 3459 3262 3497 ex
3297 3443 3384 3497 his
3407 3443 3507 3514 qui
3546 3442 3818 3497 nobiliter

2170 3540 2420 3594 militant
2444 3539 2504 3592 in
2535 3538 2761 3609 palatio,
2797 3537 3089 3608 epistolam
3123 3537 3439 3591 multorum
3467 3553 3741 3591 versuum
3758 3540 3819 3590 et

2169 3633 2442 3705 grandem
2470 3631 2674 3686 obtulit
2699 3631 2843 3684 mihi
2868 3631 3169 3701 signatam,
3189 3646 3365 3700 quam
3398 3647 3458 3684 se
3488 3630 3713 3684 dicebat
3731 3645 3824 3683 ac-

2169 3726 2380 3797 cepisse
2424 3726 2494 3780 ab
2538 3724 2904 3779 Antiochenis
2944 3723 3312 3793 orthodoxis;
3371 3722 3823 3794 subscriptiones

2168 3825 2356 3874 autem
2390 3823 2550 3873 erant
2580 3818 2637 3872 in
2658 3835 2725 3873 ea
2745 3817 3128 3889 plurimorum
3159 3817 3495 3871 clericorum
3523 3822 3578 3871 et
3607 3832 3815 3871 mona-

2169 3914 2407 3967 chorum
2451 3919 2507 3967 et
2546 3912 2839 3966 laicorum.
2881 3912 3230 3966 Accusabant
3270 3916 3462 3966 autem
3507 3910 3822 3965 orientales

2170 4007 2478 4079 episcopos,
2528 4006 2687 4077 quasi
2730 4008 2980 4059 tacentes
3025 4005 3260 4076 quidem
3305 4004 3547 4059 Nestorii
3577 4020 3817 4073 nomen,

2171 4104 2226 4155 et
2251 4100 2664 4156 dissimulantes
2691 4099 2743 4153 ei
2769 4099 3074 4167 adversari,
3107 4103 3465 4152 transeuntes
3506 4100 3706 4152 autem
3747 4098 3820 4152 ad

2170 4194 2445 4249 Theodori
2473 4193 2701 4248 Codices
2730 4192 2799 4246 de
2836 4191 3221 4246 incarnatione
3260 4191 3456 4260 factos,
3499 4192 3559 4246 in
3607 4191 3819 4262 quibus

2170 4289 2348 4343 multo
2375 4288 2595 4359 pejores
2626 4284 2856 4341 nefaria
2881 4286 3245 4357 blasphemia
3267 4284 3816 4356 [Nestoriiblasphe-

2170 4382 2318 4450 miis]
2348 4381 2541 4452 posita
2568 4383 2737 4433 sunt:
2784 4383 2948 4450 pater
2971 4380 3126 4433 enim
3155 4378 3264 4432 fuit
3306 4377 3550 4433 Nestorii
3585 4378 3817 4448 perﬁdi,

2170 4475 2268 4546 qui
2288 4479 2344 4529 et
2369 4474 2515 4528 illius
2547 4473 2696 4528 mala
2715 4473 2955 4540 locutus,
2986 4472 3197 4543 impius
3227 4472 3362 4526 etin
3387 4471 3477 4525 his
3497 4470 3679 4525 factus
3709 4475 3817 4525 est.

430 4569 572 4624 mini
603 4569 780 4624 nostri
804 4571 937 4624 Jesu
966 4568 1191 4636 Christi,
1224 4569 1285 4623 in
1318 4572 1434 4623 toto
1461 4584 1560 4623 suo
1600 4568 1888 4640 proposito
1935 4568 2148 4645 ipsisD
2172 4570 2418 4624 Rursum
2449 4567 2520 4622 de
2551 4583 2744 4621 errore
2774 4566 2925 4620 illius
2955 4566 3107 4620 idem
3136 4565 3378 4636 Cyrillus
3421 4565 3820 4619 Alexandrina

430 4664 614 4718 verbis
641 4663 965 4718 inveniatur
988 4680 1143 4732 usus,
1172 4668 1229 4718 et
1247 4662 1293 4717 si
1323 4662 1461 4734 quid
1488 4662 1668 4734 pejus.
1688 4665 1790 4717 lste
1811 4679 1915 4734 per
1944 4679 2064 4716 ma-

431 4757 817 4812 chinationem
844 4762 900 4812 et
930 4757 1222 4813 audaciam
1253 4762 1308 4811 et
1339 4773 1595 4811 errorem
1627 4756 1831 4811 diaboli
1850 4756 2070 4811 volebat

432 4868 630 4906 omnes
660 4851 921 4906 homines
965 4856 1128 4905 acuta
1167 4868 1267 4906 sua
1313 4850 1457 4905 sicut
1500 4850 1714 4905 colubri
1752 4850 1967 4921 lingua,
2012 4854 2069 4905 et

429 4962 649 5001 veneno
674 4945 825 5017 quod
857 4945 960 5000 sub
990 4946 1184 5017 lingua
1212 4944 1420 5016 aspidis
1447 4949 1549 5015 est,
1580 4944 1858 5016 deperire.
1891 4945 1958 4999 Et
1986 4943 2069 4998 in-

429 5040 599 5096 terim
630 5039 861 5112 quidem
892 5039 1242 5094 retinebatur
1270 5055 1370 5092 suo
1400 5038 1656 5108 latibulo,
1690 5038 1896 5093 timens
1916 5042 2069 5110 pote-

427 5139 629 5191 statem
655 5150 853 5189 eorum
884 5134 984 5205 qui
1012 5151 1045 5187 a
1074 5149 1281 5204 magno
1312 5134 1422 5188 Deo
1450 5138 1505 5187 et
1547 5133 1829 5188 Salvatore
1874 5137 2067 5187 nostro

425 5231 557 5285 Jesu
603 5229 825 5285 Christo
878 5229 1214 5300 potestatem
1255 5231 1595 5298 acceperunt
1641 5228 1852 5281 calcare
1897 5241 2069 5297 super

427 5324 688 5379 colubros
717 5328 774 5379 et
802 5322 1071 5393 scorpios,
1103 5326 1158 5375 et
1188 5337 1385 5375 omnes
1412 5320 1645 5376 virtutes
1673 5319 1888 5374 inimici
1918 5320 2065 5389 (Luc.

427 5419 475 5487 x)
503 5434 515 5471 :
541 5418 663 5472 dico
681 5420 875 5472 autem
895 5420 1114 5470 sanctos
1132 5416 1431 5487 apostolos,
1454 5420 1511 5470 et
1537 5414 1634 5486 qui
1656 5418 2069 5485 consequenter

426 5511 496 5565 ab
526 5510 615 5564 his
646 5515 1036 5582 susceperunt,
1069 5515 1346 5581 martyres
1377 5513 1432 5565 et
1462 5508 1807 5563 confessores
1854 5512 1911 5563 et
1954 5507 2068 5578 epi-

427 5620 621 5675 scopos
667 5609 724 5660 et
764 5608 996 5659 cateros
1034 5609 1275 5660 sanctos.
1329 5605 1560 5657 invento
1603 5603 1818 5668 autem,
1878 5600 2066 5655 nescio

427 5697 728 5767 quomodo,
766 5700 1041 5769 tempore,
1064 5697 1233 5769 capit
1253 5712 1453 5768 repere
1486 5699 1543 5750 et
1562 5698 1722 5750 extra
1745 5692 1887 5749 ﬁnes
1913 5710 2063 5764 suos,

432 5786 694 5844 ﬁduciam
715 5804 920 5861 gerens
946 5794 1002 5845 et
1031 5790 1091 5844 in
1122 5789 1448 5862 parochiam
1478 5788 1549 5844 ad
1580 5802 1712 5843 eum
1746 5804 1860 5843 non
1886 5788 2059 5861 perti-

2165 4662 2322 4716 urbis
2352 4661 2647 4733 episcopus
2675 4660 2745 4714 ad
2776 4660 3041 4713 Acacium
3081 4660 3359 4714 Melitena
3396 4658 3555 4713 urbis
3592 4659 3818 4730 episco-

2166 4772 2307 4827 pum
2332 4755 2603 4823 scribens,
2625 4754 2703 4808 ait
2730 4770 2743 4808 :
2779 4754 2898 4807 Non
2920 4753 3216 4825 Oportebat
3240 4753 3420 4807 latere
3443 4752 3821 4807 Sanctitatem

2166 4854 2434 4917 vestram,
2467 4853 2565 4902 aut
2593 4846 2830 4901 forsitan
2860 4846 3145 4918 cognovit,
3189 4846 3345 4917 quod
3375 4862 3576 4900 omnes
3619 4846 3817 4902 orien-

2166 4943 2306 4998 tales
2345 4939 2754 5013 religiosissimi
2795 4939 3046 5012 episcopi
3087 4940 3147 4994 in
3190 4939 3489 4994 Antiochia
3524 4955 3816 4994 convene-

2166 5041 2322 5105 runt,
2367 5051 2498 5090 cum
2535 5033 2936 5090 transmisisset
2979 5033 3061 5087 eis
3091 5038 3313 5088 tomum
3349 5032 3613 5087 dominus
3650 5049 3820 5088 meus

2167 5129 2552 5186 sanctissimus
2582 5128 2814 5183 Proclus
2844 5128 3128 5182 bonorum
3158 5127 3395 5198 plenum
3420 5126 3820 5182 intellectuum

2168 5228 2227 5279 et
2255 5228 2539 5279 rectorum
2569 5223 2922 5293 dogmathm.
2955 5223 3087 5276 Erat
3118 5221 3274 5275 enim
3294 5220 3346 5275 ei
3377 5221 3524 5275 ratio
3549 5220 3735 5275 multa
3760 5227 3822 5277 et

2167 5320 2343 5390 longa
2372 5318 2442 5373 de
2472 5316 2888 5387 dispensatione
2918 5314 3142 5369 Domini
3187 5314 3366 5369 nostri
3405 5315 3536 5368 Jesu
3581 5313 3815 5369 Christi.

2168 5412 2473 5484 Supposuit
2497 5427 2629 5467 vero
2658 5409 2903 5482 capitula
2927 5408 3187 5479 quadam
3216 5407 3452 5463 collecta
3481 5422 3513 5461 e
3532 5407 3819 5462 Theodori

2165 5506 2481 5577 Codicibus,
2505 5521 2633 5578 qua
2663 5505 3068 5560 consonantem
3098 5501 3338 5557 Nestorii
3356 5500 3612 5572 perﬁdiis
3638 5500 3814 5555 intel-

2168 5602 2376 5655 lectum
2404 5600 2633 5668 habent,
2667 5603 2723 5655 et
2751 5597 3079 5653 adhortatus
3108 5600 3193 5651 est
3217 5611 3315 5651 eos
3340 5594 3515 5650 etiam
3535 5594 3639 5651 illa
3669 5611 3814 5650 ana-

2168 5694 2549 5751 thematizare.
