  <div class='ocr_page' id='page_1' title='image "/cluster/home/n/w/nwhite01/storage/ocr_20150623/72/uva.x000827084/540.png"; bbox 0 0 4016 6240; ppageno 0'>
   <div class='ocr_carea' id='block_1_1' title="bbox 167 384 268 435">
    <p class='ocr_par' dir='ltr' id='par_1_1' title="bbox 167 384 268 435">
     <span class='ocr_line' id='line_1_1' title="bbox 167 384 268 435; baseline 0.03 -3"><span class='ocrx_word' id='word_1_1' title='bbox 167 384 268 435; x_wconf 80' lang='grc'>729</span> 
     </span>
    </p>
   </div>
   <div class='ocr_carea' id='block_1_2' title="bbox 1439 387 2261 447">
    <p class='ocr_par' dir='ltr' id='par_1_2' title="bbox 1439 387 2261 447">
     <span class='ocr_line' id='line_1_2' title="bbox 1439 387 2261 447; baseline 0.004 -6"><span class='ocrx_word' id='word_1_2' title='bbox 1439 387 1776 443; x_wconf 70' lang='lat' dir='ltr'>EPISTOLAS</span> <span class='ocrx_word' id='word_1_3' title='bbox 1815 387 1897 443; x_wconf 85' lang='lat' dir='ltr'><strong>ET</strong></span> <span class='ocrx_word' id='word_1_4' title='bbox 1936 387 2261 447; x_wconf 83' lang='lat' dir='ltr'>DECRETA.</span> 
     </span>
    </p>
   </div>
   <div class='ocr_carea' id='block_1_3' title="bbox 3427 401 3528 456">
    <p class='ocr_par' dir='ltr' id='par_1_3' title="bbox 3427 401 3528 456">
     <span class='ocr_line' id='line_1_3' title="bbox 3427 401 3528 456; baseline 0 -1"><span class='ocrx_word' id='word_1_5' title='bbox 3427 401 3528 456; x_wconf 86' lang='lat'>730</span> 
     </span>
    </p>
   </div>
   <div class='ocr_carea' id='block_1_4' title="bbox 234 487 3527 581">
    <p class='ocr_par' dir='ltr' id='par_1_4' title="bbox 234 487 3527 581">
     <span class='ocr_line' id='line_1_4' title="bbox 234 487 3527 581; baseline 0.007 -41"><span class='ocrx_word' id='word_1_6' title='bbox 234 487 346 581; x_wconf 86' lang='lat' dir='ltr'>Xll.</span> <span class='ocrx_word' id='word_1_7' title='bbox 391 488 606 543; x_wconf 79' lang='lat' dir='ltr'>Rursus</span> <span class='ocrx_word' id='word_1_8' title='bbox 642 489 712 544; x_wconf 90' lang='lat' dir='ltr'>de</span> <span class='ocrx_word' id='word_1_9' title='bbox 751 505 941 547; x_wconf 87' lang='lat' dir='ltr'>errore</span> <span class='ocrx_word' id='word_1_10' title='bbox 975 492 1128 547; x_wconf 87' lang='lat' dir='ltr'>illius</span> <span class='ocrx_word' id='word_1_11' title='bbox 1162 491 1456 568; x_wconf 83' lang='lat' dir='ltr'>[Rabbula]</span> <span class='ocrx_word' id='word_1_12' title='bbox 1502 496 1796 552; x_wconf 82' lang='lat' dir='ltr'>Edessenae</span> <span class='ocrx_word' id='word_1_13' title='bbox 1819 503 1989 581; x_wconf 65' lang='lat' dir='ltr'>Acut</span> <span class='ocrx_word' id='word_1_14' title='bbox 2015 499 2198 568; x_wconf 85' lang='lat' dir='ltr'>[Hebr.</span> <span class='ocrx_word' id='word_1_15' title='bbox 2233 500 2295 571; x_wconf 78' lang='lat' dir='ltr'>t],</span> <span class='ocrx_word' id='word_1_16' title='bbox 2348 498 2496 555; x_wconf 86' lang='lat' dir='ltr'>ferre</span> <span class='ocrx_word' id='word_1_17' title='bbox 2549 515 2683 555; x_wconf 90' lang='lat' dir='ltr'>eum</span> <span class='ocrx_word' id='word_1_18' title='bbox 2735 501 2926 558; x_wconf 83' lang='lat' dir='ltr'><strong>omnia</strong></span> <span class='ocrx_word' id='word_1_19' title='bbox 2967 503 3160 560; x_wconf 86' lang='lat' dir='ltr'>dicens</span> <span class='ocrx_word' id='word_1_20' title='bbox 3203 505 3371 561; x_wconf 88' lang='lat' dir='ltr'>verbo</span> <span class='ocrx_word' id='word_1_21' title='bbox 3409 522 3527 562; x_wconf 63' lang='lat' dir='ltr'>suae</span> 
     </span>
    </p>
   </div>
   <div class='ocr_carea' id='block_1_5' title="bbox 162 580 1791 659">
    <p class='ocr_par' dir='ltr' id='par_1_5' title="bbox 162 580 1791 659">
     <span class='ocr_line' id='line_1_5' title="bbox 162 580 1791 659; baseline 0.007 -25"><span class='ocrx_word' id='word_1_22' title='bbox 162 580 426 636; x_wconf 63' lang='lat' dir='ltr'>Ecclesia:</span> <span class='ocrx_word' id='word_1_23' title='bbox 452 582 686 638; x_wconf 79' lang='lat' dir='ltr'>antistes</span> <span class='ocrx_word' id='word_1_24' title='bbox 712 585 783 639; x_wconf 89' lang='lat' dir='ltr'>ad</span> <span class='ocrx_word' id='word_1_25' title='bbox 814 585 1042 641; x_wconf 89' lang='lat' dir='ltr'>beatum</span> <span class='ocrx_word' id='word_1_26' title='bbox 1067 587 1341 658; x_wconf 88' lang='lat' dir='ltr'>Cyrillum</span> <span class='ocrx_word' id='word_1_27' title='bbox 1371 589 1644 659; x_wconf 82' lang='lat' dir='ltr'>scribens,</span> <span class='ocrx_word' id='word_1_28' title='bbox 1674 591 1752 646; x_wconf 91' lang='lat' dir='ltr'>ait</span> <span class='ocrx_word' id='word_1_29' title='bbox 1778 607 1791 646; x_wconf 91' lang='lat'><strong>:</strong></span> 
     </span>
    </p>
   </div>
   <div class='ocr_carea' id='block_1_6' title="bbox 159 674 1796 746">
    <p class='ocr_par' dir='ltr' id='par_1_6' title="bbox 159 674 1796 746">
     <span class='ocr_line' id='line_1_6' title="bbox 159 674 1796 746; baseline 0.007 -18"><span class='ocrx_word' id='word_1_30' title='bbox 159 674 282 728; x_wconf 82' lang='lat' dir='ltr'>Jam</span> <span class='ocrx_word' id='word_1_31' title='bbox 313 691 447 730; x_wconf 83' lang='lat' dir='ltr'>vero</span> <span class='ocrx_word' id='word_1_32' title='bbox 476 677 709 746; x_wconf 88' lang='lat' dir='ltr'>quidam</span> <span class='ocrx_word' id='word_1_33' title='bbox 737 679 1013 734; x_wconf 82' lang='lat' dir='ltr'>unitatem</span> <span class='ocrx_word' id='word_1_34' title='bbox 1040 682 1351 736; x_wconf 90' lang='lat' dir='ltr'>secundum</span> <span class='ocrx_word' id='word_1_35' title='bbox 1378 684 1796 740; x_wconf 90' lang='lat' dir='ltr'>subsistentiam</span> 
     </span>
    </p>
   </div>
   <div class='ocr_carea' id='block_1_7' title="bbox 159 769 1792 848">
    <p class='ocr_par' dir='ltr' id='par_1_7' title="bbox 159 769 1792 848">
     <span class='ocr_line' id='line_1_7' title="bbox 159 769 1792 848; baseline 0.008 -28"><span class='ocrx_word' id='word_1_36' title='bbox 159 769 430 822; x_wconf 90' lang='lat' dir='ltr'>omnibus</span> <span class='ocrx_word' id='word_1_37' title='bbox 455 771 636 824; x_wconf 89' lang='lat' dir='ltr'>modis</span> <span class='ocrx_word' id='word_1_38' title='bbox 656 772 940 828; x_wconf 88' lang='lat' dir='ltr'>abdicant.</span> <span class='ocrx_word' id='word_1_39' title='bbox 962 775 1183 828; x_wconf 80' lang='lat' dir='ltr'>Morbus</span> <span class='ocrx_word' id='word_1_40' title='bbox 1199 776 1353 830; x_wconf 85' lang='lat' dir='ltr'>enim</span> <span class='ocrx_word' id='word_1_41' title='bbox 1373 778 1575 848; x_wconf 87' lang='lat' dir='ltr'>aliquis</span> <span class='ocrx_word' id='word_1_42' title='bbox 1603 779 1792 832; x_wconf 88' lang='lat' dir='ltr'>subla-</span> 
     </span>
    </p>
   </div>
   <div class='ocr_carea' id='block_1_8' title="bbox 157 862 1796 935">
    <p class='ocr_par' dir='ltr' id='par_1_8' title="bbox 157 862 1796 935">
     <span class='ocr_line' id='line_1_8' title="bbox 157 862 1796 935; baseline 0.007 -21"><span class='ocrx_word' id='word_1_43' title='bbox 157 865 287 916; x_wconf 90' lang='lat' dir='ltr'>tens</span> <span class='ocrx_word' id='word_1_44' title='bbox 319 862 654 919; x_wconf 74' lang='lat' dir='ltr'>inveteravit</span> <span class='ocrx_word' id='word_1_45' title='bbox 681 866 920 935; x_wconf 79' lang='lat' dir='ltr'>Orienti,</span> <span class='ocrx_word' id='word_1_46' title='bbox 954 867 1386 923; x_wconf 86' lang='lat' dir='ltr'>immedicabilis</span> <span class='ocrx_word' id='word_1_47' title='bbox 1413 872 1580 926; x_wconf 91' lang='lat' dir='ltr'>modo</span> <span class='ocrx_word' id='word_1_48' title='bbox 1607 873 1796 926; x_wconf 90' lang='lat' dir='ltr'>vulne-</span> 
     </span>
    </p>
   </div>
   <div class='ocr_carea' id='block_1_9' title="bbox 158 954 1793 1034">
    <p class='ocr_par' dir='ltr' id='par_1_9' title="bbox 158 954 1793 1034">
     <span class='ocr_line' id='line_1_9' title="bbox 158 954 1793 1034; baseline 0.006 -24"><span class='ocrx_word' id='word_1_49' title='bbox 158 954 237 1010; x_wconf 91' lang='lat' dir='ltr'>ris</span> <span class='ocrx_word' id='word_1_50' title='bbox 252 956 564 1026; x_wconf 89' lang='lat' dir='ltr'>depascens</span> <span class='ocrx_word' id='word_1_51' title='bbox 584 960 842 1014; x_wconf 68' lang='lat' dir='ltr'>Ecclesiae</span> <span class='ocrx_word' id='word_1_52' title='bbox 863 977 1085 1031; x_wconf 89' lang='lat' dir='ltr'>corpus,</span> <span class='ocrx_word' id='word_1_53' title='bbox 1099 963 1249 1032; x_wconf 92' lang='lat' dir='ltr'>apud</span> <span class='ocrx_word' id='word_1_54' title='bbox 1266 963 1482 1034; x_wconf 85' lang='lat' dir='ltr'>aliquos</span> <span class='ocrx_word' id='word_1_55' title='bbox 1496 965 1656 1034; x_wconf 89' lang='lat' dir='ltr'>quasi</span> <span class='ocrx_word' id='word_1_56' title='bbox 1674 971 1793 1020; x_wconf 83' lang='lat' dir='ltr'>stu-</span> 
     </span>
    </p>
   </div>
   <div class='ocr_carea' id='block_1_10' title="bbox 157 1049 1797 1124">
    <p class='ocr_par' dir='ltr' id='par_1_10' title="bbox 157 1049 1797 1124">
     <span class='ocr_line' id='line_1_10' title="bbox 157 1049 1797 1124; baseline 0.007 -22"><span class='ocrx_word' id='word_1_57' title='bbox 157 1049 371 1117; x_wconf 87' lang='lat' dir='ltr'>diosos,</span> <span class='ocrx_word' id='word_1_58' title='bbox 402 1055 458 1105; x_wconf 92' lang='lat' dir='ltr'>et</span> <span class='ocrx_word' id='word_1_59' title='bbox 485 1053 784 1123; x_wconf 89' lang='lat' dir='ltr'>supercilia</span> <span class='ocrx_word' id='word_1_60' title='bbox 809 1054 1140 1110; x_wconf 77' lang='lat' dir='ltr'>extollentes</span> <span class='ocrx_word' id='word_1_61' title='bbox 1179 1056 1528 1124; x_wconf 84' lang='lat' dir='ltr'>eruditione,</span> <span class='ocrx_word' id='word_1_62' title='bbox 1559 1058 1797 1114; x_wconf 82' lang='lat' dir='ltr'>latenter</span> 
     </span>
    </p>
   </div>
   <div class='ocr_carea' id='block_1_11' title="bbox 158 1141 1796 1220">
    <p class='ocr_par' dir='ltr' id='par_1_11' title="bbox 158 1141 1796 1220">
     <span class='ocr_line' id='line_1_11' title="bbox 158 1141 1796 1220; baseline 0.007 -25"><span class='ocrx_word' id='word_1_63' title='bbox 158 1141 494 1198; x_wconf 89' lang='lat' dir='ltr'>honoratus.</span> <span class='ocrx_word' id='word_1_64' title='bbox 521 1146 823 1217; x_wconf 85' lang='lat' dir='ltr'>Episcopus</span> <span class='ocrx_word' id='word_1_65' title='bbox 842 1148 995 1202; x_wconf 86' lang='lat' dir='ltr'>enim</span> <span class='ocrx_word' id='word_1_66' title='bbox 1016 1150 1246 1220; x_wconf 86' lang='lat' dir='ltr'>quidam</span> <span class='ocrx_word' id='word_1_67' title='bbox 1271 1151 1571 1220; x_wconf 64' lang='lat' dir='ltr'>provinciae</span> <span class='ocrx_word' id='word_1_68' title='bbox 1593 1153 1796 1207; x_wconf 63' lang='lat' dir='ltr'>Ciliciae</span> 
     </span>
    </p>
   </div>
   <div class='ocr_carea' id='block_1_12' title="bbox 155 1236 1791 1314">
    <p class='ocr_par' dir='ltr' id='par_1_12' title="bbox 155 1236 1791 1314">
     <span class='ocr_line' id='line_1_12' title="bbox 155 1236 1791 1314; baseline 0.006 -25"><span class='ocrx_word' id='word_1_69' title='bbox 155 1236 510 1303; x_wconf 85' lang='lat' dir='ltr'>Theodorus,</span> <span class='ocrx_word' id='word_1_70' title='bbox 534 1239 620 1292; x_wconf 89' lang='lat' dir='ltr'>vir</span> <span class='ocrx_word' id='word_1_71' title='bbox 641 1241 956 1295; x_wconf 82' lang='lat' dir='ltr'>verisimilis</span> <span class='ocrx_word' id='word_1_72' title='bbox 976 1242 1218 1310; x_wconf 89' lang='lat' dir='ltr'>dicendi,</span> <span class='ocrx_word' id='word_1_73' title='bbox 1246 1249 1300 1297; x_wconf 88' lang='lat' dir='ltr'>et</span> <span class='ocrx_word' id='word_1_74' title='bbox 1321 1249 1518 1314; x_wconf 90' lang='lat' dir='ltr'>potens</span> <span class='ocrx_word' id='word_1_75' title='bbox 1537 1245 1791 1314; x_wconf 86' lang='lat' dir='ltr'>suadere,</span> 
     </span>
    </p>
   </div>
   <div class='ocr_carea' id='block_1_13' title="bbox 157 1329 1796 1408">
    <p class='ocr_par' dir='ltr' id='par_1_13' title="bbox 157 1329 1796 1408">
     <span class='ocr_line' id='line_1_13' title="bbox 157 1329 1796 1408; baseline 0.007 -27"><span class='ocrx_word' id='word_1_76' title='bbox 157 1329 271 1382; x_wconf 88' lang='lat' dir='ltr'>alia</span> <span class='ocrx_word' id='word_1_77' title='bbox 291 1331 525 1401; x_wconf 85' lang='lat' dir='ltr'>quidem</span> <span class='ocrx_word' id='word_1_78' title='bbox 541 1350 712 1404; x_wconf 85' lang='lat' dir='ltr'>supra</span> <span class='ocrx_word' id='word_1_79' title='bbox 725 1334 992 1404; x_wconf 76' lang='lat' dir='ltr'>tribunali</span> <span class='ocrx_word' id='word_1_80' title='bbox 1009 1336 1077 1390; x_wconf 90' lang='lat' dir='ltr'>de</span> <span class='ocrx_word' id='word_1_81' title='bbox 1103 1337 1360 1391; x_wconf 70' lang='lat' dir='ltr'>Ecclesiae</span> <span class='ocrx_word' id='word_1_82' title='bbox 1377 1340 1524 1391; x_wconf 85' lang='lat' dir='ltr'>statu</span> <span class='ocrx_word' id='word_1_83' title='bbox 1546 1336 1796 1408; x_wconf 81' lang='lat' dir='ltr'>[ecclesia</span> 
     </span>
    </p>
   </div>
   <div class='ocr_carea' id='block_1_14' title="bbox 154 1423 1795 1499">
    <p class='ocr_par' dir='ltr' id='par_1_14' title="bbox 154 1423 1795 1499">
     <span class='ocr_line' id='line_1_14' title="bbox 154 1423 1795 1499; baseline 0.007 -24"><span class='ocrx_word' id='word_1_84' title='bbox 154 1423 369 1495; x_wconf 82' lang='lat' dir='ltr'>statim]</span> <span class='ocrx_word' id='word_1_85' title='bbox 420 1426 641 1480; x_wconf 74' lang='lat' dir='ltr'>dicebat</span> <span class='ocrx_word' id='word_1_86' title='bbox 684 1428 754 1481; x_wconf 90' lang='lat' dir='ltr'>ad</span> <span class='ocrx_word' id='word_1_87' title='bbox 803 1429 998 1499; x_wconf 82' lang='lat' dir='ltr'>pepuli</span> <span class='ocrx_word' id='word_1_88' title='bbox 1039 1431 1412 1499; x_wconf 86' lang='lat' dir='ltr'>placentiam,</span> <span class='ocrx_word' id='word_1_89' title='bbox 1442 1431 1576 1484; x_wconf 88' lang='lat' dir='ltr'>alios</span> <span class='ocrx_word' id='word_1_90' title='bbox 1604 1438 1795 1486; x_wconf 88' lang='lat' dir='ltr'>autem</span> 
     </span>
    </p>
   </div>
   <div class='ocr_carea' id='block_1_15' title="bbox 65 1517 1796 1595">
    <p class='ocr_par' dir='ltr' id='par_1_15' title="bbox 65 1517 1796 1595">
     <span class='ocr_line' id='line_1_15' title="bbox 65 1517 1796 1595; baseline 0.006 -26"><span class='ocrx_word' id='word_1_91' title='bbox 65 1523 69 1527; x_wconf 83' lang='lat'><strong><em>&#39;</em></strong></span> <span class='ocrx_word' id='word_1_92' title='bbox 152 1517 392 1588; x_wconf 86' lang='lat' dir='ltr'>laqueos</span> <span class='ocrx_word' id='word_1_93' title='bbox 422 1518 786 1592; x_wconf 80' lang='lat' dir='ltr'>[perditionis]</span> <span class='ocrx_word' id='word_1_94' title='bbox 819 1522 879 1576; x_wconf 91' lang='lat' dir='ltr'>in</span> <span class='ocrx_word' id='word_1_95' title='bbox 907 1522 1128 1593; x_wconf 86' lang='lat' dir='ltr'>scriptis</span> <span class='ocrx_word' id='word_1_96' title='bbox 1153 1524 1414 1594; x_wconf 89' lang='lat' dir='ltr'>ponebat,</span> <span class='ocrx_word' id='word_1_97' title='bbox 1440 1525 1538 1595; x_wconf 87' lang='lat' dir='ltr'>qui</span> <span class='ocrx_word' id='word_1_98' title='bbox 1563 1525 1621 1579; x_wconf 91' lang='lat' dir='ltr'>in</span> <span class='ocrx_word' id='word_1_99' title='bbox 1643 1525 1796 1595; x_wconf 89' lang='lat' dir='ltr'>prin-</span> 
     </span>
    </p>
   </div>
   <div class='ocr_carea' id='block_1_16' title="bbox 154 1609 1795 1684">
    <p class='ocr_par' dir='ltr' id='par_1_16' title="bbox 154 1609 1795 1684">
     <span class='ocr_line' id='line_1_16' title="bbox 154 1609 1795 1684; baseline 0.005 -20"><span class='ocrx_word' id='word_1_100' title='bbox 154 1609 319 1679; x_wconf 82' lang='lat' dir='ltr'>cipiis</span> <span class='ocrx_word' id='word_1_101' title='bbox 342 1613 723 1681; x_wconf 89' lang='lat' dir='ltr'>quorumdam</span> <span class='ocrx_word' id='word_1_102' title='bbox 737 1615 857 1684; x_wconf 88' lang='lat' dir='ltr'>ejus</span> <span class='ocrx_word' id='word_1_103' title='bbox 883 1616 1154 1669; x_wconf 87' lang='lat' dir='ltr'>Codicum</span> <span class='ocrx_word' id='word_1_104' title='bbox 1177 1618 1536 1672; x_wconf 85' lang='lat' dir='ltr'>anathemate</span> <span class='ocrx_word' id='word_1_105' title='bbox 1559 1619 1795 1672; x_wconf 90' lang='lat' dir='ltr'>circum-</span> 
     </span>
    </p>
   </div>
   <div class='ocr_carea' id='block_1_17' title="bbox 151 1703 1788 1782">
    <p class='ocr_par' dir='ltr' id='par_1_17' title="bbox 151 1703 1788 1782">
     <span class='ocr_line' id='line_1_17' title="bbox 151 1703 1788 1782; baseline 0.006 -26"><span class='ocrx_word' id='word_1_106' title='bbox 151 1703 423 1760; x_wconf 89' lang='lat' dir='ltr'>cludebat</span> <span class='ocrx_word' id='word_1_107' title='bbox 454 1705 847 1777; x_wconf 89' lang='lat' dir='ltr'>inspicientem</span> <span class='ocrx_word' id='word_1_108' title='bbox 874 1725 990 1762; x_wconf 88' lang='lat' dir='ltr'>non</span> <span class='ocrx_word' id='word_1_109' title='bbox 1032 1711 1392 1764; x_wconf 85' lang='lat' dir='ltr'>manifestare</span> <span class='ocrx_word' id='word_1_110' title='bbox 1415 1711 1535 1765; x_wconf 91' lang='lat' dir='ltr'>aliis</span> <span class='ocrx_word' id='word_1_111' title='bbox 1563 1713 1788 1782; x_wconf 81' lang='lat' dir='ltr'>scripta.</span> 
     </span>
    </p>
   </div>
   <div class='ocr_carea' id='block_1_18' title="bbox 154 1797 1793 1875">
    <p class='ocr_par' dir='ltr' id='par_1_18' title="bbox 154 1797 1793 1875">
     <span class='ocr_line' id='line_1_18' title="bbox 154 1797 1793 1875; baseline 0.005 -25"><span class='ocrx_word' id='word_1_112' title='bbox 154 1797 266 1852; x_wconf 90' lang='lat' dir='ltr'>lste</span> <span class='ocrx_word' id='word_1_113' title='bbox 307 1799 524 1868; x_wconf 90' lang='lat' dir='ltr'>primus</span> <span class='ocrx_word' id='word_1_114' title='bbox 561 1801 838 1870; x_wconf 84' lang='lat' dir='ltr'>exposuit,</span> <span class='ocrx_word' id='word_1_115' title='bbox 869 1818 982 1856; x_wconf 90' lang='lat' dir='ltr'>non</span> <span class='ocrx_word' id='word_1_116' title='bbox 1023 1819 1140 1857; x_wconf 89' lang='lat' dir='ltr'>esse</span> <span class='ocrx_word' id='word_1_117' title='bbox 1166 1820 1293 1858; x_wconf 88' lang='lat' dir='ltr'>vere</span> <span class='ocrx_word' id='word_1_118' title='bbox 1325 1803 1424 1858; x_wconf 90' lang='lat' dir='ltr'>Dei</span> <span class='ocrx_word' id='word_1_119' title='bbox 1458 1805 1793 1875; x_wconf 83' lang='lat' dir='ltr'>genitricem</span> 
     </span>
    </p>
   </div>
   <div class='ocr_carea' id='block_1_19' title="bbox 152 1875 1869 1966">
    <p class='ocr_par' dir='ltr' id='par_1_19' title="bbox 152 1875 1869 1966">
     <span class='ocr_line' id='line_1_19' title="bbox 152 1875 1869 1966; baseline 0.006 -23"><span class='ocrx_word' id='word_1_120' title='bbox 152 1897 413 1945; x_wconf 86' lang='lat' dir='ltr'>sanctam</span> <span class='ocrx_word' id='word_1_121' title='bbox 443 1894 752 1963; x_wconf 88' lang='lat' dir='ltr'>Virginem,</span> <span class='ocrx_word' id='word_1_122' title='bbox 799 1899 1072 1966; x_wconf 89' lang='lat' dir='ltr'>tanquam</span> <span class='ocrx_word' id='word_1_123' title='bbox 1103 1897 1215 1950; x_wconf 92' lang='lat' dir='ltr'>Deo</span> <span class='ocrx_word' id='word_1_124' title='bbox 1242 1898 1420 1951; x_wconf 84' lang='lat' dir='ltr'>Verbo</span> <span class='ocrx_word' id='word_1_125' title='bbox 1459 1915 1572 1952; x_wconf 93' lang='lat' dir='ltr'>non</span> <span class='ocrx_word' id='word_1_126' title='bbox 1618 1899 1788 1953; x_wconf 92' lang='lat' dir='ltr'>susci-</span> <span class='ocrx_word' id='word_1_127' title='bbox 1814 1875 1869 1946; x_wconf 82' lang='lat' dir='ltr'>B</span> 
     </span>
    </p>
   </div>
   <div class='ocr_carea' id='block_1_20' title="bbox 153 1984 1790 2062">
    <p class='ocr_par' dir='ltr' id='par_1_20' title="bbox 153 1984 1790 2062">
     <span class='ocr_line' id='line_1_20' title="bbox 153 1984 1790 2062; baseline 0.006 -26"><span class='ocrx_word' id='word_1_128' title='bbox 153 1984 413 2053; x_wconf 86' lang='lat' dir='ltr'>pientem</span> <span class='ocrx_word' id='word_1_129' title='bbox 438 1988 748 2042; x_wconf 86' lang='lat' dir='ltr'>secundum</span> <span class='ocrx_word' id='word_1_130' title='bbox 774 2005 876 2042; x_wconf 90' lang='lat' dir='ltr'>nos</span> <span class='ocrx_word' id='word_1_131' title='bbox 902 1990 1276 2045; x_wconf 83' lang='lat' dir='ltr'>nativitatem.</span> <span class='ocrx_word' id='word_1_132' title='bbox 1310 1993 1394 2062; x_wconf 84' lang='lat' dir='ltr'>(Et</span> <span class='ocrx_word' id='word_1_133' title='bbox 1423 1995 1548 2061; x_wconf 89' lang='lat' dir='ltr'>post</span> <span class='ocrx_word' id='word_1_134' title='bbox 1573 2009 1751 2062; x_wconf 91' lang='lat' dir='ltr'>pauca</span> <span class='ocrx_word' id='word_1_135' title='bbox 1776 2009 1790 2046; x_wconf 88' lang='lat'><strong>:</strong></span> 
     </span>
    </p>
   </div>
   <div class='ocr_carea' id='block_1_21' title="bbox 153 2079 1795 2152">
    <p class='ocr_par' dir='ltr' id='par_1_21' title="bbox 153 2079 1795 2152">
     <span class='ocr_line' id='line_1_21' title="bbox 153 2079 1795 2152; baseline 0.005 -22"><span class='ocrx_word' id='word_1_136' title='bbox 153 2079 270 2131; x_wconf 73' lang='lat' dir='ltr'>Nec</span> <span class='ocrx_word' id='word_1_137' title='bbox 295 2079 448 2133; x_wconf 87' lang='lat' dir='ltr'>enim</span> <span class='ocrx_word' id='word_1_138' title='bbox 478 2080 691 2148; x_wconf 90' lang='lat' dir='ltr'>dicunt,</span> <span class='ocrx_word' id='word_1_139' title='bbox 723 2083 1035 2136; x_wconf 89' lang='lat' dir='ltr'>secundum</span> <span class='ocrx_word' id='word_1_140' title='bbox 1064 2084 1458 2152; x_wconf 86' lang='lat' dir='ltr'>substantiam,</span> <span class='ocrx_word' id='word_1_141' title='bbox 1491 2085 1576 2138; x_wconf 87' lang='lat' dir='ltr'>vel</span> <span class='ocrx_word' id='word_1_142' title='bbox 1599 2102 1795 2139; x_wconf 90' lang='lat' dir='ltr'>secun-</span> 
     </span>
    </p>
   </div>
   <div class='ocr_carea' id='block_1_22' title="bbox 152 2171 1790 2247">
    <p class='ocr_par' dir='ltr' id='par_1_22' title="bbox 152 2171 1790 2247">
     <span class='ocr_line' id='line_1_22' title="bbox 152 2171 1790 2247; baseline 0.004 -22"><span class='ocrx_word' id='word_1_143' title='bbox 152 2171 296 2226; x_wconf 90' lang='lat' dir='ltr'>dum</span> <span class='ocrx_word' id='word_1_144' title='bbox 319 2173 736 2229; x_wconf 89' lang='lat' dir='ltr'>subsistentiam</span> <span class='ocrx_word' id='word_1_145' title='bbox 755 2177 984 2231; x_wconf 90' lang='lat' dir='ltr'>unitum</span> <span class='ocrx_word' id='word_1_146' title='bbox 1006 2194 1125 2231; x_wconf 90' lang='lat' dir='ltr'>esse</span> <span class='ocrx_word' id='word_1_147' title='bbox 1144 2179 1256 2231; x_wconf 90' lang='lat' dir='ltr'>Deo</span> <span class='ocrx_word' id='word_1_148' title='bbox 1274 2179 1452 2232; x_wconf 91' lang='lat' dir='ltr'>Verbo</span> <span class='ocrx_word' id='word_1_149' title='bbox 1475 2179 1790 2247; x_wconf 89' lang='lat' dir='ltr'>hominem,</span> 
     </span>
    </p>
   </div>
   <div class='ocr_carea' id='block_1_23' title="bbox 151 2265 1794 2341">
    <p class='ocr_par' dir='ltr' id='par_1_23' title="bbox 151 2265 1794 2341">
     <span class='ocr_line' id='line_1_23' title="bbox 151 2265 1794 2341; baseline 0.005 -23"><span class='ocrx_word' id='word_1_150' title='bbox 151 2265 257 2319; x_wconf 91' lang='lat' dir='ltr'>sed</span> <span class='ocrx_word' id='word_1_151' title='bbox 285 2265 431 2320; x_wconf 90' lang='lat' dir='ltr'>bona</span> <span class='ocrx_word' id='word_1_152' title='bbox 464 2269 745 2323; x_wconf 82' lang='lat' dir='ltr'>voluntate</span> <span class='ocrx_word' id='word_1_153' title='bbox 773 2270 1048 2340; x_wconf 90' lang='lat' dir='ltr'>quadam,</span> <span class='ocrx_word' id='word_1_154' title='bbox 1073 2274 1342 2341; x_wconf 86' lang='lat' dir='ltr'>tanquam</span> <span class='ocrx_word' id='word_1_155' title='bbox 1371 2272 1558 2326; x_wconf 88' lang='lat' dir='ltr'>divina</span> <span class='ocrx_word' id='word_1_156' title='bbox 1587 2277 1794 2327; x_wconf 88' lang='lat' dir='ltr'>natura</span> 
     </span>
    </p>
   </div>
   <div class='ocr_carea' id='block_1_24' title="bbox 147 2361 1792 2436">
    <p class='ocr_par' dir='ltr' id='par_1_24' title="bbox 147 2361 1792 2436">
     <span class='ocr_line' id='line_1_24' title="bbox 147 2361 1792 2436; baseline 0.005 -24"><span class='ocrx_word' id='word_1_157' title='bbox 147 2377 274 2413; x_wconf 90' lang='lat' dir='ltr'>non</span> <span class='ocrx_word' id='word_1_158' title='bbox 301 2361 635 2432; x_wconf 88' lang='lat' dir='ltr'>suscipiente</span> <span class='ocrx_word' id='word_1_159' title='bbox 652 2364 894 2417; x_wconf 87' lang='lat' dir='ltr'>alterum</span> <span class='ocrx_word' id='word_1_160' title='bbox 912 2365 1148 2418; x_wconf 90' lang='lat' dir='ltr'>modum</span> <span class='ocrx_word' id='word_1_161' title='bbox 1167 2365 1400 2419; x_wconf 88' lang='lat' dir='ltr'>unitatis</span> <span class='ocrx_word' id='word_1_162' title='bbox 1427 2371 1660 2436; x_wconf 90' lang='lat' dir='ltr'>propter</span> <span class='ocrx_word' id='word_1_163' title='bbox 1677 2383 1792 2420; x_wconf 91' lang='lat' dir='ltr'>non</span> 
     </span>
    </p>
   </div>
   <div class='ocr_carea' id='block_1_25' title="bbox 145 2454 1793 2525">
    <p class='ocr_par' dir='ltr' id='par_1_25' title="bbox 145 2454 1793 2525">
     <span class='ocr_line' id='line_1_25' title="bbox 145 2454 1793 2525; baseline 0.004 -18"><span class='ocrx_word' id='word_1_164' title='bbox 145 2454 766 2525; x_wconf 86' lang='lat' dir='ltr'>circumscriptibilem.</span> <span class='ocrx_word' id='word_1_165' title='bbox 827 2459 930 2512; x_wconf 88' lang='lat' dir='ltr'>Iste</span> <span class='ocrx_word' id='word_1_166' title='bbox 981 2458 1124 2512; x_wconf 85' lang='lat' dir='ltr'>dixit</span> <span class='ocrx_word' id='word_1_167' title='bbox 1174 2459 1479 2513; x_wconf 90' lang='lat' dir='ltr'>Dominum</span> <span class='ocrx_word' id='word_1_168' title='bbox 1535 2465 1793 2514; x_wconf 88' lang='lat' dir='ltr'>nostrum</span> 
     </span>
    </p>
   </div>
   <div class='ocr_carea' id='block_1_26' title="bbox 145 2549 1789 2622">
    <p class='ocr_par' dir='ltr' id='par_1_26' title="bbox 145 2549 1789 2622">
     <span class='ocr_line' id='line_1_26' title="bbox 145 2549 1789 2622; baseline 0.004 -22"><span class='ocrx_word' id='word_1_169' title='bbox 145 2549 172 2601; x_wconf 84' lang='lat' dir='ltr'>.l</span> <span class='ocrx_word' id='word_1_170' title='bbox 179 2564 348 2601; x_wconf 91' lang='lat' dir='ltr'>esum</span> <span class='ocrx_word' id='word_1_171' title='bbox 363 2549 647 2604; x_wconf 87' lang='lat' dir='ltr'>Christum</span> <span class='ocrx_word' id='word_1_172' title='bbox 666 2567 779 2604; x_wconf 89' lang='lat' dir='ltr'>non</span> <span class='ocrx_word' id='word_1_173' title='bbox 795 2556 1053 2622; x_wconf 86' lang='lat' dir='ltr'>oportere</span> <span class='ocrx_word' id='word_1_174' title='bbox 1068 2551 1287 2606; x_wconf 89' lang='lat' dir='ltr'>adorari</span> <span class='ocrx_word' id='word_1_175' title='bbox 1305 2552 1448 2606; x_wconf 90' lang='lat' dir='ltr'>sicut</span> <span class='ocrx_word' id='word_1_176' title='bbox 1465 2553 1789 2620; x_wconf 90' lang='lat' dir='ltr'>Dominum,</span> 
     </span>
    </p>
   </div>
   <div class='ocr_carea' id='block_1_27' title="bbox 148 2641 1786 2716">
    <p class='ocr_par' dir='ltr' id='par_1_27' title="bbox 148 2641 1786 2716">
     <span class='ocr_line' id='line_1_27' title="bbox 148 2641 1786 2716; baseline 0.004 -21"><span class='ocrx_word' id='word_1_177' title='bbox 148 2641 256 2695; x_wconf 91' lang='lat' dir='ltr'>sed</span> <span class='ocrx_word' id='word_1_178' title='bbox 273 2642 544 2697; x_wconf 82' lang='lat' dir='ltr'>relatione</span> <span class='ocrx_word' id='word_1_179' title='bbox 557 2644 658 2697; x_wconf 89' lang='lat' dir='ltr'>Dei</span> <span class='ocrx_word' id='word_1_180' title='bbox 679 2644 891 2698; x_wconf 88' lang='lat' dir='ltr'>honora</span> <span class='ocrx_word' id='word_1_181' title='bbox 900 2645 943 2698; x_wconf 88' lang='lat' dir='ltr'>ri</span> <span class='ocrx_word' id='word_1_182' title='bbox 961 2644 1105 2698; x_wconf 89' lang='lat' dir='ltr'>sicut</span> <span class='ocrx_word' id='word_1_183' title='bbox 1125 2645 1434 2716; x_wconf 82' lang='lat' dir='ltr'>imaginem</span> <span class='ocrx_word' id='word_1_184' title='bbox 1447 2647 1751 2716; x_wconf 87' lang='lat' dir='ltr'>quamdam</span> <span class='ocrx_word' id='word_1_185' title='bbox 1773 2666 1786 2702; x_wconf 90' lang='lat'><strong>:</strong></span> 
     </span>
    </p>
   </div>
   <div class='ocr_carea' id='block_1_28' title="bbox 147 2736 1787 2807">
    <p class='ocr_par' dir='ltr' id='par_1_28' title="bbox 147 2736 1787 2807">
     <span class='ocr_line' id='line_1_28' title="bbox 147 2736 1787 2807; baseline 0.002 -17"><span class='ocrx_word' id='word_1_186' title='bbox 147 2736 342 2805; x_wconf 83' lang='lat' dir='ltr'>magis</span> <span class='ocrx_word' id='word_1_187' title='bbox 368 2741 559 2791; x_wconf 89' lang='lat' dir='ltr'>autem</span> <span class='ocrx_word' id='word_1_188' title='bbox 579 2739 932 2792; x_wconf 87' lang='lat' dir='ltr'>manifestius</span> <span class='ocrx_word' id='word_1_189' title='bbox 954 2740 1264 2794; x_wconf 91' lang='lat' dir='ltr'>secundum</span> <span class='ocrx_word' id='word_1_190' title='bbox 1287 2755 1381 2793; x_wconf 91' lang='lat' dir='ltr'>eos</span> <span class='ocrx_word' id='word_1_191' title='bbox 1402 2739 1606 2807; x_wconf 87' lang='lat' dir='ltr'>dicere,</span> <span class='ocrx_word' id='word_1_192' title='bbox 1626 2741 1787 2807; x_wconf 90' lang='lat' dir='ltr'>sicut,</span> 
     </span>
    </p>
   </div>
   <div class='ocr_carea' id='block_1_29' title="bbox 147 2829 1793 2901">
    <p class='ocr_par' dir='ltr' id='par_1_29' title="bbox 147 2829 1793 2901">
     <span class='ocr_line' id='line_1_29' title="bbox 147 2829 1793 2901; baseline 0.003 -19"><span class='ocrx_word' id='word_1_193' title='bbox 147 2829 336 2883; x_wconf 88' lang='lat' dir='ltr'>instar</span> <span class='ocrx_word' id='word_1_194' title='bbox 359 2831 573 2901; x_wconf 90' lang='lat' dir='ltr'>aliquid</span> <span class='ocrx_word' id='word_1_195' title='bbox 618 2832 891 2886; x_wconf 89' lang='lat' dir='ltr'>relatione</span> <span class='ocrx_word' id='word_1_196' title='bbox 929 2833 1222 2886; x_wconf 87' lang='lat' dir='ltr'>assidentis</span> <span class='ocrx_word' id='word_1_197' title='bbox 1265 2834 1564 2887; x_wconf 63' lang='lat' dir='ltr'>daemonis.</span> <span class='ocrx_word' id='word_1_198' title='bbox 1602 2835 1708 2888; x_wconf 88' lang='lat' dir='ltr'>Iste</span> <span class='ocrx_word' id='word_1_199' title='bbox 1738 2839 1793 2888; x_wconf 90' lang='lat' dir='ltr'>et</span> 
     </span>
    </p>
   </div>
   <div class='ocr_carea' id='block_1_30' title="bbox 144 2925 1788 2998">
    <p class='ocr_par' dir='ltr' id='par_1_30' title="bbox 144 2925 1788 2998">
     <span class='ocr_line' id='line_1_30' title="bbox 144 2925 1788 2998; baseline 0.002 -20"><span class='ocrx_word' id='word_1_200' title='bbox 144 2941 388 2978; x_wconf 89' lang='lat' dir='ltr'>carnem</span> <span class='ocrx_word' id='word_1_201' title='bbox 417 2925 635 2978; x_wconf 88' lang='lat' dir='ltr'>Domini</span> <span class='ocrx_word' id='word_1_202' title='bbox 664 2925 1050 2996; x_wconf 88' lang='lat' dir='ltr'>pronuntiavit</span> <span class='ocrx_word' id='word_1_203' title='bbox 1076 2927 1220 2980; x_wconf 89' lang='lat' dir='ltr'>nihil</span> <span class='ocrx_word' id='word_1_204' title='bbox 1244 2927 1476 2980; x_wconf 87' lang='lat' dir='ltr'>omnino</span> <span class='ocrx_word' id='word_1_205' title='bbox 1503 2928 1788 2998; x_wconf 88' lang='lat' dir='ltr'>prodesse,</span> 
     </span>
    </p>
   </div>
   <div class='ocr_carea' id='block_1_31' title="bbox 146 3018 1794 3090">
    <p class='ocr_par' dir='ltr' id='par_1_31' title="bbox 146 3018 1794 3090">
     <span class='ocr_line' id='line_1_31' title="bbox 146 3018 1794 3090; baseline 0.001 -18"><span class='ocrx_word' id='word_1_206' title='bbox 146 3018 438 3087; x_wconf 88' lang='lat' dir='ltr'>dissipans</span> <span class='ocrx_word' id='word_1_207' title='bbox 455 3018 680 3072; x_wconf 91' lang='lat' dir='ltr'>Domini</span> <span class='ocrx_word' id='word_1_208' title='bbox 700 3035 914 3085; x_wconf 87' lang='lat' dir='ltr'>vocem,</span> <span class='ocrx_word' id='word_1_209' title='bbox 938 3036 1066 3090; x_wconf 67' lang='lat' dir='ltr'>quae</span> <span class='ocrx_word' id='word_1_210' title='bbox 1085 3024 1168 3073; x_wconf 88' lang='lat' dir='ltr'>est</span> <span class='ocrx_word' id='word_1_211' title='bbox 1193 3036 1206 3074; x_wconf 92' lang='lat'>:</span> <span class='ocrx_word' id='word_1_212' title='bbox 1244 3022 1379 3078; x_wconf 83' lang='lat' dir='ltr'>Caro</span> <span class='ocrx_word' id='word_1_213' title='bbox 1406 3021 1547 3074; x_wconf 78' lang='lat' dir='ltr'>nihil</span> <span class='ocrx_word' id='word_1_214' title='bbox 1570 3021 1794 3090; x_wconf 82' lang='lat' dir='ltr'>prodest</span> 
     </span>
    </p>
   </div>
   <div class='ocr_carea' id='block_1_32' title="bbox 145 3111 1791 3184">
    <p class='ocr_par' dir='ltr' id='par_1_32' title="bbox 145 3111 1791 3184">
     <span class='ocr_line' id='line_1_32' title="bbox 145 3111 1791 3184; baseline 0.001 -19"><span class='ocrx_word' id='word_1_215' title='bbox 145 3111 331 3174; x_wconf 82' lang='lat' dir='ltr'>(Joan.</span> <span class='ocrx_word' id='word_1_216' title='bbox 386 3113 480 3182; x_wconf 73' lang='lat' dir='ltr'>vn).</span> <span class='ocrx_word' id='word_1_217' title='bbox 530 3113 634 3165; x_wconf 87' lang='lat' dir='ltr'>Iste</span> <span class='ocrx_word' id='word_1_218' title='bbox 691 3117 746 3166; x_wconf 90' lang='lat' dir='ltr'>et</span> <span class='ocrx_word' id='word_1_219' title='bbox 784 3113 1066 3183; x_wconf 86' lang='lat' dir='ltr'>apostolos</span> <span class='ocrx_word' id='word_1_220' title='bbox 1115 3113 1248 3167; x_wconf 91' lang='lat' dir='ltr'>dicit</span> <span class='ocrx_word' id='word_1_221' title='bbox 1298 3130 1412 3167; x_wconf 91' lang='lat' dir='ltr'>non</span> <span class='ocrx_word' id='word_1_222' title='bbox 1459 3113 1791 3184; x_wconf 86' lang='lat' dir='ltr'>cognovisse</span> 
     </span>
    </p>
   </div>
   <div class='ocr_carea' id='block_1_33' title="bbox 145 3205 1867 3313">
    <p class='ocr_par' dir='ltr' id='par_1_33' title="bbox 145 3205 1867 3313">
     <span class='ocr_line' id='line_1_33' title="bbox 145 3205 1867 3313; baseline -0.001 -51"><span class='ocrx_word' id='word_1_223' title='bbox 145 3205 444 3262; x_wconf 87' lang='lat' dir='ltr'>Christum</span> <span class='ocrx_word' id='word_1_224' title='bbox 473 3206 624 3276; x_wconf 86' lang='lat' dir='ltr'>quod</span> <span class='ocrx_word' id='word_1_225' title='bbox 653 3208 796 3260; x_wconf 91' lang='lat' dir='ltr'>Deus</span> <span class='ocrx_word' id='word_1_226' title='bbox 825 3211 971 3274; x_wconf 83' lang='lat' dir='ltr'>erat;</span> <span class='ocrx_word' id='word_1_227' title='bbox 1006 3207 1103 3260; x_wconf 88' lang='lat' dir='ltr'>sed</span> <span class='ocrx_word' id='word_1_228' title='bbox 1132 3224 1301 3277; x_wconf 89' lang='lat' dir='ltr'>supra</span> <span class='ocrx_word' id='word_1_229' title='bbox 1329 3207 1499 3261; x_wconf 85' lang='lat' dir='ltr'>ﬁdem</span> <span class='ocrx_word' id='word_1_230' title='bbox 1535 3223 1663 3278; x_wconf 60' lang='lat' dir='ltr'>qua:</span> <span class='ocrx_word' id='word_1_231' title='bbox 1711 3210 1794 3262; x_wconf 89' lang='lat' dir='ltr'>est</span> <span class='ocrx_word' id='word_1_232' title='bbox 1813 3239 1867 3313; x_wconf 64' lang='grc' dir='ltr'><strong>Ο</strong></span> 
     </span>
    </p>
   </div>
   <div class='ocr_carea' id='block_1_34' title="bbox 146 3299 1716 3370">
    <p class='ocr_par' dir='ltr' id='par_1_34' title="bbox 146 3299 1716 3370">
     <span class='ocr_line' id='line_1_34' title="bbox 146 3299 1716 3370; baseline 0 -16"><span class='ocrx_word' id='word_1_233' title='bbox 146 3301 213 3354; x_wconf 87' lang='lat' dir='ltr'>in</span> <span class='ocrx_word' id='word_1_234' title='bbox 239 3299 471 3353; x_wconf 86' lang='lat' dir='ltr'>homine</span> <span class='ocrx_word' id='word_1_235' title='bbox 492 3299 830 3354; x_wconf 69' lang='lat' dir='ltr'>zediﬁcatam</span> <span class='ocrx_word' id='word_1_236' title='bbox 859 3316 979 3354; x_wconf 89' lang='lat' dir='ltr'>esse</span> <span class='ocrx_word' id='word_1_237' title='bbox 1009 3300 1307 3354; x_wconf 81' lang='lat' dir='ltr'>Ecclesiam</span> <span class='ocrx_word' id='word_1_238' title='bbox 1343 3301 1556 3367; x_wconf 80' lang='lat' dir='ltr'>(Matth.</span> <span class='ocrx_word' id='word_1_239' title='bbox 1587 3301 1716 3370; x_wconf 70' lang='lat' dir='ltr'>xvx).</span> 
     </span>
    </p>
   </div>
   <div class='ocr_carea' id='block_1_35' title="bbox 226 3385 1789 3462">
    <p class='ocr_par' dir='ltr' id='par_1_35' title="bbox 226 3385 1789 3462">
     <span class='ocr_line' id='line_1_35' title="bbox 226 3385 1789 3462; baseline 0.001 -16"><span class='ocrx_word' id='word_1_240' title='bbox 226 3394 360 3447; x_wconf 83' lang='lat' dir='ltr'>XIII.</span> <span class='ocrx_word' id='word_1_241' title='bbox 393 3393 638 3447; x_wconf 81' lang='lat' dir='ltr'>Rursum</span> <span class='ocrx_word' id='word_1_242' title='bbox 677 3385 745 3446; x_wconf 81' lang='lat' dir='ltr'>de</span> <span class='ocrx_word' id='word_1_243' title='bbox 781 3409 971 3446; x_wconf 90' lang='lat' dir='ltr'>errore</span> <span class='ocrx_word' id='word_1_244' title='bbox 1019 3393 1167 3446; x_wconf 91' lang='lat' dir='ltr'>illius</span> <span class='ocrx_word' id='word_1_245' title='bbox 1195 3393 1499 3462; x_wconf 77' lang='lat' dir='ltr'>Hesychius</span> <span class='ocrx_word' id='word_1_246' title='bbox 1534 3393 1789 3448; x_wconf 89' lang='lat' dir='ltr'>Hieroso-</span> 
     </span>
    </p>
   </div>
   <div class='ocr_carea' id='block_1_36' title="bbox 146 3486 1790 3558">
    <p class='ocr_par' dir='ltr' id='par_1_36' title="bbox 146 3486 1790 3558">
     <span class='ocr_line' id='line_1_36' title="bbox 146 3486 1790 3558; baseline 0.001 -19"><span class='ocrx_word' id='word_1_247' title='bbox 146 3488 440 3558; x_wconf 71' lang='lat' dir='ltr'>lymorum</span> <span class='ocrx_word' id='word_1_248' title='bbox 473 3486 784 3556; x_wconf 82' lang='lat' dir='ltr'>presbyter,</span> <span class='ocrx_word' id='word_1_249' title='bbox 822 3486 1208 3540; x_wconf 72' lang='lat' dir='ltr'>ecclesiasticae</span> <span class='ocrx_word' id='word_1_250' title='bbox 1232 3486 1490 3540; x_wconf 68' lang='lat' dir='ltr'>Historia:</span> <span class='ocrx_word' id='word_1_251' title='bbox 1529 3487 1790 3557; x_wconf 88' lang='lat' dir='ltr'>scriptor,</span> 
     </span>
    </p>
   </div>
   <div class='ocr_carea' id='block_1_37' title="bbox 147 3579 1793 3634">
    <p class='ocr_par' dir='ltr' id='par_1_37' title="bbox 147 3579 1793 3634">
     <span class='ocr_line' id='line_1_37' title="bbox 147 3579 1793 3634; baseline -0.001 0"><span class='ocrx_word' id='word_1_252' title='bbox 147 3581 230 3634; x_wconf 89' lang='lat' dir='ltr'>ait</span> <span class='ocrx_word' id='word_1_253' title='bbox 256 3598 268 3634; x_wconf 94' lang='lat'>:</span> <span class='ocrx_word' id='word_1_254' title='bbox 295 3581 372 3632; x_wconf 87' lang='lat' dir='ltr'>Ita</span> <span class='ocrx_word' id='word_1_255' title='bbox 394 3579 702 3633; x_wconf 87' lang='lat' dir='ltr'>Photinum</span> <span class='ocrx_word' id='word_1_256' title='bbox 731 3579 924 3633; x_wconf 90' lang='lat' dir='ltr'>multis</span> <span class='ocrx_word' id='word_1_257' title='bbox 946 3584 1076 3633; x_wconf 89' lang='lat' dir='ltr'>ante</span> <span class='ocrx_word' id='word_1_258' title='bbox 1107 3595 1204 3633; x_wconf 92' lang='lat' dir='ltr'>eos</span> <span class='ocrx_word' id='word_1_259' title='bbox 1226 3579 1441 3633; x_wconf 65' lang='lat' dir='ltr'>smculis</span> <span class='ocrx_word' id='word_1_260' title='bbox 1469 3579 1793 3633; x_wconf 89' lang='lat' dir='ltr'>Theodorus</span> 
     </span>
    </p>
   </div>
   <div class='ocr_carea' id='block_1_38' title="bbox 147 3673 1793 3744">
    <p class='ocr_par' dir='ltr' id='par_1_38' title="bbox 147 3673 1793 3744">
     <span class='ocr_line' id='line_1_38' title="bbox 147 3673 1793 3744; baseline 0 -18"><span class='ocrx_word' id='word_1_261' title='bbox 147 3673 391 3744; x_wconf 89' lang='lat' dir='ltr'>quidam</span> <span class='ocrx_word' id='word_1_262' title='bbox 438 3673 724 3744; x_wconf 77' lang='lat' dir='ltr'>praecipue</span> <span class='ocrx_word' id='word_1_263' title='bbox 770 3673 1024 3727; x_wconf 88' lang='lat' dir='ltr'>imitatus</span> <span class='ocrx_word' id='word_1_264' title='bbox 1062 3677 1164 3742; x_wconf 89' lang='lat' dir='ltr'>est,</span> <span class='ocrx_word' id='word_1_265' title='bbox 1207 3673 1519 3726; x_wconf 88' lang='lat' dir='ltr'>malitiosus</span> <span class='ocrx_word' id='word_1_266' title='bbox 1559 3673 1793 3744; x_wconf 90' lang='lat' dir='ltr'>quidem</span> 
     </span>
    </p>
   </div>
   <div class='ocr_carea' id='block_1_39' title="bbox 148 3765 1793 3837">
    <p class='ocr_par' dir='ltr' id='par_1_39' title="bbox 148 3765 1793 3837">
     <span class='ocr_line' id='line_1_39' title="bbox 148 3765 1793 3837; baseline -0.001 -17"><span class='ocrx_word' id='word_1_267' title='bbox 148 3766 428 3837; x_wconf 86' lang='lat' dir='ltr'>loquendi</span> <span class='ocrx_word' id='word_1_268' title='bbox 455 3771 511 3820; x_wconf 90' lang='lat' dir='ltr'>et</span> <span class='ocrx_word' id='word_1_269' title='bbox 535 3766 733 3837; x_wconf 84' lang='lat' dir='ltr'>lingua</span> <span class='ocrx_word' id='word_1_270' title='bbox 750 3765 1158 3836; x_wconf 89' lang='lat' dir='ltr'>paratissimus,</span> <span class='ocrx_word' id='word_1_271' title='bbox 1190 3770 1245 3819; x_wconf 90' lang='lat' dir='ltr'>et</span> <span class='ocrx_word' id='word_1_272' title='bbox 1272 3766 1388 3836; x_wconf 92' lang='lat' dir='ltr'>ipse</span> <span class='ocrx_word' id='word_1_273' title='bbox 1413 3769 1602 3820; x_wconf 90' lang='lat' dir='ltr'>tamen</span> <span class='ocrx_word' id='word_1_274' title='bbox 1622 3766 1793 3819; x_wconf 87' lang='lat' dir='ltr'>insta-</span> 
     </span>
    </p>
   </div>
   <div class='ocr_carea' id='block_1_40' title="bbox 147 3858 1788 3930">
    <p class='ocr_par' dir='ltr' id='par_1_40' title="bbox 147 3858 1788 3930">
     <span class='ocr_line' id='line_1_40' title="bbox 147 3858 1788 3930; baseline 0 -17"><span class='ocrx_word' id='word_1_275' title='bbox 147 3861 252 3914; x_wconf 88' lang='lat' dir='ltr'>bili</span> <span class='ocrx_word' id='word_1_276' title='bbox 290 3861 602 3927; x_wconf 87' lang='lat' dir='ltr'>voluntate,</span> <span class='ocrx_word' id='word_1_277' title='bbox 641 3859 738 3930; x_wconf 88' lang='lat' dir='ltr'>qui</span> <span class='ocrx_word' id='word_1_278' title='bbox 778 3860 889 3913; x_wconf 91' lang='lat' dir='ltr'>huc</span> <span class='ocrx_word' id='word_1_279' title='bbox 920 3864 975 3913; x_wconf 92' lang='lat' dir='ltr'>et</span> <span class='ocrx_word' id='word_1_280' title='bbox 1005 3859 1138 3913; x_wconf 91' lang='lat' dir='ltr'>illuc</span> <span class='ocrx_word' id='word_1_281' title='bbox 1165 3858 1445 3912; x_wconf 90' lang='lat' dir='ltr'>inclinans</span> <span class='ocrx_word' id='word_1_282' title='bbox 1485 3859 1788 3913; x_wconf 84' lang='lat' dir='ltr'>ferebatur.</span> 
     </span>
    </p>
   </div>
   <div class='ocr_carea' id='block_1_41' title="bbox 149 3953 1792 4023">
    <p class='ocr_par' dir='ltr' id='par_1_41' title="bbox 149 3953 1792 4023">
     <span class='ocr_line' id='line_1_41' title="bbox 149 3953 1792 4023; baseline -0.002 -16"><span class='ocrx_word' id='word_1_283' title='bbox 149 3953 460 4008; x_wconf 84' lang='lat' dir='ltr'>Clericalui</span> <span class='ocrx_word' id='word_1_284' title='bbox 489 3953 641 4007; x_wconf 92' lang='lat' dir='ltr'>enim</span> <span class='ocrx_word' id='word_1_285' title='bbox 662 3953 1014 4007; x_wconf 85' lang='lat' dir='ltr'>Antiocheno</span> <span class='ocrx_word' id='word_1_286' title='bbox 1036 3970 1069 4006; x_wconf 91' lang='lat' dir='ltr'>a</span> <span class='ocrx_word' id='word_1_287' title='bbox 1093 3953 1279 4023; x_wconf 89' lang='lat' dir='ltr'>prima</span> <span class='ocrx_word' id='word_1_288' title='bbox 1300 3955 1466 4006; x_wconf 60' lang='lat' dir='ltr'>(etate</span> <span class='ocrx_word' id='word_1_289' title='bbox 1485 3967 1792 4005; x_wconf 91' lang='lat' dir='ltr'>connume-</span> 
     </span>
    </p>
   </div>
   <div class='ocr_carea' id='block_1_42' title="bbox 152 4044 1788 4116">
    <p class='ocr_par' dir='ltr' id='par_1_42' title="bbox 152 4044 1788 4116">
     <span class='ocr_line' id='line_1_42' title="bbox 152 4044 1788 4116; baseline -0.002 -15"><span class='ocrx_word' id='word_1_290' title='bbox 152 4052 335 4113; x_wconf 84' lang='lat' dir='ltr'>ratus,</span> <span class='ocrx_word' id='word_1_291' title='bbox 372 4053 428 4101; x_wconf 85' lang='lat' dir='ltr'>et</span> <span class='ocrx_word' id='word_1_292' title='bbox 456 4047 598 4101; x_wconf 89' lang='lat' dir='ltr'>bene</span> <span class='ocrx_word' id='word_1_293' title='bbox 621 4046 934 4100; x_wconf 87' lang='lat' dir='ltr'>conversari</span> <span class='ocrx_word' id='word_1_294' title='bbox 963 4046 1262 4116; x_wconf 87' lang='lat' dir='ltr'>pollicitus,</span> <span class='ocrx_word' id='word_1_295' title='bbox 1291 4046 1361 4099; x_wconf 91' lang='lat' dir='ltr'>ad</span> <span class='ocrx_word' id='word_1_296' title='bbox 1398 4046 1691 4099; x_wconf 68' lang='lat' dir='ltr'>saeculares</span> <span class='ocrx_word' id='word_1_297' title='bbox 1719 4044 1788 4098; x_wconf 89' lang='lat' dir='ltr'>li-</span> 
     </span>
    </p>
   </div>
   <div class='ocr_carea' id='block_1_43' title="bbox 149 4138 1789 4195">
    <p class='ocr_par' dir='ltr' id='par_1_43' title="bbox 149 4138 1789 4195">
     <span class='ocr_line' id='line_1_43' title="bbox 149 4138 1789 4195; baseline -0.003 0"><span class='ocrx_word' id='word_1_298' title='bbox 149 4141 378 4195; x_wconf 89' lang='lat' dir='ltr'>bidines</span> <span class='ocrx_word' id='word_1_299' title='bbox 399 4157 656 4194; x_wconf 84' lang='lat' dir='ltr'>reversus</span> <span class='ocrx_word' id='word_1_300' title='bbox 673 4140 879 4194; x_wconf 89' lang='lat' dir='ltr'>iterum</span> <span class='ocrx_word' id='word_1_301' title='bbox 901 4139 1302 4194; x_wconf 87' lang='lat' dir='ltr'>delectabatur.</span> <span class='ocrx_word' id='word_1_302' title='bbox 1328 4140 1384 4192; x_wconf 92' lang='lat' dir='ltr'>In</span> <span class='ocrx_word' id='word_1_303' title='bbox 1406 4138 1669 4191; x_wconf 90' lang='lat' dir='ltr'>omnibus</span> <span class='ocrx_word' id='word_1_304' title='bbox 1686 4155 1789 4191; x_wconf 89' lang='lat' dir='ltr'>au-</span> 
     </span>
    </p>
   </div>
   <div class='ocr_carea' id='block_1_44' title="bbox 153 4231 1794 4289">
    <p class='ocr_par' dir='ltr' id='par_1_44' title="bbox 153 4231 1794 4289">
     <span class='ocr_line' id='line_1_44' title="bbox 153 4231 1794 4289; baseline -0.002 -1"><span class='ocrx_word' id='word_1_305' title='bbox 153 4239 270 4289; x_wconf 89' lang='lat' dir='ltr'>tem</span> <span class='ocrx_word' id='word_1_306' title='bbox 299 4234 464 4288; x_wconf 92' lang='lat' dir='ltr'>bonis</span> <span class='ocrx_word' id='word_1_307' title='bbox 491 4233 778 4289; x_wconf 88' lang='lat' dir='ltr'>imitabilis</span> <span class='ocrx_word' id='word_1_308' title='bbox 799 4237 853 4287; x_wconf 90' lang='lat' dir='ltr'>et</span> <span class='ocrx_word' id='word_1_309' title='bbox 878 4233 1074 4286; x_wconf 88' lang='lat' dir='ltr'>beatus</span> <span class='ocrx_word' id='word_1_310' title='bbox 1102 4233 1188 4286; x_wconf 86' lang='lat' dir='ltr'>vir</span> <span class='ocrx_word' id='word_1_311' title='bbox 1210 4234 1455 4286; x_wconf 86' lang='lat' dir='ltr'>Joannes</span> <span class='ocrx_word' id='word_1_312' title='bbox 1479 4231 1794 4286; x_wconf 87' lang='lat' dir='ltr'>Constanti-</span> 
     </span>
    </p>
   </div>
   <div class='ocr_carea' id='block_1_45' title="bbox 150 4325 1791 4399">
    <p class='ocr_par' dir='ltr' id='par_1_45' title="bbox 150 4325 1791 4399">
     <span class='ocr_line' id='line_1_45' title="bbox 150 4325 1791 4399; baseline -0.002 -17"><span class='ocrx_word' id='word_1_313' title='bbox 150 4329 517 4399; x_wconf 89' lang='lat' dir='ltr'>nopolitanus</span> <span class='ocrx_word' id='word_1_314' title='bbox 545 4328 841 4398; x_wconf 89' lang='lat' dir='ltr'>episcopus</span> <span class='ocrx_word' id='word_1_315' title='bbox 861 4325 1082 4397; x_wconf 87' lang='lat' dir='ltr'>scripsit</span> <span class='ocrx_word' id='word_1_316' title='bbox 1111 4326 1424 4396; x_wconf 90' lang='lat' dir='ltr'>epistolam,</span> <span class='ocrx_word' id='word_1_317' title='bbox 1457 4342 1583 4396; x_wconf 71' lang='lat' dir='ltr'>quae</span> <span class='ocrx_word' id='word_1_318' title='bbox 1612 4342 1791 4396; x_wconf 91' lang='lat' dir='ltr'>usque</span> 
     </span>
    </p>
   </div>
   <div class='ocr_carea' id='block_1_46' title="bbox 152 4419 1791 4491">
    <p class='ocr_par' dir='ltr' id='par_1_46' title="bbox 152 4419 1791 4491">
     <span class='ocr_line' id='line_1_46' title="bbox 152 4419 1791 4491; baseline -0.002 -15"><span class='ocrx_word' id='word_1_319' title='bbox 152 4423 345 4477; x_wconf 91' lang='lat' dir='ltr'>adhuc</span> <span class='ocrx_word' id='word_1_320' title='bbox 373 4423 431 4475; x_wconf 90' lang='lat' dir='ltr'>in</span> <span class='ocrx_word' id='word_1_321' title='bbox 458 4421 741 4476; x_wconf 86' lang='lat' dir='ltr'>codicibus</span> <span class='ocrx_word' id='word_1_322' title='bbox 767 4421 995 4491; x_wconf 86' lang='lat' dir='ltr'>legitur,</span> <span class='ocrx_word' id='word_1_323' title='bbox 1028 4423 1084 4472; x_wconf 89' lang='lat' dir='ltr'>et</span> <span class='ocrx_word' id='word_1_324' title='bbox 1111 4436 1144 4472; x_wconf 90' lang='lat' dir='ltr'>a</span> <span class='ocrx_word' id='word_1_325' title='bbox 1171 4421 1362 4489; x_wconf 88' lang='lat' dir='ltr'>pejore</span> <span class='ocrx_word' id='word_1_326' title='bbox 1393 4419 1464 4473; x_wconf 89' lang='lat' dir='ltr'>ad</span> <span class='ocrx_word' id='word_1_327' title='bbox 1492 4419 1791 4474; x_wconf 84' lang='lat' dir='ltr'>meliorem</span> 
     </span>
    </p>
   </div>
   <div class='ocr_carea' id='block_1_47' title="bbox 151 4511 1792 4587">
    <p class='ocr_par' dir='ltr' id='par_1_47' title="bbox 151 4511 1792 4587">
     <span class='ocr_line' id='line_1_47' title="bbox 151 4511 1792 4587; baseline -0.003 -17"><span class='ocrx_word' id='word_1_328' title='bbox 151 4515 544 4587; x_wconf 74' lang='lat' dir='ltr'>paenitentiam</span> <span class='ocrx_word' id='word_1_329' title='bbox 586 4531 718 4568; x_wconf 91' lang='lat' dir='ltr'>eum</span> <span class='ocrx_word' id='word_1_330' title='bbox 765 4513 1069 4567; x_wconf 87' lang='lat' dir='ltr'>transferre</span> <span class='ocrx_word' id='word_1_331' title='bbox 1112 4511 1435 4582; x_wconf 79' lang='lat' dir='ltr'>praevaluit;</span> <span class='ocrx_word' id='word_1_332' title='bbox 1491 4517 1547 4566; x_wconf 90' lang='lat' dir='ltr'>et</span> <span class='ocrx_word' id='word_1_333' title='bbox 1584 4512 1792 4566; x_wconf 90' lang='lat' dir='ltr'>iterum</span> 
     </span>
    </p>
   </div>
   <div class='ocr_carea' id='block_1_48' title="bbox 1894 592 3530 670">
    <p class='ocr_par' dir='ltr' id='par_1_48' title="bbox 1894 592 3530 670">
     <span class='ocr_line' id='line_1_48' title="bbox 1894 592 3530 670; baseline 0.006 -24"><span class='ocrx_word' id='word_1_334' title='bbox 1894 592 2136 658; x_wconf 90' lang='lat' dir='ltr'>virtutis,</span> <span class='ocrx_word' id='word_1_335' title='bbox 2155 593 2252 664; x_wconf 91' lang='lat' dir='ltr'>qui</span> <span class='ocrx_word' id='word_1_336' title='bbox 2283 594 2734 664; x_wconf 81' lang='lat' dir='ltr'>purificationem</span> <span class='ocrx_word' id='word_1_337' title='bbox 2763 602 3086 652; x_wconf 89' lang='lat' dir='ltr'>nostrorum</span> <span class='ocrx_word' id='word_1_338' title='bbox 3116 597 3248 654; x_wconf 86' lang='lat' dir='ltr'>fecit</span> <span class='ocrx_word' id='word_1_339' title='bbox 3275 604 3530 670; x_wconf 81' lang='lat' dir='ltr'>peccato-</span> 
     </span>
    </p>
   </div>
   <div class='ocr_carea' id='block_1_49' title="bbox 1893 687 3522 762">
    <p class='ocr_par' dir='ltr' id='par_1_49' title="bbox 1893 687 3522 762">
     <span class='ocr_line' id='line_1_49' title="bbox 1893 687 3522 762; baseline 0.005 -22"><span class='ocrx_word' id='word_1_340' title='bbox 1893 703 2045 754; x_wconf 90' lang='lat' dir='ltr'>rum,</span> <span class='ocrx_word' id='word_1_341' title='bbox 2087 692 2143 740; x_wconf 89' lang='lat' dir='ltr'>et</span> <span class='ocrx_word' id='word_1_342' title='bbox 2166 687 2237 740; x_wconf 91' lang='lat' dir='ltr'>ad</span> <span class='ocrx_word' id='word_1_343' title='bbox 2280 687 2570 742; x_wconf 85' lang='lat' dir='ltr'>dexteram</span> <span class='ocrx_word' id='word_1_344' title='bbox 2597 693 2850 759; x_wconf 63' lang='lat' dir='ltr'>paternae</span> <span class='ocrx_word' id='word_1_345' title='bbox 2889 691 3196 761; x_wconf 81' lang='lat' dir='ltr'>majestatis</span> <span class='ocrx_word' id='word_1_346' title='bbox 3233 693 3522 762; x_wconf 86' lang='lat' dir='ltr'>consedit;</span> 
     </span>
    </p>
   </div>
   <div class='ocr_carea' id='block_1_50' title="bbox 1895 780 3526 854">
    <p class='ocr_par' dir='ltr' id='par_1_50' title="bbox 1895 780 3526 854">
     <span class='ocr_line' id='line_1_50' title="bbox 1895 780 3526 854; baseline 0.005 -20"><span class='ocrx_word' id='word_1_347' title='bbox 1895 780 1964 834; x_wconf 91' lang='lat' dir='ltr'>de</span> <span class='ocrx_word' id='word_1_348' title='bbox 1990 796 2104 850; x_wconf 90' lang='lat' dir='ltr'>quo</span> <span class='ocrx_word' id='word_1_349' title='bbox 2129 780 2198 834; x_wconf 89' lang='lat' dir='ltr'>ad</span> <span class='ocrx_word' id='word_1_350' title='bbox 2238 780 2588 836; x_wconf 88' lang='lat' dir='ltr'>Colossenses</span> <span class='ocrx_word' id='word_1_351' title='bbox 2626 783 2848 854; x_wconf 89' lang='lat' dir='ltr'>scripsit</span> <span class='ocrx_word' id='word_1_352' title='bbox 2882 785 3116 854; x_wconf 85' lang='lat' dir='ltr'>epistola</span> <span class='ocrx_word' id='word_1_353' title='bbox 3146 803 3159 838; x_wconf 92' lang='lat'><strong>:</strong></span> <span class='ocrx_word' id='word_1_354' title='bbox 3205 787 3358 853; x_wconf 86' lang='lat' dir='ltr'>Quod</span> <span class='ocrx_word' id='word_1_355' title='bbox 3383 790 3441 841; x_wconf 80' lang='lat' dir='ltr'>in</span> <span class='ocrx_word' id='word_1_356' title='bbox 3469 802 3526 842; x_wconf 86' lang='lat' dir='ltr'>eo</span> 
     </span>
    </p>
   </div>
   <div class='ocr_carea' id='block_1_51' title="bbox 1894 876 3524 944">
    <p class='ocr_par' dir='ltr' id='par_1_51' title="bbox 1894 876 3524 944">
     <span class='ocr_line' id='line_1_51' title="bbox 1894 876 3524 944; baseline 0.004 -16"><span class='ocrx_word' id='word_1_357' title='bbox 1894 876 2075 928; x_wconf 80' lang='lat' dir='ltr'>omnia</span> <span class='ocrx_word' id='word_1_358' title='bbox 2094 878 2274 928; x_wconf 82' lang='lat' dir='ltr'>creata</span> <span class='ocrx_word' id='word_1_359' title='bbox 2298 879 2442 936; x_wconf 84' lang='lat' dir='ltr'>sunt,</span> <span class='ocrx_word' id='word_1_360' title='bbox 2469 891 2590 944; x_wconf 61' lang='lat' dir='ltr'>qua</span> <span class='ocrx_word' id='word_1_361' title='bbox 2612 881 2737 930; x_wconf 80' lang='lat' dir='ltr'>sunt</span> <span class='ocrx_word' id='word_1_362' title='bbox 2764 879 2822 930; x_wconf 72' lang='lat' dir='ltr'>in</span> <span class='ocrx_word' id='word_1_363' title='bbox 2851 878 2992 932; x_wconf 68' lang='lat' dir='ltr'>caelis</span> <span class='ocrx_word' id='word_1_364' title='bbox 3017 884 3068 932; x_wconf 85' lang='lat' dir='ltr'>et</span> <span class='ocrx_word' id='word_1_365' title='bbox 3093 881 3149 932; x_wconf 77' lang='lat' dir='ltr'>in</span> <span class='ocrx_word' id='word_1_366' title='bbox 3182 883 3359 942; x_wconf 77' lang='lat' dir='ltr'>terris,</span> <span class='ocrx_word' id='word_1_367' title='bbox 3390 882 3524 935; x_wconf 79' lang='lat' dir='ltr'>visi—</span> 
     </span>
    </p>
   </div>
   <div class='ocr_carea' id='block_1_52' title="bbox 1896 968 3530 1039">
    <p class='ocr_par' dir='ltr' id='par_1_52' title="bbox 1896 968 3530 1039">
     <span class='ocr_line' id='line_1_52' title="bbox 1896 968 3530 1039; baseline 0.005 -19"><span class='ocrx_word' id='word_1_368' title='bbox 1896 968 2028 1021; x_wconf 79' lang='lat' dir='ltr'>bilia</span> <span class='ocrx_word' id='word_1_369' title='bbox 2055 971 2105 1020; x_wconf 84' lang='lat' dir='ltr'>et</span> <span class='ocrx_word' id='word_1_370' title='bbox 2132 968 2451 1030; x_wconf 73' lang='lat' dir='ltr'>invisibilia,</span> <span class='ocrx_word' id='word_1_371' title='bbox 2492 970 2637 1038; x_wconf 83' lang='lat' dir='ltr'>quod</span> <span class='ocrx_word' id='word_1_372' title='bbox 2666 987 2767 1039; x_wconf 76' lang='lat' dir='ltr'>per</span> <span class='ocrx_word' id='word_1_373' title='bbox 2817 986 2935 1025; x_wconf 87' lang='lat' dir='ltr'>eum</span> <span class='ocrx_word' id='word_1_374' title='bbox 2966 977 3150 1026; x_wconf 81' lang='lat' dir='ltr'>creata</span> <span class='ocrx_word' id='word_1_375' title='bbox 3190 979 3318 1028; x_wconf 82' lang='lat' dir='ltr'>sunt</span> <span class='ocrx_word' id='word_1_376' title='bbox 3346 977 3530 1029; x_wconf 78' lang='lat' dir='ltr'>omnia</span> 
     </span>
    </p>
   </div>
   <div class='ocr_carea' id='block_1_53' title="bbox 1897 1061 3528 1133">
    <p class='ocr_par' dir='ltr' id='par_1_53' title="bbox 1897 1061 3528 1133">
     <span class='ocr_line' id='line_1_53' title="bbox 1897 1061 3528 1133; baseline 0.004 -19"><span class='ocrx_word' id='word_1_377' title='bbox 1897 1061 2114 1129; x_wconf 78' lang='lat'>[001053.</span> <span class='ocrx_word' id='word_1_378' title='bbox 2160 1062 2220 1130; x_wconf 87' lang='lat'>1],</span> <span class='ocrx_word' id='word_1_379' title='bbox 2278 1061 2430 1114; x_wconf 90' lang='lat' dir='ltr'>hunc</span> <span class='ocrx_word' id='word_1_380' title='bbox 2494 1078 2611 1116; x_wconf 91' lang='lat' dir='ltr'>non</span> <span class='ocrx_word' id='word_1_381' title='bbox 2665 1063 3018 1118; x_wconf 88' lang='lat' dir='ltr'>incarnatum</span> <span class='ocrx_word' id='word_1_382' title='bbox 3056 1066 3342 1133; x_wconf 89' lang='lat' dir='ltr'>Verbum,</span> <span class='ocrx_word' id='word_1_383' title='bbox 3384 1067 3528 1121; x_wconf 88' lang='lat' dir='ltr'>sicut</span> 
     </span>
    </p>
   </div>
   <div class='ocr_carea' id='block_1_54' title="bbox 1895 1153 3528 1232">
    <p class='ocr_par' dir='ltr' id='par_1_54' title="bbox 1895 1153 3528 1232">
     <span class='ocr_line' id='line_1_54' title="bbox 1895 1153 3528 1232; baseline 0.005 -25"><span class='ocrx_word' id='word_1_384' title='bbox 1895 1153 2233 1224; x_wconf 88' lang='lat' dir='ltr'>evangelicis</span> <span class='ocrx_word' id='word_1_385' title='bbox 2263 1154 2491 1208; x_wconf 88' lang='lat' dir='ltr'>vocibus</span> <span class='ocrx_word' id='word_1_386' title='bbox 2518 1155 2696 1209; x_wconf 89' lang='lat' dir='ltr'>edocti</span> <span class='ocrx_word' id='word_1_387' title='bbox 2725 1174 2938 1226; x_wconf 91' lang='lat' dir='ltr'>sumus,</span> <span class='ocrx_word' id='word_1_388' title='bbox 2969 1159 3067 1212; x_wconf 91' lang='lat' dir='ltr'>sed</span> <span class='ocrx_word' id='word_1_389' title='bbox 3105 1159 3395 1215; x_wconf 90' lang='lat' dir='ltr'>hominem</span> <span class='ocrx_word' id='word_1_390' title='bbox 3423 1175 3528 1232; x_wconf 86' lang='lat' dir='ltr'>per</span> 
     </span>
    </p>
   </div>
   <div class='ocr_carea' id='block_1_55' title="bbox 1894 1247 3523 1321">
    <p class='ocr_par' dir='ltr' id='par_1_55' title="bbox 1894 1247 3523 1321">
     <span class='ocr_line' id='line_1_55' title="bbox 1894 1247 3523 1321; baseline 0.004 -21"><span class='ocrx_word' id='word_1_391' title='bbox 1894 1248 2024 1301; x_wconf 69' lang='lat' dir='ltr'>vita:</span> <span class='ocrx_word' id='word_1_392' title='bbox 2051 1247 2475 1318; x_wconf 87' lang='lat' dir='ltr'>provectionem</span> <span class='ocrx_word' id='word_1_393' title='bbox 2504 1252 2558 1302; x_wconf 91' lang='lat' dir='ltr'>et</span> <span class='ocrx_word' id='word_1_394' title='bbox 2584 1249 2912 1318; x_wconf 90' lang='lat' dir='ltr'>passionum</span> <span class='ocrx_word' id='word_1_395' title='bbox 2953 1252 3356 1321; x_wconf 87' lang='lat' dir='ltr'>perfectionem</span> <span class='ocrx_word' id='word_1_396' title='bbox 3388 1269 3523 1307; x_wconf 84' lang='lat' dir='ltr'>con-</span> 
     </span>
    </p>
   </div>
   <div class='ocr_carea' id='block_1_56' title="bbox 1887 1341 3525 1413">
    <p class='ocr_par' dir='ltr' id='par_1_56' title="bbox 1887 1341 3525 1413">
     <span class='ocr_line' id='line_1_56' title="bbox 1887 1341 3525 1413; baseline 0.004 -20"><span class='ocrx_word' id='word_1_397' title='bbox 1887 1341 2154 1410; x_wconf 91' lang='lat' dir='ltr'>junctum</span> <span class='ocrx_word' id='word_1_398' title='bbox 2183 1342 2293 1395; x_wconf 88' lang='lat' dir='ltr'>Deo</span> <span class='ocrx_word' id='word_1_399' title='bbox 2330 1341 2530 1409; x_wconf 87' lang='lat' dir='ltr'>Verbo,</span> <span class='ocrx_word' id='word_1_400' title='bbox 2565 1342 2785 1413; x_wconf 90' lang='lat' dir='ltr'>scripsit</span> <span class='ocrx_word' id='word_1_401' title='bbox 2812 1344 3014 1399; x_wconf 90' lang='lat' dir='ltr'>stultus</span> <span class='ocrx_word' id='word_1_402' title='bbox 3051 1345 3109 1399; x_wconf 90' lang='lat' dir='ltr'>in</span> <span class='ocrx_word' id='word_1_403' title='bbox 3146 1347 3429 1402; x_wconf 87' lang='lat' dir='ltr'>omnibus.</span> <span class='ocrx_word' id='word_1_404' title='bbox 3458 1347 3525 1402; x_wconf 88' lang='lat' dir='ltr'>Et</span> 
     </span>
    </p>
   </div>
   <div class='ocr_carea' id='block_1_57' title="bbox 1895 1433 3092 1504">
    <p class='ocr_par' dir='ltr' id='par_1_57' title="bbox 1895 1433 3092 1504">
     <span class='ocr_line' id='line_1_57' title="bbox 1895 1433 3092 1504; baseline 0.004 -17"><span class='ocrx_word' id='word_1_405' title='bbox 1895 1433 2017 1488; x_wconf 83' lang='lat' dir='ltr'>haec</span> <span class='ocrx_word' id='word_1_406' title='bbox 2045 1433 2101 1488; x_wconf 91' lang='lat' dir='ltr'>in</span> <span class='ocrx_word' id='word_1_407' title='bbox 2132 1434 2380 1504; x_wconf 90' lang='lat' dir='ltr'>mysticis</span> <span class='ocrx_word' id='word_1_408' title='bbox 2408 1436 2762 1490; x_wconf 90' lang='lat' dir='ltr'>sermonibus</span> <span class='ocrx_word' id='word_1_409' title='bbox 2789 1453 2957 1491; x_wconf 88' lang='lat' dir='ltr'>ausus</span> <span class='ocrx_word' id='word_1_410' title='bbox 2990 1443 3092 1492; x_wconf 88' lang='lat' dir='ltr'>est.</span> 
     </span>
    </p>
   </div>
   <div class='ocr_carea' id='block_1_58' title="bbox 1965 1527 3519 1602">
    <p class='ocr_par' dir='ltr' id='par_1_58' title="bbox 1965 1527 3519 1602">
     <span class='ocr_line' id='line_1_58' title="bbox 1965 1527 3519 1602; baseline 0.005 -22"><span class='ocrx_word' id='word_1_411' title='bbox 1965 1527 2088 1580; x_wconf 86' lang='lat' dir='ltr'><strong>XIV.</strong></span> <span class='ocrx_word' id='word_1_412' title='bbox 2138 1528 2345 1581; x_wconf 87' lang='lat' dir='ltr'>Contra</span> <span class='ocrx_word' id='word_1_413' title='bbox 2387 1545 2606 1582; x_wconf 89' lang='lat' dir='ltr'>errores</span> <span class='ocrx_word' id='word_1_414' title='bbox 2647 1529 2899 1598; x_wconf 89' lang='lat' dir='ltr'>ejusdem</span> <span class='ocrx_word' id='word_1_415' title='bbox 2933 1531 3242 1599; x_wconf 87' lang='lat' dir='ltr'>Theodori,</span> <span class='ocrx_word' id='word_1_416' title='bbox 3274 1532 3383 1602; x_wconf 65' lang='lat' dir='ltr'>pize</span> <span class='ocrx_word' id='word_1_417' title='bbox 3429 1549 3519 1587; x_wconf 91' lang='lat' dir='ltr'>re-</span> 
     </span>
    </p>
   </div>
   <div class='ocr_carea' id='block_1_59' title="bbox 1893 1619 3520 1695">
    <p class='ocr_par' dir='ltr' id='par_1_59' title="bbox 1893 1619 3520 1695">
     <span class='ocr_line' id='line_1_59' title="bbox 1893 1619 3520 1695; baseline 0.003 -21"><span class='ocrx_word' id='word_1_418' title='bbox 1893 1619 2234 1674; x_wconf 89' lang='lat' dir='ltr'>cordationis</span> <span class='ocrx_word' id='word_1_419' title='bbox 2260 1621 2604 1675; x_wconf 89' lang='lat' dir='ltr'>Theodosius</span> <span class='ocrx_word' id='word_1_420' title='bbox 2645 1627 2700 1675; x_wconf 92' lang='lat' dir='ltr'>et</span> <span class='ocrx_word' id='word_1_421' title='bbox 2728 1623 3146 1677; x_wconf 88' lang='lat' dir='ltr'>Valentinianus</span> <span class='ocrx_word' id='word_1_422' title='bbox 3171 1626 3360 1694; x_wconf 82' lang='lat' dir='ltr'>legem</span> <span class='ocrx_word' id='word_1_423' title='bbox 3389 1642 3520 1695; x_wconf 89' lang='lat' dir='ltr'>pro-</span> 
     </span>
    </p>
   </div>
   <div class='ocr_carea' id='block_1_60' title="bbox 1892 1714 3525 1785">
    <p class='ocr_par' dir='ltr' id='par_1_60' title="bbox 1892 1714 3525 1785">
     <span class='ocr_line' id='line_1_60' title="bbox 1892 1714 3525 1785; baseline 0.002 -17"><span class='ocrx_word' id='word_1_424' title='bbox 1892 1714 2232 1783; x_wconf 89' lang='lat' dir='ltr'>mulgantes,</span> <span class='ocrx_word' id='word_1_425' title='bbox 2252 1714 2548 1785; x_wconf 91' lang='lat' dir='ltr'>inquiunt:</span> <span class='ocrx_word' id='word_1_426' title='bbox 2577 1715 2830 1769; x_wconf 88' lang='lat' dir='ltr'>Debitam</span> <span class='ocrx_word' id='word_1_427' title='bbox 2856 1733 2888 1768; x_wconf 91' lang='lat' dir='ltr'>a</span> <span class='ocrx_word' id='word_1_428' title='bbox 2913 1716 3078 1770; x_wconf 90' lang='lat' dir='ltr'>nobis</span> <span class='ocrx_word' id='word_1_429' title='bbox 3104 1719 3525 1772; x_wconf 86' lang='lat' dir='ltr'>venerationem</span> 
     </span>
    </p>
   </div>
   <div class='ocr_carea' id='block_1_61' title="bbox 1891 1807 3522 1881">
    <p class='ocr_par' dir='ltr' id='par_1_61' title="bbox 1891 1807 3522 1881">
     <span class='ocr_line' id='line_1_61' title="bbox 1891 1807 3522 1881; baseline 0.004 -21"><span class='ocrx_word' id='word_1_430' title='bbox 1891 1807 2166 1878; x_wconf 67' lang='lat' dir='ltr'>piissimae</span> <span class='ocrx_word' id='word_1_431' title='bbox 2194 1807 2462 1862; x_wconf 74' lang='lat' dir='ltr'>doctrinm</span> <span class='ocrx_word' id='word_1_432' title='bbox 2491 1809 2808 1878; x_wconf 89' lang='lat' dir='ltr'>reddentes,</span> <span class='ocrx_word' id='word_1_433' title='bbox 2841 1827 2934 1863; x_wconf 91' lang='lat' dir='ltr'>eos</span> <span class='ocrx_word' id='word_1_434' title='bbox 2961 1811 3060 1881; x_wconf 90' lang='lat' dir='ltr'>qui</span> <span class='ocrx_word' id='word_1_435' title='bbox 3090 1811 3210 1864; x_wconf 90' lang='lat' dir='ltr'>ausi</span> <span class='ocrx_word' id='word_1_436' title='bbox 3230 1817 3362 1865; x_wconf 89' lang='lat' dir='ltr'>sunt</span> <span class='ocrx_word' id='word_1_437' title='bbox 3387 1828 3522 1866; x_wconf 91' lang='lat' dir='ltr'>con-</span> 
     </span>
    </p>
   </div>
   <div class='ocr_carea' id='block_1_62' title="bbox 1895 1901 3526 1970">
    <p class='ocr_par' dir='ltr' id='par_1_62' title="bbox 1895 1901 3526 1970">
     <span class='ocr_line' id='line_1_62' title="bbox 1895 1901 3526 1970; baseline 0.003 -16"><span class='ocrx_word' id='word_1_438' title='bbox 1895 1905 1980 1954; x_wconf 86' lang='lat' dir='ltr'>tra</span> <span class='ocrx_word' id='word_1_439' title='bbox 2009 1902 2188 1955; x_wconf 92' lang='lat' dir='ltr'>Deum</span> <span class='ocrx_word' id='word_1_440' title='bbox 2231 1901 2404 1970; x_wconf 88' lang='lat' dir='ltr'>impie</span> <span class='ocrx_word' id='word_1_441' title='bbox 2435 1902 2808 1970; x_wconf 86' lang='lat' dir='ltr'>conscribere,</span> <span class='ocrx_word' id='word_1_442' title='bbox 2842 1903 3046 1958; x_wconf 62' lang='lat' dir='ltr'>debitae</span> <span class='ocrx_word' id='word_1_443' title='bbox 3072 1905 3526 1959; x_wconf 85' lang='lat' dir='ltr'>condemnationi</span> 
     </span>
    </p>
   </div>
   <div class='ocr_carea' id='block_1_63' title="bbox 1892 1994 3522 2067">
    <p class='ocr_par' dir='ltr' id='par_1_63' title="bbox 1892 1994 3522 2067">
     <span class='ocr_line' id='line_1_63' title="bbox 1892 1994 3522 2067; baseline 0.004 -20"><span class='ocrx_word' id='word_1_444' title='bbox 1892 1994 2184 2064; x_wconf 87' lang='lat' dir='ltr'>subjicere,</span> <span class='ocrx_word' id='word_1_445' title='bbox 2221 1999 2276 2047; x_wconf 89' lang='lat' dir='ltr'>et</span> <span class='ocrx_word' id='word_1_446' title='bbox 2311 1994 2635 2048; x_wconf 88' lang='lat' dir='ltr'>nominibus</span> <span class='ocrx_word' id='word_1_447' title='bbox 2674 1995 2860 2066; x_wconf 89' lang='lat' dir='ltr'>dignis</span> <span class='ocrx_word' id='word_1_448' title='bbox 2883 1997 3069 2050; x_wconf 89' lang='lat' dir='ltr'>vocari</span> <span class='ocrx_word' id='word_1_449' title='bbox 3103 2003 3360 2067; x_wconf 91' lang='lat' dir='ltr'>oportere</span> <span class='ocrx_word' id='word_1_450' title='bbox 3401 1999 3522 2053; x_wconf 83' lang='lat' dir='ltr'>exi-</span> 
     </span>
    </p>
   </div>
   <div class='ocr_carea' id='block_1_64' title="bbox 1893 2087 3523 2158">
    <p class='ocr_par' dir='ltr' id='par_1_64' title="bbox 1893 2087 3523 2158">
     <span class='ocr_line' id='line_1_64' title="bbox 1893 2087 3523 2158; baseline 0.004 -18"><span class='ocrx_word' id='word_1_451' title='bbox 1893 2087 2267 2142; x_wconf 87' lang='lat' dir='ltr'>stimavimus.</span> <span class='ocrx_word' id='word_1_452' title='bbox 2285 2089 2506 2141; x_wconf 81' lang='lat' dir='ltr'>Justum</span> <span class='ocrx_word' id='word_1_453' title='bbox 2527 2087 2704 2158; x_wconf 88' lang='lat' dir='ltr'>igitur</span> <span class='ocrx_word' id='word_1_454' title='bbox 2723 2088 3063 2143; x_wconf 89' lang='lat' dir='ltr'>circumdari</span> <span class='ocrx_word' id='word_1_455' title='bbox 3083 2107 3177 2144; x_wconf 92' lang='lat' dir='ltr'>eos</span> <span class='ocrx_word' id='word_1_456' title='bbox 3196 2091 3523 2146; x_wconf 89' lang='lat' dir='ltr'>confusione</span> 
     </span>
    </p>
   </div>
   <div class='ocr_carea' id='block_1_65' title="bbox 1893 2181 3523 2254">
    <p class='ocr_par' dir='ltr' id='par_1_65' title="bbox 1893 2181 3523 2254">
     <span class='ocr_line' id='line_1_65' title="bbox 1893 2181 3523 2254; baseline 0.003 -20"><span class='ocrx_word' id='word_1_457' title='bbox 1893 2197 2123 2234; x_wconf 90' lang='lat' dir='ltr'>suorum</span> <span class='ocrx_word' id='word_1_458' title='bbox 2141 2186 2517 2251; x_wconf 77' lang='lat' dir='ltr'>peccatorum,</span> <span class='ocrx_word' id='word_1_459' title='bbox 2547 2186 2602 2235; x_wconf 91' lang='lat' dir='ltr'>et</span> <span class='ocrx_word' id='word_1_460' title='bbox 2621 2181 2681 2235; x_wconf 93' lang='lat' dir='ltr'>in</span> <span class='ocrx_word' id='word_1_461' title='bbox 2701 2182 2802 2235; x_wconf 89' lang='lat' dir='ltr'>tali</span> <span class='ocrx_word' id='word_1_462' title='bbox 2823 2182 3090 2236; x_wconf 89' lang='lat' dir='ltr'>vocabulo</span> <span class='ocrx_word' id='word_1_463' title='bbox 3110 2200 3441 2254; x_wconf 89' lang='lat' dir='ltr'>permanere</span> <span class='ocrx_word' id='word_1_464' title='bbox 3461 2185 3523 2239; x_wconf 89' lang='lat' dir='ltr'>in</span> 
     </span>
    </p>
   </div>
   <div class='ocr_carea' id='block_1_66' title="bbox 1894 2274 3520 2347">
    <p class='ocr_par' dir='ltr' id='par_1_66' title="bbox 1894 2274 3520 2347">
     <span class='ocr_line' id='line_1_66' title="bbox 1894 2274 3520 2347; baseline 0.002 -19"><span class='ocrx_word' id='word_1_465' title='bbox 1894 2279 2192 2341; x_wconf 65' lang='lat' dir='ltr'>aeternum,</span> <span class='ocrx_word' id='word_1_466' title='bbox 2223 2279 2505 2345; x_wconf 90' lang='lat' dir='ltr'>quatenus</span> <span class='ocrx_word' id='word_1_467' title='bbox 2533 2291 2636 2328; x_wconf 92' lang='lat' dir='ltr'>nec</span> <span class='ocrx_word' id='word_1_468' title='bbox 2665 2274 2769 2328; x_wconf 89' lang='lat' dir='ltr'>vivi</span> <span class='ocrx_word' id='word_1_469' title='bbox 2791 2274 3201 2344; x_wconf 76' lang='lat' dir='ltr'>liberentur,&#39;et</span> <span class='ocrx_word' id='word_1_470' title='bbox 3220 2282 3341 2347; x_wconf 92' lang='lat' dir='ltr'>post</span> <span class='ocrx_word' id='word_1_471' title='bbox 3367 2294 3520 2332; x_wconf 91' lang='lat' dir='ltr'>mor-</span> 
     </span>
    </p>
   </div>
   <div class='ocr_carea' id='block_1_67' title="bbox 1893 2369 3522 2438">
    <p class='ocr_par' dir='ltr' id='par_1_67' title="bbox 1893 2369 3522 2438">
     <span class='ocr_line' id='line_1_67' title="bbox 1893 2369 3522 2438; baseline 0.002 -17"><span class='ocrx_word' id='word_1_472' title='bbox 1893 2373 2006 2421; x_wconf 91' lang='lat' dir='ltr'>tem</span> <span class='ocrx_word' id='word_1_473' title='bbox 2028 2373 2399 2438; x_wconf 88' lang='lat' dir='ltr'>permaneant</span> <span class='ocrx_word' id='word_1_474' title='bbox 2416 2369 2742 2438; x_wconf 85' lang='lat' dir='ltr'>contempti.</span> <span class='ocrx_word' id='word_1_475' title='bbox 2772 2369 2947 2437; x_wconf 91' lang='lat' dir='ltr'>lgitur</span> <span class='ocrx_word' id='word_1_476' title='bbox 2973 2369 3227 2423; x_wconf 88' lang='lat' dir='ltr'>doctrina</span> <span class='ocrx_word' id='word_1_477' title='bbox 3241 2371 3522 2425; x_wconf 86' lang='lat' dir='ltr'>Theodori</span> 
     </span>
    </p>
   </div>
   <div class='ocr_carea' id='block_1_68' title="bbox 1894 2461 3522 2532">
    <p class='ocr_par' dir='ltr' id='par_1_68' title="bbox 1894 2461 3522 2532">
     <span class='ocr_line' id='line_1_68' title="bbox 1894 2461 3522 2532; baseline 0.002 -17"><span class='ocrx_word' id='word_1_478' title='bbox 1894 2466 1951 2515; x_wconf 92' lang='lat' dir='ltr'>et</span> <span class='ocrx_word' id='word_1_479' title='bbox 1982 2461 2219 2514; x_wconf 84' lang='lat' dir='ltr'>Nestorii</span> <span class='ocrx_word' id='word_1_480' title='bbox 2259 2461 2567 2532; x_wconf 91' lang='lat' dir='ltr'>impiorum</span> <span class='ocrx_word' id='word_1_481' title='bbox 2595 2467 2652 2516; x_wconf 91' lang='lat' dir='ltr'>et</span> <span class='ocrx_word' id='word_1_482' title='bbox 2678 2461 3073 2532; x_wconf 87' lang='lat' dir='ltr'>pestiferorum</span> <span class='ocrx_word' id='word_1_483' title='bbox 3111 2463 3226 2516; x_wconf 88' lang='lat' dir='ltr'>visa</span> <span class='ocrx_word' id='word_1_484' title='bbox 3250 2469 3334 2518; x_wconf 90' lang='lat' dir='ltr'>est</span> <span class='ocrx_word' id='word_1_485' title='bbox 3358 2464 3522 2519; x_wconf 90' lang='lat' dir='ltr'>nobis</span> 
     </span>
    </p>
   </div>
   <div class='ocr_carea' id='block_1_69' title="bbox 1892 2554 3520 2628">
    <p class='ocr_par' dir='ltr' id='par_1_69' title="bbox 1892 2554 3520 2628">
     <span class='ocr_line' id='line_1_69' title="bbox 1892 2554 3520 2628; baseline 0.003 -21"><span class='ocrx_word' id='word_1_486' title='bbox 1892 2554 2269 2608; x_wconf 89' lang='lat' dir='ltr'>abominanda</span> <span class='ocrx_word' id='word_1_487' title='bbox 2297 2571 2415 2610; x_wconf 89' lang='lat' dir='ltr'>esse</span> <span class='ocrx_word' id='word_1_488' title='bbox 2447 2574 2460 2608; x_wconf 89' lang='lat'><strong>:</strong></span> <span class='ocrx_word' id='word_1_489' title='bbox 2491 2555 2750 2610; x_wconf 87' lang='lat' dir='ltr'>similiter</span> <span class='ocrx_word' id='word_1_490' title='bbox 2777 2561 2968 2610; x_wconf 90' lang='lat' dir='ltr'>autem</span> <span class='ocrx_word' id='word_1_491' title='bbox 2998 2562 3054 2610; x_wconf 92' lang='lat' dir='ltr'>et</span> <span class='ocrx_word' id='word_1_492' title='bbox 3080 2573 3277 2612; x_wconf 88' lang='lat' dir='ltr'>omnes</span> <span class='ocrx_word' id='word_1_493' title='bbox 3309 2558 3407 2628; x_wconf 91' lang='lat' dir='ltr'>qui</span> <span class='ocrx_word' id='word_1_494' title='bbox 3432 2575 3520 2612; x_wconf 91' lang='lat' dir='ltr'>se-</span> 
     </span>
    </p>
   </div>
   <div class='ocr_carea' id='block_1_70' title="bbox 1892 2650 3521 2718">
    <p class='ocr_par' dir='ltr' id='par_1_70' title="bbox 1892 2650 3521 2718">
     <span class='ocr_line' id='line_1_70' title="bbox 1892 2650 3521 2718; baseline 0.004 -18"><span class='ocrx_word' id='word_1_495' title='bbox 1892 2653 2147 2718; x_wconf 90' lang='lat' dir='ltr'>quuntur</span> <span class='ocrx_word' id='word_1_496' title='bbox 2171 2664 2369 2702; x_wconf 90' lang='lat' dir='ltr'>eorum</span> <span class='ocrx_word' id='word_1_497' title='bbox 2396 2665 2667 2716; x_wconf 90' lang='lat' dir='ltr'>errorem,</span> <span class='ocrx_word' id='word_1_498' title='bbox 2706 2654 2762 2703; x_wconf 90' lang='lat' dir='ltr'>et</span> <span class='ocrx_word' id='word_1_499' title='bbox 2796 2650 3157 2704; x_wconf 89' lang='lat' dir='ltr'>consentiunt</span> <span class='ocrx_word' id='word_1_500' title='bbox 3185 2667 3382 2706; x_wconf 88' lang='lat' dir='ltr'>eorum</span> <span class='ocrx_word' id='word_1_501' title='bbox 3409 2651 3521 2706; x_wconf 90' lang='lat' dir='ltr'>im-</span> 
     </span>
    </p>
   </div>
   <div class='ocr_carea' id='block_1_71' title="bbox 1892 2741 3524 2812">
    <p class='ocr_par' dir='ltr' id='par_1_71' title="bbox 1892 2741 3524 2812">
     <span class='ocr_line' id='line_1_71' title="bbox 1892 2741 3524 2812; baseline 0.004 -18"><span class='ocrx_word' id='word_1_502' title='bbox 1892 2742 2111 2812; x_wconf 87' lang='lat' dir='ltr'>pietati,</span> <span class='ocrx_word' id='word_1_503' title='bbox 2138 2741 2359 2811; x_wconf 89' lang='lat' dir='ltr'>justum</span> <span class='ocrx_word' id='word_1_504' title='bbox 2388 2747 2470 2796; x_wconf 90' lang='lat' dir='ltr'>est</span> <span class='ocrx_word' id='word_1_505' title='bbox 2488 2743 2641 2812; x_wconf 89' lang='lat' dir='ltr'>ipsos</span> <span class='ocrx_word' id='word_1_506' title='bbox 2662 2744 2922 2798; x_wconf 89' lang='lat' dir='ltr'>eamdem</span> <span class='ocrx_word' id='word_1_507' title='bbox 2944 2744 3390 2799; x_wconf 87' lang='lat' dir='ltr'>nominationem</span> <span class='ocrx_word' id='word_1_508' title='bbox 3409 2762 3524 2800; x_wconf 90' lang='lat' dir='ltr'>me-</span> 
     </span>
    </p>
   </div>
   <div class='ocr_carea' id='block_1_72' title="bbox 1891 2835 3522 2906">
    <p class='ocr_par' dir='ltr' id='par_1_72' title="bbox 1891 2835 3522 2906">
     <span class='ocr_line' id='line_1_72' title="bbox 1891 2835 3522 2906; baseline 0.003 -18"><span class='ocrx_word' id='word_1_509' title='bbox 1891 2835 2024 2901; x_wconf 89' lang='lat' dir='ltr'>reri,</span> <span class='ocrx_word' id='word_1_510' title='bbox 2059 2841 2114 2888; x_wconf 91' lang='lat' dir='ltr'>et</span> <span class='ocrx_word' id='word_1_511' title='bbox 2142 2835 2528 2889; x_wconf 88' lang='lat' dir='ltr'>confusionem</span> <span class='ocrx_word' id='word_1_512' title='bbox 2575 2835 2758 2905; x_wconf 90' lang='lat' dir='ltr'>indui,</span> <span class='ocrx_word' id='word_1_513' title='bbox 2804 2840 2868 2890; x_wconf 91' lang='lat' dir='ltr'>ut</span> <span class='ocrx_word' id='word_1_514' title='bbox 2912 2854 3026 2890; x_wconf 92' lang='lat' dir='ltr'>non</span> <span class='ocrx_word' id='word_1_515' title='bbox 3059 2837 3382 2906; x_wconf 89' lang='lat' dir='ltr'>Christiani,</span> <span class='ocrx_word' id='word_1_516' title='bbox 3424 2839 3522 2893; x_wconf 92' lang='lat' dir='ltr'>sed</span> 
     </span>
    </p>
   </div>
   <div class='ocr_carea' id='block_1_73' title="bbox 1893 2927 3520 2997">
    <p class='ocr_par' dir='ltr' id='par_1_73' title="bbox 1893 2927 3520 2997">
     <span class='ocr_line' id='line_1_73' title="bbox 1893 2927 3520 2997; baseline 0.002 -16"><span class='ocrx_word' id='word_1_517' title='bbox 1893 2927 2203 2982; x_wconf 88' lang='lat' dir='ltr'>Nestoriani</span> <span class='ocrx_word' id='word_1_518' title='bbox 2230 2928 2632 2997; x_wconf 85' lang='lat' dir='ltr'>nominentur;</span> <span class='ocrx_word' id='word_1_519' title='bbox 2668 2946 2738 2982; x_wconf 90' lang='lat' dir='ltr'>ne</span> <span class='ocrx_word' id='word_1_520' title='bbox 2759 2972 2772 2996; x_wconf 93' lang='lat'>,</span> <span class='ocrx_word' id='word_1_521' title='bbox 2806 2930 2941 2984; x_wconf 89' lang='lat' dir='ltr'>dum</span> <span class='ocrx_word' id='word_1_522' title='bbox 2968 2931 3336 2985; x_wconf 89' lang='lat' dir='ltr'>nominantur</span> <span class='ocrx_word' id='word_1_523' title='bbox 3359 2933 3520 2986; x_wconf 87' lang='lat' dir='ltr'>Chri-</span> 
     </span>
    </p>
   </div>
   <div class='ocr_carea' id='block_1_74' title="bbox 1893 3020 3524 3096">
    <p class='ocr_par' dir='ltr' id='par_1_74' title="bbox 1893 3020 3524 3096">
     <span class='ocr_line' id='line_1_74' title="bbox 1893 3020 3524 3096; baseline 0.003 -22"><span class='ocrx_word' id='word_1_524' title='bbox 1893 3021 2078 3087; x_wconf 88' lang='lat' dir='ltr'>stiani,</span> <span class='ocrx_word' id='word_1_525' title='bbox 2109 3038 2178 3075; x_wconf 83' lang='lat' dir='ltr'>ex</span> <span class='ocrx_word' id='word_1_526' title='bbox 2208 3020 2330 3091; x_wconf 91' lang='lat' dir='ltr'>ipso</span> <span class='ocrx_word' id='word_1_527' title='bbox 2361 3021 2724 3076; x_wconf 89' lang='lat' dir='ltr'>inveniantur</span> <span class='ocrx_word' id='word_1_528' title='bbox 2753 3023 2996 3077; x_wconf 87' lang='lat' dir='ltr'>decorati</span> <span class='ocrx_word' id='word_1_529' title='bbox 3024 3024 3321 3090; x_wconf 89' lang='lat' dir='ltr'>vocabulo,</span> <span class='ocrx_word' id='word_1_530' title='bbox 3354 3025 3524 3096; x_wconf 89' lang='lat' dir='ltr'>longe</span> 
     </span>
    </p>
   </div>
   <div class='ocr_carea' id='block_1_75' title="bbox 1893 3113 3524 3186">
    <p class='ocr_par' dir='ltr' id='par_1_75' title="bbox 1893 3113 3524 3186">
     <span class='ocr_line' id='line_1_75' title="bbox 1893 3113 3524 3186; baseline 0.003 -20"><span class='ocrx_word' id='word_1_531' title='bbox 1893 3113 2185 3167; x_wconf 89' lang='lat' dir='ltr'>constituti</span> <span class='ocrx_word' id='word_1_532' title='bbox 2229 3130 2262 3166; x_wconf 87' lang='lat' dir='ltr'>a</span> <span class='ocrx_word' id='word_1_533' title='bbox 2306 3113 2753 3168; x_wconf 84' lang='lat' dir='ltr'>Christianorum</span> <span class='ocrx_word' id='word_1_534' title='bbox 2795 3116 3108 3186; x_wconf 90' lang='lat' dir='ltr'>proposito,</span> <span class='ocrx_word' id='word_1_535' title='bbox 3137 3121 3192 3170; x_wconf 91' lang='lat' dir='ltr'>et</span> <span class='ocrx_word' id='word_1_536' title='bbox 3233 3117 3456 3171; x_wconf 90' lang='lat' dir='ltr'>alienati</span> <span class='ocrx_word' id='word_1_537' title='bbox 3489 3134 3524 3171; x_wconf 88' lang='lat' dir='ltr'>a</span> 
     </span>
    </p>
   </div>
   <div class='ocr_carea' id='block_1_76' title="bbox 1893 3206 3521 3281">
    <p class='ocr_par' dir='ltr' id='par_1_76' title="bbox 1893 3206 3521 3281">
     <span class='ocr_line' id='line_1_76' title="bbox 1893 3206 3521 3281; baseline 0.002 -22"><span class='ocrx_word' id='word_1_538' title='bbox 1893 3210 2044 3260; x_wconf 87' lang='lat' dir='ltr'>recta</span> <span class='ocrx_word' id='word_1_539' title='bbox 2063 3212 2118 3259; x_wconf 91' lang='lat' dir='ltr'>et</span> <span class='ocrx_word' id='word_1_540' title='bbox 2136 3206 2505 3261; x_wconf 87' lang='lat' dir='ltr'>immaculata</span> <span class='ocrx_word' id='word_1_541' title='bbox 2527 3207 2658 3261; x_wconf 81' lang='lat' dir='ltr'>fide.</span> <span class='ocrx_word' id='word_1_542' title='bbox 2679 3209 2746 3262; x_wconf 90' lang='lat' dir='ltr'>Et</span> <span class='ocrx_word' id='word_1_543' title='bbox 2765 3213 2889 3278; x_wconf 88' lang='lat' dir='ltr'>post</span> <span class='ocrx_word' id='word_1_544' title='bbox 2908 3226 3113 3278; x_wconf 87' lang='lat' dir='ltr'>pauca:</span> <span class='ocrx_word' id='word_1_545' title='bbox 3147 3210 3200 3265; x_wconf 91' lang='lat' dir='ltr'>Si</span> <span class='ocrx_word' id='word_1_546' title='bbox 3223 3209 3347 3281; x_wconf 90' lang='lat' dir='ltr'>quis</span> <span class='ocrx_word' id='word_1_547' title='bbox 3373 3226 3521 3279; x_wconf 66' lang='lat' dir='ltr'>pras-</span> 
     </span>
    </p>
   </div>
   <div class='ocr_carea' id='block_1_77' title="bbox 1893 3299 3522 3370">
    <p class='ocr_par' dir='ltr' id='par_1_77' title="bbox 1893 3299 3522 3370">
     <span class='ocr_line' id='line_1_77' title="bbox 1893 3299 3522 3370; baseline 0.003 -18"><span class='ocrx_word' id='word_1_548' title='bbox 1893 3299 2108 3353; x_wconf 87' lang='lat' dir='ltr'>terierit</span> <span class='ocrx_word' id='word_1_549' title='bbox 2152 3305 2490 3370; x_wconf 75' lang='lat' dir='ltr'>praesentem</span> <span class='ocrx_word' id='word_1_550' title='bbox 2533 3305 2785 3355; x_wconf 88' lang='lat' dir='ltr'>nostram</span> <span class='ocrx_word' id='word_1_551' title='bbox 2829 3303 3198 3369; x_wconf 87' lang='lat' dir='ltr'>sanctionem,</span> <span class='ocrx_word' id='word_1_552' title='bbox 3240 3308 3306 3357; x_wconf 93' lang='lat' dir='ltr'>ut</span> <span class='ocrx_word' id='word_1_553' title='bbox 3341 3304 3522 3357; x_wconf 89' lang='lat' dir='ltr'>Theo-</span> 
     </span>
    </p>
   </div>
   <div class='ocr_carea' id='block_1_78' title="bbox 1893 3393 3524 3461">
    <p class='ocr_par' dir='ltr' id='par_1_78' title="bbox 1893 3393 3524 3461">
     <span class='ocr_line' id='line_1_78' title="bbox 1893 3393 3524 3461; baseline 0.002 -14"><span class='ocrx_word' id='word_1_554' title='bbox 1893 3393 2030 3447; x_wconf 91' lang='lat' dir='ltr'>doro</span> <span class='ocrx_word' id='word_1_555' title='bbox 2053 3396 2108 3447; x_wconf 90' lang='lat' dir='ltr'>et</span> <span class='ocrx_word' id='word_1_556' title='bbox 2129 3393 2378 3448; x_wconf 87' lang='lat' dir='ltr'>Nestorio</span> <span class='ocrx_word' id='word_1_557' title='bbox 2398 3395 2714 3461; x_wconf 89' lang='lat' dir='ltr'>assenserit,</span> <span class='ocrx_word' id='word_1_558' title='bbox 2739 3399 2794 3449; x_wconf 89' lang='lat' dir='ltr'>et</span> <span class='ocrx_word' id='word_1_559' title='bbox 2822 3396 3050 3450; x_wconf 90' lang='lat' dir='ltr'>illorum</span> <span class='ocrx_word' id='word_1_560' title='bbox 3076 3397 3254 3451; x_wconf 90' lang='lat' dir='ltr'>socios</span> <span class='ocrx_word' id='word_1_561' title='bbox 3272 3395 3524 3451; x_wconf 89' lang='lat' dir='ltr'>imitatus</span> 
     </span>
    </p>
   </div>
   <div class='ocr_carea' id='block_1_79' title="bbox 1891 3485 3528 3559">
    <p class='ocr_par' dir='ltr' id='par_1_79' title="bbox 1891 3485 3528 3559">
     <span class='ocr_line' id='line_1_79' title="bbox 1891 3485 3528 3559; baseline 0.002 -21"><span class='ocrx_word' id='word_1_562' title='bbox 1891 3485 2083 3553; x_wconf 91' lang='lat' dir='ltr'>fuerit,</span> <span class='ocrx_word' id='word_1_563' title='bbox 2119 3491 2244 3555; x_wconf 91' lang='lat' dir='ltr'>post</span> <span class='ocrx_word' id='word_1_564' title='bbox 2285 3487 2458 3556; x_wconf 89' lang='lat' dir='ltr'>gladii</span> <span class='ocrx_word' id='word_1_565' title='bbox 2498 3487 2779 3541; x_wconf 89' lang='lat' dir='ltr'>ultionem</span> <span class='ocrx_word' id='word_1_566' title='bbox 2824 3488 3012 3542; x_wconf 87' lang='lat' dir='ltr'>omnis</span> <span class='ocrx_word' id='word_1_567' title='bbox 3055 3489 3176 3559; x_wconf 91' lang='lat' dir='ltr'>ejus</span> <span class='ocrx_word' id='word_1_568' title='bbox 3215 3489 3528 3543; x_wconf 88' lang='lat' dir='ltr'>substantia</span> 
     </span>
    </p>
   </div>
   <div class='ocr_carea' id='block_1_80' title="bbox 1895 3578 3524 3651">
    <p class='ocr_par' dir='ltr' id='par_1_80' title="bbox 1895 3578 3524 3651">
     <span class='ocr_line' id='line_1_80' title="bbox 1895 3578 3524 3651; baseline 0.002 -19"><span class='ocrx_word' id='word_1_569' title='bbox 1895 3579 2024 3632; x_wconf 77' lang='lat' dir='ltr'>fisco</span> <span class='ocrx_word' id='word_1_570' title='bbox 2050 3578 2360 3633; x_wconf 89' lang='lat' dir='ltr'>addicatur.</span> <span class='ocrx_word' id='word_1_571' title='bbox 2396 3579 2662 3649; x_wconf 79' lang='lat' dir='ltr'>(Rursum</span> <span class='ocrx_word' id='word_1_572' title='bbox 2704 3585 2898 3633; x_wconf 91' lang='lat' dir='ltr'>contra</span> <span class='ocrx_word' id='word_1_573' title='bbox 2940 3597 3158 3634; x_wconf 90' lang='lat' dir='ltr'>errores</span> <span class='ocrx_word' id='word_1_574' title='bbox 3198 3581 3370 3647; x_wconf 91' lang='lat' dir='ltr'>illius,</span> <span class='ocrx_word' id='word_1_575' title='bbox 3417 3583 3524 3651; x_wconf 74' lang='lat' dir='ltr'>pia:</span> 
     </span>
    </p>
   </div>
   <div class='ocr_carea' id='block_1_81' title="bbox 1893 3671 3526 3744">
    <p class='ocr_par' dir='ltr' id='par_1_81' title="bbox 1893 3671 3526 3744">
     <span class='ocr_line' id='line_1_81' title="bbox 1893 3671 3526 3744; baseline 0.002 -20"><span class='ocrx_word' id='word_1_576' title='bbox 1893 3671 2302 3725; x_wconf 89' lang='lat' dir='ltr'>recordationis</span> <span class='ocrx_word' id='word_1_577' title='bbox 2312 3671 2658 3725; x_wconf 89' lang='lat' dir='ltr'>Theodosius</span> <span class='ocrx_word' id='word_1_578' title='bbox 2678 3675 2735 3725; x_wconf 88' lang='lat' dir='ltr'>et</span> <span class='ocrx_word' id='word_1_579' title='bbox 2756 3672 3174 3726; x_wconf 90' lang='lat' dir='ltr'>Valentinianus</span> <span class='ocrx_word' id='word_1_580' title='bbox 3192 3674 3378 3742; x_wconf 85' lang='lat' dir='ltr'>legem</span> <span class='ocrx_word' id='word_1_581' title='bbox 3399 3691 3526 3744; x_wconf 87' lang='lat' dir='ltr'>pro-</span> 
     </span>
    </p>
   </div>
   <div class='ocr_carea' id='block_1_82' title="bbox 1894 3763 3525 3835">
    <p class='ocr_par' dir='ltr' id='par_1_82' title="bbox 1894 3763 3525 3835">
     <span class='ocr_line' id='line_1_82' title="bbox 1894 3763 3525 3835; baseline 0.002 -18"><span class='ocrx_word' id='word_1_582' title='bbox 1894 3763 2233 3833; x_wconf 88' lang='lat' dir='ltr'>mulgantes,</span> <span class='ocrx_word' id='word_1_583' title='bbox 2263 3764 2530 3834; x_wconf 90' lang='lat' dir='ltr'>inquiunt</span> <span class='ocrx_word' id='word_1_584' title='bbox 2563 3780 2576 3817; x_wconf 92' lang='lat'><strong>:</strong></span> <span class='ocrx_word' id='word_1_585' title='bbox 2609 3765 2785 3818; x_wconf 82' lang='lat' dir='ltr'>Nemo</span> <span class='ocrx_word' id='word_1_586' title='bbox 2819 3765 3054 3834; x_wconf 88' lang='lat' dir='ltr'>habeat,</span> <span class='ocrx_word' id='word_1_587' title='bbox 3083 3770 3180 3818; x_wconf 91' lang='lat' dir='ltr'>aut</span> <span class='ocrx_word' id='word_1_588' title='bbox 3223 3766 3396 3835; x_wconf 88' lang='lat' dir='ltr'>legat,</span> <span class='ocrx_word' id='word_1_589' title='bbox 3427 3770 3525 3820; x_wconf 89' lang='lat' dir='ltr'>aut</span> 
     </span>
    </p>
   </div>
   <div class='ocr_carea' id='block_1_83' title="bbox 1894 3857 3522 3927">
    <p class='ocr_par' dir='ltr' id='par_1_83' title="bbox 1894 3857 3522 3927">
     <span class='ocr_line' id='line_1_83' title="bbox 1894 3857 3522 3927; baseline 0.002 -17"><span class='ocrx_word' id='word_1_590' title='bbox 1894 3857 2118 3922; x_wconf 87' lang='lat' dir='ltr'>scribat,</span> <span class='ocrx_word' id='word_1_591' title='bbox 2146 3860 2246 3910; x_wconf 91' lang='lat' dir='ltr'>aut</span> <span class='ocrx_word' id='word_1_592' title='bbox 2270 3857 2520 3927; x_wconf 89' lang='lat' dir='ltr'>proferat</span> <span class='ocrx_word' id='word_1_593' title='bbox 2548 3857 2889 3926; x_wconf 90' lang='lat' dir='ltr'>Nestorium,</span> <span class='ocrx_word' id='word_1_594' title='bbox 2915 3874 3013 3912; x_wconf 90' lang='lat' dir='ltr'>seu</span> <span class='ocrx_word' id='word_1_595' title='bbox 3041 3859 3192 3912; x_wconf 89' lang='lat' dir='ltr'>illius</span> <span class='ocrx_word' id='word_1_596' title='bbox 3217 3859 3413 3926; x_wconf 89' lang='lat' dir='ltr'>libros,</span> <span class='ocrx_word' id='word_1_597' title='bbox 3437 3860 3522 3913; x_wconf 88' lang='lat' dir='ltr'>vel</span> 
     </span>
    </p>
   </div>
   <div class='ocr_carea' id='block_1_84' title="bbox 1893 3950 3521 4024">
    <p class='ocr_par' dir='ltr' id='par_1_84' title="bbox 1893 3950 3521 4024">
     <span class='ocr_line' id='line_1_84' title="bbox 1893 3950 3521 4024; baseline 0.002 -20"><span class='ocrx_word' id='word_1_598' title='bbox 1893 3951 2122 4005; x_wconf 87' lang='lat' dir='ltr'>Codices</span> <span class='ocrx_word' id='word_1_599' title='bbox 2153 3950 2382 4004; x_wconf 91' lang='lat' dir='ltr'>omnino</span> <span class='ocrx_word' id='word_1_600' title='bbox 2417 3951 2644 4005; x_wconf 90' lang='lat' dir='ltr'>inutiles</span> <span class='ocrx_word' id='word_1_601' title='bbox 2673 3951 2984 4021; x_wconf 89' lang='lat' dir='ltr'>[nocibiles]</span> <span class='ocrx_word' id='word_1_602' title='bbox 3009 3970 3024 4021; x_wconf 89' lang='lat'><strong>;</strong></span> <span class='ocrx_word' id='word_1_603' title='bbox 3065 3952 3152 4006; x_wconf 85' lang='lat' dir='ltr'>vel</span> <span class='ocrx_word' id='word_1_604' title='bbox 3178 3952 3355 4024; x_wconf 88' lang='lat' dir='ltr'>ipsius</span> <span class='ocrx_word' id='word_1_605' title='bbox 3383 3954 3521 4007; x_wconf 84' lang='lat' dir='ltr'>Nes-</span> 
     </span>
    </p>
   </div>
   <div class='ocr_carea' id='block_1_85' title="bbox 1890 4043 3523 4109">
    <p class='ocr_par' dir='ltr' id='par_1_85' title="bbox 1890 4043 3523 4109">
     <span class='ocr_line' id='line_1_85' title="bbox 1890 4043 3523 4109; baseline 0.002 -12"><span class='ocrx_word' id='word_1_606' title='bbox 1890 4043 2043 4109; x_wconf 91' lang='lat' dir='ltr'>torii,</span> <span class='ocrx_word' id='word_1_607' title='bbox 2073 4044 2160 4098; x_wconf 89' lang='lat' dir='ltr'>vel</span> <span class='ocrx_word' id='word_1_608' title='bbox 2188 4044 2438 4108; x_wconf 84' lang='lat' dir='ltr'>alterius,</span> <span class='ocrx_word' id='word_1_609' title='bbox 2471 4047 2528 4098; x_wconf 89' lang='lat' dir='ltr'>et</span> <span class='ocrx_word' id='word_1_610' title='bbox 2552 4045 2800 4099; x_wconf 88' lang='lat' dir='ltr'>maxime</span> <span class='ocrx_word' id='word_1_611' title='bbox 2829 4045 3066 4100; x_wconf 86' lang='lat' dir='ltr'>Nestorii</span> <span class='ocrx_word' id='word_1_612' title='bbox 3091 4047 3355 4100; x_wconf 88' lang='lat' dir='ltr'>adversus</span> <span class='ocrx_word' id='word_1_613' title='bbox 3378 4047 3523 4101; x_wconf 89' lang='lat' dir='ltr'>solos</span> 
     </span>
    </p>
   </div>
   <div class='ocr_carea' id='block_1_86' title="bbox 1890 4137 3527 4212">
    <p class='ocr_par' dir='ltr' id='par_1_86' title="bbox 1890 4137 3527 4212">
     <span class='ocr_line' id='line_1_86' title="bbox 1890 4137 3527 4212; baseline 0.003 -22"><span class='ocrx_word' id='word_1_614' title='bbox 1890 4137 2238 4192; x_wconf 89' lang='lat' dir='ltr'>Christianos</span> <span class='ocrx_word' id='word_1_615' title='bbox 2263 4137 2601 4208; x_wconf 91' lang='lat' dir='ltr'>conscripta,</span> <span class='ocrx_word' id='word_1_616' title='bbox 2629 4143 2728 4193; x_wconf 90' lang='lat' dir='ltr'>aut</span> <span class='ocrx_word' id='word_1_617' title='bbox 2753 4140 3030 4194; x_wconf 87' lang='lat' dir='ltr'>Theodori</span> <span class='ocrx_word' id='word_1_618' title='bbox 3058 4157 3070 4194; x_wconf 93' lang='lat'>:</span> <span class='ocrx_word' id='word_1_619' title='bbox 3101 4141 3199 4195; x_wconf 90' lang='lat' dir='ltr'>sed</span> <span class='ocrx_word' id='word_1_620' title='bbox 3228 4141 3527 4212; x_wconf 78' lang='lat' dir='ltr'>unusquis-</span> 
     </span>
    </p>
   </div>
   <div class='ocr_carea' id='block_1_87' title="bbox 1892 4231 3528 4306">
    <p class='ocr_par' dir='ltr' id='par_1_87' title="bbox 1892 4231 3528 4306">
     <span class='ocr_line' id='line_1_87' title="bbox 1892 4231 3528 4306; baseline 0.003 -22"><span class='ocrx_word' id='word_1_621' title='bbox 1892 4247 2003 4302; x_wconf 90' lang='lat' dir='ltr'>que</span> <span class='ocrx_word' id='word_1_622' title='bbox 2031 4231 2243 4286; x_wconf 87' lang='lat' dir='ltr'>habens</span> <span class='ocrx_word' id='word_1_623' title='bbox 2271 4232 2410 4286; x_wconf 88' lang='lat' dir='ltr'>tales</span> <span class='ocrx_word' id='word_1_624' title='bbox 2454 4232 2708 4302; x_wconf 77' lang='lat' dir='ltr'>Codices,</span> <span class='ocrx_word' id='word_1_625' title='bbox 2739 4233 2964 4304; x_wconf 85' lang='lat' dir='ltr'>publice</span> <span class='ocrx_word' id='word_1_626' title='bbox 3000 4233 3127 4288; x_wconf 91' lang='lat' dir='ltr'>illos</span> <span class='ocrx_word' id='word_1_627' title='bbox 3153 4235 3425 4306; x_wconf 89' lang='lat' dir='ltr'>proferat,</span> <span class='ocrx_word' id='word_1_628' title='bbox 3471 4237 3528 4290; x_wconf 91' lang='lat' dir='ltr'>et</span> 
     </span>
    </p>
   </div>
   <div class='ocr_carea' id='block_1_88' title="bbox 1892 4323 2966 4397">
    <p class='ocr_par' dir='ltr' id='par_1_88' title="bbox 1892 4323 2966 4397">
     <span class='ocr_line' id='line_1_88' title="bbox 1892 4323 2966 4397; baseline 0.004 -21"><span class='ocrx_word' id='word_1_629' title='bbox 1892 4323 1951 4376; x_wconf 89' lang='lat' dir='ltr'>in</span> <span class='ocrx_word' id='word_1_630' title='bbox 1977 4329 2278 4394; x_wconf 91' lang='lat' dir='ltr'>conspectu</span> <span class='ocrx_word' id='word_1_631' title='bbox 2305 4324 2566 4379; x_wconf 92' lang='lat' dir='ltr'>omnium</span> <span class='ocrx_word' id='word_1_632' title='bbox 2595 4325 2714 4397; x_wconf 88' lang='lat' dir='ltr'>igni</span> <span class='ocrx_word' id='word_1_633' title='bbox 2742 4326 2966 4395; x_wconf 88' lang='lat' dir='ltr'>tradat.)</span> 
     </span>
    </p>
   </div>
   <div class='ocr_carea' id='block_1_89' title="bbox 1963 4417 3524 4490">
    <p class='ocr_par' dir='ltr' id='par_1_89' title="bbox 1963 4417 3524 4490">
     <span class='ocr_line' id='line_1_89' title="bbox 1963 4417 3524 4490; baseline 0.001 -19"><span class='ocrx_word' id='word_1_634' title='bbox 1963 4418 2068 4471; x_wconf 88' lang='lat' dir='ltr'>XV.</span> <span class='ocrx_word' id='word_1_635' title='bbox 2099 4419 2164 4472; x_wconf 91' lang='lat' dir='ltr'>Et</span> <span class='ocrx_word' id='word_1_636' title='bbox 2190 4417 2237 4472; x_wconf 88' lang='lat' dir='ltr'>si</span> <span class='ocrx_word' id='word_1_637' title='bbox 2276 4419 2462 4473; x_wconf 91' lang='lat' dir='ltr'>adhuc</span> <span class='ocrx_word' id='word_1_638' title='bbox 2489 4420 2725 4474; x_wconf 88' lang='lat' dir='ltr'>fortasse</span> <span class='ocrx_word' id='word_1_639' title='bbox 2757 4425 2880 4490; x_wconf 90' lang='lat' dir='ltr'>post</span> <span class='ocrx_word' id='word_1_640' title='bbox 2914 4425 2996 4474; x_wconf 91' lang='lat' dir='ltr'>tot</span> <span class='ocrx_word' id='word_1_641' title='bbox 3019 4420 3265 4490; x_wconf 85' lang='lat' dir='ltr'>prolatas</span> <span class='ocrx_word' id='word_1_642' title='bbox 3293 4421 3524 4474; x_wconf 89' lang='lat' dir='ltr'>Patrum</span> 
     </span>
    </p>
   </div>
   <div class='ocr_carea' id='block_1_90' title="bbox 1893 4512 3522 4581">
    <p class='ocr_par' dir='ltr' id='par_1_90' title="bbox 1893 4512 3522 4581">
     <span class='ocr_line' id='line_1_90' title="bbox 1893 4512 3522 4581; baseline 0.001 -17"><span class='ocrx_word' id='word_1_643' title='bbox 1893 4516 2086 4565; x_wconf 89' lang='lat' dir='ltr'>contra</span> <span class='ocrx_word' id='word_1_644' title='bbox 2125 4512 2288 4565; x_wconf 92' lang='lat' dir='ltr'>illum</span> <span class='ocrx_word' id='word_1_645' title='bbox 2326 4513 2632 4567; x_wconf 88' lang='lat' dir='ltr'>sententias</span> <span class='ocrx_word' id='word_1_646' title='bbox 2677 4517 2859 4566; x_wconf 89' lang='lat' dir='ltr'>vestra</span> <span class='ocrx_word' id='word_1_647' title='bbox 2901 4513 3239 4566; x_wconf 85' lang='lat' dir='ltr'>Fraternitas</span> <span class='ocrx_word' id='word_1_648' title='bbox 3285 4512 3522 4581; x_wconf 88' lang='lat' dir='ltr'>dubitat,</span> 
     </span>
    </p>
   </div>
   <div class='ocr_carea' id='block_1_91' title="bbox 150 4604 3527 4680">
    <p class='ocr_par' dir='ltr' id='par_1_91' title="bbox 150 4604 3527 4680">
     <span class='ocr_line' id='line_1_91' title="bbox 150 4604 3527 4680; baseline -0.001 -17"><span class='ocrx_word' id='word_1_649' title='bbox 150 4611 296 4664; x_wconf 89' lang='lat' dir='ltr'>bene</span> <span class='ocrx_word' id='word_1_650' title='bbox 324 4608 664 4676; x_wconf 89' lang='lat' dir='ltr'>conversari,</span> <span class='ocrx_word' id='word_1_651' title='bbox 713 4608 921 4662; x_wconf 89' lang='lat' dir='ltr'>iterum</span> <span class='ocrx_word' id='word_1_652' title='bbox 964 4607 1022 4660; x_wconf 89' lang='lat' dir='ltr'>in</span> <span class='ocrx_word' id='word_1_653' title='bbox 1055 4606 1321 4660; x_wconf 90' lang='lat' dir='ltr'>clericatu</span> <span class='ocrx_word' id='word_1_654' title='bbox 1348 4621 1466 4659; x_wconf 89' lang='lat' dir='ltr'>esse</span> <span class='ocrx_word' id='word_1_655' title='bbox 1509 4605 1694 4676; x_wconf 90' lang='lat' dir='ltr'>coepit.</span> <span class='ocrx_word' id='word_1_656' title='bbox 1725 4607 1867 4680; x_wconf 85' lang='lat' dir='ltr'>EtD</span> <span class='ocrx_word' id='word_1_657' title='bbox 1890 4604 2224 4658; x_wconf 85' lang='lat' dir='ltr'>Theodoreti</span> <span class='ocrx_word' id='word_1_658' title='bbox 2253 4604 2424 4658; x_wconf 89' lang='lat' dir='ltr'>libros</span> <span class='ocrx_word' id='word_1_659' title='bbox 2448 4606 2618 4675; x_wconf 88' lang='lat' dir='ltr'>legat,</span> <span class='ocrx_word' id='word_1_660' title='bbox 2651 4605 2712 4658; x_wconf 90' lang='lat' dir='ltr'>in</span> <span class='ocrx_word' id='word_1_661' title='bbox 2739 4605 2944 4675; x_wconf 88' lang='lat' dir='ltr'>quibus</span> <span class='ocrx_word' id='word_1_662' title='bbox 2972 4605 3109 4658; x_wconf 91' lang='lat' dir='ltr'>dum</span> <span class='ocrx_word' id='word_1_663' title='bbox 3135 4608 3328 4658; x_wconf 89' lang='lat' dir='ltr'>contra</span> <span class='ocrx_word' id='word_1_664' title='bbox 3354 4605 3527 4676; x_wconf 84' lang='lat' dir='ltr'>Cyril-</span> 
     </span>
    </p>
   </div>
   <div class='ocr_carea' id='block_1_92' title="bbox 150 4698 1793 4769">
    <p class='ocr_par' dir='ltr' id='par_1_92' title="bbox 150 4698 1793 4769">
     <span class='ocr_line' id='line_1_92' title="bbox 150 4698 1793 4769; baseline -0.004 -12"><span class='ocrx_word' id='word_1_665' title='bbox 150 4702 456 4757; x_wconf 85' lang='lat' dir='ltr'>Antiochia</span> <span class='ocrx_word' id='word_1_666' title='bbox 515 4701 731 4768; x_wconf 88' lang='lat' dir='ltr'>relicta,</span> <span class='ocrx_word' id='word_1_667' title='bbox 797 4701 856 4754; x_wconf 92' lang='lat' dir='ltr'>in</span> <span class='ocrx_word' id='word_1_668' title='bbox 908 4701 1145 4754; x_wconf 88' lang='lat' dir='ltr'>Tarsum</span> <span class='ocrx_word' id='word_1_669' title='bbox 1199 4698 1658 4769; x_wconf 87' lang='lat' dir='ltr'>transmigravit,</span> <span class='ocrx_word' id='word_1_670' title='bbox 1724 4715 1793 4752; x_wconf 86' lang='lat' dir='ltr'>ex</span> 
     </span>
    </p>
   </div>
   <div class='ocr_carea' id='block_1_93' title="bbox 149 4791 1794 4867">
    <p class='ocr_par' dir='ltr' id='par_1_93' title="bbox 149 4791 1794 4867">
     <span class='ocr_line' id='line_1_93' title="bbox 149 4791 1794 4867; baseline -0.004 -17"><span class='ocrx_word' id='word_1_671' title='bbox 149 4814 265 4867; x_wconf 90' lang='lat' dir='ltr'>qua</span> <span class='ocrx_word' id='word_1_672' title='bbox 333 4796 394 4849; x_wconf 90' lang='lat' dir='ltr'>in</span> <span class='ocrx_word' id='word_1_673' title='bbox 457 4793 850 4865; x_wconf 82' lang='lat' dir='ltr'>Mopsuestiam</span> <span class='ocrx_word' id='word_1_674' title='bbox 913 4793 1180 4862; x_wconf 90' lang='lat' dir='ltr'>transiit,</span> <span class='ocrx_word' id='word_1_675' title='bbox 1248 4791 1540 4846; x_wconf 90' lang='lat' dir='ltr'>ordinatus</span> <span class='ocrx_word' id='word_1_676' title='bbox 1603 4791 1661 4844; x_wconf 92' lang='lat' dir='ltr'>in</span> <span class='ocrx_word' id='word_1_677' title='bbox 1726 4808 1794 4845; x_wconf 92' lang='lat' dir='ltr'>ea</span> 
     </span>
    </p>
   </div>
   <div class='ocr_carea' id='block_1_94' title="bbox 147 4873 1790 4961">
    <p class='ocr_par' dir='ltr' id='par_1_94' title="bbox 147 4873 1790 4961">
     <span class='ocr_line' id='line_1_94' title="bbox 147 4873 1790 4961; baseline -0.005 -16"><span class='ocrx_word' id='word_1_678' title='bbox 147 4891 476 4961; x_wconf 88' lang='lat' dir='ltr'>episcopus,</span> <span class='ocrx_word' id='word_1_679' title='bbox 532 4887 788 4942; x_wconf 90' lang='lat' dir='ltr'>nondum</span> <span class='ocrx_word' id='word_1_680' title='bbox 848 4887 959 4941; x_wconf 92' lang='lat' dir='ltr'>Deo</span> <span class='ocrx_word' id='word_1_681' title='bbox 996 4887 1218 4940; x_wconf 86' lang='lat' dir='ltr'>volente</span> <span class='ocrx_word' id='word_1_682' title='bbox 1269 4873 1629 4938; x_wconf 86' lang='lat' dir='ltr'>manifestam</span> <span class='ocrx_word' id='word_1_683' title='bbox 1681 4884 1790 4937; x_wconf 91' lang='lat' dir='ltr'>im-</span> 
     </span>
    </p>
   </div>
   <div class='ocr_carea' id='block_1_95' title="bbox 146 4977 1793 5056">
    <p class='ocr_par' dir='ltr' id='par_1_95' title="bbox 146 4977 1793 5056">
     <span class='ocr_line' id='line_1_95' title="bbox 146 4977 1793 5056; baseline -0.005 -18"><span class='ocrx_word' id='word_1_684' title='bbox 146 4983 382 5056; x_wconf 87' lang='lat' dir='ltr'>pietatis</span> <span class='ocrx_word' id='word_1_685' title='bbox 438 4981 591 5035; x_wconf 89' lang='lat' dir='ltr'>illius</span> <span class='ocrx_word' id='word_1_686' title='bbox 647 4979 1108 5052; x_wconf 67' lang='lat' dir='ltr'>prazdicationem</span> <span class='ocrx_word' id='word_1_687' title='bbox 1164 4977 1305 5032; x_wconf 90' lang='lat' dir='ltr'>ﬁeri.</span> <span class='ocrx_word' id='word_1_688' title='bbox 1359 4978 1546 5031; x_wconf 89' lang='lat' dir='ltr'>Prima</span> <span class='ocrx_word' id='word_1_689' title='bbox 1601 4981 1793 5032; x_wconf 89' lang='lat' dir='ltr'>autem</span> 
     </span>
    </p>
   </div>
   <div class='ocr_carea' id='block_1_96' title="bbox 147 5069 1790 5141">
    <p class='ocr_par' dir='ltr' id='par_1_96' title="bbox 147 5069 1790 5141">
     <span class='ocr_line' id='line_1_96' title="bbox 147 5069 1790 5141; baseline -0.005 -10"><span class='ocrx_word' id='word_1_690' title='bbox 147 5079 439 5132; x_wconf 88' lang='lat' dir='ltr'>elementa</span> <span class='ocrx_word' id='word_1_691' title='bbox 465 5092 581 5129; x_wconf 65' lang='lat' dir='ltr'>suae</span> <span class='ocrx_word' id='word_1_692' title='bbox 609 5074 880 5129; x_wconf 82' lang='lat' dir='ltr'>doctrinae</span> <span class='ocrx_word' id='word_1_693' title='bbox 914 5090 983 5127; x_wconf 82' lang='lat' dir='ltr'>ex</span> <span class='ocrx_word' id='word_1_694' title='bbox 1009 5072 1239 5127; x_wconf 85' lang='lat' dir='ltr'>Judaico</span> <span class='ocrx_word' id='word_1_695' title='bbox 1279 5071 1603 5141; x_wconf 87' lang='lat' dir='ltr'>vaniloquio</span> <span class='ocrx_word' id='word_1_696' title='bbox 1649 5069 1790 5124; x_wconf 92' lang='lat' dir='ltr'>inci-</span> 
     </span>
    </p>
   </div>
   <div class='ocr_carea' id='block_1_97' title="bbox 146 5163 1789 5243">
    <p class='ocr_par' dir='ltr' id='par_1_97' title="bbox 146 5163 1789 5243">
     <span class='ocr_line' id='line_1_97' title="bbox 146 5163 1789 5243; baseline -0.005 -18"><span class='ocrx_word' id='word_1_697' title='bbox 146 5172 334 5243; x_wconf 90' lang='lat' dir='ltr'>piens,</span> <span class='ocrx_word' id='word_1_698' title='bbox 351 5169 614 5224; x_wconf 89' lang='lat' dir='ltr'>Codicem</span> <span class='ocrx_word' id='word_1_699' title='bbox 628 5167 685 5221; x_wconf 93' lang='lat' dir='ltr'>in</span> <span class='ocrx_word' id='word_1_700' title='bbox 696 5167 1056 5238; x_wconf 86' lang='lat' dir='ltr'>prOphetiam</span> <span class='ocrx_word' id='word_1_701' title='bbox 1072 5166 1420 5236; x_wconf 89' lang='lat' dir='ltr'>psalmorum</span> <span class='ocrx_word' id='word_1_702' title='bbox 1433 5163 1789 5234; x_wconf 90' lang='lat' dir='ltr'>conscripsit,</span> 
     </span>
    </p>
   </div>
   <div class='ocr_carea' id='block_1_98' title="bbox 146 5257 1788 5331">
    <p class='ocr_par' dir='ltr' id='par_1_98' title="bbox 146 5257 1788 5331">
     <span class='ocr_line' id='line_1_98' title="bbox 146 5257 1788 5331; baseline -0.006 -11"><span class='ocrx_word' id='word_1_703' title='bbox 146 5282 350 5319; x_wconf 90' lang='lat' dir='ltr'>omnes</span> <span class='ocrx_word' id='word_1_704' title='bbox 373 5264 441 5318; x_wconf 91' lang='lat' dir='ltr'>de</span> <span class='ocrx_word' id='word_1_705' title='bbox 468 5261 708 5316; x_wconf 91' lang='lat' dir='ltr'>Domino</span> <span class='ocrx_word' id='word_1_706' title='bbox 742 5260 1179 5331; x_wconf 80' lang='lat' dir='ltr'>praedicationes</span> <span class='ocrx_word' id='word_1_707' title='bbox 1208 5258 1431 5328; x_wconf 84' lang='lat' dir='ltr'>[Forsan</span> <span class='ocrx_word' id='word_1_708' title='bbox 1468 5257 1788 5327; x_wconf 69' lang='lat' dir='ltr'>praadictio-</span> 
     </span>
    </p>
   </div>
   <div class='ocr_carea' id='block_1_99' title="bbox 145 5350 1787 5428">
    <p class='ocr_par' dir='ltr' id='par_1_99' title="bbox 145 5350 1787 5428">
     <span class='ocr_line' id='line_1_99' title="bbox 145 5350 1787 5428; baseline -0.007 -14"><span class='ocrx_word' id='word_1_709' title='bbox 145 5359 268 5428; x_wconf 89' lang='lat' dir='ltr'>nes]</span> <span class='ocrx_word' id='word_1_710' title='bbox 309 5358 723 5427; x_wconf 88' lang='lat' dir='ltr'>abnegantem:</span> <span class='ocrx_word' id='word_1_711' title='bbox 750 5354 1007 5424; x_wconf 90' lang='lat' dir='ltr'>culpatus</span> <span class='ocrx_word' id='word_1_712' title='bbox 1028 5369 1159 5407; x_wconf 89' lang='lat' dir='ltr'>vero</span> <span class='ocrx_word' id='word_1_713' title='bbox 1180 5355 1236 5406; x_wconf 89' lang='lat' dir='ltr'>et</span> <span class='ocrx_word' id='word_1_714' title='bbox 1264 5350 1630 5422; x_wconf 87' lang='lat' dir='ltr'>periclitatus,</span> <span class='ocrx_word' id='word_1_715' title='bbox 1653 5366 1787 5404; x_wconf 91' lang='lat' dir='ltr'>con-</span> 
     </span>
    </p>
   </div>
   <div class='ocr_carea' id='block_1_100' title="bbox 145 5444 1789 5515">
    <p class='ocr_par' dir='ltr' id='par_1_100' title="bbox 145 5444 1789 5515">
     <span class='ocr_line' id='line_1_100' title="bbox 145 5444 1789 5515; baseline -0.005 -9"><span class='ocrx_word' id='word_1_716' title='bbox 145 5453 323 5507; x_wconf 89' lang='lat' dir='ltr'>traria</span> <span class='ocrx_word' id='word_1_717' title='bbox 341 5450 445 5504; x_wconf 89' lang='lat' dir='ltr'>sibi</span> <span class='ocrx_word' id='word_1_718' title='bbox 471 5449 758 5515; x_wconf 88' lang='lat' dir='ltr'>dixit,non</span> <span class='ocrx_word' id='word_1_719' title='bbox 775 5463 845 5502; x_wconf 83' lang='lat' dir='ltr'>ex</span> <span class='ocrx_word' id='word_1_720' title='bbox 867 5448 1177 5512; x_wconf 85' lang='lat' dir='ltr'>voluntate,</span> <span class='ocrx_word' id='word_1_721' title='bbox 1199 5445 1297 5499; x_wconf 92' lang='lat' dir='ltr'>sed</span> <span class='ocrx_word' id='word_1_722' title='bbox 1317 5444 1638 5514; x_wconf 89' lang='lat' dir='ltr'>compulsus</span> <span class='ocrx_word' id='word_1_723' title='bbox 1664 5459 1789 5498; x_wconf 89' lang='lat' dir='ltr'>om-</span> 
     </span>
    </p>
   </div>
   <div class='ocr_carea' id='block_1_101' title="bbox 147 5536 1790 5616">
    <p class='ocr_par' dir='ltr' id='par_1_101' title="bbox 147 5536 1790 5616">
     <span class='ocr_line' id='line_1_101' title="bbox 147 5536 1790 5616; baseline -0.006 -16"><span class='ocrx_word' id='word_1_724' title='bbox 147 5548 318 5600; x_wconf 88' lang='lat' dir='ltr'>nium</span> <span class='ocrx_word' id='word_1_725' title='bbox 344 5542 752 5616; x_wconf 80' lang='lat' dir='ltr'>querimoniis;</span> <span class='ocrx_word' id='word_1_726' title='bbox 776 5544 833 5595; x_wconf 92' lang='lat' dir='ltr'>et</span> <span class='ocrx_word' id='word_1_727' title='bbox 857 5540 1119 5595; x_wconf 86' lang='lat' dir='ltr'>Codicem</span> <span class='ocrx_word' id='word_1_728' title='bbox 1142 5538 1328 5610; x_wconf 91' lang='lat' dir='ltr'>ipsum</span> <span class='ocrx_word' id='word_1_729' title='bbox 1355 5538 1540 5592; x_wconf 87' lang='lat' dir='ltr'>delere</span> <span class='ocrx_word' id='word_1_730' title='bbox 1569 5536 1790 5608; x_wconf 92' lang='lat' dir='ltr'>pollici-</span> 
     </span>
    </p>
   </div>
   <div class='ocr_carea' id='block_1_102' title="bbox 146 5630 1790 5707">
    <p class='ocr_par' dir='ltr' id='par_1_102' title="bbox 146 5630 1790 5707">
     <span class='ocr_line' id='line_1_102' title="bbox 146 5630 1790 5707; baseline -0.007 -13"><span class='ocrx_word' id='word_1_731' title='bbox 146 5646 261 5707; x_wconf 88' lang='lat' dir='ltr'>tus,</span> <span class='ocrx_word' id='word_1_732' title='bbox 292 5639 534 5693; x_wconf 84' lang='lat' dir='ltr'>latenter</span> <span class='ocrx_word' id='word_1_733' title='bbox 578 5633 953 5690; x_wconf 89' lang='lat' dir='ltr'>conservabat</span> <span class='ocrx_word' id='word_1_734' title='bbox 996 5632 1244 5688; x_wconf 70' lang='lat' dir='ltr'>Judaicaa</span> <span class='ocrx_word' id='word_1_735' title='bbox 1287 5630 1594 5702; x_wconf 87' lang='lat' dir='ltr'>impietatis</span> <span class='ocrx_word' id='word_1_736' title='bbox 1625 5630 1790 5684; x_wconf 88' lang='lat' dir='ltr'>viati-</span> 
     </span>
    </p>
   </div>
   <div class='ocr_carea' id='block_1_103' title="bbox 147 5723 1793 5802">
    <p class='ocr_par' dir='ltr' id='par_1_103' title="bbox 147 5723 1793 5802">
     <span class='ocr_line' id='line_1_103' title="bbox 147 5723 1793 5802; baseline -0.006 -15"><span class='ocrx_word' id='word_1_737' title='bbox 147 5749 304 5788; x_wconf 90' lang='lat' dir='ltr'>cum.</span> <span class='ocrx_word' id='word_1_738' title='bbox 333 5733 403 5786; x_wconf 89' lang='lat' dir='ltr'>Et</span> <span class='ocrx_word' id='word_1_739' title='bbox 427 5733 556 5802; x_wconf 89' lang='lat' dir='ltr'>post</span> <span class='ocrx_word' id='word_1_740' title='bbox 598 5745 815 5801; x_wconf 88' lang='lat' dir='ltr'>pauca:</span> <span class='ocrx_word' id='word_1_741' title='bbox 847 5726 1136 5782; x_wconf 89' lang='lat' dir='ltr'>Christum</span> <span class='ocrx_word' id='word_1_742' title='bbox 1165 5725 1318 5780; x_wconf 90' lang='lat' dir='ltr'>enim</span> <span class='ocrx_word' id='word_1_743' title='bbox 1345 5726 1537 5779; x_wconf 89' lang='lat' dir='ltr'>Jesum</span> <span class='ocrx_word' id='word_1_744' title='bbox 1570 5723 1793 5795; x_wconf 87' lang='lat' dir='ltr'>generis</span> 
     </span>
    </p>
   </div>
   <div class='ocr_carea' id='block_1_104' title="bbox 149 5818 1793 5889">
    <p class='ocr_par' dir='ltr' id='par_1_104' title="bbox 149 5818 1793 5889">
     <span class='ocr_line' id='line_1_104' title="bbox 149 5818 1793 5889; baseline -0.007 -7"><span class='ocrx_word' id='word_1_745' title='bbox 149 5825 333 5881; x_wconf 89' lang='lat' dir='ltr'>nostri</span> <span class='ocrx_word' id='word_1_746' title='bbox 379 5824 726 5880; x_wconf 86' lang='lat' dir='ltr'>Salvatorem</span> <span class='ocrx_word' id='word_1_747' title='bbox 770 5825 826 5876; x_wconf 93' lang='lat' dir='ltr'>et</span> <span class='ocrx_word' id='word_1_748' title='bbox 865 5818 1174 5874; x_wconf 88' lang='lat' dir='ltr'>Dominum</span> <span class='ocrx_word' id='word_1_749' title='bbox 1220 5823 1407 5889; x_wconf 87' lang='lat' dir='ltr'>(quem</span> <span class='ocrx_word' id='word_1_750' title='bbox 1435 5818 1793 5888; x_wconf 89' lang='lat' dir='ltr'>splendorem</span> 
     </span>
    </p>
   </div>
   <div class='ocr_carea' id='block_1_105' title="bbox 151 5910 1791 5993">
    <p class='ocr_par' dir='ltr' id='par_1_105' title="bbox 151 5910 1791 5993">
     <span class='ocr_line' id='line_1_105' title="bbox 151 5910 1791 5993; baseline -0.005 -17"><span class='ocrx_word' id='word_1_751' title='bbox 151 5927 406 5993; x_wconf 78' lang='lat' dir='ltr'>paternae</span> <span class='ocrx_word' id='word_1_752' title='bbox 435 5916 630 5992; x_wconf 81' lang='lat' dir='ltr'>gloriae</span> <span class='ocrx_word' id='word_1_753' title='bbox 657 5920 713 5975; x_wconf 89' lang='lat' dir='ltr'>et</span> <span class='ocrx_word' id='word_1_754' title='bbox 737 5914 1052 5987; x_wconf 81' lang='lat' dir='ltr'>imaginem</span> <span class='ocrx_word' id='word_1_755' title='bbox 1087 5911 1418 5971; x_wconf 77' lang='lat' dir='ltr'>substantiae</span> <span class='ocrx_word' id='word_1_756' title='bbox 1458 5910 1664 5969; x_wconf 86' lang='lat' dir='ltr'>Paulus</span> <span class='ocrx_word' id='word_1_757' title='bbox 1693 5926 1791 5968; x_wconf 87' lang='lat' dir='ltr'>vo-</span> 
     </span>
    </p>
   </div>
   <div class='ocr_carea' id='block_1_106' title="bbox 1892 4696 3527 4754">
    <p class='ocr_par' dir='ltr' id='par_1_106' title="bbox 1892 4696 3527 4754">
     <span class='ocr_line' id='line_1_106' title="bbox 1892 4696 3527 4754; baseline 0.002 -4"><span class='ocrx_word' id='word_1_758' title='bbox 1892 4698 2014 4752; x_wconf 90' lang='lat' dir='ltr'>lum</span> <span class='ocrx_word' id='word_1_759' title='bbox 2061 4696 2458 4751; x_wconf 62' lang='lat' dir='ltr'>Alexandrinae</span> <span class='ocrx_word' id='word_1_760' title='bbox 2505 4698 2662 4752; x_wconf 89' lang='lat' dir='ltr'>urbis</span> <span class='ocrx_word' id='word_1_761' title='bbox 2707 4697 3015 4751; x_wconf 90' lang='lat' dir='ltr'>antistitem</span> <span class='ocrx_word' id='word_1_762' title='bbox 3059 4714 3190 4752; x_wconf 92' lang='lat' dir='ltr'>eum</span> <span class='ocrx_word' id='word_1_763' title='bbox 3227 4698 3527 4754; x_wconf 86' lang='lat' dir='ltr'>defendere</span> 
     </span>
    </p>
   </div>
   <div class='ocr_carea' id='block_1_107' title="bbox 1893 4788 3527 4862">
    <p class='ocr_par' dir='ltr' id='par_1_107' title="bbox 1893 4788 3527 4862">
     <span class='ocr_line' id='line_1_107' title="bbox 1893 4788 3527 4862; baseline 0.002 -18"><span class='ocrx_word' id='word_1_764' title='bbox 1893 4790 2115 4858; x_wconf 89' lang='lat' dir='ltr'>nititur,</span> <span class='ocrx_word' id='word_1_765' title='bbox 2146 4788 2332 4843; x_wconf 89' lang='lat' dir='ltr'>verius</span> <span class='ocrx_word' id='word_1_766' title='bbox 2375 4795 2618 4858; x_wconf 90' lang='lat' dir='ltr'>accusat,</span> <span class='ocrx_word' id='word_1_767' title='bbox 2666 4790 2898 4844; x_wconf 90' lang='lat' dir='ltr'>dicens:</span> <span class='ocrx_word' id='word_1_768' title='bbox 2933 4809 2960 4842; x_wconf 83' lang='lat'>«</span> <span class='ocrx_word' id='word_1_769' title='bbox 2999 4792 3527 4862; x_wconf 88' lang='lat' dir='ltr'>lnterpretationem</span> 
     </span>
    </p>
   </div>
   <div class='ocr_carea' id='block_1_108' title="bbox 1892 4883 3528 4957">
    <p class='ocr_par' dir='ltr' id='par_1_108' title="bbox 1892 4883 3528 4957">
     <span class='ocr_line' id='line_1_108' title="bbox 1892 4883 3528 4957; baseline 0.001 -17"><span class='ocrx_word' id='word_1_770' title='bbox 1892 4883 2136 4956; x_wconf 84' lang='lat' dir='ltr'>Cyrillus</span> <span class='ocrx_word' id='word_1_771' title='bbox 2160 4887 2382 4937; x_wconf 90' lang='lat' dir='ltr'>accusat</span> <span class='ocrx_word' id='word_1_772' title='bbox 2410 4883 2592 4936; x_wconf 89' lang='lat' dir='ltr'>octavi</span> <span class='ocrx_word' id='word_1_773' title='bbox 2618 4883 2838 4953; x_wconf 88' lang='lat' dir='ltr'>psalmi,</span> <span class='ocrx_word' id='word_1_774' title='bbox 2885 4889 2940 4939; x_wconf 89' lang='lat' dir='ltr'>et</span> <span class='ocrx_word' id='word_1_775' title='bbox 2975 4886 3165 4957; x_wconf 88' lang='lat' dir='ltr'>arguit</span> <span class='ocrx_word' id='word_1_776' title='bbox 3191 4886 3313 4940; x_wconf 70' lang='lat' dir='ltr'>haec</span> <span class='ocrx_word' id='word_1_777' title='bbox 3360 4887 3528 4942; x_wconf 88' lang='lat' dir='ltr'>verba</span> 
     </span>
    </p>
   </div>
   <div class='ocr_carea' id='block_1_109' title="bbox 1893 4975 3524 5051">
    <p class='ocr_par' dir='ltr' id='par_1_109' title="bbox 1893 4975 3524 5051">
     <span class='ocr_line' id='line_1_109' title="bbox 1893 4975 3524 5051; baseline 0.002 -19"><span class='ocrx_word' id='word_1_778' title='bbox 1893 4977 2066 5032; x_wconf 92' lang='lat' dir='ltr'>divini</span> <span class='ocrx_word' id='word_1_779' title='bbox 2080 4975 2358 5031; x_wconf 89' lang='lat' dir='ltr'>Theodori</span> <span class='ocrx_word' id='word_1_780' title='bbox 2383 4993 2395 5030; x_wconf 93' lang='lat'>:</span> <span class='ocrx_word' id='word_1_781' title='bbox 2419 4975 2851 5030; x_wconf 90' lang='lat' dir='ltr'>Consideremus</span> <span class='ocrx_word' id='word_1_782' title='bbox 2869 4978 3064 5050; x_wconf 90' lang='lat' dir='ltr'>igitur,</span> <span class='ocrx_word' id='word_1_783' title='bbox 3088 4980 3216 5051; x_wconf 89' lang='lat' dir='ltr'>quis</span> <span class='ocrx_word' id='word_1_784' title='bbox 3235 4986 3318 5035; x_wconf 91' lang='lat' dir='ltr'>est</span> <span class='ocrx_word' id='word_1_785' title='bbox 3330 4981 3524 5049; x_wconf 92' lang='lat' dir='ltr'>homo,</span> 
     </span>
    </p>
   </div>
   <div class='ocr_carea' id='block_1_110' title="bbox 1895 5067 3528 5144">
    <p class='ocr_par' dir='ltr' id='par_1_110' title="bbox 1895 5067 3528 5144">
     <span class='ocr_line' id='line_1_110' title="bbox 1895 5067 3528 5144; baseline 0.001 -20"><span class='ocrx_word' id='word_1_786' title='bbox 1895 5070 1961 5124; x_wconf 90' lang='lat' dir='ltr'>de</span> <span class='ocrx_word' id='word_1_787' title='bbox 1988 5086 2102 5140; x_wconf 91' lang='lat' dir='ltr'>quo</span> <span class='ocrx_word' id='word_1_788' title='bbox 2133 5067 2403 5139; x_wconf 90' lang='lat' dir='ltr'>stupescit</span> <span class='ocrx_word' id='word_1_789' title='bbox 2416 5073 2472 5122; x_wconf 88' lang='lat' dir='ltr'>et</span> <span class='ocrx_word' id='word_1_790' title='bbox 2486 5068 2728 5123; x_wconf 89' lang='lat' dir='ltr'>miratur</span> <span class='ocrx_word' id='word_1_791' title='bbox 2747 5071 2899 5140; x_wconf 88' lang='lat' dir='ltr'>quod</span> <span class='ocrx_word' id='word_1_792' title='bbox 2918 5072 3247 5143; x_wconf 89' lang='lat' dir='ltr'>unigenitus</span> <span class='ocrx_word' id='word_1_793' title='bbox 3263 5073 3528 5144; x_wconf 90' lang='lat' dir='ltr'>dignatus</span> 
     </span>
    </p>
   </div>
   <div class='ocr_carea' id='block_1_111' title="bbox 1893 5162 3529 5236">
    <p class='ocr_par' dir='ltr' id='par_1_111' title="bbox 1893 5162 3529 5236">
     <span class='ocr_line' id='line_1_111' title="bbox 1893 5162 3529 5236; baseline 0.002 -19"><span class='ocrx_word' id='word_1_794' title='bbox 1893 5168 1977 5218; x_wconf 89' lang='lat' dir='ltr'>est</span> <span class='ocrx_word' id='word_1_795' title='bbox 2000 5163 2122 5233; x_wconf 88' lang='lat' dir='ltr'>ejus</span> <span class='ocrx_word' id='word_1_796' title='bbox 2150 5163 2488 5222; x_wconf 84' lang='lat' dir='ltr'>memoriam</span> <span class='ocrx_word' id='word_1_797' title='bbox 2515 5166 2571 5216; x_wconf 91' lang='lat' dir='ltr'>et</span> <span class='ocrx_word' id='word_1_798' title='bbox 2596 5162 2971 5218; x_wconf 90' lang='lat' dir='ltr'>visitationem</span> <span class='ocrx_word' id='word_1_799' title='bbox 2998 5165 3202 5220; x_wconf 89' lang='lat' dir='ltr'>facere.</span> <span class='ocrx_word' id='word_1_800' title='bbox 3243 5166 3346 5220; x_wconf 91' lang='lat' dir='ltr'>Sed</span> <span class='ocrx_word' id='word_1_801' title='bbox 3377 5165 3529 5236; x_wconf 92' lang='lat' dir='ltr'>quod</span> 
     </span>
    </p>
   </div>
   <div class='ocr_carea' id='block_1_112' title="bbox 1893 5255 3524 5328">
    <p class='ocr_par' dir='ltr' id='par_1_112' title="bbox 1893 5255 3524 5328">
     <span class='ocr_line' id='line_1_112' title="bbox 1893 5255 3524 5328; baseline 0.001 -18"><span class='ocrx_word' id='word_1_802' title='bbox 1893 5256 2129 5328; x_wconf 90' lang='lat' dir='ltr'>quidem</span> <span class='ocrx_word' id='word_1_803' title='bbox 2157 5272 2269 5309; x_wconf 90' lang='lat' dir='ltr'>non</span> <span class='ocrx_word' id='word_1_804' title='bbox 2299 5255 2513 5310; x_wconf 92' lang='lat' dir='ltr'>dictum</span> <span class='ocrx_word' id='word_1_805' title='bbox 2542 5259 2621 5310; x_wconf 88' lang='lat' dir='ltr'>est</span> <span class='ocrx_word' id='word_1_806' title='bbox 2641 5255 2708 5309; x_wconf 92' lang='lat' dir='ltr'>de</span> <span class='ocrx_word' id='word_1_807' title='bbox 2734 5256 2891 5310; x_wconf 90' lang='lat' dir='ltr'>omni</span> <span class='ocrx_word' id='word_1_808' title='bbox 2910 5257 3160 5326; x_wconf 91' lang='lat' dir='ltr'>homine,</span> <span class='ocrx_word' id='word_1_809' title='bbox 3183 5258 3242 5312; x_wconf 91' lang='lat' dir='ltr'>in</span> <span class='ocrx_word' id='word_1_810' title='bbox 3269 5258 3524 5328; x_wconf 89' lang='lat' dir='ltr'>superio-</span> 
     </span>
    </p>
   </div>
   <div class='ocr_carea' id='block_1_113' title="bbox 1894 5349 3528 5421">
    <p class='ocr_par' dir='ltr' id='par_1_113' title="bbox 1894 5349 3528 5421">
     <span class='ocr_line' id='line_1_113' title="bbox 1894 5349 3528 5421; baseline 0.001 -17"><span class='ocrx_word' id='word_1_811' title='bbox 1894 5351 2049 5404; x_wconf 89' lang='lat' dir='ltr'>ribus</span> <span class='ocrx_word' id='word_1_812' title='bbox 2075 5351 2525 5405; x_wconf 90' lang='lat' dir='ltr'>demonstratum</span> <span class='ocrx_word' id='word_1_813' title='bbox 2558 5354 2670 5417; x_wconf 86' lang='lat' dir='ltr'>est;</span> <span class='ocrx_word' id='word_1_814' title='bbox 2703 5349 2853 5420; x_wconf 92' lang='lat' dir='ltr'>quod</span> <span class='ocrx_word' id='word_1_815' title='bbox 2882 5355 3073 5404; x_wconf 87' lang='lat' dir='ltr'>autem</span> <span class='ocrx_word' id='word_1_816' title='bbox 3117 5349 3254 5418; x_wconf 81' lang='lat' dir='ltr'>[Al.,</span> <span class='ocrx_word' id='word_1_817' title='bbox 3293 5351 3417 5421; x_wconf 92' lang='lat' dir='ltr'>nec]</span> <span class='ocrx_word' id='word_1_818' title='bbox 3458 5351 3528 5405; x_wconf 92' lang='lat' dir='ltr'>de</span> 
     </span>
    </p>
   </div>
   <div class='ocr_carea' id='block_1_114' title="bbox 1892 5443 3527 5515">
    <p class='ocr_par' dir='ltr' id='par_1_114' title="bbox 1892 5443 3527 5515">
     <span class='ocr_line' id='line_1_114' title="bbox 1892 5443 3527 5515; baseline 0 -17"><span class='ocrx_word' id='word_1_819' title='bbox 1892 5460 2008 5498; x_wconf 93' lang='lat' dir='ltr'>uno</span> <span class='ocrx_word' id='word_1_820' title='bbox 2035 5443 2306 5515; x_wconf 88' lang='lat' dir='ltr'>quolibet,</span> <span class='ocrx_word' id='word_1_821' title='bbox 2337 5447 2394 5497; x_wconf 89' lang='lat' dir='ltr'>et</span> <span class='ocrx_word' id='word_1_822' title='bbox 2419 5444 2526 5497; x_wconf 88' lang='lat' dir='ltr'>hoc</span> <span class='ocrx_word' id='word_1_823' title='bbox 2565 5448 2783 5498; x_wconf 89' lang='lat' dir='ltr'>certum</span> <span class='ocrx_word' id='word_1_824' title='bbox 2813 5448 2913 5498; x_wconf 88' lang='lat' dir='ltr'>est.</span> <span class='ocrx_word' id='word_1_825' title='bbox 2964 5464 2993 5491; x_wconf 86' lang='lat'>»</span> <span class='ocrx_word' id='word_1_826' title='bbox 3038 5444 3310 5498; x_wconf 91' lang='lat' dir='ltr'>Deductas</span> <span class='ocrx_word' id='word_1_827' title='bbox 3336 5444 3527 5515; x_wconf 90' lang='lat' dir='ltr'>itaque</span> 
     </span>
    </p>
   </div>
   <div class='ocr_carea' id='block_1_115' title="bbox 1893 5536 3609 5608">
    <p class='ocr_par' dir='ltr' id='par_1_115' title="bbox 1893 5536 3609 5608">
     <span class='ocr_line' id='line_1_115' title="bbox 1893 5536 3609 5608; baseline 0.001 -16"><span class='ocrx_word' id='word_1_828' title='bbox 1893 5541 1976 5592; x_wconf 90' lang='lat' dir='ltr'>tot</span> <span class='ocrx_word' id='word_1_829' title='bbox 2005 5538 2241 5592; x_wconf 87' lang='lat' dir='ltr'>testibus</span> <span class='ocrx_word' id='word_1_830' title='bbox 2267 5536 2643 5607; x_wconf 90' lang='lat' dir='ltr'>blasphemias</span> <span class='ocrx_word' id='word_1_831' title='bbox 2673 5537 2773 5590; x_wconf 89' lang='lat' dir='ltr'>has</span> <span class='ocrx_word' id='word_1_832' title='bbox 2803 5537 2923 5607; x_wconf 90' lang='lat' dir='ltr'>ejus</span> <span class='ocrx_word' id='word_1_833' title='bbox 2954 5553 3070 5591; x_wconf 89' lang='lat' dir='ltr'>esse</span> <span class='ocrx_word' id='word_1_834' title='bbox 3107 5537 3235 5608; x_wconf 91' lang='lat' dir='ltr'>quis</span> <span class='ocrx_word' id='word_1_835' title='bbox 3270 5537 3528 5592; x_wconf 86' lang='lat' dir='ltr'>dubitat?</span> <span class='ocrx_word' id='word_1_836' title='bbox 3603 5585 3609 5594; x_wconf 90' lang='lat'>.</span> 
     </span>
    </p>
   </div>
   <div class='ocr_carea' id='block_1_116' title="bbox 1895 5629 3525 5703">
    <p class='ocr_par' dir='ltr' id='par_1_116' title="bbox 1895 5629 3525 5703">
     <span class='ocr_line' id='line_1_116' title="bbox 1895 5629 3525 5703; baseline -0.001 -19"><span class='ocrx_word' id='word_1_837' title='bbox 1895 5631 1962 5685; x_wconf 92' lang='lat' dir='ltr'>Et</span> <span class='ocrx_word' id='word_1_838' title='bbox 1988 5631 2156 5686; x_wconf 89' lang='lat' dir='ltr'>tantis</span> <span class='ocrx_word' id='word_1_839' title='bbox 2180 5630 2551 5703; x_wconf 90' lang='lat' dir='ltr'>blasphemiis</span> <span class='ocrx_word' id='word_1_840' title='bbox 2576 5631 2726 5684; x_wconf 88' lang='lat' dir='ltr'>illius</span> <span class='ocrx_word' id='word_1_841' title='bbox 2746 5629 3004 5703; x_wconf 89' lang='lat' dir='ltr'>cognitis,</span> <span class='ocrx_word' id='word_1_842' title='bbox 3020 5647 3152 5684; x_wconf 91' lang='lat' dir='ltr'>eum</span> <span class='ocrx_word' id='word_1_843' title='bbox 3185 5631 3525 5685; x_wconf 90' lang='lat' dir='ltr'>damnatum</span> 
     </span>
    </p>
   </div>
   <div class='ocr_carea' id='block_1_117' title="bbox 1886 5723 2404 5796">
    <p class='ocr_par' dir='ltr' id='par_1_117' title="bbox 1886 5723 2404 5796">
     <span class='ocr_line' id='line_1_117' title="bbox 1886 5723 2404 5796; baseline 0 -18"><span class='ocrx_word' id='word_1_844' title='bbox 1886 5723 2017 5795; x_wconf 90' lang='lat' dir='ltr'>jure</span> <span class='ocrx_word' id='word_1_845' title='bbox 2043 5724 2172 5796; x_wconf 91' lang='lat' dir='ltr'>quis</span> <span class='ocrx_word' id='word_1_846' title='bbox 2197 5725 2404 5795; x_wconf 81' lang='lat' dir='ltr'>neget?</span> 
     </span>
    </p>
   </div>
   <div class='ocr_carea' id='block_1_118' title="bbox 1963 5815 3526 5890">
    <p class='ocr_par' dir='ltr' id='par_1_118' title="bbox 1963 5815 3526 5890">
     <span class='ocr_line' id='line_1_118' title="bbox 1963 5815 3526 5890; baseline -0.002 -19"><span class='ocrx_word' id='word_1_847' title='bbox 1963 5819 2094 5872; x_wconf 81' lang='lat' dir='ltr'>XVI.</span> <span class='ocrx_word' id='word_1_848' title='bbox 2123 5817 2377 5872; x_wconf 90' lang='lat' dir='ltr'>Discusso</span> <span class='ocrx_word' id='word_1_849' title='bbox 2399 5833 2536 5890; x_wconf 89' lang='lat' dir='ltr'>ergo</span> <span class='ocrx_word' id='word_1_850' title='bbox 2557 5817 2742 5888; x_wconf 90' lang='lat' dir='ltr'>primo</span> <span class='ocrx_word' id='word_1_851' title='bbox 2767 5817 2837 5873; x_wconf 90' lang='lat' dir='ltr'>de</span> <span class='ocrx_word' id='word_1_852' title='bbox 2857 5817 3140 5874; x_wconf 91' lang='lat' dir='ltr'>Theodori</span> <span class='ocrx_word' id='word_1_853' title='bbox 3165 5815 3526 5873; x_wconf 86' lang='lat' dir='ltr'>damnatione</span> 
     </span>
    </p>
   </div>
   <div class='ocr_carea' id='block_1_119' title="bbox 1895 5908 3524 5984">
    <p class='ocr_par' dir='ltr' id='par_1_119' title="bbox 1895 5908 3524 5984">
     <span class='ocr_line' id='line_1_119' title="bbox 1895 5908 3524 5984; baseline -0.001 -17"><span class='ocrx_word' id='word_1_854' title='bbox 1895 5909 2161 5983; x_wconf 87' lang='lat' dir='ltr'>capitulo,</span> <span class='ocrx_word' id='word_1_855' title='bbox 2207 5926 2357 5968; x_wconf 89' lang='lat' dir='ltr'>nunc</span> <span class='ocrx_word' id='word_1_856' title='bbox 2403 5911 2476 5967; x_wconf 85' lang='lat' dir='ltr'>ad</span> <span class='ocrx_word' id='word_1_857' title='bbox 2516 5911 2665 5970; x_wconf 86' lang='lat' dir='ltr'>dicta</span> <span class='ocrx_word' id='word_1_858' title='bbox 2704 5911 2955 5984; x_wconf 82' lang='lat' dir='ltr'>epistolae</span> <span class='ocrx_word' id='word_1_859' title='bbox 2991 5908 3324 5972; x_wconf 79' lang='lat' dir='ltr'>Theodoreti</span> <span class='ocrx_word' id='word_1_860' title='bbox 3373 5908 3524 5982; x_wconf 80' lang='lat' dir='ltr'>[[bae]</span> 
     </span>
    </p>
   </div>
  </div>
