4016 6240
477 420 540 472 73
551 420 571 471 ιι

1853 413 2114 469 PELAGII
2162 412 2352 467 PAPAE
2400 411 2447 465 ll

3755 412 3852 464 732

476 524 795 596 indaganda
835 529 1207 593 transeamus,
1252 525 1412 596 cujus
1451 530 1567 580 tota
1607 524 1779 579 series
1807 523 1853 577 si
1879 523 2110 578 solerter
2131 533 2191 606 Α
2209 524 2299 574 cta
2324 518 2570 590 synodus
2596 522 2766 574 tantas
2792 517 3046 574 falsitatis
3071 517 3287 574 crimen
3317 516 3614 573 sustineat.
3636 516 3852 570 Vestras

476 619 764 689 aspicitur,
789 625 997 675 sanctae
1018 619 1452 674 Cbalcedonensi
1473 619 1684 690 synodo
1703 634 1875 689 quam
1903 617 1975 671 sit
2007 618 2107 672 ad-

475 727 636 766 versa
661 718 944 783 pensatur.
982 714 1040 766 In
1078 712 1246 782 gestis
1276 729 1522 784 namque
1550 712 1804 782 ejusdem
1832 712 2030 783 synodi
2057 717 2112 766 et

477 806 698 876 scriptis
711 806 908 859 Leonis
921 806 1046 876 Cyri
1056 805 1160 858 Ilus
1176 805 1480 875 praedicata
1490 822 1534 873 r;
1551 805 1609 860 in
1622 806 1856 876 epistola
1865 821 1998 860 vero
2017 805 2111 860 illa

478 899 810 953 Theodoreti
835 900 900 966 (a)
925 899 1157 968 Cyrillus
1179 899 1238 952 in
1258 899 1596 970 Apollinaris
1619 899 1828 970 dogma
1844 915 2112 954 corruens

477 992 811 1062 reprobatur
823 1009 839 1059 ;
869 992 1138 1062 scriptum
1165 993 1376 1063 quippe
1397 993 1455 1047 in
1471 1009 1537 1048 ea
1557 998 1640 1047 est
1661 1009 1672 1046 :
1698 1013 1725 1044 ι(
1750 993 1989 1064 Cyrillus
2006 1009 2109 1047 au-

476 1089 591 1138 tem
616 1085 787 1138 libros
807 1085 1043 1140 Nestorii
1060 1087 1249 1140 volens
1277 1087 1585 1155 destruere,
1619 1088 1805 1158 lapsus
1831 1092 1913 1141 est
1940 1092 1996 1141 et
2021 1086 2108 1140 in-

479 1182 679 1230 ventus
716 1182 801 1232 est
837 1178 897 1233 in
939 1180 1278 1250 Apollinaris
1307 1181 1514 1252 dogma
1540 1181 1762 1235 cadens.
1795 1200 1821 1230 »
1853 1182 1912 1234 In
1943 1181 2112 1252 gestis

481 1271 766 1325 Nestorius
818 1278 882 1326 ut
926 1274 1322 1345 Redemptoris
1369 1274 1551 1329 nostri
1589 1273 1940 1329 adversarius
1981 1273 2110 1344 jure

477 1364 780 1436 damnatus
825 1367 1171 1438 ostenditur;
1219 1367 1402 1422 verbis
1461 1384 1592 1422 vero
1646 1368 1895 1438 epistolae
1949 1368 2108 1422 dam-

477 1462 643 1511 natus
669 1458 874 1529 injuste
911 1465 1276 1516 memoratur.
1319 1462 1408 1516 Sic
1435 1461 1646 1532 quippe
1680 1460 1739 1514 in
1767 1477 1831 1514 ea
1857 1460 2064 1514 dicitur
2093 1479 2106 1515 :

481 1571 509 1599 «
537 1553 860 1622 Antequam
880 1553 939 1608 in
965 1555 1181 1624 synodo
1209 1554 1500 1608 adveniret
1526 1554 2028 1609 reverendissimus
2047 1571 2110 1607 ac

479 1643 864 1699 sanctissimus
890 1648 1348 1720 archiepiscopus
1373 1650 1615 1702 Joannes
1641 1690 1652 1715 ,
1692 1647 2014 1701 Nestorium
2042 1663 2113 1702 ex

479 1732 801 1803 episcopatu
832 1734 1243 1805 deposuerunt,
1269 1737 1485 1807 judicio
1513 1741 1570 1792 et
1604 1737 1966 1807 inquisitione
1997 1753 2111 1791 non

479 1825 643 1880 facta.
677 1847 704 1875 »
733 1829 794 1881 In
823 1829 992 1898 gestis
1015 1830 1211 1900 synodi
1239 1830 1298 1884 in
1330 1831 1427 1884 Dei
1460 1835 1515 1885 et
1541 1831 1765 1884 Domini
1793 1831 1973 1885 nostri
1999 1847 2112 1885 una

2208 612 2341 667 ﬁdei
2385 612 2824 672 fundamentum
2873 616 3157 682 tenemus,
3189 628 3262 666 ne
3313 615 3620 684 postquam
3659 614 3854 664 sancta

2211 705 2396 778 prima
2459 705 2738 776 Ephesina
2800 705 3046 776 synodus
3097 706 3260 778 quasi
3311 704 3524 759 venalis
3562 702 3849 774 arguitur,

2209 798 2680 854 Chalcedonensis
2721 800 2893 854 etiam
2940 798 3110 871 (quod
3147 801 3306 870 absit)
3356 798 3523 869 culpa
3566 797 3854 852 varietatis

2210 897 2473 948 notetur:
2505 880 2634 964 qua:
2656 899 2721 948 ut
2747 893 2807 947 in
2834 894 3018 948 verbis
3042 894 3156 948 suis
3182 899 3409 965 quantae
3431 895 3503 950 sit
3528 891 3855 949 concordia

2209 987 2438 1053 clareat,
2462 1002 2689 1041 necesse
2715 993 2798 1041 est
2827 991 2888 1041 ut
2915 993 3098 1042 vestra
3121 989 3462 1043 Fraternitas
3485 987 3584 1043 ubi
3610 988 3688 1041 sit
3705 1002 3857 1040 com-

2210 1079 2364 1151 pleta
2390 1083 2711 1150 cognoscat.
2757 1081 2964 1136 Omnes
2991 1097 3239 1152 namque
3283 1082 3580 1150 novimus,
3613 1079 3771 1150 quod
3797 1079 3856 1133 in

2209 1173 2420 1244 synodo
2447 1190 2744 1245 nunquam
2771 1189 3016 1229 canones
3039 1216 3052 1243 ,
3079 1175 3188 1229 nisi
3228 1175 3472 1245 peractis
3501 1172 3854 1229 deﬁnitioni—

2208 1267 2316 1320 bus
2343 1266 2495 1336 ﬁdei,
2523 1267 2625 1321 nisi
2656 1267 2918 1338 perfectis
2937 1267 3295 1338 synodalibus
3321 1268 3495 1339 gestis
3510 1267 3852 1332 habeantur,

2212 1363 2274 1413 ut
2303 1363 2522 1414 servato
2547 1359 2743 1415 ordine
2777 1377 2907 1415 cum
2935 1361 3092 1431 prius
3118 1361 3364 1430 synodus
3388 1361 3459 1415 ad
3485 1361 3659 1414 ﬁdem
3687 1359 3855 1413 corda

2212 1452 2472 1521 aediﬁcet,
2500 1457 2635 1508 tunc
2661 1471 2763 1524 per
2787 1455 3012 1524 regulas
3045 1471 3334 1509 canonum
3369 1471 3560 1509 mores
3587 1452 3849 1508 Ecclesia:

2210 1548 2480 1616 actusque
2503 1530 3247 1618 componat.Vigilantiergo
3266 1563 3401 1602 cura
3419 1546 3704 1618 respicite,
3722 1561 3851 1616 quae

2210 1638 2270 1692 in
2297 1644 2449 1694 sexta
2480 1639 2635 1694 illius
2661 1640 2885 1694 actione
2911 1645 3116 1695 sanctas
3137 1641 3266 1695 ﬁdei
3296 1641 3572 1712 professio
3595 1657 3854 1694 consum-

2211 1737 2437 1801 matur;
2481 1750 2728 1804 moxque
2768 1734 2830 1787 in
2874 1734 3116 1804 septima
3162 1734 3233 1788 ad
3280 1733 3698 1788 institutionem
3727 1736 3853 1804 jam

2211 1826 2464 1880 ﬁdelium
2495 1828 2692 1898 regula
2731 1843 3011 1881 canonum
3053 1827 3268 1898 ﬁgitur.
3311 1827 3683 1882 Ulterioribus
3717 1845 3855 1883 vero

480 1935 724 1990 persona
754 1921 892 1975 duas
934 1928 1165 1977 naturas
1198 1924 1436 1994 Cyrillus
1458 1925 1742 1978 confessus
1763 1925 2111 1993 ostenditur;
2137 1908 2192 1980 Β
2217 1919 2528 1974 actionibus
2550 1920 2696 1974 nihil
2724 1921 2792 1974 de
2819 1937 2984 1974 causa
3007 1920 3159 1990 ﬁdei,
3201 1921 3298 1976 Sed
3331 1921 3447 1975 Sola
3473 1922 3702 1992 negotia
3731 1923 3854 1992 pri-

481 2013 540 2066 in
565 2013 752 2068 Verbis
778 2014 1030 2085 epistolae
1047 2032 1222 2069 unam
1243 2021 1507 2070 naturam
1532 2017 1753 2071 tradere
1780 2017 2004 2086 dicitur,
2029 2023 2114 2072 at-

481 2121 591 2176 que
618 2107 687 2159 ab
711 2107 817 2160 hoc
851 2125 1018 2162 sensu
1051 2115 1343 2181 correptus
1372 2110 1464 2165 vix
1501 2111 1805 2181 resipuisse
1831 2114 2112 2165 narratur.

483 2201 543 2253 In
566 2200 736 2270 gestis
757 2202 960 2271 synodi
979 2203 1489 2258 anathematizatus
1504 2203 1788 2259 Nestorius
1801 2205 1970 2258 etiam
1995 2210 2118 2275 post

482 2298 731 2348 mortem
758 2291 992 2363 dicitur;
1039 2297 1097 2350 in
1128 2297 1314 2351 verbis
1347 2313 1480 2351 vero
1510 2297 1760 2368 epistolae
1795 2298 1966 2352 etiam
1991 2301 2119 2368 post

480 2385 891 2457 depositionem
923 2406 1104 2458 suam,
1129 2407 1232 2461 pro
1256 2392 1374 2445 solo
1395 2391 1604 2445 civium
1633 2408 1867 2445 suorum
1895 2391 2022 2445 odio
2045 2391 2116 2446 ad

479 2479 762 2534 civitatem
801 2498 960 2535 suam
989 2499 1102 2537 non
1143 2484 1352 2538 redisse
1390 2485 1742 2554 perhibetur.
1776 2485 1861 2539 Sic
1905 2485 2117 2556 quippe

481 2574 596 2628 illic
615 2575 888 2644 scriptum
910 2582 992 2630 est
1017 2597 1030 2632 :
1061 2597 1088 2628 «
1114 2579 1398 2633 Nestorius
1417 2585 1607 2633 autem
1630 2579 1762 2650 quia
1780 2580 1840 2633 in
1861 2596 1977 2633 sua:
1998 2585 2116 2635 erat

481 2667 610 2720 odio
637 2667 893 2737 civitatis,
918 2674 973 2723 et
996 2670 1248 2725 virorum
1270 2672 1367 2742 qui
1387 2672 1445 2725 in
1469 2688 1532 2725 ea
1553 2677 1685 2726 sunt
1709 2673 2113 2742 maximorum,

482 2759 612 2814 illuc
638 2762 839 2816 reverti
866 2779 980 2816 non
1006 2765 1214 2833 potuit.
1250 2784 1276 2816 ››
1315 2767 1373 2818 In
1409 2765 1576 2836 gestis
1605 2783 1666 2819 ac
1695 2766 2118 2822 deﬁnitionibus

481 2855 680 2925 synodi
717 2873 865 2910 unus
905 2857 1076 2911 Filius
1105 2860 1262 2912 Jcsus
1299 2859 1555 2913 Christus
1593 2859 1827 2927 dicitur;
1861 2865 1917 2913 at
1951 2860 2116 2929 juxta

479 2949 795 3004 doctrinam
824 2951 1101 3005 Theodori
1137 2957 1305 3024 atque
1342 2953 1578 3006 Nestorii
1609 2954 1751 3007 Deus
1778 2956 2016 3007 tacetur.
2051 2955 2118 3008 Et

479 3041 538 3094 in
571 3043 740 3112 gestis
766 3044 963 3114 synodi
990 3061 1273 3116 nusquam
1295 3047 1619 3100 Theodorus
1645 3046 1895 3101 veritatis
1922 3046 2117 3100 doctor

479 3134 715 3202 dicitur;
741 3138 797 3191 in
817 3138 1000 3191 verbis
1018 3155 1150 3193 vero
1173 3140 1421 3209 epistola:
1453 3139 1623 3200 idem.
1657 3140 1819 3209 cujus
1847 3140 2113 3210 blasphe-

479 3228 622 3282 mias
670 3247 842 3300 supra
888 3233 1249 3301 protulimus,
1279 3233 1527 3287 veritatis
1561 3233 1755 3287 doctor
1793 3234 2070 3287 clamatur
2098 3249 2111 3286 :

479 3321 578 3390 qui
611 3321 886 3376 nimirum
911 3322 957 3375 si
995 3339 1125 3377 vera
1157 3324 1318 3391 dixit,
1348 3325 1490 3378 falsa
1523 3330 1691 3379 erunt
1717 3342 1844 3396 quae
1873 3325 1940 3380 de
1967 3325 2114 3380 veri-

479 3417 592 3467 tate
623 3415 872 3483 synodus
898 3417 1151 3486 protulit.
1185 3417 1446 3488 Quisquis
1472 3419 1650 3488 igitur
1689 3419 1787 3489 qui
1825 3419 2118 3490 epistolam

479 3523 608 3576 quae
641 3507 747 3561 [ba
773 3508 996 3575 dicitur,
1025 3511 1318 3564 ostendere
1347 3513 1498 3583 quod
1527 3512 1598 3566 sit
1636 3513 1704 3566 de
1742 3513 1954 3582 synodo
1981 3513 2116 3567 niti-

479 3606 591 3667 tur,
623 3601 759 3672 quid
789 3602 940 3658 aliud
969 3621 1138 3675 quam
1160 3609 1316 3674 gesta
1336 3606 1589 3676 ejusdem
1609 3606 1804 3676 synodi
1827 3606 2119 3660 destruere

478 3696 750 3750 conatur?
798 3697 852 3751 Si
901 3698 1053 3751 enim
1104 3698 1463 3769 sibimetipsis
1507 3699 1721 3753 diversa
1768 3704 1920 3769 sunt,
1964 3701 2120 3753 nulla

479 3789 674 3858 procul
706 3789 877 3844 dubio
903 3793 1236 3846 auctoritate
1263 3792 1586 3861 subsistent,
1612 3793 1745 3864 quia
1765 3810 1893 3864 quae
1922 3809 1979 3847 se
2004 3793 2114 3846 im-

478 3883 787 3953 pugnanda
817 3884 1137 3954 destruunt,
1185 3886 1321 3940 alios
1348 3887 1625 3941 aediﬁcare
1669 3903 1782 3940 non
1829 3892 2064 3958 possunt
2099 3906 2115 3941 :

477 3975 522 4028 si
549 3975 911 4046 sibimetipsis
935 3979 1157 4032 diversa
1183 3985 1333 4047 sunt,
1357 3980 1512 4032 nulla
1539 3979 1806 4034 ﬁrmitate
1827 3981 2114 4034 convales-

478 4074 633 4134 cunt,
654 4070 894 4121 Domino
906 4074 1201 4125 attestante
1218 4073 1316 4142 qui
1330 4073 1436 4125 ait:
1470 4076 1709 4142 Regnum
1733 4076 1789 4127 in
1805 4089 1859 4127 se
1885 4075 2120 4128 divisum

481 4176 587 4212 non
615 4161 782 4214 stabit
814 4163 956 4229 (Luc.
987 4163 1080 4233 x1).
1106 4163 1212 4217 Sed
1237 4165 1383 4218 absit
1403 4164 1529 4233 hoc,
1554 4165 1697 4219 absit
1728 4165 1799 4218 ab
1824 4166 1918 4219 illo
1948 4182 2117 4221 vene-

479 4252 657 4305 rando
683 4253 948 4323 concilio,
1000 4260 1065 4308 ut
1111 4255 1333 4310 sibimet
1377 4258 1658 4310 contraria
1693 4257 1904 4327 sapiat;
1946 4263 2001 4312 et
2032 4259 2120 4313 vel

482 4345 776 4415 superiora
807 4348 1279 4419 subsequentibus
1309 4349 1585 4404 discordia
1616 4351 1896 4421 praeferat,
1925 4352 2010 4405 vel
2039 4352 2120 4406 in-

479 4437 690 4493 feriora
718 4442 1167 4510 praecedentibus
1205 4443 1609 4514 impugnatura
1637 4445 1962 4515 subjungat.
1987 4445 2120 4500 San-

477 4537 566 4586 cta
613 4533 767 4588 enim
811 4535 970 4605 ﬁdes,
1019 4553 1148 4607 quas
1187 4553 1302 4591 uno
1340 4537 1454 4591 illic
1496 4538 1699 4608 spiritu
1741 4543 1969 4609 accepta
2010 4542 2115 4607 est,

2136 3275 2190 3350 C

2217 2017 2339 2067 vata
2369 2019 2681 2068 versantur.
2705 2014 2868 2078 Quod
2893 2030 3024 2067 cum
3058 2014 3410 2085 responsales
3430 2015 3598 2068 vestri
3625 2015 3700 2069 ita
3731 2031 3857 2070 esse

2216 2107 2590 2178 ambigerent,
2621 2124 2771 2162 curae
2797 2108 2956 2162 nobis
2996 2107 3104 2162 fuit
3137 2123 3206 2161 ex
3248 2107 3483 2178 prolatis
3518 2107 3712 2162 multis
3746 2109 3856 2162 hoc

2216 2201 2510 2256 Codicibus
2535 2201 2942 2255 demonstrare.
2984 2202 3092 2255 Nos
3117 2206 3307 2255 tamen
3340 2202 3446 2255 hac
3485 2202 3556 2256 de
3600 2218 3664 2256 re
3701 2218 3853 2256 nun-

2216 2310 2390 2365 quam
2427 2294 2670 2349 dubitari
2697 2310 2857 2364 posse
2896 2294 3256 2362 credidimus,
3289 2294 3423 2366 quia
3452 2300 3509 2350 et
3539 2296 3740 2351 eadem
3767 2312 3855 2350 se-

2217 2388 2327 2442 ries
2355 2387 2432 2441 sic
2459 2403 2516 2442 se
2541 2387 2806 2456 insinuat,
2837 2391 2903 2441 ut
2925 2388 3076 2442 credi
3102 2387 3263 2442 aliter
3289 2389 3655 2444 contradicat.

2289 2482 2463 2536 XVIII.
2483 2481 2736 2535 Primum
2755 2481 3007 2552 quidem,
3025 2481 3160 2552 quia
3179 2481 3340 2552 (sicut
3354 2481 3571 2536 dictum
3591 2482 3697 2554 est)
3718 2483 3862 2538 dum

2217 2574 2446 2629 deﬁnita
2474 2573 2605 2628 ﬁdei
2630 2575 2830 2644 regula
2854 2575 2914 2628 in
2939 2575 3158 2628 actione
3173 2581 3331 2629 sexta
3353 2576 3696 2643 ostenditur,
3720 2577 3862 2631 ordo

2218 2685 2400 2722 causae
2461 2667 2704 2737 indicat,
2757 2673 2823 2722 ut
2861 2667 2920 2722 in
2957 2667 3174 2722 actione
3221 2668 3519 2739 subjuncta
3567 2686 3861 2724 canonum

2216 2761 2398 2815 forma
2423 2766 2775 2832 sequeretur.
2801 2762 3124 2816 Secundum
3153 2778 3282 2816 vero
3310 2767 3412 2830 est,
3435 2763 3571 2833 quia
3590 2768 3651 2817 et
3675 2764 3734 2817 in
3761 2780 3860 2818 ac-

2214 2855 2382 2909 tionis
2409 2860 2579 2909 sextae
2602 2854 2911 2909 terminum
2922 2855 3044 2925 jam
3059 2872 3338 2910 canonum
3360 2873 3563 2910 norma
3582 2857 3860 2927 praeliba-

2218 2951 2330 3016 tur,
2370 2949 2506 3002 dum
2532 2948 2644 3002 illic
2669 2965 2703 3002 a
2727 2949 2980 3019 principe
3009 2949 3420 3004 venerabilibus
3446 2949 3733 3021 episcopis
3764 2951 3855 3005 di—

2213 3041 2393 3095 citur:
2417 3041 2619 3112 Aliqua
2651 3046 2782 3096 sunt
2815 3042 3086 3114 capitula,
3107 3059 3236 3113 qua:
3263 3043 3335 3096 ad
3355 3043 3637 3098 honorem
3660 3050 3864 3099 vestrae

2217 3135 2547 3189 reverentiae
2579 3135 2732 3189 vobis
2769 3135 3197 3204 reservavimus,
3220 3137 3441 3206 justum
3467 3137 3863 3192 existimantes

2217 3228 2338 3282 haec
2362 3245 2395 3281 a
2419 3228 2574 3282 vobis
2598 3228 2934 3299 regulariter
2958 3245 3061 3299 per
3087 3229 3310 3300 singula
3329 3229 3612 3298 synodum
3640 3230 3865 3286 ﬁrmari

2219 3321 2432 3392 [potius
2456 3337 2558 3392 per
2588 3321 2868 3392 synodum
2888 3322 3165 3391 formari],
3190 3327 3298 3376 etc.
3319 3322 3720 3378 Praelibatione
3751 3325 3862 3379 ita-

2218 3431 2329 3486 que
2355 3419 2527 3469 sextae
2553 3415 2786 3470 actionis
2821 3416 3137 3471 ostenditur
3171 3416 3303 3486 quia
3335 3416 3468 3485 jure
3503 3418 3866 3472 constitutio-

2217 3524 2318 3563 nes
2338 3525 2619 3563 canonum
2655 3525 2770 3563 non
2797 3508 2906 3563 nisi
2936 3509 2994 3563 in
3036 3509 3275 3579 septima
3300 3509 3688 3564 continentur.
3717 3512 3866 3575 Quid

2217 3603 2370 3656 enim
2397 3607 2689 3674 supererat
2708 3603 2858 3673 quod
2880 3602 3126 3673 perfecta
3145 3602 3276 3657 ﬁdei
3297 3603 3652 3674 professione
3673 3603 3862 3675 ﬁeret,

2216 3695 2324 3750 nisi
2349 3701 2414 3751 ut
2437 3696 2814 3768 quorumdam
2840 3696 3094 3750 ﬁdelium
3121 3697 3369 3750 actiones
3409 3696 3640 3752 illicitas
3670 3704 3866 3753 sancta

2218 3789 2462 3860 synodus
2497 3790 2699 3861 positis
2736 3790 2946 3861 regulis
2975 3789 3298 3861 judicaret?
3322 3791 3586 3854 Quamvis
3611 3791 3660 3844 si
3687 3793 3867 3847 soler-

2217 3887 2305 3937 ter
2327 3883 2650 3954 aspicimus,
2697 3900 2980 3937 canonum
3012 3883 3238 3954 regulas
3281 3869 3492 3954 positas
3534 3900 3674 3952 non,
3711 3886 3867 3941 sicut

2218 3981 2470 4047 putatur,
2499 3977 2557 4030 in
2587 3976 2845 4048 septima,
2877 3977 2973 4031 sed
3000 3977 3242 4030 intextas
3270 3983 3442 4031 sextae
3470 3978 3684 4032 actioni
3710 3980 3868 4034 inve-

2219 4069 2426 4124 nimus.
2456 4071 2595 4123 Nam
2617 4087 2748 4124 cum
2775 4070 2833 4123 in
2861 4069 3074 4124 eisdem
3089 4070 3586 4124 constitutionibus
3612 4073 3868 4127 sancieno

2219 4163 2305 4217 dis
2324 4181 2438 4217 non
2461 4163 2599 4229 dies,
2636 4180 2752 4217 non
2779 4163 3086 4234 imperium
3107 4163 3358 4234 ponitur,
3381 4180 3497 4218 non
3526 4165 3630 4236 qui
3657 4166 3866 4220 reside-

2220 4260 2367 4324 rent,
2397 4257 2812 4323 describuntur,
2851 4257 3047 4326 procul
3071 4256 3243 4310 dubio
3283 4273 3414 4310 cum
3444 4273 3564 4312 non
3593 4265 3867 4314 consueto

2219 4349 2450 4404 exordio
2477 4355 2675 4422 coeptae
2713 4355 2864 4418 sunt,
2917 4349 3049 4420 quia
3091 4350 3434 4420 praecedenti
3476 4352 3693 4406 actioni
3739 4354 3868 4407 sub-

2218 4459 2378 4497 nexae
2403 4449 2536 4498 sunt
2563 4444 3002 4498 demonstratur.
3043 4443 3186 4507 Quia
3210 4459 3341 4497 vero
3368 4444 3428 4498 in
3454 4445 3683 4500 actione
3707 4455 3868 4502 sexta

2218 4535 2346 4590 ﬁdei
2371 4553 2535 4591 causa
2560 4536 2873 4608 perﬁcitur,
2894 4537 3016 4607 ipsa
3042 4536 3441 4608 episcoporum
3478 4539 3745 4593 omnium
3773 4558 3865 4611 ge-

480 4643 591 4680 uno
620 4643 787 4681 sensu
814 4629 1048 4697 credita,
1067 4647 1185 4684 una
1206 4636 1288 4686 est
1307 4637 1362 4686 et
1385 4631 1492 4686 ﬁde
1516 4632 1760 4702 [Forsan,
1785 4632 1937 4701 voce]
1966 4648 2115 4702 prze-
2136 4642 2195 4714 D
2219 4631 2398 4684 nerali
2414 4630 2821 4700 subscriptione
2835 4630 3312 4684 declaratur.Nam
3332 4630 3428 4701 qui
3442 4637 3572 4702 post
3584 4633 3801 4687 subscri
3807 4651 3868 4704 p-

479 4719 681 4774 dicata.
715 4721 922 4776 Idcirco
950 4722 1009 4777 in
1037 4724 1254 4778 cunctis
1281 4725 1483 4779 mundi
1511 4725 1764 4795 partibus
1793 4725 1978 4778 forma
2012 4741 2116 4778 no-

481 4817 611 4866 strae
639 4814 1009 4884 professionis
1040 4817 1183 4872 facta
1211 4823 1311 4886 est,
1345 4818 1479 4888 quia
1499 4819 1559 4871 in
1589 4819 1944 4888 precantium
1969 4817 2114 4872 voci-

482 4906 586 4960 bus
611 4907 835 4962 sibimet
861 4909 984 4980 ipsa
1010 4911 1291 4966 dissimilis
1320 4928 1436 4965 non
1462 4916 1563 4965 est.

551 5001 705 5054 XVII.
737 5002 840 5056 Sed
868 5019 969 5057 cur
996 5005 1391 5058 tantummodo
1417 5009 1669 5059 sanctam
1696 5003 2118 5060 Chalcedonen-

483 5110 603 5148 sem
630 5095 910 5164 synodum
937 5098 1176 5151 convelli
1198 5098 1456 5164 dicimus,
1491 5099 1537 5151 si
1565 5097 1959 5152 auctoritatem
1989 5097 2122 5152 huic

483 5188 731 5258 epistolae
759 5190 1166 5260 reprobemus?
1185 5191 1318 5254 Quae
1341 5191 1614 5246 nimirum
1635 5191 1679 5244 si
1697 5207 1827 5245 vera
1849 5191 2118 5258 creditur,

477 5281 647 5335 etiam
687 5286 803 5336 tota
841 5288 1047 5336 sanctae
1071 5283 1366 5354 Ephesinze
1389 5285 1586 5354 synodi
1607 5284 1746 5338 ﬁdes
1765 5300 1826 5338 ac
1854 5299 2121 5338 reveren-

482 5374 557 5427 tia
585 5375 909 5446 dissipatur.
961 5377 1088 5430 Heec
1115 5377 1328 5447 quippe
1362 5378 1438 5431 ait
1465 5420 1477 5446 ,
1507 5377 1658 5448 quod
1687 5377 1745 5431 in
1785 5394 1853 5431 ea
1885 5377 2125 5448 Cyrillus

486 5467 862 5537 praemiorum
897 5469 1271 5524 medicamine
1314 5471 1633 5540 sapientum
1660 5470 1850 5523 oculos
1877 5486 2122 5523 excaeca-

489 5559 586 5613 vit.
609 5561 750 5622 Quid
769 5577 905 5632 ergo
930 5561 1040 5616 illic
1062 5563 1131 5618 de
1153 5563 1385 5617 veritate
1406 5568 1623 5618 certum
1646 5562 1870 5629 dicitur,
1892 5562 1987 5615 ubi
2008 5563 2127 5632 ipsa

477 5651 682 5704 veritas
693 5655 1080 5709 sacerdotibus
1099 5655 1323 5709 vendita
1334 5672 1453 5709 esse
1477 5654 1849 5726 perhibetur?
1869 5654 1975 5708 Sed
2001 5654 2127 5724 quis

479 5742 584 5795 hoc
612 5743 818 5812 dicere,
844 5747 970 5815 quis
999 5748 1106 5802 hoc
1127 5748 1441 5802 consentiat
1460 5747 1739 5818 patienter
1757 5745 1953 5800 audire
1967 5748 1993 5800 ?
2017 5748 2125 5802 Re-

480 5835 753 5901 probetur
771 5851 907 5905 ergo
929 5855 1043 5893 una
1066 5841 1304 5910 epistola
1324 5840 1628 5907 mentiens,
1647 5856 1719 5893 ne
1748 5844 1986 5910 utraque
2006 5857 2130 5895 san-

556 5952 622 6018 ta)
671 5952 1004 6022 Legendum
1033 5958 1265 6015 omnino
1289 5961 1432 6025 Iba,
1462 5961 1622 6034 cujus
1651 5964 1781 6017 sunt
1808 5960 1974 6016 verba
1999 5977 2128 6035 quae

2219 4727 2414 4778 serunt
2441 4723 3019 4791 sententiam,cuncta
3058 4739 3186 4794 quae
3225 4723 3294 4778 de
3335 4724 3446 4778 ﬁde
3479 4726 3707 4796 agenda
3755 4727 3872 4782 fue-

2220 4821 2367 4886 rant,
2391 4817 2548 4870 ﬁnita
2562 4816 2748 4871 testati
2769 4821 2919 4870 sunt.
2943 4816 3099 4871 Unde
3129 4819 3186 4870 et
3209 4816 3269 4871 in
3294 4817 3475 4870 causis
3501 4825 3631 4888 post
3648 4820 3874 4890 specia-

2219 4911 2387 4978 libus,
2409 4909 2579 4964 nudis
2599 4909 2992 4964 tantummodo
3017 4909 3199 4963 verbis
3235 4910 3574 4981 loquuntur,
3604 4917 3778 4982 atque
3809 4929 3878 4967 ea

2221 5021 2349 5075 quin
2370 5003 2736 5057 decernentes
2770 5002 3047 5070 dixerant,
3076 5003 3234 5056 nulla
3258 5004 3550 5074 supposita
3576 5006 3878 5076 subscrip-

2222 5097 2374 5152 tione
2406 5097 2800 5150 ﬁrmaverunt.
2831 5098 2964 5160 Quae
2991 5097 3214 5166 [Forsan
3242 5097 3370 5167 Qui]
3408 5099 3878 5162 reverendissimi

2223 5190 2470 5261 episcopi
2496 5190 2575 5244 ita
2601 5189 2659 5243 in
2679 5189 2898 5244 actione
2926 5193 3079 5244 sexta
3101 5190 3296 5244 omnia
3318 5206 3447 5260 quae
3469 5191 3539 5244 de
3558 5191 3672 5246 ﬁde
3702 5209 3880 5264 agen-

2224 5285 2294 5338 da
2329 5284 2573 5351 fuerant,
2620 5283 3067 5353 cognoscebant;
3109 5288 3194 5351 ut,
3246 5283 3392 5337 sicut
3429 5283 3547 5338 illic
3593 5286 3880 5358 scriptum

2225 5382 2308 5433 est
2333 5378 2639 5430 clamarent
2668 5392 2680 5429 :
2711 5377 3124 5447 Supplicamus,
3157 5376 3379 5431 dimitte
3406 5393 3530 5445 nos,
3563 5379 3662 5449 pie
3689 5379 3877 5451 impe-

2226 5476 2399 5536 rator,
2429 5469 2648 5524 dimitte
2674 5486 2796 5524 nos.
2831 5470 3120 5540 (Quodque
3165 5486 3281 5524 non
3317 5487 3421 5541 pro
3463 5470 3598 5540 ﬁde,
3637 5474 3738 5527 sed
3776 5491 3881 5544 pro

2225 5564 2560 5636 specialibus
2623 5563 2804 5617 causis
2867 5563 3078 5618 detenti
3153 5568 3317 5632 sunt,
3383 5564 3694 5637 principali
3767 5567 3881 5622 illic

2227 5658 2590 5730 responsione
2629 5661 2996 5724 monstratur,
3037 5673 3170 5710 cum
3219 5656 3428 5710 dicitur
3481 5674 3494 5710 :
3553 5658 3877 5714 Sacratissi-

2227 5769 2354 5806 mus
2391 5756 2448 5805 et
2483 5749 2772 5821 piissimus
2825 5750 3090 5804 dominus
3144 5755 3336 5804 noster
3390 5751 3716 5806 Marcianus
3765 5759 3877 5808 Au-

2230 5850 2426 5916 gustus
2487 5844 2556 5896 ad
2621 5848 2872 5897 sanctam
2935 5843 3219 5912 synodum
3288 5843 3432 5898 dixit
3486 5860 3499 5898 :
3559 5845 3876 5902 Laborastis

2231 5977 2363 6016 mox
2386 5958 2703 6016 afferuntur
2729 5973 2858 6030 sup.
2888 5957 3013 6014 coll.
3044 5961 3099 6013 6.
