4016 6240
131 406 234 461 733

1421 402 1759 459 ΕΡΙδΤΟΙμλΕ
1798 402 1881 458 ΕΤ
1918 401 2245 458 DECRETA.

3402 401 3504 456 734

131 521 318 577 multo
350 522 546 594 spatio
566 520 971 593 fatigationem
1002 519 1288 592 perpessi:
1318 520 1561 575 sustinet
1584 522 1779 575 autem
1798 533 1859 606 Α
1877 536 2011 575 vero
2035 522 2094 575 et
2120 519 2274 592 apud
2313 519 2549 575 eosdem
2594 519 2892 593 episcopos
2935 519 3030 592 qui
3059 520 3119 574 in
3144 520 3510 576 Chalcedone

132 619 248 671 tres
279 619 386 670 aut
413 619 665 687 quatuor
691 615 812 670 dies
841 615 1047 682 adhuc,
1071 619 1130 670 et
1154 614 1531 686 praesentibus
1558 613 1780 685 magni-

132 709 533 765 ﬁcentissimis
558 709 851 780 judicibus
891 708 1119 776 nostris,
1153 709 1379 780 singula
1423 724 1778 779 quaecunque

133 803 302 858 vultis
318 819 587 871 movere,
608 805 942 874 competens
957 802 1223 873 adepturi
1243 800 1509 856 solatium
1526 801 1662 870 [Al.,
1685 816 1780 855 au-

136 898 402 968 xilium].)
447 897 557 961 Qui
590 897 765 967 igitur
785 897 858 951 ad
888 896 1115 966 singula
1138 911 1379 966 quasque
1416 895 1629 963 vellent
1651 910 1776 949 mo-

133 994 263 1045 tura
294 990 520 1045 retenti
564 994 716 1056 sunt,
748 990 881 1043 licet
907 990 1126 1059 [Forsan
1164 987 1363 1058 liquet]
1410 986 1543 1059 quia
1570 1003 1780 1057 nequa-

135 1099 310 1154 quam
337 1083 501 1137 ultra
522 1083 764 1137 actionis
793 1085 963 1136 sexta:
984 1080 1298 1135 terminum
1318 1096 1420 1152 pro
1450 1079 1584 1134 ﬁdei
1609 1096 1780 1135 causa

130 1174 481 1227 restiterunt
505 1173 975 1243 [remanserunt].

201 1266 319 1321 Sed
346 1283 457 1320 cur
486 1266 558 1320 de
583 1266 672 1320 his
702 1270 937 1320 extensa
963 1264 1187 1320 ratione
1215 1264 1461 1335 agimus,
1492 1264 1590 1335 qui
1616 1267 1781 1319 tanta

134 1359 586 1430 praedecessoris
616 1359 796 1414 nostri
823 1358 980 1413 beati
1020 1358 1226 1413 Leonis
1257 1357 1595 1412 auctoritate
1625 1356 1780 1411 fulci-

138 1453 312 1508 mur?
342 1454 473 1524 ipse
500 1469 775 1524 namque,
819 1453 964 1507 sicut
987 1453 1171 1506 multa
1218 1451 1477 1521 superius
1508 1450 1776 1521 epistola-

136 1562 265 1601 rum
292 1547 425 1617 ejus
458 1547 825 1601 attestatione
875 1546 1205 1612 docuimus,
1240 1548 1400 1616 gesta
1444 1543 1782 1615 multiplicia

139 1656 448 1694 causarum
479 1639 816 1712 specialium
846 1638 1234 1711 reprobando,
1260 1637 1660 1693 auctoritatem
1689 1654 1777 1708 sy-

140 1734 274 1789 nodi
292 1734 353 1788 in
367 1735 497 1789 sola
509 1734 641 1788 ﬁdei
656 1733 991 1788 deﬁnitione
1007 1732 1510 1787 constrinxit.Hinc
1525 1734 1612 1785 est
1624 1731 1779 1785 enim

141 1828 295 1898 quod
326 1832 568 1898 peracta
593 1827 813 1900 synodo
835 1829 1066 1882 cunctas
1087 1826 1253 1881 nobis
1280 1825 1667 1896 suspicionum
1688 1840 1782 1878 ne-

1878 614 2238 681 resederunt,
2268 613 2326 670 in
2356 613 2727 669 veneratione
2774 613 3025 685 synodus
3060 613 3289 669 nonnisi
3328 630 3510 685 usque

1880 708 1952 762 ad
1981 707 2116 762 ﬁdei
2142 706 2539 763 definitionem
2558 707 2684 773 fuit,
2704 724 2809 779 per
2820 707 2929 763 hoc
2951 710 3147 778 aperte
3168 707 3509 775 ostenditur,

1881 800 2036 872 quod
2065 800 2324 872 plerique
2355 800 2535 856 Graeci
2561 800 2920 871 antiquiores
2949 800 3186 857 Codices
3212 800 3512 855 continere

1880 894 2165 965 synodum
2195 893 2429 949 nonnisi
2450 893 2508 947 in
2533 910 2628 947 sex
2654 894 2974 948 actionibus
2995 894 3310 964 subjunctis
3336 909 3510 948 cano-

1879 988 2047 1042 nibus
2066 987 2555 1055 demonstrantur,
2575 990 2635 1041 ut
2653 988 2892 1043 omnino
2915 990 3123 1042 caetera
3137 1004 3265 1058 qum
3288 986 3510 1057 privato

1881 1081 2070 1136 studio
2098 1081 2330 1135 fuerant
2355 1084 2533 1148 mota,
2559 1097 2676 1136 non
2697 1082 2970 1136 habeant.
2993 1080 3156 1136 Unde
3180 1084 3237 1135 et
3258 1079 3513 1150 encyclia

1880 1176 2003 1230 haec
2034 1175 2112 1230 ita
2133 1191 2256 1229 esse
2277 1177 2581 1229 testantur.
2605 1176 2747 1229 Nam
2775 1174 2967 1229 Leone
2994 1176 3249 1246 Augusto
3270 1173 3509 1244 Alypius

1881 1268 2180 1340 episcopus
2218 1269 2493 1323 Caesarea:
2520 1268 2893 1339 Cappadociae
2922 1267 3198 1335 scribens,
3246 1267 3328 1322 ait
3372 1266 3450 1337 (In
3478 1268 3510 1320 3

1873 1367 2025 1433 part.
2056 1362 2302 1420 Chalced.
2330 1377 2468 1425 con.,
2493 1377 2537 1416 c.
2570 1361 2692 1433 50):
2722 1361 2817 1416 His
2856 1361 3049 1433 itaque
3091 1361 3170 1416 sic
3206 1378 3265 1416 se
3290 1360 3510 1417 haben-

1881 1456 2050 1523 tibus,
2078 1458 2284 1511 vestrae
2312 1455 2516 1509 Pietati
2546 1455 2829 1526 signiﬁco,
2860 1455 2997 1526 quia
3022 1472 3089 1509 ea
3122 1454 3358 1527 quidem
3381 1472 3507 1527 quas

1877 1549 2301 1621 particulariter
2329 1548 2657 1603 examinata
2677 1551 2829 1616 sunt,
2860 1552 2917 1602 et
2942 1566 3071 1619 quae
3104 1549 3322 1619 [atque]
3351 1552 3513 1619 gesta

1882 1660 1916 1698 a
1936 1642 2147 1697 sanctis
2176 1640 2457 1713 episcopis
2487 1641 2545 1695 in
2574 1641 3029 1697 Chalcedonensi
3076 1641 3303 1695 civitate
3348 1642 3515 1696 colle-

1880 1736 2003 1802 ctis,
2034 1752 2150 1790 non
2182 1735 2297 1805 legi
2321 1752 2334 1801 ;
2364 1751 2552 1805 neque
2584 1735 2742 1789 enim
2770 1752 2803 1789 a
2822 1737 3032 1789 sanctae
3051 1734 3349 1790 memoriae
3377 1739 3514 1789 tunc

1882 1829 2149 1901 episcopo
2199 1829 2511 1895 Thalassio,
2555 1828 2653 1899 qui
2708 1828 2971 1882 interfuit
3016 1831 3212 1883 sancto
3250 1827 3512 1896 concilio,

140 1921 301 1975 bulas
319 1924 585 1992 tergens,
606 1924 799 1993 aperte
816 1921 890 1976 ad
904 1921 1208 1975 Maximum
1225 1919 1601 1973 Antiochenze
1630 1917 1781 1971 sedis
1801 1904 1857 1976 B
1882 1922 2100 1993 aliquid
2147 1923 2258 1976 huc
2290 1922 2534 1992 amplius
2566 1925 2652 1975 est
2681 1923 2921 1976 allatum
2960 1938 3026 1975 ex
3069 1922 3157 1976 his
3186 1938 3314 1992 quae
3353 1925 3516 1992 gesta

142 2015 462 2070 antistitem
496 2016 710 2082 scribit,
752 2014 948 2069 dicens
977 2015 1165 2083 (Epist.
1195 2015 1279 2082 62)
1308 2030 1321 2067 :
1365 2012 1422 2067 Si
1462 2012 1600 2083 quid
1643 2028 1780 2065 sane

142 2108 210 2163 ab
250 2108 342 2163 his
387 2108 685 2176 fratribus,
732 2108 889 2179 quod
917 2108 991 2162 ad
1021 2108 1281 2161 sanctam
1329 2106 1613 2176 synodum
1662 2105 1781 2157 vice

142 2219 272 2257 mea
298 2203 454 2268 misi,
487 2205 698 2273 praeter
728 2201 786 2255 id
815 2201 969 2272 quod
1001 2200 1073 2254 ad
1098 2216 1329 2254 causam
1360 2198 1495 2253 ﬁdei
1526 2197 1776 2269 pertine-

144 2296 256 2363 bat,
280 2299 517 2367 gestum
548 2312 669 2349 esse
697 2295 1054 2366 perhibetur,
1087 2293 1298 2347 nullius
1318 2292 1425 2347 erit
1447 2291 1673 2362 penitus
1690 2291 1783 2344 tir-

144 2388 377 2454 mitatis,
407 2389 547 2460 quia
573 2389 645 2443 ad
674 2389 781 2443 hoc
800 2391 1030 2442 tantum
1058 2387 1129 2441 ab
1151 2385 1465 2457 apostolica
1486 2385 1620 2438 sede
1649 2387 1783 2438 sunt

146 2481 362 2548 directi,
393 2487 459 2537 ut
492 2482 688 2537 excisis
714 2481 1047 2548 haeresibus,
1080 2480 1377 2535 catholicae
1421 2482 1615 2533 essent
1645 2477 1782 2532 fidei

146 2574 503 2630 defensores.
541 2575 833 2647 Quidquid
855 2574 1009 2629 enim
1042 2577 1253 2645 praeter
1279 2572 1556 2643 speciales
1581 2587 1782 2625 causas

146 2669 513 2739 synodalium
534 2670 906 2724 conciliorum
938 2668 1011 2722 ad
1039 2683 1283 2722 examen
1316 2666 1641 2737 episcopale
1679 2666 1778 2719 de-

148 2762 343 2831 fertur,
373 2767 566 2834 potest
586 2763 839 2834 aliquam
862 2760 1219 2831 dijudicandi
1238 2760 1450 2814 habere
1470 2759 1778 2813 rationem.

151 2856 277 2925 (Sed
307 2858 503 2911 solent
525 2856 787 2911 nonnulli
814 2855 1024 2921 dicere,
1053 2855 1176 2908 haec
1222 2870 1353 2907 eum
1397 2869 1502 2924 pro
1529 2851 1784 2906 Anatolii

148 2950 804 3021 Constantinopolitanae
830 2949 987 3002 urbis
1036 2947 1283 3018 episcopi
1336 2946 1782 3017 prmsumptione

151 3043 384 3098 dixisse:
419 3044 521 3115 qui
549 3043 593 3097 si
625 3048 683 3098 et
707 3060 798 3097 res
834 3046 1043 3113 gestas,
1071 3047 1128 3096 et
1150 3058 1219 3096 ea
1253 3057 1380 3112 quae
1408 3056 1559 3093 nunc
1581 3042 1779 3110 protu-

154 3137 318 3191 limus
346 3138 606 3209 epistolw
622 3137 795 3191 verba
817 3136 1204 3202 considerant,
1229 3133 1503 3205 suspicari
1523 3132 1784 3205 protinus

152 3231 288 3286 falsa
300 3234 547 3287 cessant.
563 3232 821 3302 Namque
840 3246 968 3284 cum
983 3228 1289 3300 praedictus
1306 3227 1785 3297 Constantinopo-

152 3323 337 3378 litanae
370 3325 528 3378 urbis
560 3324 860 3395 episcopus
886 3338 1100 3377 novum
1124 3321 1342 3392 aliquid
1368 3324 1675 3375 conaretur
1699 3336 1783 3373 ar-

152 3417 353 3487 ripere,
384 3422 612 3473 constat
642 3417 754 3471 illic
783 3416 835 3471 ei
860 3418 1082 3487 legatos
1112 3415 1263 3469 sedis
1291 3414 1619 3485 apostolicae
1652 3429 1782 3468 cum

155 3527 374 3567 summa
389 3511 749 3567 auctoritatis
764 3510 1027 3565 libertate
1042 3508 1312 3563 restitisse
1332 3508 1583 3577 (Act.xv1)
1595 3549 1607 3562 .
1620 3506 1784 3571 Quod

156 3611 207 3658 et
238 3606 455 3660 factum
481 3606 543 3660 in
572 3604 791 3676 synodo
834 3604 1064 3675 legitur,
1100 3607 1158 3656 et
1187 3603 1447 3674 ejusdem
1477 3600 1681 3673 synodi
1710 3600 1784 3654 ad

155 3700 449 3768 praefatum
466 3699 950 3771 prardecessorem
964 3699 1227 3751 nostrum
1242 3696 1495 3767 epistolis
1507 3694 1786 3766 approba-

157 3795 260 3846 tur.
282 3797 327 3847 A
353 3811 506 3865 saepe
536 3794 654 3848 fato
687 3795 881 3846 autem
907 3790 1113 3845 eodem
1135 3790 1557 3862 prmdecessore
1584 3791 1781 3842 nostro

158 3885 225 3939 ad
244 3887 571 3954 Maximum,
600 3886 744 3940 sicut
776 3883 1165 3957 praediximus,
1190 3883 1452 3937 novimus
1479 3881 1777 3952 scriptum:

160 3977 211 4032 Si
235 3980 370 4050 quid
382 3997 522 4036 sane
546 3980 616 4034 ab
633 3978 719 4033 his
748 3978 1037 4045 fratribus,
1063 3994 1207 4048 quos
1235 3976 1308 4031 ad
1330 3978 1590 4030 sanctam
1619 3990 1784 4045 syno-

160 4071 291 4127 dum
321 4075 442 4129 vice
461 4091 593 4128 mea
610 4073 763 4140 misi,
792 4076 1004 4143 praeter
1026 4071 1089 4126 id
1116 4070 1271 4142 quod
1292 4070 1365 4125 ad
1392 4085 1626 4123 causam
1647 4067 1783 4122 ﬁdei

158 4167 497 4235 pertinebat,
520 4166 747 4237 gestum
764 4182 887 4220 esse
908 4164 1266 4236 perhibetur,
1282 4164 1491 4218 nullius
1508 4162 1615 4217 erit
1628 4161 1785 4233 peni-

156 4261 244 4311 tus
267 4260 576 4329 ﬁrmitatis,
597 4261 731 4332 quia
750 4260 824 4313 ad
840 4260 949 4313 hoc
970 4262 1197 4313 tantum
1226 4261 1358 4312 sunt
1378 4258 1449 4312 ab
1470 4256 1785 4328 apostolica

158 4352 287 4406 sede
316 4354 540 4421 directi,
580 4357 645 4408 ut
669 4352 867 4407 excisis
887 4352 1221 4418 haeresibus,
1265 4352 1559 4406 catholicae
1592 4352 1785 4405 essent

161 4444 286 4499 ﬁdei
308 4446 680 4514 defensores.)
711 4446 767 4502 Si
794 4462 933 4517 ergo
963 4445 1036 4500 de
1055 4445 1303 4500 Anatolii
1326 4462 1492 4500 causa
1518 4445 1781 4515 loquens,

162 4536 263 4592 hoc
279 4542 434 4610 quod
456 4559 491 4595 a
511 4540 737 4595 vicariis
761 4540 876 4593 suis
898 4542 1089 4593 actum
1110 4539 1167 4592 in
1185 4538 1404 4609 synodo
1428 4538 1676 4603 fuerant,
1699 4553 1785 4590 re-

1804 3272 1858 3346 C

1884 2020 2215 2082 noscuntur,
2232 2015 2331 2069 sed
2347 2015 2751 2070 tantummodo
2774 2015 3173 2070 deﬁnitionem
3197 2016 3515 2086 expositam

1883 2110 1953 2164 ab
1985 2110 2080 2164 illo
2116 2112 2312 2163 sancto
2340 2108 2580 2163 concilio
2615 2108 2686 2163 ab
2716 2124 2785 2163 eo
2825 2108 3083 2162 delatam
3121 2108 3382 2179 inspexi.)
3410 2110 3509 2162 At-

1883 2206 2130 2258 testante
2175 2218 2316 2273 ergo
2367 2201 2569 2273 Alypio
2616 2202 2883 2273 episcopo
2935 2201 3336 2272 perdocemur,
3378 2201 3516 2273 quia

1882 2299 2092 2367 printer
2117 2312 2350 2349 causam
2378 2295 2513 2349 ﬁdei
2539 2294 2681 2349 nihil
2707 2295 2777 2349 de
2805 2294 3024 2366 synodo
3056 2295 3115 2348 in
3141 2295 3514 2349 veneratione

1879 2389 2200 2444 Thalassius
2248 2388 2434 2443 tenuit
2481 2388 2579 2460 qui
2610 2389 2721 2443 illic
2753 2392 2811 2443 et
2854 2390 3064 2460 printer
3102 2404 3334 2442 causam
3378 2387 3516 2443 fidei

1883 2483 2285 2554 episcoporum
2310 2482 2558 2554 negotiis
2592 2482 2829 2553 privatis
2855 2481 3132 2536 interfuit.
3168 2481 3229 2536 Si
3256 2481 3432 2553 igitur
3453 2480 3515 2536 in

1883 2576 2107 2631 actione
2134 2580 2291 2631 sexta
2316 2575 2597 2647 professio
2616 2574 2748 2629 ﬁdei
2782 2577 3242 2641 consummatur,
3268 2591 3515 2646 moxque

1882 2687 2171 2725 canonum
2191 2670 2394 2741 regula
2412 2669 2635 2740 ﬁgitur;
2669 2668 2714 2723 si
2741 2668 2943 2723 beatus
2959 2669 3072 2723 Leo
3096 2668 3364 2739 negotiis,
3389 2684 3517 2739 qua:

1884 2763 1997 2818 illic
2023 2763 2242 2834 private
2263 2766 2421 2816 mota
2452 2765 2603 2830 sunt,
2634 2760 2976 2816 contradicit
2999 2778 3011 2815 :
3046 2761 3092 2815 si
3120 2762 3230 2816 hoc
3255 2761 3407 2832 quod
3437 2760 3518 2814 ul-

1882 2861 1973 2911 tra
2003 2858 2179 2911 ﬁdem
2230 2859 2459 2926 gestum
2488 2859 2592 2924 est,
2642 2872 2746 2909 nec
2785 2855 2832 2908 is
2871 2855 2968 2926 qui
3022 2854 3159 2908 fecit
3196 2853 3519 2909 Thalassius

1881 2951 2069 3005 tenuit
2096 2968 2110 3017 ;
2133 2967 2234 3004 cur
2258 2966 2364 3004 nos
2388 2948 2718 3003 haereticam
2742 2948 3046 3020 epistolam
3074 2951 3413 3002 retractasse
3435 2963 3520 3001 re-

1882 3043 2322 3115 prehendimur,
2352 3042 2451 3113 qui
2490 3042 2597 3097 hac
2628 3041 2685 3095 in
2712 3058 2775 3096 re
2802 3045 3138 3097 cunctorum
3167 3058 3273 3096 nos
3304 3057 3515 3112 prazce-

1886 3137 2146 3191 dentium
2180 3136 2520 3191 auctoritate
2546 3135 2928 3190 roboramur?
2957 3136 3025 3189 Et
3052 3135 3313 3205 quamvis
3333 3134 3405 3188 ab
3432 3151 3521 3188 ea-

1886 3232 2019 3285 dem
2048 3230 2288 3302 epistola
2319 3230 2573 3285 alienum
2602 3246 2661 3283 se
2684 3230 2809 3283 lbas
2838 3228 3228 3300 respondeat;
3258 3226 3519 3299 quamvis

1885 3324 2018 3395 quia
2044 3323 2362 3395 approbata
2410 3323 2500 3391 sit,
2535 3325 2634 3377 aut
2682 3322 3010 3390 difﬁculter,
3045 3325 3145 3376 aut
3193 3321 3520 3375 nullatenus

1883 3418 2329 3484 demonstretur,
2360 3416 2600 3470 licenter
2626 3419 2821 3470 tamen
2852 3415 3241 3486 unusquisque
3270 3431 3401 3469 eam
3425 3430 3517 3468 re-

1880 3511 2289 3583 prehenderet,
2325 3509 2554 3563 etiamsi
2571 3508 2823 3579 episcopi
2844 3509 2902 3562 in
2936 3508 3145 3563 eodem
3169 3508 3410 3563 concilio
3438 3523 3522 3561 re-

1883 3604 2135 3658 sidentes
2166 3603 2279 3656 suis
2308 3601 2467 3656 illam
2515 3600 3029 3671 subscriptionibus
3060 3601 3518 3671 approbassent;

1884 3696 2020 3768 quia
2049 3699 2380 3767 postquam,
2416 3695 2587 3748 beato
2634 3695 2823 3747 Leone
2868 3693 3173 3759 scribente,
3209 3693 3305 3762 jus
3336 3696 3518 3746 retra-

1884 3789 2071 3845 ctandi
2101 3794 2158 3843 et
2182 3787 2535 3858 dijudicandi
2571 3785 2927 3851 conceditur,
2976 3786 3149 3839 etiam
3175 3785 3219 3839 si
3251 3801 3365 3855 qua
3396 3801 3518 3839 esse

1884 3884 2113 3954 poterat
2133 3897 2333 3936 eorum
2363 3880 2459 3951 qui
2490 3879 2880 3933 interfuerant
2906 3877 2965 3931 in
3003 3877 3238 3948 privatis
3270 3877 3519 3948 negotiis

1882 3974 2210 4041 auctoritas,
2238 3977 2529 4027 vacuatur.
3152 4044 3155 4045 ν

1952 4070 2054 4124 ΧΧ.
2085 4068 2347 4122 Discusso
2368 4068 2565 4138 itaque
2591 4065 2843 4121 secundo
2872 4065 3142 4136 capitulo,
3162 4063 3408 4120 tertium
3434 4080 3522 4117 su-

1884 4165 2095 4235 perest,
2130 4161 2283 4232 quod
2314 4164 2477 4215 tanto
2515 4160 2794 4214 debemus
2819 4159 2880 4214 in
2924 4159 3201 4215 brevitate
3233 4157 3520 4212 constrin-

1886 4273 2043 4328 gere,
2074 4258 2292 4326 quanto
2318 4258 2376 4309 et
2399 4271 2499 4310 vos
2526 4253 2690 4309 nobis
2718 4254 2841 4308 haec
2879 4253 2939 4307 in
2968 4270 3030 4307 re
3075 4268 3192 4307 non
3235 4251 3524 4306 credimus

1883 4350 2182 4404 resultare.
2216 4349 2414 4420 Neque
2465 4348 2621 4403 enim
2656 4346 3004 4402 Theodoreti
3059 4344 3259 4400 omnia
3311 4344 3524 4414 scripta

1884 4443 2248 4509 damnamus,
2290 4442 2392 4496 sed
2433 4443 2554 4496 sola
2586 4457 2714 4511 quae
2745 4443 2948 4495 contra
2990 4438 3297 4492 duodecim
3329 4436 3523 4506 Cyrilli

1884 4536 2157 4608 capitula,
2186 4536 2311 4589 sola
2341 4551 2469 4605 quae
2500 4538 2703 4589 contra
2736 4536 2958 4587 rectam
3002 4531 3180 4584 ﬁdem
3207 4528 3522 4599 aliquando

162 4629 408 4702 darguit;
433 4634 707 4688 nimirum
736 4633 867 4704 quia
884 4629 1781 4701 contradixerant,reprehendit.
1805 4640 1864 4711 D
1888 4628 2177 4698 scripsisse
2200 4631 2555 4681 monstratur
2578 4644 2591 4693 ;
2621 4643 2750 4697 quas
2774 4632 2974 4679 tamen
2997 4627 3055 4677 et
3075 4623 3194 4693 ipse
3218 4621 3524 4676 damnasse

164 4723 225 4776 Et
253 4727 373 4796 quis
393 4729 517 4782 haec
558 4728 646 4781 vel
676 4728 882 4781 stultus
903 4725 1160 4781 sentiat?
1191 4726 1335 4778 Dum
1380 4726 1607 4778 constat
1630 4722 1786 4794 quod

163 4814 261 4872 hac
291 4820 360 4875 de
387 4839 449 4875 re
495 4822 698 4876 beatus
724 4822 837 4874 Leo
862 4819 1129 4874 Anatolio
1170 4816 1571 4888 conquerenti,
1604 4817 1789 4870 multa

166 4907 218 4963 in
241 4913 579 4970 vicariorum
610 4930 869 4981 suorum,
907 4913 1042 4984 quia
1086 4911 1572 4977 contradixerant,
1617 4909 1787 4964 laude

166 5006 426 5063 rescribat
469 5011 659 5078 (Epist.
692 5006 779 5079 53)
810 5024 823 5062 :
857 5007 1019 5078 cujus
1063 5006 1322 5077 epistolse
1375 5020 1530 5058 nunc
1572 5002 1787 5057 idcirco

166 5098 326 5154 verba
347 5118 466 5158 non
494 5102 783 5173 ponimus,
815 5118 886 5154 ne
913 5101 1183 5155 volumen
1213 5099 1321 5152 hoc
1349 5097 1790 5152 immoderatius

166 5193 704 5250 extendamus.Cum
730 5211 862 5248 vero
884 5197 942 5249 et
962 5192 1295 5263 subjicitur:
1317 5190 1608 5261 Quidquid
1631 5189 1789 5244 enim

170 5288 361 5349 praeter
390 5288 664 5360 speciales
693 5303 895 5342 causas
923 5286 1287 5358 synodalium
1308 5285 1684 5339 conciliorum
1716 5282 1790 5337 ad

169 5388 395 5435 examen
424 5381 746 5452 episcopale
775 5381 1054 5446 defertur,
1080 5381 1273 5450 potest
1293 5379 1548 5448 aliquam
1582 5375 1790 5447 dijudi-

171 5472 324 5525 candi
365 5474 577 5529 habere
623 5474 935 5542 rationem,
968 5475 1185 5544 (aperte
1230 5471 1396 5526 nobis
1424 5470 1655 5525 licentia
1683 5468 1787 5523 tri-

170 5558 367 5634 buitur,
396 5571 457 5623 ut
477 5568 758 5641 quidquid
787 5568 901 5622 illic
931 5570 1090 5622 extra
1115 5565 1250 5619 ﬁdei
1275 5581 1473 5619 causas
1498 5563 1569 5617 de
1589 5578 1786 5634 perso-

174 5652 253 5707 nis
283 5664 501 5728 gestum
534 5664 639 5729 est,
669 5663 1027 5716 retractetur.
1060 5658 1336 5731 Specialis
1366 5658 1580 5730 quippe
1614 5671 1787 5728 syno-

175 5743 373 5807 dalium
402 5756 775 5811 conciliorum
808 5771 976 5810 causa
1006 5757 1092 5809 est
1119 5753 1283 5808 ﬁdes.
1318 5750 1609 5822 Quidquid
1648 5766 1789 5821 ergo

176 5847 368 5906 Prmter
409 5850 588 5905 ﬁdem
624 5849 836 5920 agitur,
893 5850 1083 5903 Leone
1101 5846 1398 5915 ,docente,
1446 5843 1787 5909 ostenditur,

180 5933 300 6002 quia
327 5940 463 5998 nihil
493 5942 700 6011 obstat,
746 5941 793 5996 si
842 5940 917 5997 ad
958 5938 1244 6014 judicium
1294 5941 1611 5994 revocetur.
1646 5935 1791 6003 Quia

1887 4719 2272 4791 cognoscitur,
2319 4719 2454 4788 quia
2479 4719 2539 4773 in
2574 4722 2773 4773 sancta
2801 4715 3257 4773 Chalcedonensi
3298 4713 3521 4786 synodo

1885 4831 2021 4868 vera
2047 4812 2341 4868 confessus
2369 4812 2678 4865 invenitur.
2712 4812 2857 4865 Nam
2890 4809 3186 4881 quomodo
3212 4812 3343 4883 post
3364 4824 3521 4863 erro-

1889 4924 2013 4962 rem
2039 4908 2195 4960 recte
2226 4903 2430 4975 sapiat,
2472 4906 2530 4958 et
2567 4921 2637 4958 ea
2667 4921 2795 4974 quas
2821 4904 2979 4976 prius
3018 4903 3342 4974 scripserat,
3376 4905 3434 4957 et
3456 4918 3527 4958 ea

1890 5017 2019 5072 quae
2050 4999 2109 5053 in
2123 4996 2574 5056 Chalcedonensi
2592 4988 2814 5069 synodo
2843 4998 2913 5052 ab
2940 4997 3035 5051 illo
3057 5000 3191 5052 sunt
3210 5001 3391 5068 gesta,
3407 5011 3528 5050 ma-

1890 5094 2188 5148 nifestant.
2223 5094 2342 5162 Ipse
2369 5107 2622 5162 namque
2652 5091 2916 5145 Nestorio
2959 5092 3234 5157 scribens,
3278 5089 3360 5143 ait
3387 5088 3523 5155 (Col-

1890 5189 1991 5242 lat.
2020 5188 2101 5257 3):
2136 5207 2163 5235 ‹‹
2194 5189 2255 5240 In
2293 5185 2382 5239 his
2409 5201 2538 5255 quas
2565 5185 2623 5237 in
2644 5186 2804 5237 tuam
2833 5184 3283 5238 Venerationem
3312 5181 3526 5251 injuste

1891 5283 2064 5351 atque
2090 5279 2287 5351 inique
2328 5280 2555 5351 prolata
2585 5280 2736 5346 sunt,
2768 5294 2875 5331 nec
2903 5277 2950 5331 si
2977 5276 3121 5331 mihi
3149 5275 3275 5346 quis
3301 5277 3520 5328 utram-

1892 5390 2003 5445 que
2033 5390 2275 5428 manum
2289 5371 2615 5439 absciderit,
2632 5374 2836 5444 potero
2850 5370 3109 5442 praebere
3122 5384 3522 5423 consensum.»

1889 5472 2158 5527 Aemerio
2184 5472 2300 5542 [ΑΙ.
2329 5471 2607 5541 Himerio]
2636 5486 2861 5542 quoque
2887 5466 3237 5523 Nicomedia:
3259 5466 3526 5538 episcopo

1891 5566 2166 5632 scribens,
2190 5565 2270 5619 ait
2294 5564 2489 5636 (Epist.
2519 5568 2579 5619 71
2611 5563 2820 5634 synod.)
2849 5580 2862 5617 :
2888 5583 2915 5612 «
2946 5560 3330 5616 Damnatione
3357 5576 3525 5614 vene-

1891 5658 2060 5713 randi
2087 5661 2145 5712 et
2175 5658 2517 5713 sanctissimi
2544 5656 2797 5729 episcopi
2817 5654 3060 5711 Nestorii
3079 5671 3209 5725 quae
3224 5655 3375 5710 facta
3396 5653 3528 5707 dici-

1889 5755 2004 5820 tur,
2028 5769 2146 5807 non
2166 5752 2445 5807 debemus
2463 5752 2725 5824 praebere
2745 5764 3147 5806 consensum.»
3164 5748 3274 5821 (Ad
3293 5748 3531 5801 Alexan-

1892 5844 2061 5900 drum
2090 5863 2322 5919 quoque
2353 5846 2851 5918 Hierapolitanum
2879 5843 3209 5916 episcopum
3250 5840 3525 5904 scribens,

1892 5938 1998 5995 ait:
2035 5958 2060 5991 α
2088 5940 2157 5995 Et
2183 5943 2317 5995 ante
2344 5942 2455 5996 tuae
2486 5939 2786 5997 Sanctitati
2816 5938 3075 6012 praedixi,
3115 5935 3277 6011 quasi
3304 5929 3527 5993 domini
