4016 6240
468 402 571 471 723

1867 416 2130 471 PELAGII
2168 417 2359 472 ΡΑΡιΕ
2396 417 2443 472 ll
2520 433 2525 438 ”

3741 419 3843 473 724

469 525 599 581 Cum
615 527 795 577 autem
815 523 1026 593 placuit
1048 524 1096 576 ei
1114 522 1209 591 qui
1232 535 1313 575 me
1331 521 1634 590 segregavit
1657 520 1724 575 de
1735 524 1886 576 utero
1906 526 2102 579 matris
2123 534 2182 609 Α
2204 524 2491 580 dicentes:
2534 525 2805 581 Doctrina
2829 527 3034 580 vestrae
3062 523 3396 579 reverendae
3436 523 3588 579 sedis
3628 527 3719 579 est
3741 541 3845 596 per

466 633 616 681 meas,
644 623 693 671 et
716 619 924 671 vocavit
944 633 1043 687 per
1069 618 1306 683 gratiam
1331 630 1507 677 suam,
1529 619 1591 668 ut
1614 616 1878 670 reuelaret
1903 618 2103 673 Filium

467 727 628 767 suum
655 713 715 764 in
740 727 840 777 me,
867 716 929 764 ut
962 710 1383 775 evangelizarem
1410 709 1565 762 illum
1594 710 1653 762 in
1681 710 1949 777 gentibus,
1982 727 2103 767 con-

465 808 620 860 tinuo
647 821 755 859 non
792 805 1040 873 acquievi
1082 804 1238 856 carni
1278 806 1328 856 et
1358 804 1636 869 sanguini.
1692 804 1853 872 Ecce,
1892 804 2102 859 fratres

468 897 809 962 charissimi,
828 898 1035 951 Paulus
1049 894 1317 966 egregius
1339 896 1559 962 doctor,
1584 896 1721 967 quia
1748 896 1845 950 diu
1874 898 2104 954 veritati

466 992 695 1057 restitit,
725 990 860 1043 inde
893 989 965 1043 ad
996 989 1397 1044 conﬁrmanda
1438 990 1615 1043 corda
1650 989 2011 1045 audientium
2042 992 2101 1047 in

468 1085 726 1155 ejusdem
750 1082 1161 1154 praedicatione
1182 1083 1438 1137 veritatis
1456 1082 1808 1152 adjutorium
1827 1086 2098 1156 sumpsit:

463 1177 776 1234 ostendens
791 1176 1211 1247 profecto,quia
1227 1176 1422 1243 fidem,
1438 1176 1528 1229 cui
1540 1178 1701 1230 tanto
1721 1177 1879 1247 prius
1904 1179 2102 1234 labore

460 1271 770 1337 restiterat,
800 1270 1175 1341 postmodum
1202 1270 1325 1325 sine
1354 1286 1585 1341 magnae
1607 1269 1844 1325 rationis
1871 1272 2100 1327 certitu-

465 1365 599 1421 dine
628 1381 746 1420 non
776 1365 1024 1419 tenebat.

531 1462 667 1514 VIII.
690 1460 870 1514 Debet
900 1474 1038 1529 ergo
1071 1457 1431 1529 perpendere
1460 1460 1649 1512 vestra
1680 1458 1941 1525 Dilectio,
1966 1460 2103 1531 quia

462 1553 954 1626 praedecessorum
990 1556 1321 1606 nostrorum
1353 1552 1411 1605 in
1451 1552 1559 1606 hac
1590 1568 1761 1606 causa
1789 1569 2101 1608 consensus

462 1650 625 1702 tanto
650 1652 777 1718 post
797 1645 984 1700 inanis
1006 1662 1123 1700 non
1141 1645 1266 1710 fuit,
1293 1648 1510 1716 quanto
1527 1646 1683 1716 prius
1706 1645 1862 1700 duris
1879 1651 2103 1701 contra-

462 1741 781 1796 dictionum
814 1739 1107 1794 laboribus
1142 1738 1450 1792 insudavit.
1484 1739 1597 1793 Sed
1633 1740 1719 1793 his
1750 1741 1985 1811 insuper
2014 1742 2097 1795 fa-

460 1839 616 1890 ctum
643 1832 815 1899 Petri,
835 1832 931 1903 qui
967 1836 1024 1885 et
1066 1833 1310 1886 Paulum
1337 1836 1586 1903 superat,
1610 1837 1799 1888 vestra
1820 1835 2102 1889 Fraterni-

2202 618 2436 674 beatum
2474 619 2750 687 Leonem,
2780 622 3248 690 successoresque
3273 617 3417 688 ejus,
3466 617 3620 673 unde
3658 634 3844 689 pauca

2203 728 2664 767 commemorare
2681 712 3169 785 praesumpsimus,
3186 715 3485 767 mortuum
3506 712 3578 767 ab
3592 711 3842 767 homini~

2201 807 2309 861 bus
2358 806 2625 861 damnari
2655 808 2982 860 nullatenus
3011 809 3315 877 oportere;
3346 804 3424 875 (et
3450 808 3653 860 tamen
3685 806 3842 861 nulla

2204 900 2254 971 ej
2265 917 2327 953 us
2353 900 2686 955 testimonia
2713 899 3060 967 subdidistis,
3085 899 3292 970 quibus
3315 899 3467 953 hanc
3486 899 3843 955 sententiam

2202 993 2530 1048 firmaretis.
2554 993 2781 1049 Etenim
2801 1010 2927 1065 quae
2948 993 3151 1048 avobis
3167 993 3469 1064 subjuncta
3489 996 3641 1059 sunt,
3664 994 3845 1047 retra-

2204 1088 2515 1142 ctationem
2547 1087 2681 1156 ﬁdei
2703 1086 2828 1141 ﬁeri
2856 1086 3186 1157 prohibent,
3210 1102 3328 1140 non
3346 1089 3543 1140 autem
3571 1085 3845 1140 damnari

2202 1180 2465 1236 inﬁdeles
2492 1185 2752 1236 mortuos
2774 1180 3193 1236 contradicunt.
3216 1179 3329 1234 Sed
3360 1196 3549 1250 neque
3571 1179 3683 1234 hoc
3709 1179 3845 1234 bea-

2201 1277 2325 1329 tum
2354 1275 2605 1328 Leonem
2634 1274 3118 1345 prmdecessorem
3142 1275 3404 1327 nostrum
3434 1272 3689 1343 quodam
3711 1273 3841 1327 loco

2204 1367 2408 1421 dixisse
2425 1367 2815 1421 meminimus.
2835 1367 2970 1431 Quis
2990 1371 3185 1421 autem
3208 1365 3444 1432 nesciat,
3466 1365 3621 1437 quod
3641 1365 3700 1419 in
3719 1365 3845 1420 nul-

2202 1462 2255 1514 lo
2278 1461 2383 1515 sibi
2407 1462 2665 1531 ejusdem
2687 1460 2895 1515 Leonis
2913 1464 2971 1514 et
2995 1461 3151 1515 beati
3172 1458 3476 1530 Augustini
3504 1458 3839 1530 praedicatio

2203 1554 2602 1609 contradicat?
2622 1557 2745 1625 Ipse
2781 1571 3036 1626 namque
3073 1554 3146 1608 ad
3175 1553 3534 1608 Bonifacium
3559 1552 3839 1607 comitem

2203 1648 2474 1715 scribens,
2498 1648 2580 1703 ait
2627 1650 2816 1718 (Epist.
2852 1650 2937 1715 50,
2964 1664 3083 1717 sup.
3113 1648 3232 1702 coll.
3263 1648 3310 1715 5)
3340 1663 3354 1701 :
3406 1646 3463 1702 Si
3491 1663 3627 1700 vera
3646 1648 3843 1700 essent

2204 1758 2331 1813 quae
2354 1742 2425 1797 ab
2449 1741 2531 1795 eis
2560 1741 2785 1812 objecta
2813 1745 2945 1795 sunt
2972 1740 3298 1807 Caeciliano,
3329 1743 3387 1794 et
3411 1740 3575 1794 nobis
3601 1742 3841 1810 possent

2204 1835 2517 1905 aliquando
2539 1834 2870 1901 monstrari,
2904 1834 3090 1905 ipsum
3104 1834 3229 1904 jam
3260 1836 3556 1889 mortuum
3590 1832 3836 1887 anathe-

458 1931 547 1982 tas
576 1928 648 1987 ad
673 1926 1021 1983 memoriam
1039 1926 1295 1979 reducat.
1316 1925 1423 1979 Diu
1452 1926 1663 1997 quippe
1681 1928 1908 1995 restitit,
1934 1945 2005 1982 ne
2028 1929 2103 1983 ad
2120 1909 2177 1980 B
2202 1928 2624 1983 matizaremus.
2649 1929 2764 1984 Sed
2792 1931 2991 1982 tamen
3004 1927 3317 1982 Ecclesium
3332 1927 3558 1991 Christi,
3574 1942 3702 1996 quae
3720 1942 3838 1980 non

461 2021 638 2076 ﬁdem
664 2023 866 2091 gentes
883 2021 1079 2073 sancta
1095 2018 1344 2072 Ecclesia
1362 2019 1485 2073 sine
1506 2019 1939 2075 circumcisione
1962 2022 2101 2076 reci-

458 2117 640 2186 peret,
674 2113 772 2167 diu
804 2130 864 2166 se
899 2129 931 2165 a
958 2128 1363 2167 conversarum
1400 2113 1661 2183 gentium
1689 2116 2099 2170 communione

457 2206 753 2272 subtraxit,
785 2206 968 2260 Paulo
1018 2208 1348 2272 attestante,
1383 2206 1479 2276 qui
1518 2207 1633 2261 ait:
1692 2211 1823 2265 Cum
1869 2212 2100 2264 venisset

458 2302 828 2362 Antiochiam,
856 2301 917 2353 in
948 2302 1146 2367 faciem
1172 2301 1222 2354 ei
1263 2301 1459 2362 restiti,
1493 2303 1624 2369 quia
1663 2303 2098 2371 reprchensibilis

454 2400 592 2450 erat.
620 2396 780 2449 Prius
822 2396 964 2448 enim
1004 2407 1173 2463 quam
1224 2395 1469 2448 venirent
1505 2395 1731 2464 quidam
1761 2396 1829 2449 ab
1878 2398 2094 2459 Jacobo,

455 2505 577 2544 cum
600 2488 855 2556 gentibus
886 2487 1114 2553 edebat;
1147 2502 1267 2540 eum
1297 2492 1478 2541 autem
1505 2491 1795 2551 venissent,
1821 2490 2099 2545 subtrahe-

457 2584 548 2637 bat
576 2597 651 2644 se,
681 2584 874 2635 timens
903 2596 988 2635 eos
1009 2582 1187 2650 quiem
1212 2582 1615 2636 circumcisione
1633 2588 1789 2637 erant
1815 2582 2093 2654 (Galat.1).

453 2677 524 2732 Et
554 2675 728 2731 Paulo
764 2676 927 2745 post:
983 2677 1054 2730 Et
1106 2689 1225 2727 cum
1284 2675 1538 2729 vidissem
1604 2677 1747 2745 quod
1797 2692 1907 2731 non
1962 2682 2099 2732 recte

453 2770 755 2824 ambularet
798 2769 873 2822 ad
900 2770 1188 2823 veritatem
1247 2770 1534 2838 evangelii,
1567 2770 1691 2823 diri
1734 2772 1893 2825 Petro
1918 2786 2099 2826 coram

449 2864 738 2918 omnibus:
792 2864 854 2919 Si
902 2866 962 2915 tu
990 2878 1111 2916 cum
1156 2862 1376 2916 Iudaeus
1415 2864 1511 2925 sis,
1572 2864 1849 2932 gentiliter
1895 2868 1945 2919 et
1988 2880 2097 2920 non

440 2957 669 3027 judaice
703 2958 862 3017 vivis,
895 2956 1156 3025 quomodo
1199 2961 1378 3023 gentes
1413 2959 1555 3024 cogis
1588 2957 1883 3024 judaizare
1907 2960 1935 3011 ?
1988 2957 2097 3022 Qui

448 3053 650 3105 tamen
669 3049 738 3105 ab
758 3049 1158 3104 eodcmPaulo
1178 3049 1553 3120 postmodum
1566 3050 1791 3105 ratione
1808 3056 2092 3123 suscepta,

456 3144 593 3199 dum
616 3143 898 3214 quosdam
923 3143 1282 3213 conspiceret
1303 3144 1399 3213 qui
1430 3144 1676 3214 gentiles
1698 3144 1771 3199 ad
1787 3145 2094 3200 Ecclesium

446 3237 745 3291 venientes
773 3236 1031 3306 pondere
1066 3236 1363 3289 servandae
1400 3236 1852 3292 circumcisionis
1883 3254 2087 3293 onera-

450 3332 601 3397 rent,
650 3328 814 3383 dicit:
870 3331 980 3387 Cur
1026 3331 1244 3383 tentatis
1281 3332 1470 3393 Deum,
1519 3333 1848 3400 imponentes
1892 3333 2093 3402 jugum

452 3423 741 3477 cervicibus
790 3422 1207 3492 discipulorum,
1267 3424 1414 3492 quod
1460 3439 1628 3494 neque
1670 3430 1858 3495 patres
1899 3429 2090 3489 nostri,

452 3532 623 3586 neque
646 3532 740 3571 nos
760 3520 983 3586 portare
1005 3518 1282 3585 potuimus
1303 3516 1442 3588 (Act.
1476 3517 1566 3589 xv)
1593 3519 1621 3572 ?
1657 3518 1947 3589 Nunquid,
1976 3520 2089 3573 fra-

451 3614 569 3664 tres
620 3608 954 3675 lectissimi,
1003 3610 1173 3663 Petro
1229 3611 1624 3680 apostolorum
1692 3612 1939 3683 principi
1986 3613 2091 3668 sibi

453 3703 755 3759 dissimilia
786 3703 1017 3757 docenti
1035 3702 1233 3757 debuit
1258 3704 1330 3757 ad
1360 3705 1482 3759 haec
1510 3705 1682 3759 verba
1702 3706 2091 3776 responderi?

452 3798 581 3853 Hrec
600 3814 726 3869 quae
749 3798 910 3863 dicis,
932 3796 1133 3851 audire
1151 3814 1267 3851 non
1286 3814 1609 3869 possumus,
1624 3800 1762 3870 quia
1776 3800 1933 3854 aliud
1954 3804 2089 3855 ante

450 3891 777 3962 praedicasti
797 3890 824 3945 ?
855 3891 915 3946 Si
941 3890 1117 3961 igitur
1142 3891 1199 3944 in
1224 3892 1396 3945 trium
1419 3892 1801 3963 capitulorum
1831 3894 2086 3964 negotio,

450 3985 606 4039 aliud
636 4001 768 4039 cum
792 3985 1001 4038 veritas
1029 3988 1406 4055 quaereretur,
1439 3986 1596 4040 aliud
1632 3990 1827 4041 autem
1855 3987 2089 4043 inventa

447 4078 709 4144 veritate,
735 4077 953 4131 dictum
983 4081 1087 4144 est,
1113 4095 1215 4132 cur
1229 4080 1472 4134 mutatio
1498 4080 1799 4133 sententiae
1816 4081 1946 4134 huic
1967 4081 2087 4135 sedi

448 4171 508 4225 in
531 4170 770 4225 crimine
805 4170 1092 4242 objicitur,
1124 4188 1251 4243 quae
1281 4189 1314 4227 a
1345 4175 1550 4227 cuncta
1569 4174 1821 4228 Ecclesia
1848 4175 2083 4228 humili-

447 4264 607 4319 terin
631 4263 754 4335 ejus
766 4268 1001 4319 auctore
1018 4266 1367 4341 veneratur?
1386 4267 1510 4320 Non
1530 4266 1685 4319 enim
1702 4268 1947 4322 mutatio
1964 4285 2089 4323 sen-

450 4358 667 4426 tentiae,
684 4359 785 4413 sed
814 4358 1204 4414 inconstantia
1224 4376 1423 4413 sensus
1446 4359 1503 4412 in
1522 4360 1688 4431 culpa
1710 4363 1815 4415 est.
1840 4361 2085 4426 Quando

448 4468 588 4523 ergo
617 4452 690 4506 ad
712 4453 1107 4523 cognitionem
1137 4452 1299 4519 recti,
1329 4452 1576 4507 intentio
1599 4453 2087 4510 incommutabilis

445 4549 809 4617 permaneat,
844 4545 984 4617 quid
1007 4546 1215 4613 obstat,
1245 4545 1289 4600 si
1316 4545 1707 4617 ignorantiam
1734 4565 1899 4603 suam
1921 4549 2082 4603 dese-

2112 3280 2166 3355 C

2198 2021 2464 2091 litigiosis
2490 2021 2859 2093 opinionibus
2883 2021 3140 2092 ﬁngitur,
3165 2021 3265 2075 sed
3286 2020 3492 2075 divinis
3514 2018 3835 2073 attestatio-

2200 2115 2366 2169 nibus
2418 2115 2847 2185 comprobatur,
2882 2118 3121 2185 pr0pter
3170 2113 3492 2184 quemlibet
3528 2112 3837 2167 hominem

2198 2208 2525 2278 relinquere
2554 2224 2669 2263 non
2694 2208 3015 2278 debemus.)
3037 2208 3176 2261 Ecce
3192 2206 3470 2261 mirabilis
3490 2206 3839 2277 praedicator

2199 2304 2257 2355 et
2285 2301 2619 2356 scissioncm
2640 2300 2904 2355 Ecclesiae
2933 2304 3174 2372 prOpter
3190 2300 3490 2355 hominem
3514 2303 3689 2366 vetat,
3714 2297 3840 2353 etsi

2199 2411 2313 2465 qua
2339 2411 2607 2466 perversa
2642 2394 3061 2464 deprehendat,
3093 2410 3227 2447 eum
3256 2410 3427 2463 quem
3472 2392 3698 2463 publice
3731 2391 3835 2446 de-

2199 2488 2475 2542 fendebat
2490 2487 2875 2554 Caecilianum,
2892 2504 2949 2541 se
2974 2487 3149 2541 etiam
3170 2490 3299 2557 post
3318 2489 3571 2541 mortem
3597 2485 3841 2539 anathe-

2198 2581 2473 2635 matizare
2506 2598 2623 2636 non
2642 2581 2913 2651 abnegat,
2934 2581 3070 2651 quia
3082 2580 3346 2634 videlicet
3364 2582 3498 2633 tunc
3512 2578 3838 2633 viventibus

2197 2691 2328 2728 vere
2356 2675 2706 2740 consulatur,
2741 2690 2870 2727 cum
2916 2674 3083 2744 culpa
3114 2673 3171 2727 in
3202 2672 3316 2726 fide
3361 2674 3695 2743 perpetrata
3725 2687 3837 2725 nec

2197 2770 2386 2821 morte
2414 2767 2832 2821 interveniente
2852 2768 3090 2821 laxetur.
3109 2767 3167 2822 Si
3183 2782 3317 2821 vero
3340 2767 3448 2821 hoc
3474 2764 3834 2833 faciendum,

2197 2862 2387 2915 dicere
2417 2861 2659 2915 fortasse
2676 2861 3099 2932 praesumimus,
3133 2861 3241 2914 hoc
3266 2861 3463 2931 procul
3487 2858 3661 2915 dubio
3690 2857 3833 2913 faci-

2194 2971 2342 3021 mus,
2373 2954 2528 3025 quod
2557 2955 2682 3009 ﬁeri
2715 2958 2993 3008 vetamus.
3023 2954 3388 3009 Theodorum
3421 2954 3635 3025 quippe
3679 2968 3839 3008 mor-

2192 3052 2357 3102 tuum
2376 3051 2573 3103 sancta
2586 3047 2836 3119 synodus
2856 3048 3048 3120 prima
3065 3048 3352 3119 Ephesina
3374 3047 3673 3102 damnavit
3686 3045 3832 3114 (Act.

2193 3142 2289 3213 γι).
2316 3144 2458 3196 Nam
2474 3159 2604 3196 cum
2627 3142 2697 3196 ab
2721 3142 2843 3212 ejus
2862 3142 3150 3213 discipulis
3170 3142 3448 3197 dictatum
3471 3142 3542 3196 ab
3564 3141 3659 3195 illo
3684 3158 3837 3212 sym-

2191 3236 2389 3290 bolum
2423 3236 2628 3289 eadem
2656 3235 2876 3307 synodo
2902 3236 3101 3289 fuisset
3126 3236 3441 3307 prolatum,
3474 3234 3624 3290 illico
3650 3235 3767 3289 illic
3800 3251 3836 3290 θ,

2193 3329 2402 3384 sanctis
2424 3329 2687 3383 Patribus
2711 3345 2842 3383 cum
2865 3332 3095 3383 auctore
3121 3329 3465 3383 damnatum
3490 3332 3593 3383 est.
3620 3330 3689 3382 Et
3707 3328 3833 3399 qui-

2194 3423 2328 3477 dem
2362 3422 2470 3493 ipsi
2502 3422 2683 3475 sancti
2710 3423 2909 3476 Patres
2935 3423 2993 3476 in
3027 3422 3231 3477 eadem
3260 3422 3478 3493 synodo
3506 3422 3831 3477 residentes

2192 3516 2265 3570 ad
2282 3516 2590 3570 Dominum
2596 3516 2721 3585 jam
2733 3516 2949 3587 recepti
2965 3519 3115 3581 sunt,
3130 3519 3438 3587 postquam
3456 3516 3829 3571 Theodorum

2193 3609 2572 3663 damnavere:
2608 3612 2665 3662 et
2691 3609 2735 3662 si
2779 3608 3046 3663 damnari
3090 3612 3386 3664 mortuum
3416 3626 3527 3663 non
3557 3609 3830 3663 debuisse

2191 3702 2453 3770 dicimus,
2482 3704 2678 3773 procul
2702 3702 2877 3757 dubio
2892 3705 3151 3757 mortuos
3170 3718 3519 3768 accusamus,
3545 3705 3602 3755 et
3629 3701 3832 3773 incipi-

2190 3812 2321 3849 mus
2346 3796 2731 3863 committere,
2762 3796 2917 3867 quod
2956 3796 3195 3850 nitimur
3224 3795 3550 3867 prohibere.
3579 3794 3693 3849 Sed
3724 3812 3832 3849 cur

2191 3889 2289 3944 diu
2321 3892 2377 3943 et
2416 3906 2545 3959 quae
2573 3888 2751 3944 nostis
2776 3889 3122 3961 loquimur?
3144 3889 3415 3959 Ejusdem
3434 3887 3717 3943 Theodori
3754 3905 3830 3943 ex

2190 3982 2348 4037 libris
2376 3983 2526 4036 illius
2558 3982 2711 4037 dicta
2732 3983 3097 4055 replicemus.
3131 3984 3201 4037 Et
3230 3983 3274 4037 si
3303 3984 3494 4037 Jesum
3521 3980 3593 4051 (α)
3634 3981 3831 4035 Domi-

2189 4093 2327 4129 num
2342 4093 2407 4131 ac
2429 4078 2611 4130 Deum
2631 4080 2918 4143 nostrum,
2934 4076 3030 4147 qui
3052 4079 3183 4147 post
3218 4080 3465 4130 mortem
3482 4075 3690 4142 vivere,
3706 4075 3827 4129 imo

2190 4170 2324 4240 quia
2348 4170 2537 4224 vivere
2567 4170 2840 4238 creditur,
2870 4174 2999 4241 post
3027 4172 3278 4224 mortem
3303 4169 3635 4224 Theodorus
3665 4170 3824 4239 post-

2188 4264 2374 4334 posita
2387 4263 2745 4318 dubitatione
2759 4264 3081 4330 damnavit;
3102 4280 3290 4334 neque
3305 4263 3461 4317 enim
3473 4266 3670 4317 nostra
3680 4261 3827 4317 ﬁdes

2188 4356 2403 4428 patitur
2424 4360 2487 4411 ut
2521 4358 2619 4428 qui
2670 4360 2755 4412 tot
2784 4358 3158 4428 blasphemiis
3201 4356 3576 4427 Redemptori
3621 4359 3824 4410 nostro

2188 4450 2368 4505 hostis
2417 4451 2647 4518 exstitit,
2698 4469 2732 4505 a
2782 4452 2942 4506 vobis
2989 4451 3224 4505 ulterius
3271 4449 3636 4504 defendatur.
3696 4450 3825 4520 Ipse

2186 4544 2401 4616 quippe
2433 4547 2632 4600 contra
2658 4545 3055 4616 Apollinarem
3085 4545 3146 4600 in
3190 4544 3338 4600 libro
3364 4543 3536 4599 tertio
3576 4543 3828 4613 loquens

445 4657 599 4707 rens,
632 4640 807 4694 verba
828 4640 1160 4711 permutet?
1181 4640 1261 4694 De
1294 4640 1417 4711 ipso
1450 4657 1681 4712 quoque
1709 4646 1943 4697 auctore
1965 4653 2160 4725 om-D
2184 4638 2264 4693 ait
2290 4639 2441 4709 (Sup.
2473 4640 2594 4693 coll.
2626 4639 2710 4709 4):

443 4734 606 4789 nium
643 4735 758 4789 Deo
790 4734 1083 4805 Scriptura
1126 4737 1435 4789 attestante
1489 4736 1911 4806 cognoscimus,
1950 4737 2085 4808 quia

445 4828 584 4881 dum
633 4826 937 4882 consilium
990 4844 1107 4883 non
1161 4831 1364 4883 manet
1397 4830 1614 4891 (Forsan
1666 4831 1892 4901 mutat),
1930 4848 2083 4903 stepe

442 4920 793 4975 sententiam
824 4924 1047 4989 mutat;
1090 4938 1281 4993 neque
1322 4922 1478 4978 enim
1507 4922 1836 4995 inopinatus
1865 4924 1916 4979 ei
1947 4943 2079 4995 pro-

440 5018 644 5069 ventus
665 5018 1003 5084 accesserat,
1022 5033 1155 5070 cum
1179 5016 1248 5071 de
1273 5033 1341 5072 eo
1365 5034 1540 5088 quem
1563 5018 1684 5089 ipse
1707 5018 1847 5089 ungi
1871 5036 2083 5090 praece-

438 5111 624 5181 perat,
659 5108 919 5164 dicebat:
954 5112 1182 5165 Pamitet
1210 5126 1291 5166 me
1332 5112 1549 5167 Saulem
1577 5114 1796 5167 unmisse
1820 5128 1997 5183 regem
2024 5117 2081 5168 in

436 5205 607 5259 Israel
635 5203 686 5275 (Ι
729 5207 858 5273 Reg.
887 5203 1000 5274 xv).
1037 5204 1153 5258 Hoc
1204 5204 1417 5276 quippe
1457 5221 1515 5260 se
1564 5206 1849 5261 facturum
1904 5207 2078 5261 etiam

438 5301 573 5353 tunc
590 5297 890 5369 prmscivit,
913 5314 1043 5352 cum
1064 5314 1198 5353 eum
1218 5299 1379 5370 quasi
1395 5288 1772 5371 approbando
1792 5300 2073 5372 praetulit;

438 5409 543 5446 nec
567 5393 639 5446 ad
664 5391 1066 5463 pmnitentiam
1102 5392 1267 5464 quasi
1282 5392 1615 5463 inopinatus
1637 5394 1803 5449 dolor
1820 5394 2073 5463 accessit,

436 5485 538 5539 sed
577 5489 775 5541 tamen
806 5486 1085 5558 paenitere
1129 5503 1188 5540 se
1221 5487 1495 5569 insinuat,
1524 5488 1660 5558 quia
1701 5506 1819 5543 non
1851 5491 2075 5544 mutato

434 5578 693 5647 consilio,
721 5597 790 5635 ea
820 5598 949 5653 qua:
995 5581 1215 5637 dudum
1262 5581 1483 5636 dixerat
1514 5582 1585 5636 de
1616 5582 1712 5637 illo
1743 5583 1919 5638 verba
1949 5600 2075 5655 per-

436 5675 642 5728 mutat.

508 5768 587 5822 IX.
616 5768 677 5820 In
738 5768 824 5821 his
879 5772 1076 5824 autem
1126 5770 1477 5826 testimoniis
1523 5786 1651 5840 qua:
1702 5787 1774 5825 ex
1817 5770 2070 5842 epistolis

433 5860 639 5914 Leonis
662 5861 1101 5931 praedecessoris
1147 5865 1328 5919 nostri
1375 5863 1660 5939 posuistis,
1710 5864 2066 5935 praemisistis

504 5978 581 6050 (α)
608 5979 790 6036 Locus
814 5985 1133 6055 corruptus.
1170 5987 1358 6058 Forte,
1399 5986 1767 6057 inspiciamus,
1792 5988 1842 6043 si
1863 5988 2060 6044 Iesum.

2256 4734 2315 4786 X.
2353 4755 2379 4781 ‹‹
2411 4732 2711 4796 Quomodo
2741 4732 2917 4804 igitur
2937 4736 3017 4802 tu,
3042 4733 3130 4788 cui
3150 4749 3318 4805 super
3335 4749 3540 4788 omnes
3567 4731 3825 4788 maxime

2186 4826 2353 4881 decet
2380 4826 2666 4881 mentium
2688 4827 2973 4898 regimen,
3003 4828 3164 4882 illum
3190 4828 3286 4898 qui
3314 4844 3380 4882 ex
3400 4827 3632 4899 Virgine
3650 4830 3829 4882 natus

2184 4930 2289 4996 est,
2321 4927 2504 4979 Deum
2534 4943 2677 4994 esse,
2713 4930 2770 4980 et
2796 4943 2861 4980 ex
2903 4928 3023 4981 Deo
3065 4927 3617 4981 consubstantialem
3664 4926 3827 4982 Patri

2183 5019 2499 5074 existimari
2520 5020 2679 5087 dicis,
2705 5019 2812 5073 nisi
2833 5020 2981 5074 forte
3004 5023 3200 5075 sancto
3229 5020 3464 5091 Spiritui
3490 5019 3639 5073 illius
3666 5035 3830 5074 crea-

2183 5114 2402 5168 tionem
2426 5113 2716 5185 imputare
2743 5130 2860 5168 non
2885 5114 3055 5184 jubes
3083 5114 3111 5169 ?
3138 5114 3253 5170 Sed
3285 5114 3413 5185 quis
3447 5116 3533 5167 est
3560 5115 3728 5178 Deus,
3762 5116 3829 5168 et

2181 5224 2248 5261 ex
2300 5208 2437 5273 Deo,
2462 5209 2517 5261 et
2560 5206 3063 5289 consubstantialis
3103 5207 3303 5262 Patri?
3350 5208 3398 5261 ls
3428 5206 3584 5261 idem
3621 5206 3721 5277 qui
3753 5223 3828 5261 ex

2178 5300 2411 5371 Virgine
2450 5303 2618 5355 natus
2650 5303 2792 5369 erat,
2820 5302 2870 5369 (0
2909 5301 3241 5356 mirandum
3267 5300 3302 5374 Ξ)
3331 5304 3389 5356 et
3416 5301 3510 5371 qui
3555 5317 3661 5371 per
3691 5299 3824 5371 Spi-

2179 5394 2353 5449 ritum
2383 5398 2647 5449 sanctum
2693 5394 3013 5449 secundum
3055 5395 3276 5449 divinas
3315 5394 3639 5465 Scripturas
3664 5394 3822 5465 plas-

2177 5491 2367 5543 matus
2383 5490 2553 5557 est,et
2565 5488 2971 5543 conﬁctionem
2989 5487 3046 5541 in
3058 5487 3325 5542 muliebri
3342 5487 3563 5558 accepit
3575 5490 3779 5541 ventre
3793 5488 3825 5541 ?

2176 5584 2369 5637 Inerat
2390 5582 2651 5651 forsitan,
2676 5583 2811 5655 quia
2833 5599 2969 5638 mox
2994 5599 3170 5654 quam
3203 5582 3518 5654 plasmatus
3547 5584 3653 5647 est,
3678 5585 3826 5637 etut

2174 5677 2460 5749 templum
2476 5677 2576 5733 Dei
2598 5680 2747 5732 esset
2757 5677 3004 5748 accepit:
3025 5692 3143 5731 non
3156 5679 3354 5731 tamen
3370 5674 3822 5730 existimandum

2172 5771 2338 5825 nobis
2366 5773 2452 5825 est
2501 5773 2685 5826 Deum
2732 5771 2802 5826 de
2829 5771 3063 5843 Virgine
3091 5774 3293 5825 natum
3335 5786 3476 5823 esse.
3507 5791 3535 5817 ››
3598 5770 3668 5824 Et
3688 5773 3820 5841 post

2172 5881 2353 5935 pauca
2372 5882 2384 5919 :
2415 5887 2441 5916 ς(
2454 5867 2567 5921 Nec
2584 5865 2901 5923 secundum
2920 5869 3078 5921 tuam
3094 5880 3295 5919 vocem
3312 5863 3816 5937 pronuntiandum

2164 5987 2332 6045 Hine.
