4016 6240
167 377 277 431 725

1454 378 1793 435 EPISTOLA‘J
1831 378 1914 433 ΕΤ
1952 378 2285 435 DECRETA.
3464 387 3562 439 λϐ

164 487 276 547 est,
307 483 566 541 omnino
596 500 665 539 ex
709 484 945 557 Virgine
993 487 1195 541 natum
1235 487 1417 542 Deum
1465 502 1610 555 esse,
1659 489 1718 543 et
1756 502 1827 543 ex
1847 496 1909 570 Α
1929 486 2106 541 Deum
2126 487 2317 541 dicens
2339 486 2473 556 (non
2496 486 2651 542 enim
2672 488 3098 545 resurrectionis
3128 490 3363 546 scientia
3391 490 3556 546 doce-

169 578 294 633 Deo
327 578 892 634 consubstantialem
920 579 1094 634 Patri.
1128 602 1156 629 ››
1188 580 1259 634 Et
1284 583 1416 652 post
1444 597 1627 652 pauca
1659 598 1672 636 :
1711 602 1739 631 ‹‹
1768 581 1829 638 Si

169 671 358 743 igitur
409 688 550 726 cum
593 688 767 727 carne
807 676 940 728 eum
982 676 1184 729 natum
1231 689 1354 728 esse
1406 673 1622 744 dicunt,
1672 675 1831 746 quod

173 768 376 821 autem
412 770 624 822 natum
643 770 748 832 est,
771 767 921 822 Deus
945 771 1003 822 et
1031 784 1100 822 ex
1126 768 1264 834 Deo,
1293 770 1353 822 et
1380 767 1833 824 consubstantia-

170 859 243 914 lis
259 859 425 914 Patri
456 864 565 928 est,
599 877 832 916 necesse
845 864 931 915 est
959 864 1019 915 et
1047 861 1157 916 hoc
1173 877 1410 916 carnem
1434 860 1646 929 dicere,
1670 861 1830 933 quod

172 952 218 1007 si
252 969 378 1007 non
412 954 530 1008 hoc
555 970 686 1008 caro
718 958 820 1021 est,
850 954 1122 1025 quoniam
1153 970 1259 1008 nec
1276 956 1443 1021 Deus,
1468 972 1573 1010 nec
1604 971 1671 1009 ex
1690 958 1828 1023 Deo,

172 1063 281 1101 nec
312 1046 833 1103 consubstantialis
861 1047 1031 1115 Patri,
1062 1048 1162 1103 sed
1193 1065 1260 1103 ex
1292 1048 1512 1103 semine
1544 1048 1739 1117 David,
1773 1052 1832 1104 et

172 1140 697 1196 consubstantialis
727 1141 781 1195 ei
813 1141 973 1212 cujus
1015 1158 1214 1197 semen
1264 1145 1368 1207 est,
1412 1158 1530 1196 non
1572 1142 1629 1196 id
1673 1143 1831 1214 quod

175 1237 383 1288 natum
416 1237 513 1288 est
542 1251 613 1289 ex
642 1234 894 1305 Virgine,
924 1236 1093 1301 Deus,
1126 1239 1185 1290 et
1214 1251 1282 1291 ex
1311 1236 1452 1302 Deo,
1493 1238 1553 1290 et
1592 1236 1832 1292 consub-

174 1327 479 1382 stantialis
509 1328 682 1383 Patri.
715 1350 743 1378 »

247 1422 319 1475 Et
349 1426 495 1493 post
514 1438 737 1494 pauca:
773 1423 947 1477 «Non
978 1423 1129 1477 Deus
1149 1422 1401 1478 Verbum
1428 1439 1494 1477 ex
1522 1423 1695 1479 Maria
1725 1441 1826 1479 na-

176 1519 268 1569 tus
299 1518 413 1583 est,
451 1518 627 1570 natus
656 1519 851 1570 autem
878 1518 965 1570 est
994 1532 1060 1570 ex
1079 1515 1270 1584 Maria,
1296 1516 1392 1587 qui
1414 1533 1481 1570 ex
1502 1517 1725 1572 semine
1747 1521 1834 1573 est

178 1608 396 1675 David;
436 1625 560 1664 non
580 1611 725 1665 Deus
752 1610 1002 1663 Verbum
1025 1627 1091 1664 ex
1114 1609 1358 1664 muliere
1380 1614 1550 1664 natus
1577 1613 1681 1665 est.
1705 1632 1734 1661 »
1759 1612 1829 1665 Et

177 1701 397 1757 iterum
422 1720 437 1758 :
480 1724 511 1753 «
541 1703 707 1768 Quod
738 1702 990 1757 edictum
1018 1706 1105 1757 est
1132 1703 1289 1757 enim
1316 1704 1626 1758 Ducebatur
1652 1721 1687 1757 a
1713 1703 1834 1775 Spi-

1928 579 2029 634 bat
2052 584 2107 635 et
2131 581 2310 635 Deum
2336 596 2455 635 esse
2476 596 2609 636 eum
2635 581 2734 654 qui
2774 583 3059 652 surrexit),
3105 582 3203 638 sed
3244 584 3408 655 quasi
3454 599 3560 655 pro

1928 673 2205 728 miraculo
2229 673 2375 728 facto
2404 675 2581 730 Deum
2610 675 2905 731 collaudat.
2929 697 2958 726 »
2992 677 3259 747 Ejusdem
3282 677 3562 734 Theodori

1929 783 2000 822 ex
2026 772 2348 823 commento
2373 768 2525 840 quod
2546 773 2631 824 est
2671 769 2732 823 in
2770 771 2942 825 Actus
2988 772 3377 841 apostolorum
3417 772 3562 827 libro

1928 860 2160 932 primo:
2207 880 2235 913 ι(
2285 862 2378 916 ille
2424 865 2620 917 autem
2662 862 2822 932 dixit,
2867 869 3127 935 oportere
3171 865 3565 936 paenitentiam

1928 954 2160 1021 agentes
2188 966 2283 1005 eos
2307 966 2413 1022 pro
2439 951 2617 1006 crucis
2643 952 2706 1006 in
2733 951 3049 1024 iniquitate,
3096 958 3152 1009 et
3196 959 3564 1026 agnoscentes

1931 1043 2275 1099 Salvatorem
2301 1048 2358 1099 et
2382 1044 2707 1115 Dominum,
2730 1050 2787 1101 et
2810 1046 3069 1101 omnium
3087 1052 3375 1102 auctorem
3390 1048 3565 1104 bono-

1931 1152 2063 1191 rum
2084 1136 2275 1191 Jesum
2301 1137 2609 1207 Christum,
2639 1139 2913 1209 quoniam
2941 1156 3046 1211 per
3063 1140 3169 1195 ista
3209 1141 3468 1211 pervenit
3508 1143 3565 1195 et

1930 1235 2252 1301 assumptus
2263 1234 2348 1285 est
2359 1230 2549 1285 divina
2559 1231 2846 1301 natura,in
2858 1233 3088 1305 [ipsum]
3102 1232 3317 1306 Spiritu
3329 1233 3564 1305 quidem

1930 1324 2101 1379 ﬁdem
2130 1324 2430 1396 suscipere,
2458 1329 2515 1380 et
2538 1325 2661 1396 ejus
2689 1325 2990 1398 discipulos
3030 1326 3152 1382 ﬁeri
3189 1332 3319 1382 ante
3373 1327 3566 1382 omnia

1930 1418 2001 1473 ad
2028 1418 2308 1489 baptisma
2332 1418 2679 1486 accedentes,
2710 1420 2862 1491 quod
2888 1424 2945 1475 et
2972 1421 3096 1492 ipse
3118 1421 3349 1477 tradidit
3379 1421 3560 1491 nobis,

1929 1511 2390 1568 reformationem
2418 1513 2649 1584 quidem
2670 1513 2889 1569 habens
2908 1513 3296 1585 inspirationis
3311 1515 3566 1587 [praefor-v

1929 1606 2245 1660 mationem
2270 1623 2326 1677 q.
2359 1607 2419 1661 h.
2451 1607 2813 1678 sperationis]
2840 1608 3186 1677 futurorum,
3232 1608 3295 1662 in
3333 1609 3566 1664 nomine

1932 1704 2125 1754 autem
2144 1699 2546 1754 celebrandum
2574 1701 2752 1755 Patris
2781 1705 2838 1756 et
2866 1700 2989 1755 Filii
3016 1706 3074 1757 et
3100 1702 3277 1756 sancti
3303 1701 3563 1773 Spiritus.

177 1800 293 1853 ritu
322 1798 555 1869 (Matth.
600 1797 676 1868 IV)
717 1799 914 1868 aperte
946 1796 1055 1851 hoc
1096 1796 1400 1867 signiﬁcat,
1439 1797 1595 1869 quod
1642 1797 1713 1852 ab
1761 1814 1897 1869 eo_
1934 1794 2046 1847 Hoc
2094 1792 2248 1847 enim
2291 1793 2443 1864 quod
2481 1798 2605 1848 est:
2648 1797 2719 1850 Et
2749 1796 3051 1865 baptizatur
3084 1797 3457 1865 unusquisque
3510 1798 3570 1849 in

178 1864 525 1963 regebatur,
557 1891 629 1945 ab
658 1864 727 1944 eo
754 1864 831 1945 ad
857 1864 1209 1944 voluntatem
1229 1864 1537 1962 [virtutem]
1567 1891 1831 1963 preposi-
1852 1864 1909 1935 B
1932 1888 2145 1941 nomine
2176 1888 2301 1941 Iesu
2329 1888 2530 1945 Christi
2561 1887 2704 1958 (Act.
2733 1864 2962 1958 11),inon
2989 1889 3098 1943 hoc
3127 1864 3280 1958 dicit,
3313 1864 3381 1943 ut
3404 1904 3565 1943 voca-

180 1988 383 2039 torum
417 1983 888 2051 coufortabatur;
923 1983 995 2038 ab
1023 2000 1090 2038 eo
1111 1983 1187 2037 ad
1217 1984 1338 2038 haec
1377 2000 1505 2055 qua:
1536 1985 1839 2056 Oportebat

184 2077 531 2143 ducebatur,
553 2076 626 2130 ab
645 2092 712 2131 eo
726 2076 883 2147 quod
904 2076 1146 2131 decebat
1166 2076 1496 2143 docebatur,
1515 2077 1586 2131 ab
1600 2093 1668 2132 eo
1686 2077 1838 2148 cogi.

180 2170 505 2226 tationibus
534 2169 930 2235 roborabatur,
963 2172 1026 2223 ut
1055 2169 1130 2224 ad
1147 2172 1373 2224 tantum
1404 2173 1697 2226 certamen
1715 2171 1835 2225 suf-

185 2264 406 2331 ﬁceret,
427 2263 579 2318 sicut
608 2266 667 2317 et
688 2264 890 2317 beatus
917 2264 1124 2318 Paulus
1153 2263 1324 2318 dicit:
1354 2264 1669 2333 Quicunque
1682 2267 1836 2333 Lenim

189 2357 405 2428 Spiritu
436 2360 538 2413 Dei
561 2362 821 2427 aguntur,
850 2358 909 2411 hi
926 2361 1057 2411 sunt
1077 2357 1182 2425 ﬁlii
1200 2359 1296 2412 Dei
1322 2358 1491 2428 (Rom.
1522 2358 1663 2428 vm).
1690 2380 1718 2406 »

256 2450 420 2506 ldem
449 2451 615 2521 cujus
643 2467 852 2522 supra:
888 2472 916 2500 «
947 2450 1152 2504 Dicant
1176 2450 1351 2519 igitur
1372 2450 1539 2505 nobis
1571 2450 1833 2506 omnium

186 2543 622 2615 sapientissimi,
654 2544 701 2598 si
729 2560 838 2616 pro
860 2560 1031 2598 sensu
1062 2543 1306 2598 Domino
1329 2545 1464 2598 Jesu
1493 2543 1716 2599 Christo
1738 2544 1833 2614 qui

191 2640 275 2691 est
305 2638 630 2693 secundum
648 2653 903 2703 carnem,
931 2635 1196 2690 divinitas
1227 2636 1375 2690 facta
1392 2640 1559 2703 esset,
1589 2636 1732 2691 sicut
1748 2636 1834 2691 di-

193 2735 345 2797 cunt,
381 2731 529 2802 quid
548 2730 730 2785 sancti
751 2730 994 2801 Spiritus
1013 2729 1422 2802 cooperatione
1452 2730 1525 2784 ad
1546 2730 1837 2785 haecChri-

191 2824 627 2895 stusindigebat
645 2824 672 2878 ‘?
690 2825 804 2879 Nec
829 2824 985 2878 enim
1010 2823 1294 2894 unigeniti
1321 2823 1589 2878 divinitas
1616 2823 1834 2895 Spiritu

190 2917 495 2989 indigebat
516 2918 590 2973 ad
622 2916 1115 2988 justiﬁcationem,
1162 2916 1377 2987 Spiritu
1410 2916 1712 2987 indigebat
1760 2919 1835 2973 ad

191 3011 503 3066 vicendum
532 3011 845 3077 diabolum,
879 3010 1094 3081 Spiritu
1117 3009 1414 3081 indigebat
1431 3010 1504 3064 ad
1537 3012 1835 3082 cperanda

194 3104 499 3173 miracula;
527 3103 742 3176 Spiritu
774 3103 1075 3175 indigebat
1088 3107 1152 3157 ut
1178 3103 1483 3158 doceretur
1498 3120 1567 3158 ea
1584 3120 1712 3174 quae
1740 3105 1836 3159 de-

195 3198 360 3253 cebat
395 3213 721 3270 peragere;
755 3196 972 3269 Spiritu
998 3196 1301 3267 indigebat
1328 3199 1392 3251 ut
1434 3196 1834 3253 immaculatus
1854 3230 1909 3305 Ο

195 3294 522 3363 appareret.
549 3312 579 3341 »

264 3385 333 3438 Et
355 3388 496 3456 post
522 3400 743 3456 pauca:
782 3404 810 3433 «
836 3385 915 3439 Ac
944 3383 989 3437 si
1021 3383 1175 3438 dicat
1196 3383 1392 3437 Iesus:
1422 3383 1542 3455 Ego
1574 3382 1834 3455 quidem,

198 3493 367 3548 quem
384 3477 616 3545 videtis,
634 3477 779 3532 nihil
798 3477 1033 3549 quidem
1057 3478 1247 3532 facere
1267 3493 1504 3549 possum
1516 3476 1835 3532 secundum

198 3585 388 3625 meam
415 3574 705 3637 naturam,
733 3586 863 3625 cum
884 3570 1062 3625 homo
1079 3570 1208 3637 sim,
1232 3587 1443 3643 operor
1461 3574 1676 3639 autem,
1701 3569 1837 3641 quia

198 3666 253 3718 in
276 3681 358 3719 me
378 3680 612 3720 manens
636 3667 802 3719 Pater
822 3666 1002 3719 omnia
1028 3667 1166 3732 facit
1184 3664 1359 3735 (Joan.
1387 3665 1517 3733 xxv).
1548 3663 1835 3728 Quoniam

200 3758 351 3813 enim
390 3763 451 3814 et
494 3774 589 3828 ego
626 3761 685 3813 in
715 3761 898 3821 Patre,
936 3762 987 3813 et
1029 3760 1194 3813 Pater
1217 3760 1278 3812 in
1312 3774 1397 3813 me
1435 3756 1643 3829 (1bid.),
1686 3759 1835 3812 Deus

200 3854 387 3907 autem
415 3853 673 3907 Verbum
694 3851 1027 3923 unigenitus
1042 3851 1142 3907 Dei
1172 3851 1232 3905 in
1261 3868 1355 3905 me
1377 3853 1480 3917 est,
1505 3853 1728 3905 certum
1752 3853 1839 3906 est

202 3945 352 4015 quod
371 3949 430 4000 et
459 3947 627 4000 Pater
646 3961 778 3999 cum
808 3946 933 4017 ipso
965 3945 1022 3999 in
1040 3961 1134 3999 me
1156 3948 1371 4010 manet,
1391 3946 1448 3997 et
1468 3960 1645 4014 opera
1678 3943 1831 3999 facit.

206 4037 271 4091 Et
281 4055 397 4093 non
408 4043 497 4094 est
515 4038 851 4094 mirandum
874 4038 945 4093 de
957 4038 1181 4093 Christo
1203 4038 1325 4091 haec
1347 4035 1683 4103 existimari,
1704 4053 1837 4091 cum

206 4131 630 4204 evidenteripse
654 4132 725 4187 de
748 4132 968 4186 caeteris
992 4130 1321 4186 hominibus
1354 4129 1532 4184 dicat:
1574 4129 1680 4194 Qui
1714 4130 1838 4183 dili-

206 4227 280 4290 git
307 4242 407 4289 me,
433 4242 613 4281 meum
637 4227 855 4281 verbum
881 4227 1150 4281 observet:
1187 4229 1239 4279 et
1265 4226 1427 4278 Pater
1467 4223 1658 4290 diliget
1691 4238 1835 4286 eum,

209 4322 255 4370 et
272 4320 345 4373 ad
368 4337 488 4375 eum
513 4323 805 4383 veniemus,
829 4324 879 4375 et
896 4322 1228 4374 mansionem
1257 4318 1408 4387 apud
1449 4318 1628 4386 ipsum
1667 4317 1837 4383 facie-

210 4427 321 4466 mus
348 4415 553 4483 (Ibid.).
579 4434 608 4463 »
639 4415 709 4467 Et
742 4413 952 4467 iterum
978 4429 991 4466 :
1020 4434 1048 4461 ‹‹
1069 4411 1299 4467 Sciebat
1319 4410 1622 4477 subtiliter,
1652 4412 1715 4463 ut
1739 4425 1840 4463 no-

211 4506 325 4559 tam
357 4507 595 4578 quidem
650 4507 867 4561 faceret
904 4505 1173 4577 gentibus
1211 4504 1509 4577 pietatem,
1544 4504 1841 4573 pateretur

1934 1979 2152 2034 tionem
2174 1996 2303 2051 quin
2329 1979 2389 2034 in
2419 1980 2651 2034 nomine
2673 1982 2851 2035 Patris
2876 1987 2933 2037 et
2958 1981 3081 2037 Filii
3112 1986 3171 2037 et
3193 1983 3368 2037 sancti
3384 1982 3566 2053 Spiri-

1936 2079 2028 2127 tus
2055 2076 2158 2141 est,
2186 2073 2590 2144 relinquentes,
2620 2076 2810 2129 lesum
2835 2074 3120 2130 Christum
3148 2075 3209 2129 in
3232 2075 3569 2146 baptismate

1935 2170 2125 2234 vocet;
2158 2166 2256 2220 sed
2279 2166 2445 2237 quale
2472 2169 2558 2221 est
2600 2168 2726 2235 hoc,
2769 2168 2922 2239 quod
2967 2167 3028 2222 in
3073 2169 3257 2238 Moyse
3302 2168 3570 2239 baptizati

1935 2260 2146 2314 suntin
2164 2260 2318 2315 nube
2353 2265 2409 2314 et
2428 2260 2489 2314 in
2522 2261 2668 2315 mari
2696 2262 2742 2329 (Ι
2779 2262 2898 2317 Cor.
2934 2264 3009 2331 x),
3061 2265 3121 2316 ut
3168 2261 3382 2316 diceret
3428 2261 3565 2333 quia

1936 2354 2041 2408 sub
2061 2353 2212 2407 nube
2241 2356 2299 2407 et
2321 2353 2381 2407 in
2410 2355 2554 2408 mari
2596 2354 2990 2425 Egyptiorum
3025 2354 3270 2426 separati
3307 2359 3463 2421 sunt,
3504 2353 3570 2408 li-

1934 2447 2118 2502 berati
2162 2463 2361 2501 eorum
2400 2447 2689 2514 servitute,
2735 2452 2801 2502 ut
2852 2448 3052 2519 Moysis
3094 2449 3254 2520 leges
3306 2447 3565 2503 attende-

1935 2546 2102 2610 rent;
2144 2541 2255 2595 tale
2301 2545 2404 2609 est,
2451 2545 2507 2595 et
2544 2541 2859 2611 baptizetur
2899 2542 3292 2614 unusquisque
3341 2543 3403 2596 in
3450 2557 3566 2596 no-

1936 2635 2090 2688 mine
2119 2636 2247 2689 Jesu
2277 2633 2482 2691 Christi
2516 2650 2530 2689 :
2581 2638 2648 2689 ut
2691 2651 2822 2690 cum
2862 2636 2933 2690 ad
2980 2636 3171 2707 ipsum
3213 2635 3573 2691 accessissent

1934 2732 2207 2800 tanquam
2236 2728 2606 2797 Salvatorem,
2653 2731 2711 2783 et
2752 2729 3013 2783 omnium
3052 2729 3337 2784 bonorum
3373 2733 3567 2784 aucto-

1933 2836 2078 2888 rem,
2131 2825 2186 2875 et
2233 2821 2523 2876 doctorem
2551 2821 2822 2890 veritatis,
2853 2822 2925 2876 ab
2954 2821 3077 2892 ipso
3106 2826 3302 2893 utpote
3340 2826 3571 2878 auctore

1933 2914 2215 2969 bonorum
2247 2920 2304 2969 et
2331 2915 2557 2970 doctore
2586 2914 2834 2970 veritatis
2874 2920 3226 2984 vocarentur,
3258 2914 3403 2970 sicut
3441 2932 3566 2970 om-

1934 3007 2100 3062 nibus
2126 3008 2453 3064 hominibus
2496 3025 2895 3081 quamcunque
2953 3014 3162 3064 sectam
3203 3008 3571 3081 sequentibus

1934 3101 2280 3155 consuetudo
2310 3105 2397 3156 est
2423 3102 2494 3156 ab
2525 3102 2649 3173 ipso
2691 3102 2973 3174 dogmatis
3014 3102 3309 3157 inventore
3357 3102 3568 3169 vocari,

1935 3200 1999 3250 ut
2028 3194 2323 3262 Platonici,
2357 3198 2415 3250 et
2442 3195 2736 3266 Epicurei,
2779 3201 2835 3252 et
2876 3196 3191 3265 Manichaei,
3233 3200 3289 3251 et
3330 3196 3562 3252 Marcio-

1934 3288 2119 3358 nistas,
2154 3293 2211 3343 et
2239 3288 2469 3360 quidem
2491 3288 2558 3358 [si
2589 3289 2841 3359 quidem]
2874 3291 3010 3345 tales
3039 3291 3325 3345 dicuntur.
3356 3289 3569 3344 Eodem

1934 3382 2089 3437 enim
2118 3382 2290 3437 modo
2321 3386 2377 3437 et
2419 3398 2523 3436 nos
2562 3382 2850 3438 nominari
2889 3384 3237 3440 Christianos
3273 3383 3566 3455 judicave-

1934 3481 2073 3532 runt
2099 3475 2360 3547 apostoli.
2393 3496 2422 3525 »

2005 3570 2272 3641 Ejusdem
2292 3569 2578 3625 Theodori
2595 3569 2656 3623 in
2670 3569 2826 3625 libris
2855 3570 2924 3626 de
2947 3570 3337 3628 incarnatione
3355 3570 3421 3626 ;’‹‹
3440 3572 3571 3627 Plus

1933 3663 2355 3737 inquietabatur
2384 3662 2673 3732 Dominus,
2708 3666 2767 3717 et
2793 3669 3082 3720 certamen
3113 3666 3296 3737 majus
3324 3665 3572 3721 habebat

1934 3758 2005 3812 ad
2065 3756 2271 3812 anima:
2315 3755 2619 3827 passiones,
2668 3773 2841 3828 quam
2899 3759 3179 3829 corporis;
3241 3762 3301 3814 et
3345 3758 3569 3813 meliori

1934 3850 2123 3906 animo
2150 3850 2415 3905 libidines
2443 3849 2720 3917 vincebat,
2751 3850 3036 3906 mediante
3065 3852 3272 3907 deitate
3312 3852 3385 3906 ad
3433 3867 3565 3923 per-

1934 3943 2255 4000 fectionem.
2287 3943 2446 3999 Unde
2476 3948 2532 3999 et
2560 3943 2832 3997 Dominus
2860 3943 2933 3997 ad
2963 3944 3083 3999 haec
3115 3945 3363 4000 maxime
3402 3944 3565 4000 insti-

1934 4042 2097 4093 tuere
2127 4037 2351 4093 videtur
2379 4042 2686 4092 certamen.
2722 4056 2749 4088 »

2010 4133 2148 4186 ltem
2195 4131 2451 4201 ejusdem
2494 4130 2555 4184 in
2600 4130 2747 4185 libro
2793 4134 2993 4185 contra
3048 4131 3419 4202 Synusiastas,
3483 4133 3572 4189 vel

1935 4224 2391 4295 Apollinaristas:
2430 4246 2457 4274 «
2490 4224 2598 4280 Sed
2628 4225 2677 4279 si
2707 4239 2834 4278 caro
2865 4228 3006 4290 erat,
3038 4223 3245 4296 inquit,
3278 4225 3564 4295 cruciﬁxa,

1937 4318 2219 4389 quomodo
2245 4318 2325 4372 sol
2346 4318 2533 4373 radios
2549 4318 2771 4385 avertit,
2800 4322 2857 4373 et
2872 4317 3122 4373 tenebrae
3153 4322 3573 4389 occupaverunt

1936 4415 2147 4466 terram
2167 4427 2423 4480 omnem,
2446 4416 2504 4467 et
2522 4415 2690 4467 terrae
2718 4416 2926 4481 motus,
2951 4414 3010 4466 et
3022 4414 3198 4482 petra:
3216 4411 3400 4466 scissae
3415 4417 3569 4479 sunt,

1938 4507 1997 4558 et
2051 4503 2266 4558 mortui
2320 4510 2692 4560 surrexerunt
2733 4506 2908 4574 (Matt.
2955 4506 3156 4574 xxvn)?
3213 4504 3357 4569 Quid
3399 4505 3574 4576 igitur

213 4601 401 4655 autem
430 4600 822 4661 laborantium
843 4599 1226 4666 inﬁrmitates,
1259 4601 1317 4653 et
1342 4597 1418 4652 sic
1459 4597 1533 4652 ad
1569 4595 1836 4651 effectum
1856 4602 1916 4675 D
1940 4596 2127 4651 dicant
2157 4600 2215 4650 et
2243 4596 2311 4651 de
2341 4597 2590 4652 tenebris
2640 4598 2700 4653 in
2742 4600 2985 4671 Λεωτρῐο
3022 4598 3182 4655 factis
3224 4599 3574 4670 temporibus

215 4707 370 4748 suam
406 4695 766 4749 voluntatem
801 4693 1106 4748 educeret:
1140 4698 1198 4747 et
1219 4690 1642 4762 justiﬁcabatur
1678 4689 1837 4758 inde,

216 4787 271 4837 et
328 4786 737 4842 immaculatus
795 4786 1223 4852 ostendebatur,
1296 4785 1410 4839 sive
1474 4782 1840 4856 reparatione

217 4876 543 4951 [pejorum],
565 4881 681 4935 sive
708 4880 962 4936 custodia
992 4879 1323 4947 meliorum,
1356 4878 1471 4933 sive
1503 4877 1681 4932 etiam
1700 4893 1842 4948 pau-

217 4970 371 5028 latim
396 4974 472 5029 ad
502 4974 748 5029 meliora
775 4973 1146 5046 profectibus.
1177 4994 1206 5023 »

282 5067 346 5121 Et
372 5071 507 5140 post
546 5084 734 5140 pauca
771 5066 1032 5138 ejusdem
1077 5063 1363 5121 Theodori
1407 5081 1473 5119 ex
1512 5067 1844 5120 commento

220 5163 528 5216 secundum
551 5164 864 5217 Joannem:
887 5180 916 5214 ‹(
937 5159 1081 5216 Dicit
1104 5159 1177 5213 ad
1201 5160 1487 5215 Thomam
1510 5160 1698 5227 :Infer
1709 5159 1848 5228 digi-

222 5255 331 5307 tum
356 5260 509 5310 tuum
531 5257 654 5318 huc,
686 5261 739 5311 et
753 5256 877 5310 uide
901 5269 1095 5309 manus
1118 5269 1284 5318 meas,
1307 5257 1360 5308 et
1378 5254 1597 5322 porrige
1625 5267 1849 5306 manum

226 5347 386 5411 tuam,
413 5354 462 5403 et
479 5351 631 5404 mitte
651 5351 710 5403 in
737 5350 881 5403 latus
904 5364 1103 5411 meum,
1131 5351 1182 5402 et
1209 5347 1323 5402 noli
1363 5361 1475 5401 esse
1511 5345 1847 5407 incredulus,

1938 4687 2140 4760 Moysis
2167 4705 2286 4743 non
2316 4705 2419 4759 per
2445 4694 2558 4744 tres
2588 4691 2776 4761 horas,
2811 4694 2913 4748 sed
2941 4710 3045 4766 per
3073 4698 3186 4749 tres
3217 4691 3337 4747 dies
3368 4692 3570 4762 '(Emod.

1942 4781 1993 4855 κ)
2013 4783 2040 4837 ‘l
2068 4780 2213 4846 Quid
2242 4784 2437 4835 autem
2464 4786 2698 4853 propter
2726 4784 2836 4839 alia
2864 4801 2969 4856 per
2996 4788 3239 4859 Moysem
3276 4785 3423 4841 facta
3464 4786 3574 4840 mi-

1942 4876 2152 4945 racula,
2170 4879 2225 4929 et
2242 4890 2370 4945 quae
2390 4890 2494 4944 per
2526 4876 2715 4928 Jesum
2738 4877 2904 4945 Nave,
2936 4879 3037 4949 qui
3067 4881 3245 4936 solem
3274 4885 3420 4936 stare
3445 4879 3579 4935 fecit

1947 4971 2118 5039 (Iosue
2147 4969 2219 5037 x),
2253 4967 2355 5039 qui
2386 4967 2467 5020 sol
2497 4967 2848 5037 temporibus
2868 4971 3119 5028 Ezechiae
3139 4974 3290 5045 regis
3309 4978 3365 5029 et
3379 4976 3579 5029 contra

1948 5067 2207 5117 naturam
2238 5063 2582 5115 retroversus
2611 5063 2696 5113 est
2726 5058 2826 5129 (IV
2851 5063 2979 5129 Reg.
3015 5066 3100 5135 xx)
3119 5083 3136 5134 ;
3185 5072 3242 5121 et
3286 5068 3357 5122 de
3396 5066 3579 5123 Elissei

1946 5154 2202 5227 reliquiis
2222 5197 2237 5225 ,
2287 5171 2415 5226 quae
2468 5155 2763 5209 mortuum
2806 5153 3223 5213 suscitaverunt
3285 5161 3397 5230 (IV
3448 5165 3578 5232 Reg.

1949 5249 2102 5320 xm)?
2126 5270 2154 5298 »
2190 5247 2459 5319 Ejusdem
2494 5263 2563 5303 ex
2592 5246 2738 5303 libro
2788 5250 2982 5301 octavo
3026 5248 3095 5303 de
3136 5251 3529 5310 Incarnatione
3564 5271 3578 5309 :

1952 5342 2336 5399 «Manifestum
2348 5344 2542 5397 autem
2557 5344 2643 5396 est
2654 5341 2808 5413 quod
2828 5340 3012 5395 unitas
3026 5343 3313 5398 convenit:
3330 5362 3432 5415 per
3454 5365 3582 5403 eam

229 5439 317 5492 sed
341 5442 514 5509 ﬁdelis
544 5441 718 5512 (Joan.
744 5442 857 5513 xx).
893 5440 1197 5507 Quoniam,
1226 5439 1381 5507 dicit,
1410 5455 1527 5495 non
1560 5437 1766 5506 credis,
1794 5443 1855 5492 et
1951 5436 2107 5493 enim
2136 5436 2379 5491 collectas
2429 5439 2669 5503 naturai,
2715 5451 2890 5490 unam
2928 5451 3233 5507 personam
3271 5440 3583 5495 secundum

231 5532 434 5590 tactum
472 5536 659 5591 solum
699 5535 965 5591 sufﬁcere
1002 5534 1108 5589 tibi
1151 5533 1227 5589 ad
1265 5531 1621 5589 credendum
1661 5534 1849 5602 putas,

1950 5530 2231 5585 unitatem
2262 5528 2594 5585 effecerunt.
2628 5529 2783 5585 Sicut
2812 5528 2967 5583 enim
2997 5529 3067 5584 de
3094 5527 3216 5583 viro
3248 5533 3305 5584 et
3342 5531 3583 5587 muliere

236 5622 365 5690 (hac
389 5629 543 5683 enim
571 5628 770 5684 dicens
794 5645 913 5685 non
940 5644 1035 5683 me
1066 5626 1300 5697 latuisti)
1344 5631 1517 5697 tange
1562 5640 1757 5691 manu,
1797 5626 1856 5678 et
1954 5622 2179 5690 dicitur,
2212 5624 2357 5693 quod
2370 5624 2496 5692 jam
2519 5639 2627 5679 non
2650 5628 2780 5678 sunt
2800 5620 2928 5686 duo,
2962 5623 3059 5679 sed
3082 5638 3195 5678 una
3220 5639 3344 5679 caro
3376 5623 3581 5697 (Genes.

238 5730 368 5789 cape
394 5722 877 5793 experimentum,
912 5725 970 5775 et
997 5720 1150 5775 disce
1177 5720 1433 5787 credere,
1466 5722 1526 5773 et
1555 5734 1674 5773 non
1713 5716 1857 5772 difﬁ-

1954 5733 2032 5785 11;
2063 5718 2261 5773 Matth.
2288 5720 2435 5789 x1x);
2468 5718 2719 5773 dicamus
2748 5720 2806 5772 et
2833 5733 2937 5772 nos
2956 5716 3369 5775 rationabiliter
3392 5734 3589 5774 secun-

240 5807 386 5866 dere.
410 5815 654 5870 Thomas
685 5816 922 5888 quidem
944 5831 1075 5869 cum
1105 5814 1185 5869 sic
1211 5812 1568 5880 credidisset,
1597 5812 1855 5866 Dominus
1957 5810 2094 5864 dum
2122 5810 2360 5865 unitatis
2388 5811 2687 5879 rationem,
2720 5811 2874 5883 quod
2908 5828 3027 5866 non
3058 5816 3192 5867 sunt
3219 5812 3348 5869 duae
3390 5826 3585 5887 perso-

245 5916 376 5961 ἠεαδ
401 5915 449 5965 et
484 5913 621 5967 Deus
645 5925 814 5977 meus,
847 5909 1004 5979 dicit,
1044 5925 1163 5966 non
1210 5908 1401 5984 ipsum
1451 5903 1762 5961 Dominum
1801 5906 1861 5959 et
1957 5919 2067 5975 1183,
2098 5903 2196 5959 sed
2230 5921 2363 5987 una,
2398 5905 2604 5961 scilicet
2633 5904 2847 5961 naturis
2878 5905 3155 5964 discretis.
3192 5928 3219 5956 η
