4016 6240
448 390 546 441 727

1844 387 2107 443 PELAGII
2144 387 2335 444 ΡΑΡᾸΞ
2372 388 2418 444 ll

3720 389 3825 444 628

519 497 588 551 Et
616 498 747 567 post
774 511 993 567 pauca:
1032 516 1061 545 ‹‹
1093 495 1382 560 Quomodo
1413 495 1591 567 igitur
1617 494 1790 549 homo
1831 498 1889 549 et
1930 496 2077 550 Deus
2100 513 2159 587 Α
2180 500 2433 566 nentem,
2462 499 2732 582 tanquam
2763 497 3019 553 eruditus
3049 495 3473 564 sermocinator,
3505 496 3565 549 et
3603 492 3667 549 in
3703 495 3822 548 ΑΠ’

446 606 629 644 unum
660 607 763 661 per
783 591 1059 645 unitatem
1078 606 1197 644 esse
1220 589 1444 659 potest?
1473 587 1571 659 qui
1601 587 1862 655 viviﬁcat,
1897 592 1953 643 et
1980 589 2079 660 qui

447 684 792 754 viviﬁcatur;
842 684 940 755 qui
979 682 1262 750 salviﬁcat,
1314 687 1371 737 et
1422 681 1519 753 qui
1569 682 1934 752 salviﬁcatur;
1980 683 2080 753 qui

445 782 578 833 ante
609 778 812 833 saecula
834 782 934 844 est,
967 781 1022 831 et
1048 775 1145 847 qui
1166 793 1233 829 ex
1252 774 1419 831 Maria
1434 776 1733 847 apparuit?
1751 798 1791 835 ››⁴
1815 775 2079 846 Ejusdem

448 888 517 927 ex
555 870 1018 941 interpretatione
1064 869 1307 940 symboli
1347 872 1735 924 trecentorum
1779 869 1975 924 decem
2024 873 2080 925 et

447 969 572 1021 octo
612 967 841 1019 Patrum
874 982 893 1018 ι
936 984 963 1013 ‹‹
1009 962 1117 1018 Sed
1157 961 1442 1018 Christum
1481 963 1714 1034 quidem
1767 963 2079 1017 secundum

446 1062 794 1129 assumptam
825 1057 969 1111 servi
1000 1057 1265 1125 formam,
1300 1073 1432 1111 eum
1459 1062 1649 1112 autem
1677 1057 1776 1128 qui
1817 1074 1943 1110 eam
1986 1073 2075 1110 as-

445 1152 708 1222 sumpsit,
725 1167 894 1222 super
914 1150 1110 1205 omnia
1127 1150 1432 1205 nominans
1448 1152 1656 1219 Deum;
1679 1151 1871 1205 intulit
1884 1155 2076 1205 tamen

443 1248 551 1303 hoc
578 1246 891 1300 secundum
906 1245 1383 1316 conjunctioncm,
1408 1249 1468 1298 ut
1488 1262 1588 1315 per
1605 1244 2077 1316 signiﬁcationem

446 1340 748 1396 nominum
775 1342 1109 1394 naturarum
1138 1338 1497 1393 manifestam
1528 1338 1861 1393 divisionem
1888 1338 2074 1393 faciat.

436 1418 622 1491 Nemo
669 1434 863 1505 igitur,
899 1450 1083 1504 neque
1115 1450 1247 1487 eum
1276 1433 1375 1504 qui
1403 1432 1715 1487 secundum
1744 1448 1973 1486 carnem
2006 1449 2076 1486 ex

440 1528 653 1583 Judaais
697 1532 799 1595 est,
851 1527 998 1581 dicat
1044 1528 1225 1581 Deum
1267 1545 1280 1581 :
1315 1543 1418 1581 nec
1459 1527 1667 1581 iterum
1709 1527 1888 1581 Deum
1934 1525 2073 1596 [Al.,

440 1622 771 1688 Dominum,
814 1636 916 1675 nec
944 1637 1017 1675 ne
1049 1621 1257 1675 iterum
1284 1620 1605 1691 Dominum]
1644 1619 1743 1692 qui
1785 1622 1869 1674 est
1907 1634 2078 1690 super

356 1698 364 1707 ’
445 1715 659 1785 omnia,
691 1715 1002 1769 secundum
1034 1730 1262 1769 carnem
1294 1729 1363 1768 ex
1390 1714 1616 1769 Iudaeis.
1654 1733 1681 1764 »

513 1811 655 1863 Item
687 1826 755 1864 ex
775 1813 1096 1863 commento
1127 1808 1376 1879 epistola
1406 1808 1476 1861 ad
1505 1807 1764 1861 Hebraeos
1793 1822 1807 1860 :
1836 1825 1864 1858 «
1882 1807 2074 1860 Jesum

2177 589 2389 644 tiochia
2413 590 2586 661 Syriae
2615 590 2673 645 in
2697 591 2932 646 ecclesia
2961 592 3275 662 alloquens,
3310 590 3389 645 sic
3416 588 3559 644 dixit
3592 604 3606 643 :
3645 607 3675 638 ‹‹
3707 588 3821 642 Ho-

2177 699 2274 739 mo
2304 685 2481 750 Jesus,
2514 686 2649 754 quid
2694 690 2771 740 est
2806 688 2947 741 enim
2986 686 3138 740 homo
3171 685 3318 755 quod
3343 699 3544 739 memor
3570 698 3625 737 es
3651 683 3771 752 ejus
3796 684 3825 736 ?

2183 776 2344 847 (Psal.
2374 780 2488 848 vm)
2504 795 2522 849 ;
2556 780 2851 849 Apostolus
2882 783 3093 845 autem,
3129 778 3199 833 de
3222 779 3355 833 Jesu
3384 777 3601 831 dictum
3646 775 3823 831 fuisse

2178 870 2305 938 hoc,
2339 870 2511 926 dixit:
2545 874 2685 927 Eum
2715 875 2855 927 enim
2880 875 2979 942 qui
2999 874 3171 943 paulo
3197 873 3378 927 minus
3406 871 3475 925 ab
3490 871 3702 938 angelis
3725 871 3828 923 mi-

2179 970 2405 1019 noraatus
2443 971 2538 1028 est,
2569 967 2828 1029 vidimus,
2864 965 3071 1036 inquit,
3098 968 3278 1021 Iesum
3321 963 3523 1036 (Hebr.
3564 966 3645 1032 11).
3676 962 3827 1026 Quid

2178 1064 2358 1133 ergo?
2416 1064 2594 1118 Homo
2640 1065 2797 1119 Jesus
2848 1062 3108 1119 similiter
3147 1062 3417 1117 omnibus
3462 1060 3822 1128 hominibus,

2178 1156 2396 1211 nullam
2438 1157 2654 1212 habens
2699 1156 3081 1212 differentiam
3126 1157 3199 1211 ad
3256 1156 3518 1210 homines
3564 1154 3826 1225 ejusdem

2180 1250 2422 1320 generis,
2464 1255 2672 1322 praeter
2712 1267 2781 1305 ea
2820 1267 2950 1321 quae
2999 1249 3181 1321 gratia
3224 1250 3277 1304 ei
3322 1248 3496 1303 dedit.
3546 1268 3573 1297 υ
3605 1247 3827 1311 Quibus

2176 1345 2405 1398 Proclus
2440 1343 3071 1414 Constantinopolitanae
3102 1343 3260 1396 urbis
3287 1342 3582 1413 episcopus
3614 1340 3822 1396 rescri-

2175 1436 2334 1506 bens,
2378 1437 2456 1492 ait
2494 1437 2646 1508 (Sup.
2689 1438 2811 1492 coll.
2858 1440 2911 1505 5,
2941 1453 3086 1491 conc.
3122 1438 3171 1505 v)
3211 1452 3224 1490 :
3263 1436 3566 1507 Fugiamus
3613 1434 3819 1489 turbu-

2175 1529 2357 1585 lentos
2394 1535 2451 1585 et
2500 1548 2749 1585 ccenosos
2787 1530 3019 1585 fallacia:
3065 1529 3234 1598 rivos,
3277 1534 3434 1600 septa
3478 1529 3576 1583 Dei
3617 1529 3823 1599 [sectas
3928 1538 3933 1541 ‘

2176 1625 2373 1694 Deum]
2401 1623 2802 1695 impugnantes
2830 1641 2844 1678 :
2877 1623 3000 1678 dico
3029 1623 3149 1677 Arii
3176 1624 3432 1678 furorem
3464 1621 3823 1678 dividentem

2174 1716 2524 1772 individuam
2558 1718 2912 1784 Trinitatem,
2944 1716 3204 1771 Eunomii
3232 1716 3527 1772 audaciam
3564 1715 3819 1771 circum—

2176 1811 2498 1866 cludentem
2557 1811 2790 1867 scientia
2846 1811 3480 1881 incomprehensibilem
3524 1814 3818 1877 naturam,

442 1902 596 1958 enim
614 1903 748 1958 dicit
768 1919 800 1957 a
819 1902 1108 1969 Nazareth,
1131 1917 1285 1971 quem
1308 1904 1468 1955 unxit
1485 1904 1625 1955 Deus
1652 1902 1863 1971 Spiritu
1888 1902 2074 1954 sancto
2094 1885 2150 1956 B
2173 1904 2486 1960 Macedonii
2510 1905 2728 1959 rabiem
2753 1911 3110 1976 separantem
3133 1921 3163 1958 a
3186 1905 3393 1959 deitate
3419 1901 3819 1974 inseparabili-

441 2003 493 2052 et
519 2000 719 2051 virtute
751 1996 891 2067 (Act.
925 1997 973 2063 Χ)
1002 2013 1015 2050 :
1049 1996 1150 2066 qui
1180 1999 1371 2049 autem
1401 1995 1471 2048 de
1503 1993 1712 2065 Spiritu
1732 1997 1935 2047 unctus
1966 1995 2068 2061 est,

440 2090 769 2158 omnimde
788 2088 1004 2160 aliquid
1018 2088 1151 2142 inde
1170 2086 1491 2158 assumpsit.
1515 2087 1648 2151 Quis
1668 2092 1859 2141 autem
1878 2086 2072 2140 furens

444 2184 611 2251 dicat,
643 2184 712 2238 de
743 2182 952 2254 Spiritu
977 2182 1190 2254 aliquid
1221 2181 1588 2252 assumpsisse
1618 2181 1871 2235 divinam
1900 2184 2069 2234 natu-

440 2278 601 2332 ram?
632 2297 659 2326 ››
691 2278 759 2330 Et
788 2276 1033 2331 iterum:
1061 2294 1088 2327 «
1122 2278 1318 2332 Certus
1349 2275 1585 2346 quidem
1616 2278 1674 2329 et
1702 2274 1840 2345 ipse,
1868 2273 2073 2328 Filium

439 2371 538 2426 Dei
568 2386 627 2425 se
658 2387 769 2425 non
801 2370 1113 2425 secundum
1141 2368 1449 2423 divinitatis
1480 2368 1671 2423 dicens
1700 2368 2068 2437 nativitatem,

442 2466 539 2519 sed
570 2464 880 2519 secundum
911 2464 1065 2534 quod
1097 2462 1433 2517 domesticus
1464 2461 1564 2515 Dei
1589 2466 1711 2516 erat
1740 2478 1754 2515 :
1788 2479 1893 2533 per
1922 2463 2073 2533 quod

440 2559 542 2613 ﬁlii
581 2558 700 2624 Dei,
733 2574 835 2628 per
873 2559 1221 2611 voluntatem
1266 2555 1577 2627 [virtutem]
1625 2555 1915 2610 domestici
1958 2557 2070 2611 Deo

436 2652 725 2706 constituti
752 2652 1033 2720 homines,
1065 2649 1297 2704 interim
1326 2650 1686 2704 vocabantur.
1720 2672 1747 2699 n
2028 2631 2039 2640 ’

508 2747 592 2800 XI.
626 2747 751 2799 Ilaec
773 2745 840 2799 de
869 2744 1185 2798 innumeris
1208 2761 1391 2815 pauca
1410 2744 1784 2815 praetulimus,
1818 2747 1884 2797 ut
1912 2744 2073 2815 quasi

434 2857 537 2913 per
563 2840 818 2894 foramen
858 2843 1187 2909 angustum,
1233 2854 1407 2909 quam
1452 2838 1696 2892 nimium
1739 2838 2073 2892 barathrum

436 2935 590 2988 intus
619 2935 836 2999 lateret,
869 2936 1333 2987 monstraremus.
1364 2933 1499 2986 Ecce
1522 2932 1715 3002 quales
1744 2932 1870 3002 plus
1899 2949 2072 3003 quam

440 3029 638 3083 decem
668 3027 849 3081 millia
867 3027 1146 3081 librorum
1164 3025 1488 3080 Theodorus
1505 3026 1790 3096 scripsisse
1812 3026 2072 3097 perhibe-

438 3126 549 3177 tur.
583 3123 837 3189 Pensate,
871 3137 1085 3192 quaeso,
1119 3120 1164 3174 si
1205 3137 1319 3173 non
1351 3123 1507 3174 tanto
1540 3120 1755 3174 acriora
1789 3122 2074 3175 tormenta

436 3217 774 3290 promeruit,
795 3221 1008 3287 quanto
1028 3216 1279 3287 pluriora
1301 3216 1645 3287 conscripsit.
1667 3216 1773 3272 Sed
1786 3216 1905 3271 haec
1921 3216 2071 3271 illius
2092 3254 2146 3329 Ο

438 3312 583 3367 dicta
612 3328 740 3382 quae
762 3311 979 3381 prolata
1002 3314 1152 3376 sunt,
1172 3315 1366 3364 utrum
1397 3310 1519 3381 ejus
1544 3310 1677 3378 sint,
1703 3310 1939 3364 fortasse
1974 3311 2074 3365 du-

437 3404 673 3459 bitatur.
709 3405 957 3472 Patrum,
991 3403 1037 3457 si
1066 3404 1253 3473 placet
1297 3403 1506 3474 scripta
1547 3403 1905 3473 proferamus
1935 3420 1949 3457 :
1995 3404 2073 3459 ita

438 3498 589 3569 apud
619 3514 715 3551 vos
746 3497 916 3551 libros
947 3497 1087 3568 ejus,
1134 3514 1274 3567 quos
1316 3496 1384 3550 de
1434 3497 1672 3567 perﬁdia
1710 3497 1860 3551 illius
1903 3501 2072 3552 testes

438 3591 795 3660 deduximus,
817 3590 1071 3646 deductis
1090 3590 1323 3661 insuper
1344 3590 1578 3644 testibus
1601 3590 2073 3646 afﬁrmemus.Ar—

436 3686 643 3741 menize
672 3686 882 3758 quippe
912 3686 1164 3756 episcopi
1204 3684 1400 3739 Proclo
1438 3684 2073 3756 Constantinopolitanae

438 3781 594 3835 urbis
605 3780 864 3852 episcopo
882 3780 1095 3834 libellos
1117 3784 1311 3832 contra
1325 3778 1681 3832 Theodorum
1694 3779 2070 3849 porrigentes,

438 3874 633 3929 dicunt
688 3875 837 3944 (Sup.
883 3874 1003 3927 coll.
1054 3876 1100 3943 5)
1154 3888 1167 3925 :
1215 3871 1341 3925 Fuit
1387 3876 1579 3926 autem
1638 3872 1841 3943 aliquis
1900 3873 2074 3943 pestis

439 3968 711 4039 [pestifer]
744 3968 938 4035 homo,
973 3965 1157 4036 magis
1189 3969 1381 4019 autem
1412 3966 1552 4035 fera,
1585 3966 1834 4019 hominis
1859 3966 2074 4021 habens

436 4062 682 4117 formam
705 4059 1063 4129 diabolicam,
1087 4058 1323 4113 mentito
1346 4060 1578 4114 nomine
1608 4060 1956 4130 Theodorus,
1976 4060 2076 4130 qui

438 4156 663 4210 schema
698 4159 755 4208 et
781 4170 989 4208 nomen
1010 4152 1253 4225 episcopi
1274 4153 1492 4221 habuit,
1518 4153 1575 4207 in
1596 4154 1804 4224 angulo
1831 4158 1887 4207 et
1904 4154 2072 4225 igno-

436 4249 537 4304 bili
584 4248 705 4302 loco
746 4247 895 4302 orbis
944 4250 1227 4302 terrarum
1268 4248 1516 4315 latitans,
1572 4248 1631 4301 in
1688 4249 2074 4318 Mopsuesteno

438 4341 641 4397 Cilicia
656 4341 915 4396 secundae
934 4341 1029 4395 vili
1055 4341 1284 4413 oppido,
1303 4358 1435 4395 vere
1458 4340 1694 4412 quidem
1721 4340 2072 4411 etprincipa-

435 4436 564 4491 liter
599 4454 628 4490 a
669 4435 837 4507 paulo
878 4436 1236 4491 Samosateno
1268 4435 1637 4496 descendens,
1673 4434 1805 4489 licet
1834 4434 2075 4489 Photino

437 4535 494 4586 et
520 4530 736 4585 caeteris
763 4529 1152 4584 haeresiarchis
1182 4529 1243 4583 in
1275 4528 1416 4582 libro
1448 4528 1515 4583 de
1546 4527 1940 4582 Incarnatione
1968 4529 2073 4582 Do-

2172 2003 2260 2053 ter
2288 1999 2694 2069 procedentem
2726 1998 3019 2069 Spiritum,
3052 2003 3109 2053 et
3138 2014 3341 2054 novam
3372 1997 3539 2052 istam
3554 1995 3824 2067 blasphe-

2172 2092 2348 2146 miam
2375 2109 2505 2164 quae
2535 2092 2808 2147 Judaismi
2840 2093 3021 2146 multo
3051 2092 3295 2163 amplius
3313 2095 3541 2161 superat
3553 2090 3824 2159 blasphe-

2172 2186 2367 2256 miam,
2406 2186 2851 2255 introducentes,
2902 2202 3036 2240 nam
3063 2186 3147 2240 illi
3178 2185 3412 2257 quidem
3444 2200 3575 2239 cum
3609 2184 3822 2237 Filium

2173 2284 2405 2351 negant,
2437 2280 2702 2335 fraudant
2733 2296 2895 2335 ramo
2924 2280 3203 2348 radicem;
3237 2279 3329 2333 isti
3360 2294 3492 2332 vero
3538 2293 3671 2332 eum
3718 2276 3823 2347 qui

2173 2379 2258 2429 est
2286 2379 2583 2446 negantes,
2618 2374 2858 2428 alterum
2888 2374 3028 2444 [AL
3056 2390 3186 2429 eum
3209 2373 3309 2444 qui
3338 2376 3424 2427 est
3443 2371 3616 2425 Filius
3646 2370 3824 2425 dene-

2175 2472 2331 2540 gant,
2374 2468 2697 2522 fraudantes
2738 2484 2894 2521 ramo
2932 2467 3200 2535 radicem,
3243 2466 3333 2520 isti
3363 2482 3492 2519 vero
3528 2464 3579 2519 ei
3605 2464 3704 2535 qui
3732 2466 3825 2517 est

2173 2562 2441 2631 alterum]
2490 2561 2878 2627 introducunt,
2924 2560 3285 2615 detrahentes
3324 2560 3602 2613 sinceram
3642 2559 3821 2611 natu-

2172 2672 2313 2710 ram.
2353 2656 2586 2725 (Rursus
2614 2655 2682 2709 de
2713 2655 2883 2725 hujus
2915 2670 3104 2709 errore
3134 2655 3374 2708 Joannes
3416 2667 3646 2723 quoque
3691 2653 3820 2704 An-

2174 2750 2447 2804 tiochenaa
2477 2748 2738 2803 Ecclesiae
2766 2747 2998 2803 antistes
3023 2747 3132 2801 ait:
3167 2748 3337 2802 Multo
3367 2752 3559 2801 autem
3586 2750 3818 2815 tempo-

2174 2860 2234 2899 re
2264 2859 2629 2915 perseverans
2651 2842 2998 2908 Theodorus,
3022 2841 3299 2912 persuasit
3318 2840 3514 2895 multis
3533 2845 3593 2894 et
3621 2841 3824 2894 Nesto-

2172 2937 2276 3006 rio,
2310 2937 2464 3008 quod
2491 2935 2745 2991 Christus
2776 2935 2948 2989 Filius
2979 2935 3073 2989 Dei
3106 2934 3231 3003 vivi,
3261 2934 3361 3005 qui
3388 2934 3457 2988 de
3486 2938 3678 2988 sancta
3707 2933 3825 2987 vir-

2175 3030 2307 3102 gine
2344 3029 2513 3084 Maria
2549 3034 2716 3083 natus
2745 3034 2847 3095 est,
2871 3045 2986 3083 non
3017 3033 3100 3082 est
3121 3028 3220 3099 qui
3249 3044 3318 3081 ex
3341 3029 3502 3081 Patre
3528 3031 3701 3081 natus
3731 3032 3825 3082 est

2172 3125 2320 3178 Deus
2360 3122 2603 3177 Verbum
2643 3121 3137 3176 consubstantialis
3177 3121 3465 3189 Genitori;
3505 3120 3604 3174 sed
3641 3120 3822 3174 homo

2174 3234 2278 3289 pro
2309 3216 2577 3289 qualitate
2603 3233 2721 3270 suae
2754 3215 3056 3270 voluntatis
3088 3232 3154 3269 ex
3182 3216 3297 3269 Deo
3332 3214 3512 3268 Verbo
3543 3230 3819 3285 coopera—

2173 3312 2387 3366 tionem
2417 3308 2770 3381 suscipiens.)
2814 3310 3023 3364 Rursus
3066 3309 3135 3363 de
3177 3308 3299 3379 ejus
3334 3324 3527 3361 errore
3573 3307 3825 3378 Cyrillus

2171 3406 2241 3459 ad
2269 3406 2617 3475 Lamponem
2635 3403 3027 3475 presbyterum
3055 3402 3322 3470 scribens,
3343 3401 3421 3455 ait
3453 3418 3467 3455 :
3499 3401 3641 3456 Cum
3663 3402 3823 3471 apud

2175 3499 2372 3553 jEliam
2419 3513 2820 3564 commorarer,
2864 3497 2948 3550 vir
2972 3495 3172 3566 aliquis
3201 3512 3267 3549 ex
3301 3495 3389 3549 his
3412 3496 3511 3567 qui
3548 3495 3822 3550 nobiliter

2175 3593 2425 3646 militant
2449 3592 2509 3645 in
2538 3590 2766 3662 palatio,
2801 3589 3095 3660 epistolam
3129 3590 3442 3644 multorum
3471 3606 3743 3644 versuum
3760 3593 3819 3643 et

2174 3686 2448 3757 grandem
2474 3683 2679 3739 obtulit
2703 3683 2847 3737 mihi
2872 3683 3174 3754 signatam,
3193 3699 3371 3753 quam
3403 3699 3462 3737 se
3493 3683 3715 3737 dicebat
3733 3698 3824 3736 ac-

2174 3779 2385 3850 cepisse
2429 3779 2499 3832 ab
2543 3777 2908 3832 Antiochenis
2949 3777 3317 3845 orthodoxis;
3375 3776 3822 3847 subscriptiones

2173 3878 2361 3927 autem
2394 3876 2556 3925 erant
2583 3871 2641 3924 in
2663 3887 2729 3925 ea
2749 3870 3133 3941 plurimorum
3165 3870 3500 3925 clericorum
3527 3875 3583 3924 et
3611 3885 3817 3923 mona-

2174 3967 2412 4021 chorum
2455 3971 2512 4020 et
2550 3964 2844 4018 laicorum.
2886 3965 3236 4018 Accusabant
3275 3969 3468 4018 autem
3512 3963 3823 4018 orientales

2175 4060 2483 4132 episcopos,
2532 4058 2692 4129 quasi
2734 4061 2986 4112 tacentes
3030 4058 3264 4129 quidem
3309 4056 3549 4112 Nestorii
3580 4073 3818 4126 nomen,

2175 4156 2231 4208 et
2255 4153 2669 4207 dissimulantes
2696 4151 2749 4206 ei
2774 4152 3079 4219 adversari,
3113 4156 3470 4205 transeuntes
3511 4154 3708 4205 autem
3750 4151 3821 4205 ad

2174 4246 2451 4302 Theodori
2478 4245 2707 4301 Codices
2735 4245 2804 4299 de
2842 4244 3226 4299 incarnatione
3264 4245 3461 4313 factos,
3501 4245 3564 4298 in
3610 4244 3822 4315 quibus

2175 4342 2353 4395 multo
2378 4340 2600 4411 pejores
2631 4337 2861 4393 nefariae
2886 4338 3251 4409 blasphemiae
3273 4337 3535 4406 [Nestorii
3550 4337 3818 4409 blasphe-

2174 4434 2323 4503 miis]
2352 4433 2547 4505 posita:
2573 4436 2742 4486 sunt:
2789 4435 2953 4502 pater
2977 4432 3133 4485 enim
3160 4431 3270 4485 fuit
3312 4430 3555 4485 Nestorii
3590 4430 3818 4501 perﬁdi,

2175 4528 2273 4599 qui
2293 4531 2350 4582 et
2374 4527 2520 4581 illius
2551 4526 2702 4581 mala
2719 4526 2959 4592 locutus,
2991 4524 3202 4596 impius
3233 4527 3289 4579 et
3308 4524 3367 4578 in
3392 4523 3481 4577 his
3501 4523 3682 4577 factus
3713 4528 3819 4577 est.

437 4624 578 4679 mini
609 4624 786 4679 nostri
810 4625 942 4678 Jesu
971 4623 1196 4690 Christi,
1230 4623 1290 4676 in
1323 4625 1439 4676 toto
1466 4637 1565 4675 suo
1603 4622 1893 4692 proposito
1939 4621 2075 4692 ipsis
2094 4625 2153 4697 Ι)
2177 4623 2423 4678 Rursum
2455 4620 2525 4675 de
2556 4635 2748 4673 errore
2779 4618 2930 4673 illius
2959 4618 3112 4672 idem
3141 4617 3383 4689 Cyrillus
3425 4616 3822 4671 Alexandrinae

435 4718 619 4773 verbis
647 4717 970 4772 inveniatur
993 4734 1149 4786 usus,
1178 4721 1233 4771 et
1252 4716 1299 4770 si
1328 4715 1466 4788 quid
1492 4716 1673 4787 pejus.
1692 4717 1796 4770 lste
1816 4732 1919 4787 per
1948 4732 2069 4769 ma-

436 4812 822 4867 chinationem
850 4816 905 4867 et
934 4810 1227 4867 audaciam
1258 4815 1313 4865 et
1343 4826 1600 4864 errorem
1632 4809 1836 4864 diaboli
1854 4808 2075 4864 volebat

436 4922 635 4961 omnes
665 4906 926 4961 homines
969 4908 1133 4960 acuta
1172 4922 1272 4959 sua
1318 4903 1461 4959 sicut
1505 4903 1720 4958 colubri
1758 4903 1973 4974 lingua,
2018 4906 2075 4958 et

433 5017 654 5057 veneno
678 5001 828 5073 quod
861 5000 964 5054 sub
994 4999 1190 5071 lingua
1217 4998 1426 5070 aspidis
1453 5001 1555 5067 est,
1585 4997 1863 5069 deperire.
1896 4998 1964 5052 Et
1991 4996 2074 5051 in-

434 5096 605 5152 terim
635 5095 867 5168 quidem
897 5093 1248 5148 retinebatur
1275 5108 1375 5147 suo
1404 5092 1662 5161 latibulo,
1695 5091 1902 5147 timens
1922 5095 2074 5163 pote-

431 5195 634 5246 statem
660 5205 857 5244 eorum
889 5188 989 5259 qui
1018 5205 1051 5242 a
1079 5204 1286 5261 magno
1316 5189 1428 5242 Deo
1455 5191 1511 5241 et
1552 5186 1835 5242 Salvatore
1881 5190 2073 5240 nostro

429 5286 563 5340 Jesu
609 5284 829 5340 Christo
882 5284 1219 5355 potestatem
1260 5285 1601 5353 acceperunt
1647 5280 1859 5335 calcare
1903 5295 2075 5351 super

431 5380 695 5435 colubros
722 5384 778 5433 et
807 5377 1076 5449 scorpios,
1108 5382 1163 5432 et
1194 5392 1389 5431 omnes
1417 5374 1652 5430 virtutes
1679 5374 1893 5429 inimici
1924 5374 2070 5443 (Luc.

432 5474 480 5543 Χ)
508 5491 521 5527 :
547 5473 669 5528 dico
686 5476 879 5527 autem
900 5476 1119 5527 sanctos
1137 5470 1437 5544 apostolos,
1461 5473 1517 5525 et
1543 5469 1640 5541 qui
1662 5472 2075 5539 consequenter

431 5568 502 5622 ab
531 5566 621 5621 his
653 5571 1041 5639 susceperunt,
1075 5571 1352 5638 martyres
1383 5568 1439 5620 et
1468 5562 1814 5618 confessores
1861 5566 1917 5616 et
1960 5560 2074 5632 epi-

432 5678 627 5733 scopos
672 5666 729 5717 et
769 5667 1001 5717 caeteros
1038 5665 1281 5716 sanctos.
1336 5660 1566 5713 lnvento
1609 5658 1824 5723 autem,
1884 5653 2072 5709 nescio

431 5755 733 5826 quomodo,
769 5760 1045 5828 tempore,
1069 5754 1240 5827 coepit
1258 5767 1459 5824 repere
1492 5754 1549 5805 et
1568 5753 1727 5806 extra
1751 5747 1893 5802 ﬁnes
1919 5763 2069 5817 suos,

436 5847 699 5904 ﬁduciam
719 5865 924 5923 gerens
950 5854 1007 5904 et
1036 5849 1095 5904 in
1128 5846 1455 5921 parochiam
1483 5845 1555 5900 ad
1586 5860 1717 5900 eum
1751 5859 1865 5898 non
1892 5842 2066 5915 perti-

2170 4715 2327 4770 urbis
2357 4715 2652 4785 episcopus
2680 4712 2751 4767 ad
2781 4712 3047 4766 Acacium
3086 4712 3363 4767 Melitenae
3400 4710 3558 4765 urbis
3595 4710 3820 4781 episco-

2171 4825 2311 4880 pum
2337 4808 2608 4876 scribens,
2631 4807 2708 4862 ait
2735 4823 2748 4860 :
2783 4806 2903 4860 Non
2924 4806 3221 4877 Oportebat
3245 4805 3424 4859 latere
3446 4804 3823 4859 Sanctitatem

2171 4907 2440 4971 vestram,
2473 4905 2571 4955 aut
2598 4899 2836 4955 forsitan
2865 4899 3149 4970 cognovit,
3194 4898 3349 4969 quod
3378 4914 3579 4952 omnes
3622 4898 3820 4953 orien-

2170 4996 2312 5052 tales
2349 4992 2760 5066 religiosissimi
2800 4992 3051 5064 episcopi
3094 4992 3151 5045 in
3194 4990 3492 5046 Antiochia
3527 5007 3818 5046 convene-

2172 5095 2328 5159 runt,
2373 5104 2504 5143 cum
2541 5086 2941 5142 transmisisset
2984 5085 3066 5140 eis
3096 5089 3318 5140 tomum
3353 5084 3616 5139 dominus
3652 5100 3821 5139 meus

2173 5182 2558 5239 sanctissimus
2586 5180 2819 5235 Proclus
2849 5180 3132 5235 bonorum
3162 5179 3399 5249 plenum
3422 5178 3822 5234 intellectuum

2174 5281 2232 5334 et
2260 5282 2546 5333 rectorum
2575 5275 2927 5347 dogmathm.
2960 5275 3091 5328 Erat
3123 5273 3279 5328 enim
3298 5271 3351 5327 ei
3380 5272 3526 5327 ratio
3551 5272 3737 5327 multa
3762 5278 3823 5328 et

2174 5374 2349 5444 longa
2378 5372 2447 5426 de
2478 5369 2892 5441 dispensatione
2924 5366 3146 5422 Domini
3192 5365 3370 5421 nostri
3409 5366 3539 5420 Jesu
3583 5364 3816 5420 Christi.

2174 5466 2479 5538 Supposuit
2502 5481 2635 5520 vero
2663 5463 2908 5535 capitula
2932 5461 3193 5533 quaedam
3221 5459 3455 5514 collecta
3484 5474 3515 5512 e
3535 5458 3822 5514 Theodori

2172 5559 2487 5629 Codicibus,
2512 5574 2639 5630 quae
2669 5559 3073 5613 consonantem
3102 5553 3342 5610 Nestorii
3361 5550 3615 5625 perﬁdiis
3640 5552 3817 5607 intel-

2175 5655 2382 5708 lectum
2409 5652 2640 5721 habent,
2673 5655 2729 5708 et
2757 5650 3084 5707 adhortatus
3112 5654 3197 5705 est
3221 5664 3318 5704 eos
3343 5646 3518 5703 etiam
3536 5645 3641 5702 illa
3672 5662 3816 5701 ana-

2174 5746 2557 5804 thematizare.
