4016 6240
149 409 243 460 7‘29

1417 412 1754 468 ΕΡΙδΤΟΙΑΕ
1793 413 1875 470 ΕΤ
1913 413 2240 473 DECRETA.

3406 427 3507 481 730

209 513 318 606 XII.
364 514 586 569 Rursus
621 515 690 570 de
730 530 920 572 errore
953 517 1106 572 illius
1140 517 1434 593 [Rabbula]
1482 522 1775 578 Edessena;
1796 528 1966 606 Acat
1993 525 2176 595 [Hebr.
2212 526 2274 596 t],
2326 523 2475 580 ferre
2527 541 2660 581 eum
2712 526 2904 583 omnia
2946 528 3138 585 dicens
3181 530 3350 586 verbo
3387 547 3505 586 suae

146 605 400 661 Ecclesiae
427 608 665 663 antistes
691 611 762 665 ad
792 611 1020 666 beatum
1047 613 1319 682 Cyrillum
1349 616 1623 684 scribens,
1652 617 1730 671 ait
1756 633 1768 671 :

144 700 257 754 Jam
285 716 420 754 vero
452 703 688 772 quidam
716 705 992 759 unitatem
1019 707 1329 761 secundum
1356 709 1773 765 subsistentiam

144 793 402 847 omnibus
428 797 614 850 modis
635 798 919 852 abdicaut.
941 800 1161 854 Morbus
1178 801 1330 855 enim
1351 802 1553 874 aliquis
1581 805 1770 858 subla-

143 892 259 940 tens
289 887 633 944 inveteravit
660 891 898 961 Orienti,
933 893 1364 949 immedicabilis
1391 897 1558 950 modo
1587 899 1775 952 vulne-

143 979 214 1036 ris
228 981 542 1051 depascens
563 985 820 1040 Ecclesiae
841 1002 1063 1056 corpus,
1078 988 1227 1058 apud
1244 989 1459 1059 aliquos
1474 992 1633 1060 quasi
1652 996 1771 1045 stu-

142 1074 341 1142 diosos,
372 1081 431 1130 et
460 1079 761 1148 supercilia
787 1080 1118 1136 extollentes
1157 1082 1507 1148 eruditione,
1538 1083 1775 1139 latenter

144 1167 469 1224 honoratus.
498 1172 802 1243 Episcopus
821 1174 972 1227 enim
994 1175 1223 1245 quidam
1249 1176 1549 1246 provinciae
1570 1178 1773 1232 Ciliciae

141 1261 486 1329 Theodorus,
512 1265 598 1318 vir
619 1266 935 1320 verisimilis
954 1267 1196 1334 dicendi,
1224 1274 1278 1323 et
1299 1275 1496 1339 potens
1515 1271 1769 1339 suadere,

143 1354 243 1407 alia
263 1356 501 1425 quidem
519 1375 690 1429 supra
704 1359 970 1431 tribunali
987 1361 1055 1415 de
1080 1361 1338 1417 Ecclesia:
1355 1366 1501 1417 statu
1525 1362 1774 1434 [ecclesia

140 1449 339 1520 statim]
391 1451 619 1506 dicebat
661 1454 731 1507 ad
783 1454 975 1524 populi
1017 1456 1353 1525 placentiam
1377 1499 1390 1524 ,
1420 1457 1554 1510 alios
1581 1463 1773 1511 autem

138 1542 361 1612 laqueos
395 1544 764 1618 [perditionis]
798 1547 857 1601 in
884 1548 1106 1618 scriptis
1132 1549 1392 1619 ponebat,
1418 1551 1515 1621 qui
1541 1551 1599 1604 in
1621 1551 1774 1621 prin-

140 1634 289 1704 cipiis
313 1639 701 1706 quorumdam
715 1640 835 1710 ejus
860 1641 1132 1695 Codicum
1155 1643 1514 1697 anathemate
1537 1644 1772 1698 circum-

138 1728 394 1784 cludebat
426 1731 826 1802 inspicientem
852 1751 968 1788 non
1009 1736 1370 1790 manifestare
1393 1736 1513 1790 aliis
1541 1738 1766 1807 scripta.

141 1822 238 1876 Iste
277 1824 500 1893 primus
538 1827 816 1896 exposuit,
847 1844 960 1881 non
1001 1845 1118 1883 esse
1144 1845 1271 1884 vere
1304 1829 1402 1883 Dei
1436 1830 1771 1900 genitricem

139 1921 383 1970 sanctam
415 1919 730 1988 Virginem,
779 1925 1049 1992 tanquam
1080 1923 1193 1976 Deo
1221 1924 1398 1977 Verbo
1437 1940 1550 1978 non
1596 1925 1767 1978 susci-
1792 1900 1846 1972 Β

139 2009 382 2078 pientem
411 2013 726 2067 secundum
753 2030 854 2067 nos
880 2015 1254 2070 nativitatem.
1289 2019 1372 2087 (Et
1400 2021 1525 2087 post
1550 2035 1729 2087 pauca
1754 2035 1768 2072 :

139 2103 238 2156 Nec
264 2104 420 2158 enim
451 2105 669 2173 dicunt,
701 2108 1012 2162 secundum
1043 2110 1437 2177 substantiam,
1471 2111 1555 2164 vel
1577 2127 1774 2165 secun-

138 2196 266 2251 dum
287 2198 714 2254 subsistentiam
733 2202 961 2256 unitum
983 2219 1103 2256 esse
1121 2204 1234 2256 Deo
1251 2204 1430 2257 Verbo
1452 2204 1768 2273 hominem,

137 2291 227 2344 sed
255 2291 402 2345 bona
438 2294 724 2348 voluntate
751 2296 994 2366 quadam
1012 2339 1025 2358 ,
1051 2301 1321 2367 tanquam
1349 2297 1536 2351 divina
1565 2303 1772 2352 natura

140 2400 245 2438 non
271 2387 614 2456 suscipiente
631 2389 873 2443 alterum
891 2391 1125 2444 modum
1144 2391 1378 2444 unitatis
1406 2397 1637 2462 propter
1654 2409 1770 2446 non

137 2477 744 2551 circumscriptibilem.
804 2484 907 2536 Iste
959 2484 1102 2537 dixit
1153 2485 1457 2538 Dominum
1513 2491 1770 2540 nostrum

137 2572 159 2626 J
165 2589 317 2627 esum
332 2575 625 2629 Christum
646 2592 758 2629 non
773 2581 1031 2646 Oportere
1045 2577 1264 2631 adorari
1283 2577 1425 2631 sicut
1442 2579 1766 2645 Dominum,

140 2666 227 2719 sed
246 2668 522 2722 relatione
536 2669 636 2722 Dei
657 2669 922 2723 honorari
939 2670 1083 2724 sicut
1104 2671 1411 2741 imaginem
1424 2673 1730 2741 quamdam
1751 2691 1764 2727 :

140 2761 311 2830 magis
338 2767 536 2816 autem
557 2764 910 2818 manifestius
931 2765 1242 2818 secundum
1265 2781 1358 2819 eos
1379 2765 1583 2833 dicere,
1603 2767 1766 2832 sicut,

139 2853 306 2908 instar
331 2857 551 2927 aliquid
597 2857 869 2911 relatione
908 2858 1200 2912 assidentis
1243 2859 1542 2912 daemonis.
1581 2861 1685 2913 Iste
1716 2864 1772 2913 et

137 2964 359 3002 carnem
389 2951 613 3004 Domini
644 2951 1028 3020 pronuntiavit
1055 2952 1197 3005 nihil
1221 2952 1454 3005 omnino
1481 2953 1766 3024 prodesse,

139 3041 410 3112 dissipans
431 3044 658 3098 Domini
679 3060 891 3110 vocem,
916 3061 1045 3115 qua)
1063 3050 1146 3098 est
1171 3062 1184 3098 :
1221 3048 1356 3103 Caro
1383 3047 1524 3100 nihil
1547 3047 1772 3116 prodest

139 3135 302 3199 (Joan.
357 3140 458 3208 vi).
509 3139 612 3191 Iste
669 3143 725 3192 et
762 3139 1044 3208 apostolos
1093 3139 1226 3193 dicit
1275 3156 1389 3192 non
1437 3139 1769 3210 cognovisse

138 3230 417 3285 Christum
450 3231 602 3301 quod
632 3233 774 3286 Deus
802 3236 922 3285 erat
934 3249 949 3300 ;
984 3232 1080 3286 sed
1110 3249 1279 3302 supra
1308 3233 1476 3286 Iidem
1513 3249 1640 3303 quae
1689 3236 1772 3287 est
1791 3265 1844 3338 Ο

139 3324 192 3378 in
217 3325 450 3379 homine
471 3325 809 3379 azdilicatam
837 3341 957 3379 esse
987 3325 1284 3378 Ecclesiam
1321 3327 1533 3392 (Matth.
1565 3326 1694 3395 xv1).

206 3419 333 3472 XIII.
365 3420 616 3473 Rursum
656 3411 724 3471 de
759 3434 949 3472 errore
997 3418 1144 3471 illius
1173 3419 1477 3487 Hesychius
1512 3419 1767 3473 Hieroso-

140 3511 414 3581 lymorum
452 3512 762 3582 presbyter,
799 3511 1185 3566 ecclesiastica:
1211 3511 1467 3565 Historia!
1507 3512 1768 3581 scriptor,

141 3605 211 3657 ait
234 3623 244 3658 :
271 3607 345 3658 Ila
369 3604 680 3658 Photinum
707 3604 902 3658 multis
923 3610 1053 3658 ante
1084 3620 1182 3658 eos
1203 3604 1419 3658 saeculis
1447 3604 1770 3658 Theodorus

140 3698 365 3768 quidam
413 3698 701 3769 praicipue
747 3698 1001 3752 imitatus
1040 3702 1141 3766 est,
1184 3698 1496 3751 malitiosus
1537 3698 1770 3768 quidem

141 3791 400 3861 loquendi
434 3796 489 3845 et
514 3791 712 3860 lingua
729 3790 1136 3860 paratissimus,
1167 3795 1223 3843 et
1249 3791 1366 3860 ipse
1392 3794 1580 3844 tamen
1600 3791 1770 3844 insta-

141 3883 230 3937 bili
265 3885 580 3952 voluntate,
619 3883 716 3954 qni
757 3885 868 3937 huc
897 3888 952 3937 et
983 3884 1115 3938 illuc
1143 3882 1422 3937 inclinans
1465 3883 1766 3937 ferebatur.

141 3978 438 4032 Clericatui
467 3977 620 4031 enim
640 3977 992 4031 Antiocheno
1013 3994 1046 4031 a
1072 3977 1256 4047 prima
1278 3981 1444 4031 aetate
1463 3992 1770 4030 connume-

142 4075 309 4137 ratus,
344 4078 402 4126 et
435 4071 576 4125 bene
599 4071 912 4125 conversari
940 4070 1239 4141 pollicitus,
1269 4071 1338 4124 ad
1375 4070 1668 4124 saeculares
1696 4069 1766 4123 li-

140 4164 350 4219 bidines
372 4181 634 4219 reversus
651 4165 856 4218 iterum
879 4163 1279 4218 delectabatur.
1305 4165 1363 4217 In
1384 4163 1647 4216 omnibus
1664 4179 1767 4216 au-

141 4261 247 4312 tem
275 4259 444 4313 bonis
472 4259 756 4314 imitabilis
777 4263 831 4312 et
855 4259 1052 4311 beatus
1080 4258 1165 4310 vir
1189 4259 1432 4312 Joannes
1457 4256 1771 4311 Constanti-

139 4353 496 4422 nopolitanus
523 4353 818 4423 episcopus
839 4350 1060 4422 scripsit
1088 4350 1402 4421 epistolam,
1435 4367 1562 4422 quae
1589 4367 1769 4421 usque

140 4447 318 4501 adhuc
345 4448 411 4500 in
437 4447 719 4500 codicibus
744 4446 974 4515 legitur,
1005 4449 1062 4498 et
1089 4461 1121 4497 a
1148 4445 1340 4514 pejore
1371 4445 1442 4498 ad
1471 4443 1770 4498 meliorem

139 4540 524 4608 paenitentiam
565 4556 696 4593 eum
742 4538 1046 4592 transferre
1090 4537 1412 4608 praevaluit;
1469 4542 1524 4591 et
1562 4537 1771 4591 iterum

1872 618 2114 684 virtutis,
2134 619 2230 689 qui
2261 619 2712 688 puriﬁcationem
2741 627 3064 678 nostrorum
3095 623 3226 678 fecit
3254 629 3508 695 peccato-

1872 729 2023 779 rum,
2065 717 2121 766 et
2145 713 2216 765 ad
2258 711 2549 767 dexteram
2576 718 2828 784 paternae
2868 717 3174 787 majestatis
3211 718 3500 787 consedit;

1873 805 1942 860 de
1969 822 2082 876 quo
2107 806 2176 859 ad
2216 805 2566 861 Colossenses
2604 808 2826 879 scripsit
2860 810 3095 880 epistola
3124 828 3138 864 :
3183 812 3336 878 Quod
3361 815 3419 866 in
3447 827 3505 867 eo

1873 901 2052 953 omnia
2072 903 2252 952 creata
2276 904 2420 961 sunt,
2447 917 2568 969 qua:
2590 906 2714 955 sunt
2744 904 2800 955 in
2829 904 2970 957 caelis
2996 908 3046 957 et
3072 907 3128 958 in
3160 908 3337 966 terris,
3368 908 3502 960 visi-

1875 994 2006 1046 bilia
2033 997 2083 1046 et
2109 993 2428 1055 invisibilia,
2471 995 2614 1062 quod
2644 1012 2745 1064 per
2796 1012 2914 1050 eum
2945 1002 3128 1051 creata
3168 1003 3295 1052 sunt
3324 1002 3508 1054 omnia

1875 1086 2092 1155 [Coloss.
2136 1088 2198 1156 1],
2255 1086 2409 1139 hunc
2472 1104 2588 1140 non
2644 1087 2996 1143 incarnatum
3034 1091 3320 1158 Verbum,
3362 1092 3506 1146 sicut

1873 1179 2211 1249 evangelicis
2241 1179 2468 1233 vocibus
2495 1181 2674 1234 edocti
2703 1199 2916 1251 sumus,
2948 1184 3044 1238 sed
3082 1185 3372 1239 hominem
3401 1201 3505 1256 per

1873 1273 2002 1326 vita:
2028 1272 2453 1344 provectionem
2481 1278 2536 1327 et
2563 1275 2890 1344 passionum
2931 1277 3333 1346 perfectionem
3365 1294 3500 1332 con-

1865 1366 2132 1435 junctum
2161 1367 2271 1420 Deo
2309 1365 2508 1434 Verbo,
2543 1367 2763 1438 scripsit
2789 1369 2992 1425 stultus
3028 1370 3087 1424 in
3124 1371 3407 1426 omnibus.
3436 1372 3503 1426 Et

1873 1459 1994 1513 haec
2023 1459 2080 1512 in
2111 1459 2357 1530 mysticis
2385 1461 2740 1515 sermonibus
2767 1479 2935 1516 ausus
2968 1468 3070 1518 est.

1942 1553 2066 1606 XIV.
2117 1554 2323 1606 Contra
2365 1570 2584 1607 errores
2624 1554 2877 1624 ejusdem
2911 1556 3220 1624 Theodori,
3254 1557 3361 1627 piae
3406 1574 3497 1611 re-

1871 1645 2212 1700 cordationis
2239 1646 2582 1700 Theodosius
2623 1651 2677 1701 et
2708 1648 3124 1702 Valentinianus
3149 1651 3338 1719 legem
3367 1667 3498 1720 pro-

1870 1740 2210 1810 mulgantes,
2230 1739 2526 1810 inquiunt:
2556 1741 2808 1794 Debitam
2834 1758 2866 1794 a
2891 1742 3056 1796 nobis
3083 1744 3502 1798 venerationem

1869 1833 2144 1904 piissimae
2172 1833 2440 1887 doctrinae
2469 1834 2786 1903 reddentes,
2819 1852 2913 1889 eos
2940 1836 3038 1906 qui
3068 1836 3189 1890 ausi
3208 1843 3340 1890 sunt
3365 1854 3500 1891 con-

1873 1931 1959 1980 tra
1986 1928 2166 1980 Deum
2209 1927 2382 1996 impie
2413 1929 2786 1995 conscribere,
2820 1929 3024 1983 debitaa
3051 1930 3506 1985 condemnationi

1870 2019 2162 2090 subjicere,
2199 2025 2255 2073 et
2289 2020 2612 2074 nominibus
2652 2021 2837 2091 dignis
2862 2023 3047 2076 vocari
3081 2029 3338 2094 oportere
3380 2025 3500 2078 exi-

1871 2113 2245 2167 stimavimus.
2263 2115 2484 2167 Iustum
2506 2113 2682 2184 igitur
2701 2115 3041 2169 circumdari
3062 2132 3155 2170 eos
3174 2117 3501 2172 confusione

1871 2223 2101 2260 suorum
2118 2211 2496 2276 peccatorum,
2524 2212 2580 2260 et
2600 2207 2658 2260 in
2679 2208 2779 2261 tali
2800 2208 3068 2262 vocabulo
3089 2225 3419 2279 permanere
3440 2211 3500 2264 in

1872 2304 2170 2366 azternum,
2201 2304 2484 2370 quatenus
2511 2316 2614 2354 nec
2643 2300 2746 2353 vivi
2770 2301 3098 2369 liberentur,
3123 2309 3178 2357 et
3199 2307 3320 2372 post
3344 2319 3499 2357 mor-

1871 2398 1984 2446 tem
2007 2399 2376 2462 permaneant
2395 2394 2720 2464 contempti.
2750 2395 2924 2463 Igitur
2952 2395 3206 2449 doctrina
3220 2396 3500 2451 Theodori

1873 2491 1929 2540 et
1959 2486 2198 2540 Nestorii
2237 2487 2545 2557 impiorum
2574 2492 2630 2541 et
2657 2487 3051 2557 pestiferorum
3089 2489 3204 2542 visa
3228 2495 3312 2544 est
3336 2490 3500 2544 nobis

1871 2579 2246 2633 abominanda
2275 2597 2394 2635 esse
2425 2598 2438 2634 :
2469 2580 2728 2635 similiter
2755 2587 2946 2636 autem
2976 2588 3032 2636 et
3059 2599 3254 2637 omnes
3287 2584 3385 2654 qui
3410 2601 3498 2638 se-

1870 2678 2125 2743 quuntur
2148 2689 2347 2726 eorum
2374 2690 2645 2742 errorem,
2685 2680 2741 2728 et
2774 2676 3135 2730 consentiunt
3163 2693 3360 2731 eorum
3388 2677 3499 2731 im-

1870 2767 2089 2837 pietati,
2115 2767 2338 2836 justum
2366 2773 2448 2821 est
2469 2768 2620 2838 ipsos
2641 2769 2900 2822 eamdem
2923 2770 3368 2824 nominationem
3387 2787 3503 2825 me-

1870 2861 2002 2926 reri,
2037 2866 2092 2913 et
2119 2861 2507 2914 confusionem
2554 2861 2737 2929 indui,
2783 2865 2846 2915 ut
2891 2879 3005 2916 non
3038 2863 3360 2931 Christiani,
3402 2865 3500 2919 sed

1871 2953 2180 3007 Nestoriani
2208 2954 2610 3023 nominentur;
2646 2972 2716 3008 ne
2737 2997 2750 3022 ,
2784 2955 2919 3009 dum
2947 2957 3314 3010 nominantur
3336 2957 3498 3011 Chri-

1871 3045 2057 3112 stiani,
2087 3063 2156 3101 ex
2185 3046 2308 3116 ipso
2341 3047 2703 3102 inveniantur
2731 3048 2974 3102 decorati
3002 3049 3299 3116 vocabulo,
3332 3049 3502 3122 longe

1871 3138 2162 3193 constituti
2208 3156 2240 3191 a
2284 3139 2731 3194 Christianorum
2775 3141 3085 3211 proposito,
3115 3146 3170 3195 et
3211 3143 3434 3196 alienati
3467 3159 3502 3196 a

1871 3236 2022 3285 recta
2042 3238 2096 3284 et
2114 3231 2482 3286 immaculata
2505 3233 2636 3287 fide.
2658 3235 2724 3287 Et
2745 3238 2867 3304 post
2886 3251 3091 3304 pauca:
3126 3235 3178 3290 Si
3201 3235 3325 3306 quis
3351 3251 3499 3304 pra:-

1871 3325 2086 3378 terierit
2130 3331 2466 3395 praesentem
2511 3332 2762 3380 nostram
2807 3328 3176 3394 sanctionem,
3218 3333 3283 3382 ut
3319 3329 3500 3383 Theo-

1870 3418 2008 3472 doro
2031 3421 2086 3472 et
2108 3419 2356 3472 Nestor-io
2375 3420 2693 3486 assenserit,
2717 3425 2772 3474 et
2800 3421 3029 3475 illorum
3054 3422 3233 3476 socios
3251 3421 3503 3477 imitatus

1869 3510 2061 3578 fuerit,
2098 3516 2223 3580 post
2264 3511 2436 3581 gladii
2475 3511 2756 3566 ultionem
2803 3514 2989 3566 omnis
3033 3515 3154 3584 ejus
3193 3515 3505 3568 substantia

1871 3603 2002 3656 ﬁsco
2028 3603 2338 3657 addicatur.
2374 3605 2641 3673 (Rursum
2683 3610 2876 3658 contra
2918 3623 3137 3660 errores
3176 3607 3348 3672 illius,
3397 3608 3502 3677 pia:

1872 3695 2280 3750 recordationis
2291 3696 2637 3750 Theodosius
2657 3701 2713 3750 et
2735 3697 3152 3752 Valentinianus
3171 3699 3356 3768 legem
3376 3717 3504 3769 pro-

1871 3789 2210 3858 mulgantes,
2241 3788 2508 3860 inquiunt
2542 3805 2554 3842 :
2588 3790 2763 3844 Nemo
2797 3790 3032 3859 habeat,
3061 3796 3158 3845 aut
3202 3791 3374 3860 legat,
3405 3797 3503 3846 aut

1872 3882 2096 3948 scribat,
2123 3885 2223 3935 aut
2249 3882 2498 3952 proferat
2527 3883 2868 3952 Nestorium,
2893 3899 2990 3938 seu
3019 3884 3170 3938 illius
3194 3883 3391 3952 libros,
3416 3886 3500 3939 vel

1871 3975 2099 4030 Codices
2130 3976 2360 4029 omnino
2395 3977 2622 4031 inutiles
2651 3977 2962 4047 [nocibiles]
2987 3996 3002 4046 ;
3043 3978 3130 4032 vel
3157 3978 3332 4050 ipsius
3361 3980 3499 4033 Nes-

1869 4068 2021 4134 torii,
2051 4069 2138 4123 vel
2166 4069 2417 4134 alterius,
2449 4073 2505 4124 et
2530 4071 2778 4124 maxime
2808 4072 3044 4125 Nestorii
3069 4072 3332 4126 adversus
3356 4072 3502 4127 solos

1868 4163 2217 4217 Christianos
2243 4163 2578 4234 conscripta,
2607 4169 2706 4218 aut
2731 4165 3008 4220 Theodori
3037 4182 3050 4220 :
3079 4167 3176 4220 sed
3206 4166 3504 4238 unusquis-

1871 4273 1981 4327 que
2010 4256 2222 4312 habens
2249 4258 2388 4311 tales
2432 4257 2686 4326 Codices,
2716 4259 2941 4329 publice
2979 4259 3105 4314 illos
3133 4259 3404 4331 proferat,
3448 4263 3506 4314 et

1871 4348 1930 4402 in
1955 4353 2257 4420 conspectu
2283 4349 2543 4404 omnium
2572 4350 2690 4422 igni
2721 4351 2945 4421 tradat.)

1942 4444 2046 4497 XV.
2077 4445 2143 4498 Et
2169 4443 2214 4497 si
2255 4444 2440 4498 adhuc
2466 4444 2703 4498 fortasse
2734 4450 2858 4515 post
2891 4450 2974 4500 tot
2997 4445 3243 4516 prolatas
3271 4447 3502 4499 Patrum

1871 4541 2065 4590 contra
2103 4537 2267 4590 illum
2303 4537 2610 4592 sententias
2655 4543 2836 4592 vestra
2880 4537 3218 4592 Fraternitas
3263 4537 3500 4605 dubitat,

142 4632 274 4687 bene
301 4633 642 4701 conversari,
690 4633 898 4686 iterum
941 4632 1000 4684 in
1033 4631 1299 4685 clericatu
1326 4646 1445 4684 esse
1487 4630 1672 4701 coepit.
1705 4632 1846 4704 EtD
1868 4630 2202 4684 Theodoreti
2231 4629 2401 4682 libros
2425 4631 2596 4700 legat,
2630 4630 2689 4684 in
2716 4631 2922 4700 quibus
2950 4631 3088 4684 dum
3115 4633 3307 4684 contra
3331 4629 3505 4700 Cyril-

142 4726 433 4781 Antiochia
494 4726 710 4792 relicta,
775 4725 834 4779 in
885 4725 1123 4778 Tarsum
1175 4723 1636 4794 transmigravit,
1701 4739 1771 4778 ex

143 4836 248 4888 qua
312 4821 370 4874 in
435 4818 829 4890 Mopsuestiam
891 4817 1158 4886 transiit,
1226 4817 1518 4870 ordinatus
1582 4817 1639 4870 in
1704 4833 1772 4870 ea

143 4913 454 4985 episcopus,
511 4913 766 4967 nondum
825 4912 937 4965 Deo
974 4911 1196 4964 volente
1246 4909 1605 4963 manifestam
1658 4909 1768 4963 im-

145 5005 360 5075 pietatis
416 5006 569 5060 illius
626 5004 1086 5077 praedicationem
1143 5002 1284 5057 fieri.
1337 5002 1524 5056 Prima
1578 5008 1769 5057 autem

144 5099 416 5155 elementa
444 5116 558 5154 sum
587 5099 857 5154 doctrina:
891 5115 960 5152 ex
987 5097 1217 5152 Judaico
1258 5095 1580 5166 vaniloquio
1629 5095 1768 5149 inci-

145 5193 314 5262 piens,
331 5193 592 5248 Codicem
605 5192 663 5246 in
675 5192 1034 5263 prophetiam
1051 5191 1398 5262 psalmorum
1411 5188 1767 5259 conscripsit,

144 5303 330 5342 omnes
352 5289 420 5342 de
446 5287 686 5340 Domino
721 5285 1156 5356 praedicationes
1186 5283 1409 5353 [Forsan
1447 5281 1766 5353 praedictio-

144 5383 253 5450 nes]
290 5382 700 5452 abnegantem:
727 5379 985 5449 culpatus
1006 5395 1136 5432 vero
1157 5380 1214 5432 et
1244 5376 1608 5448 periclitatus,
1631 5392 1764 5430 con-

143 5475 305 5528 traria
322 5474 423 5528 sibi
450 5473 608 5539 dixit,
622 5488 736 5526 non
753 5488 822 5526 ex
846 5473 1154 5538 voluntate,
1178 5470 1274 5524 sed
1294 5469 1616 5540 compulsus
1643 5485 1766 5523 om-

146 5567 300 5622 nium
326 5566 730 5639 querimoniis;
754 5569 810 5620 et
835 5565 1096 5620 Codicem
1120 5564 1305 5634 ipsum
1333 5563 1518 5617 delere
1546 5561 1767 5633 pollici-

144 5665 248 5728 tus,
276 5662 514 5716 latenter
557 5659 931 5714 conservabat
973 5657 1222 5712 Judaicae
1266 5655 1572 5727 impietatis
1603 5655 1768 5710 viati-

146 5769 288 5808 cum.
318 5756 384 5808 Et
408 5757 536 5826 post
578 5770 792 5825 pauca:
824 5751 1112 5808 Christum
1142 5750 1296 5805 enim
1323 5751 1514 5805 Jesum
1547 5749 1771 5821 generis

148 5847 318 5901 nostri
361 5848 703 5903 Salvatorem
748 5851 804 5901 et
844 5844 1150 5900 Dominum
1197 5847 1385 5914 (quem
1413 5843 1771 5914 splendorem

151 5946 387 6008 pateer
416 5940 611 6015 gloriae
637 5945 692 5999 et
716 5939 1028 6012 imaginem
1064 5937 1394 5996 substantiae
1436 5935 1642 5994 Paulus
1671 5951 1768 5993 νο·

1871 4723 1992 4776 lum
2039 4721 2436 4776 Alexandrina:
2482 4722 2640 4776 urbis
2684 4723 2994 4777 antistitem
3037 4739 3169 4778 eum
3204 4723 3504 4779 defendere

1870 4816 2093 4882 nititur,
2122 4813 2308 4868 verius
2352 4819 2596 4883 accusat,
2644 4815 2876 4869 dicens:
2911 4835 2938 4867 α
2978 4817 3504 4888 Interpretationem

1871 4909 2114 4981 Cyrillus
2139 4912 2359 4962 accusat
2387 4908 2570 4962 octavi
2597 4908 2816 4978 psalmi,
2863 4914 2918 4964 et
2953 4911 3143 4982 arguit
3169 4911 3292 4965 haec
3338 4912 3506 4966 verba

1872 5002 2044 5056 divini
2058 4999 2336 5056 Theodori
2359 5017 2372 5054 :
2396 5001 2828 5056 Consideremus
2848 5002 3042 5074 igitur,
3067 5005 3194 5076 quis
3213 5010 3296 5060 est
3307 5005 3502 5073 homo,

1872 5095 1940 5148 de
1966 5111 2080 5164 quo
2111 5093 2380 5162 stupescit
2393 5098 2448 5147 et
2463 5093 2705 5148 miratur
2725 5095 2876 5164 quod
2895 5097 3225 5167 unigenitus
3241 5098 3505 5168 dignatus

1871 5192 1954 5242 est
1978 5188 2100 5257 ejus
2128 5186 2464 5240 memoriam
2492 5193 2548 5241 et
2574 5187 2948 5242 visitationem
2976 5189 3180 5244 facere.
3220 5190 3323 5244 Sed
3355 5189 3504 5260 quod

1871 5281 2105 5352 quidem
2134 5295 2247 5334 non
2276 5279 2490 5334 dictum
2519 5285 2598 5334 est
2618 5280 2685 5334 de
2711 5281 2869 5334 omni
2887 5281 3138 5350 homine,
3159 5283 3220 5336 in
3246 5282 3500 5353 superio-

1873 5375 2027 5429 ribus
2053 5375 2503 5429 demonstratum
2535 5379 2647 5442 est;
2681 5374 2830 5444 quod
2860 5379 3050 5429 autem
3095 5374 3231 5443 [Αι.,
3270 5375 3394 5444 nec]
3435 5375 3504 5428 de

1871 5485 1986 5523 uno
2013 5467 2283 5540 quolibet,
2315 5471 2370 5522 et
2397 5468 2503 5522 hoc
2543 5472 2760 5522 certum
2790 5473 2890 5522 est.
2943 5489 2970 5517 »
3015 5469 3287 5522 Deductas
3314 5469 3504 5540 itaque

1870 5567 1954 5617 tot
1981 5563 2219 5617 testibus
2245 5561 2620 5632 blasphemias
2651 5562 2751 5615 has
2781 5561 2900 5631 ejus
2931 5577 3047 5616 esse
3085 5562 3213 5632 quis
3248 5562 3505 5617 dubitat?
3580 5608 3587 5618 .

1873 5657 1940 5710 Et
1965 5655 2134 5710 tantis
2158 5655 2528 5728 blasphemiis
2553 5655 2703 5708 illius
2724 5654 2982 5727 cognitis,
2998 5671 3130 5709 eum
3163 5656 3502 5711 damnatum

1864 5749 1995 5820 jure
2021 5749 2150 5821 quis
2176 5749 2383 5820 neget?

1941 5843 2072 5896 XVI.
2101 5843 2356 5897 Discussa
2376 5858 2514 5914 ergo
2534 5841 2720 5912 primo
2745 5842 2814 5898 de
2835 5842 3117 5898 Theodori
3144 5841 3505 5898 damnatione

1873 5935 2140 6008 capitulo,
2186 5951 2335 5993 nunc
2381 5936 2454 5992 ad
2493 5935 2642 5994 dicta
2681 5935 2933 6009 epistolae
2969 5935 3304 5998 Theodoreti
3353 5935 3503 6010 [Ibae]
