4016 6240
477 417 569 471 731

1852 413 2112 470 PELAGII
2161 412 2352 467 PAPJE
2399 411 2445 466 ll

3750 414 3848 466 732

475 523 794 594 indaganda
833 529 1206 594 transeamus,
1251 524 1412 595 cujus
1449 529 1566 580 tota
1607 524 1778 578 series
1805 523 1852 577 si
1877 523 2110 578 solerter
2131 533 2189 606 Α
2208 523 2299 574 cta
2323 518 2570 590 synodus
2595 522 2765 574 tantae
2791 517 3045 575 falsitatis
3071 518 3286 574 crimen
3315 517 3611 574 sustineat.
3634 517 3848 572 Vestras

475 617 763 688 aspicitur,
788 624 995 674 sanctae
1017 618 1452 673 Chalcedonensi
1472 618 1682 689 synodo
1703 633 1872 689 quam
1903 617 1974 671 sit
2006 617 2106 672 ad-

475 726 634 765 versa
659 717 943 782 pensatur.
980 714 1038 766 In
1077 712 1246 782 gestis
1274 729 1521 783 namque
1549 712 1803 782 ejusdem
1831 712 2029 783 synodi
2055 717 2111 767 et

475 804 697 875 scriptis
709 806 907 858 Leonis
920 805 1159 875 Cyrillus
1175 805 1534 875 praedicatur;
1550 805 1607 860 in
1621 805 1853 876 epistola
1864 822 1997 859 vero
2014 805 2110 860 illa

477 898 810 952 Theodoreti
834 900 900 966 (a)
923 898 1156 967 Cyrillus
1179 898 1236 951 in
1256 899 1596 969 Apollinaris
1619 899 1827 970 dogma
1843 915 2110 953 corruens

476 991 810 1061 reprobatur
822 1008 838 1058 ;
869 991 1137 1062 scriptum
1164 992 1375 1063 quippe
1397 993 1454 1046 in
1469 1009 1535 1046 ea
1556 998 1672 1047 est:
1697 1014 1724 1044 «
1748 993 1987 1064 Cyrillus
2005 1009 2107 1047 au-

474 1088 591 1137 tem
617 1084 786 1136 libros
806 1085 1040 1139 Nestorii
1060 1086 1248 1139 volens
1276 1086 1583 1156 destruere,
1617 1088 1804 1157 lapsus
1829 1091 1911 1140 est
1938 1091 1994 1141 et
2019 1086 2106 1140 in-

477 1180 678 1229 ventus
715 1181 800 1232 est
836 1177 895 1232 in
939 1179 1276 1250 Apollinaris
1307 1181 1513 1252 dogma
1539 1181 1760 1234 cadens.
1794 1200 1820 1230 »
1852 1181 1912 1234 In
1941 1181 2110 1251 gestis

479 1270 765 1324 Nestorius
817 1277 882 1325 ut
925 1273 1321 1344 Redemptoris
1369 1274 1550 1329 nostri
1588 1274 1939 1328 adversarius
1979 1273 2108 1344 jure

477 1363 779 1434 damnatus
825 1366 1170 1437 ostenditur;
1218 1367 1402 1421 verbis
1460 1384 1591 1422 vero
1645 1369 1893 1438 epistola:
1947 1369 2107 1422 dam-

476 1461 642 1510 natus
669 1457 874 1527 injuste
909 1464 1275 1515 memoratur.
1318 1461 1407 1515 Sic
1433 1461 1644 1532 quippe
1679 1460 1738 1514 in
1765 1477 1829 1515 ea
1855 1461 2062 1515 dicitur
2091 1480 2104 1515 :

481 1570 508 1597 «
535 1553 858 1621 Antequam
879 1552 938 1607 in
965 1555 1180 1624 synodo
1207 1554 1499 1608 adveniret
1524 1554 2026 1609 reverendissimus
2046 1571 2109 1608 ac

478 1643 863 1699 sanctissimus
889 1647 1346 1719 archiepiscopus
1371 1650 1613 1702 Joannes
1638 1690 1650 1716 ,
1689 1647 2013 1702 Nestorium
2041 1665 2112 1702 ex

478 1731 800 1802 episcopatu
831 1734 1242 1805 deposuerunt,
1266 1737 1484 1807 judicio
1511 1741 1568 1792 et
1603 1737 1965 1808 inquisitione
1996 1755 2110 1792 non

479 1824 642 1879 facta.
675 1846 702 1874 »
731 1828 791 1881 In
821 1829 991 1898 gestis
1014 1830 1209 1900 synodi
1236 1830 1294 1884 in
1327 1831 1426 1885 Dei
1458 1835 1513 1885 et
1539 1831 1762 1884 Domini
1792 1832 1972 1885 nostri
1997 1848 2110 1885 una

2207 613 2340 667 ﬁdei
2383 613 2823 672 fundamentum
2875 617 3156 682 tenemus,
3187 629 3260 667 ne
3313 617 3618 684 postquam
3657 616 3850 666 sancta

2209 705 2395 778 prima
2459 705 2738 777 Ephesina
2799 706 3045 777 synodus
3097 706 3260 778 quasi
3310 705 3523 760 venalis
3561 704 3846 776 arguitur,

2207 798 2679 854 Chalcedonensis
2721 800 2892 854 etiam
2939 799 3108 871 (quod
3146 800 3305 870 absit)
3355 799 3520 870 culpa
3565 799 3851 854 varietatis

2209 897 2472 948 notetur:
2505 881 2633 964 quae
2655 899 2720 948 ut
2747 894 2806 948 in
2833 894 3017 948 verbis
3041 893 3156 948 suis
3182 900 3409 965 quantae
3430 896 3503 951 sit
3527 892 3852 949 concordia:

2209 987 2438 1052 clareat,
2461 1003 2687 1042 necesse
2715 992 2798 1042 est
2825 992 2888 1041 ut
2914 993 3097 1042 vestra
3121 989 3462 1044 Fraternitas
3484 989 3582 1044 ubi
3607 988 3684 1042 sit
3701 1003 3854 1041 com-

2209 1079 2362 1151 pleta
2389 1083 2710 1151 cognoscat.
2757 1081 2963 1136 Omnes
2991 1098 3238 1153 namque
3283 1083 3577 1150 novimus,
3610 1080 3767 1152 quod
3793 1080 3854 1134 in

2207 1174 2418 1244 synodo
2447 1191 2742 1245 nunquam
2770 1191 3015 1229 canones
3037 1217 3050 1244 ,
3079 1175 3188 1230 nisi
3227 1176 3470 1246 peractis
3499 1174 3852 1230 deﬁnitioni-

2207 1267 2315 1321 bus
2341 1266 2493 1336 ﬁdei,
2521 1267 2623 1321 nisi
2654 1267 2916 1338 perfectis
2937 1267 3294 1339 synodalibus
3320 1268 3493 1339 gestis
3508 1268 3850 1333 habeantur,

2210 1363 2274 1413 ut
2302 1362 2520 1414 servato
2545 1360 2742 1416 ordine
2776 1377 2905 1415 cum
2933 1361 3090 1431 prius
3116 1361 3362 1431 synodus
3386 1361 3456 1415 ad
3482 1361 3657 1415 ﬁdem
3682 1360 3854 1414 corda

2211 1453 2470 1522 aediﬁcet,
2498 1459 2634 1508 tunc
2659 1471 2762 1524 per
2786 1455 3011 1525 regulas
3043 1471 3332 1509 canonum
3368 1471 3558 1510 mores
3584 1453 3851 1509 Ecclesiae

2209 1549 2478 1617 actusque
2501 1531 3097 1618 componat.Vigilanti
3109 1563 3245 1618 ergo
3263 1564 3399 1602 cura
3417 1547 3700 1618 respicite,
3719 1563 3852 1617 quae

2209 1638 2268 1693 in
2295 1645 2447 1694 sexta
2478 1641 2633 1694 illius
2659 1641 2884 1695 actione
2909 1646 3114 1695 sanctae
3135 1641 3264 1696 ﬁdei
3293 1641 3568 1712 professio
3591 1657 3854 1696 consum-

2209 1739 2435 1802 matur;
2479 1750 2726 1805 moxque
2766 1734 2828 1788 in
2872 1734 3115 1805 septima
3160 1735 3230 1789 ad
3279 1734 3694 1790 institutionem
3724 1737 3854 1805 jam

2209 1827 2463 1881 ﬁdelium
2494 1829 2690 1899 regula
2729 1844 3009 1882 canonum
3051 1827 3267 1899 ﬁgitur.
3310 1829 3678 1883 Ulterioribus
3714 1846 3855 1884 vero

479 1934 722 1988 persona
752 1920 891 1974 duas
934 1927 1163 1976 naturas
1196 1924 1434 1993 Cyrillus
1455 1925 1740 1979 confessus
1762 1925 2110 1994 ostenditur;
2135 1909 2190 1980 B
2215 1920 2526 1975 actionibus
2548 1921 2693 1975 nihil
2722 1921 2790 1976 de
2817 1938 2982 1975 causa
3005 1920 3157 1991 ﬁdei,
3199 1922 3296 1976 sed
3329 1922 3446 1976 sola
3469 1924 3701 1994 negotia
3729 1924 3853 1994 pl‘i-

479 2011 540 2066 in
563 2012 750 2067 Verbis
776 2013 1027 2084 epistolae
1045 2032 1220 2069 unam
1242 2022 1504 2070 naturam
1529 2017 1752 2072 tradere
1778 2017 2002 2086 dicitur,
2027 2023 2112 2073 at-

479 2120 590 2175 que
617 2105 685 2158 ab
710 2106 815 2159 hoc
849 2123 1017 2161 sensu
1050 2114 1341 2180 correptus
1371 2111 1461 2165 vix
1499 2111 1802 2181 resipuisse
1829 2115 2110 2166 narratur.

481 2200 542 2251 In
564 2199 734 2270 gestis
755 2201 958 2270 synodi
977 2203 1487 2258 anathematizatus
1500 2205 1786 2259 Nestorius
1799 2205 1968 2259 etiam
1991 2211 2116 2275 post

481 2297 728 2346 mortem
756 2290 990 2362 dicitur;
1037 2296 1095 2349 in
1127 2297 1312 2350 verbis
1345 2313 1477 2351 vero
1508 2298 1758 2368 epistola;
1792 2299 1962 2352 etiam
1989 2302 2116 2368 post

478 2385 888 2456 depositionem
920 2405 1102 2457 suam,
1128 2406 1230 2460 pro
1255 2391 1372 2444 solo
1393 2391 1600 2445 civium
1631 2407 1865 2445 suorum
1893 2392 2020 2445 odio
2042 2392 2113 2446 ad

478 2477 759 2533 civitatem
799 2498 958 2535 suam
987 2498 1100 2536 non
1141 2483 1350 2538 redisse
1389 2484 1740 2554 perhibetur.
1773 2485 1859 2539 Sic
1903 2485 2114 2555 quippe

478 2572 592 2626 illic
613 2574 886 2644 scriptum
907 2581 991 2630 est
1015 2595 1028 2631 :
1059 2597 1085 2627 «
1110 2577 1395 2632 Nestorius
1415 2584 1604 2632 autem
1628 2579 1759 2650 quia
1777 2580 1837 2633 in
1859 2596 1974 2633 sua:
1995 2585 2113 2635 erat

478 2665 608 2718 odio
635 2666 890 2736 civitatis,
915 2673 970 2723 et
993 2669 1246 2724 virorum
1268 2671 1364 2741 qui
1384 2671 1442 2724 in
1466 2688 1531 2725 ea
1551 2677 1682 2726 sunt
1706 2672 2109 2741 maximorum,

480 2758 610 2812 illuc
635 2761 837 2814 reverti
863 2779 976 2815 non
1005 2764 1211 2833 potuit.
1247 2784 1273 2815 »
1313 2766 1372 2818 In
1407 2765 1573 2835 gestis
1603 2782 1664 2818 ac
1693 2766 2114 2822 deﬁnitionibus

479 2854 677 2924 synodi
713 2871 862 2908 unus
903 2856 1073 2911 Filius
1102 2859 1260 2912 Jesus
1296 2859 1553 2912 Christus
1591 2858 1795 2912 dicitur
1809 2877 1824 2927 ;
1858 2864 1915 2914 at
1947 2860 2113 2930 juxta

478 2947 792 3002 doctrinam
821 2950 1099 3004 Theodori
1135 2956 1303 3023 atque
1341 2952 1576 3006 Nestorii
1606 2953 1748 3006 Deus
1776 2957 2013 3007 tacetur.
2049 2955 2114 3008 Et

479 3039 537 3093 in
569 3043 738 3111 gestis
763 3043 960 3112 synodi
989 3061 1270 3114 nusquam
1293 3045 1617 3099 Theodorus
1642 3046 1892 3100 veritatis
1919 3046 2114 3100 doctor

478 3133 712 3200 dicitur;
737 3136 794 3189 in
814 3136 997 3190 verbis
1015 3153 1147 3192 vero
1171 3139 1419 3208 epistolae
1450 3139 1620 3200 idem,
1654 3139 1816 3209 cujus
1844 3139 2109 3210 blasphe—

478 3226 620 3280 mias
668 3245 840 3298 supra
887 3231 1246 3300 protulimus,
1276 3232 1524 3286 veritatis
1558 3233 1752 3286 doctor
1790 3233 2108 3287 clamatur:

477 3319 576 3388 qui
608 3319 883 3374 nimirum
909 3321 955 3374 si
992 3338 1123 3376 vera
1155 3323 1315 3391 dixit,
1345 3324 1487 3378 falsa
1520 3330 1688 3378 erunt
1714 3341 1841 3396 quae
1869 3325 1937 3380 de
1964 3326 2110 3380 veri-

478 3415 590 3465 tate
621 3413 869 3482 synodus
895 3415 1148 3484 protulit.
1182 3416 1442 3488 Quisquis
1469 3418 1646 3488 igitur
1685 3419 1783 3489 qui
1822 3418 2113 3489 epistolam

477 3521 606 3575 quae
638 3506 744 3560 [bas
771 3507 993 3573 dicitur,
1022 3510 1316 3564 ostendere
1344 3512 1495 3582 quod
1523 3512 1594 3566 sit
1633 3512 1702 3566 de
1739 3512 1951 3582 synodo
1978 3513 2112 3567 niti-

477 3605 588 3664 tur,
621 3600 757 3670 quid
787 3601 937 3656 aliud
965 3619 1137 3674 quam.
1157 3609 1313 3674 gesta
1333 3605 1585 3675 ejusdem
1606 3605 1801 3676 synodi
1823 3605 2116 3660 destruere

404 3705 405 3708 ‘
476 3695 747 3748 conatur?
795 3695 850 3749 Si
898 3696 1050 3749 enim
1102 3696 1460 3767 sibimetipsis
1503 3699 1718 3752 diversa
1765 3703 1917 3767 sunt,
1961 3700 2116 3753 nulla

475 3787 672 3855 procul
704 3787 874 3842 dubio
901 3790 1233 3844 auctoritate
1261 3791 1583 3860 subsistent,
1608 3792 1742 3863 quia
1761 3809 1890 3862 quae
1918 3809 1975 3846 se
2001 3793 2111 3846 im-

476 3881 784 3949 pugnando
815 3882 1135 3951 destruunt,
1183 3884 1318 3938 alios
1346 3885 1622 3939 aediﬁcare
1666 3902 1778 3940 non
1825 3891 2061 3957 possunt
2095 3905 2111 3940 :

476 3972 521 4026 si
548 3973 909 4044 sibimetipsis
933 3975 1153 4030 diversa
1181 3983 1330 4047 sunt,
1354 3979 1509 4032 nulla
1535 3979 1802 4033 ﬁrmitate
1823 3980 2110 4033 convales-

476 4071 631 4132 cunt,
652 4068 891 4120 Domino
903 4073 1197 4126 attestante
1215 4071 1312 4142 qui
1327 4072 1433 4125 ait:
1467 4075 1707 4141 Regnum
1729 4075 1786 4126 in
1801 4088 1856 4126 se
1882 4073 2116 4127 divisum

478 4175 584 4211 non
613 4160 780 4214 stabit
811 4160 952 4229 (Luc.
983 4165 1077 4232 x1).
1102 4164 1210 4218 Sed
1233 4165 1380 4218 absit
1400 4165 1525 4232 hoc,
1551 4164 1693 4218 absit
1725 4165 1914 4218 abillo
1945 4181 2113 4220 vene-

477 4251 654 4305 rando
680 4254 943 4324 concilio,
996 4262 1061 4309 ut
1106 4257 1329 4311 sibimet
1373 4257 1654 4310 contraria
1689 4257 1900 4327 sapiat;
1943 4262 1997 4311 et
2029 4258 2115 4312 vel

479 4345 772 4414 superiora
804 4349 1275 4419 subsequentibus
1305 4349 1581 4404 discordia
1611 4349 1892 4420 praeferat,
1921 4351 2008 4404 vel
2035 4351 2117 4405 in-

475 4437 685 4493 feriora
714 4443 1163 4510 praecedentibus
1200 4443 1606 4513 impugnatura
1632 4444 1959 4514 subjungat.
1983 4444 2116 4500 San-

474 4537 562 4586 cta
609 4533 763 4588 enim
808 4535 966 4605 ﬁdes,
1015 4553 1144 4607 quae
1184 4553 1298 4590 uno
1336 4537 1449 4590 illic
1493 4537 1695 4607 spiritu
1736 4543 1966 4609 accepta
2007 4541 2112 4606 est,

2133 3275 2186 3350 C

2213 2019 2336 2067 vata
2367 2019 2679 2069 versantur.
2703 2015 2864 2079 Quod
2891 2031 3021 2068 cum
3055 2015 3407 2086 responsales
3428 2015 3595 2070 vestri
3622 2017 3698 2070 ita
3729 2033 3855 2071 esse

2213 2107 2588 2178 ambigerent,
2618 2125 2768 2162 curae
2794 2109 2954 2162 nobis
2993 2108 3102 2163 fuit
3135 2125 3204 2162 ex
3246 2109 3479 2179 prolatis
3516 2110 3710 2164 multis
3743 2110 3854 2165 hoc

2213 2200 2507 2256 Codicibus
2533 2201 2939 2256 demonstrare.
2981 2203 3089 2256 Nos
3115 2207 3305 2256 tamen
3340 2203 3444 2256 hac
3482 2203 3553 2257 de
3596 2220 3660 2258 re
3698 2220 3852 2258 nun-

2213 2311 2387 2365 quam
2425 2294 2668 2349 dubitari
2693 2311 2855 2365 posse
2893 2295 3254 2364 credidimus,
3288 2296 3422 2367 quia
3450 2301 3507 2351 et
3537 2297 3736 2353 eadem
3762 2314 3852 2352 se-

2214 2388 2324 2442 ries
2351 2388 2429 2442 sic
2456 2404 2514 2442 se
2537 2387 2803 2457 insinuat,
2833 2391 2900 2442 ut
2922 2389 3074 2444 credi
3100 2389 3262 2443 aliter
3288 2390 3650 2445 contradicat.

2285 2483 2460 2535 XVIII.
2480 2481 2733 2536 Primum
2753 2481 3005 2553 quidem,
3023 2482 3159 2554 quia
3177 2483 3338 2554 (sicut
3353 2483 3567 2538 dictum
3588 2483 3692 2557 est)
3713 2485 3857 2540 dum

2214 2574 2444 2629 deﬁnita
2470 2574 2602 2629 ﬁdei
2628 2576 2827 2646 regula
2851 2575 2912 2629 in
2937 2576 3156 2630 actione
3171 2583 3330 2630 sexta
3351 2578 3689 2644 ostenditur,
3713 2580 3858 2634 ordo

2214 2684 2397 2722 causa;
2459 2667 2701 2737 indicat,
2754 2673 2820 2723 ut
2858 2669 2918 2722 in
2955 2670 3172 2724 actione
3218 2670 3518 2740 subjuncta
3565 2688 3858 2727 canonum

2212 2762 2395 2816 forma
2421 2766 2772 2832 sequeretur.
2798 2763 3121 2817 Secundum
3150 2780 3280 2818 vero
3309 2769 3411 2833 est,
3433 2765 3567 2835 quia
3586 2770 3643 2820 et
3669 2766 3727 2819 in
3755 2783 3854 2820 ac-

2210 2855 2380 2909 tionis
2406 2861 2576 2910 sextae
2599 2855 2908 2910 terminum
2919 2856 3042 2927 jam
3057 2873 3337 2911 canonum
3359 2875 3559 2912 norma
3578 2859 3856 2929 praeliba-

2216 2951 2327 3018 tur,
2367 2949 2504 3003 dum
2528 2949 2641 3003 illic
2667 2966 2700 3002 a
2724 2949 2978 3020 principe
3007 2951 3419 3006 venerabilibus
3444 2952 3726 3024 episcopis
3757 2954 3850 3007 di-

2209 3041 2390 3096 citur:
2414 3043 2616 3113 Aliqua
2648 3047 2779 3097 sunt
2811 3043 3083 3115 capitula,
3105 3060 3235 3115 quae
3261 3044 3334 3098 ad
3353 3045 3631 3099 honorem
3653 3052 3858 3101 vestrm

2213 3136 2543 3190 reverentiae
2575 3135 2729 3190 vobis
2764 3137 3194 3205 reservavimus,
3218 3138 3438 3208 justum
3465 3138 3856 3195 existimantes

2213 3227 2334 3282 haec
2358 3245 2391 3282 a
2415 3229 2570 3283 vobis
2594 3229 2931 3299 regulariter
2956 3247 3058 3301 per
3083 3231 3307 3301 singula
3327 3231 3607 3301 synodum
3632 3232 3859 3288 ﬁrmari

2215 3321 2429 3393 [potius
2452 3338 2554 3392 per
2585 3323 2865 3393 synodum
2885 3325 3162 3394 formari],
3186 3330 3295 3379 etc.
3315 3325 3712 3380 Przelibatione
3743 3328 3854 3381 ita-

2214 3431 2324 3486 que
2352 3419 2524 3469 sextae
2550 3415 2783 3470 actionis
2818 3418 3134 3472 ostenditur
3169 3418 3300 3489 quia
3332 3418 3465 3488 jure
3499 3421 3859 3475 constitutio—

2214 3525 2314 3563 nes
2333 3525 2616 3564 canonum
2651 3526 2767 3564 non
2793 3510 2903 3564 nisi
2932 3510 2991 3564 in
3033 3511 3273 3581 septima
3297 3512 3679 3567 continentur.
3707 3514 3856 3578 Quid

2213 3603 2366 3656 enim
2393 3607 2686 3674 supererat
2704 3604 2854 3674 quod
2876 3604 3124 3674 perfecta
3142 3604 3274 3659 ﬁdei
3295 3605 3643 3676 professione
3664 3607 3852 3678 ﬁeret,

2212 3695 2322 3750 nisi
2345 3702 2411 3751 ut
2433 3697 2812 3768 quorumdam
2837 3697 3091 3752 ﬁdelium
3119 3698 3367 3751 actiones
3407 3699 3631 3754 illicitas
3661 3707 3856 3756 sancta

2214 3790 2459 3860 synodus
2495 3791 2696 3862 positis
2733 3791 2943 3861 regulis
2971 3791 3296 3862 judicaret?
3319 3792 3581 3856 Quamvis
3603 3794 3650 3847 si
3677 3795 3858 3849 soler-

2213 3887 2301 3937 ter
2323 3883 2647 3954 aspicimus,
2694 3901 2977 3938 canonum
3008 3884 3235 3955 regulas
3279 3871 3488 3955 positas
3529 3902 3664 3953 non,
3700 3888 3856 3942 sicut

2215 3981 2466 4046 putatur,
2497 3977 2554 4031 in
2583 3977 2841 4048 septima,
2874 3977 2969 4032 sed
2995 3977 3240 4032 intextas
3267 3984 3438 4032 sextze
3467 3979 3673 4033 actioni
3699 3981 3858 4035 inve-

2215 4069 2422 4124 nimus.
2453 4071 2592 4124 Nam
2613 4087 2745 4124 cum
2773 4071 2830 4124 in
2857 4070 3070 4125 eisdem
3085 4071 3580 4126 constitutionibus
3603 4074 3858 4128 sancien-

2215 4163 2301 4216 dis
2322 4180 2436 4217 non
2457 4163 2595 4230 dies,
2633 4181 2748 4217 non
2776 4163 3085 4235 imperium
3105 4165 3355 4235 ponitur,
3377 4181 3492 4219 non
3521 4166 3620 4237 qui
3647 4169 3857 4222 reside-

2215 4260 2363 4324 rent,
2393 4256 2808 4324 describuntur,
2847 4258 3042 4326 procul
3068 4257 3239 4311 dubio
3279 4275 3410 4312 cum
3439 4275 3558 4313 non
3585 4267 3858 4315 consueto

2215 4349 2446 4404 exordio
2473 4355 2672 4422 coepta:
2709 4356 2860 4419 sunt,
2913 4351 3046 4422 quia
3087 4351 3429 4422 praecedenti
3472 4353 3683 4407 actioni
3729 4355 3859 4409 sub-

2215 4459 2373 4497 nexa:
2399 4449 2533 4498 sunt
2560 4444 2999 4500 demonstratur.
3040 4445 3181 4509 Quia
3207 4461 3338 4500 vero
3363 4445 3424 4499 in
3449 4446 3673 4502 actione
3698 4457 3859 4503 sexta

2215 4535 2343 4590 ﬁdei
2367 4553 2530 4592 causa
2557 4537 2869 4608 perﬁcitur,
2890 4538 3012 4609 ipsa
3039 4539 3436 4609 episcoporum
3473 4541 3735 4595 omnium
3765 4559 3857 4613 ge-

474 4643 587 4679 uno
616 4643 784 4682 sensu
811 4629 1045 4697 credita,
1064 4646 1180 4683 una
1203 4633 1285 4684 est
1304 4635 1359 4684 et
1381 4630 1488 4685 ﬁde
1512 4631 1756 4701 [Forsan,
1781 4631 1934 4701 voce]
1963 4647 2111 4702 prae-
2133 4642 2192 4713 D
2214 4631 2395 4684 nerali
2410 4631 2818 4702 subscriptione
2832 4631 3307 4686 declaratur.Nam
3327 4632 3860 4707 quipostsubscrip—

475 4719 676 4774 dicata.
710 4721 919 4776 Idcirco
947 4722 1005 4776 in
1033 4723 1250 4777 cunctis
1277 4723 1479 4778 mundi
1506 4723 1760 4795 partibus
1790 4724 1974 4778 forma
2008 4741 2113 4778 no-

477 4817 605 4866 strze
635 4815 1005 4884 professionis
1037 4817 1180 4872 facta
1207 4822 1308 4886 est,
1341 4817 1475 4888 quia
1495 4819 1555 4871 in
1585 4818 1940 4887 precantium
1967 4818 2111 4871 voci-

477 4907 582 4962 bus
606 4908 831 4963 sibimet
859 4910 980 4982 ipsa
1006 4911 1288 4966 dissimilis
1315 4928 1432 4965 non
1458 4916 1559 4965 est.

545 5003 700 5056 XVII.
732 5003 837 5058 Sed
863 5020 966 5057 cur
992 5006 1386 5060 tantummodo
1413 5009 1667 5059 sanctam
1692 5004 2115 5060 Chalcedonen-

477 5113 596 5150 sem
625 5097 907 5168 synodum
934 5099 1173 5153 convelli
1194 5099 1452 5166 dicimus,
1486 5099 1531 5152 si
1561 5098 1956 5152 auctoritatem
1986 5098 2118 5152 huic

478 5191 728 5261 epistolae
755 5191 1162 5262 reprobemus?
1181 5193 1314 5256 Quae
1336 5192 1611 5247 nimirum
1631 5192 1676 5245 si
1693 5208 1824 5246 vera
1845 5192 2115 5260 creditur,

471 5284 641 5338 etiam
683 5288 798 5338 tota
837 5290 1042 5339 sancta:
1067 5285 1362 5356 Ephesium
1384 5285 1582 5356 synodi
1603 5285 1742 5339 ﬁdes
1762 5301 1823 5338 ac
1850 5301 2117 5339 reveren-

475 5378 552 5432 tia
579 5377 904 5449 dissipatur.
955 5380 1083 5432 Haec
1111 5380 1323 5450 (piippe
1357 5380 1434 5434 ait
1460 5422 1473 5448 ,
1503 5379 1654 5450 quod
1683 5379 1741 5432 in
1781 5395 1849 5433 ea
1881 5378 2121 5450 Cyrillus

479 5472 858 5543 praemiorum
891 5473 1266 5527 medicamine
1309 5473 1628 5544 sapientum
1656 5473 1847 5525 oculos
1873 5488 2120 5526 excaaca-

481 5566 579 5620 vit.
601 5567 743 5630 Quid
763 5583 900 5638 ergo
924 5567 1035 5620 illic
1057 5567 1126 5622 de
1148 5567 1380 5621 veritate
1401 5571 1619 5620 certum
1642 5565 1866 5632 dicitur,
1888 5565 1983 5618 ubi
2005 5564 2124 5635 ipsa

469 5659 673 5714 veritas
685 5659 1076 5714 sacerdotibus
1093 5659 1318 5713 vendita
1329 5676 1448 5713 esse
1471 5657 1844 5729 perhibetur?
1865 5657 1971 5711 Sed
1998 5657 2124 5727 quis

471 5751 576 5806 hoc
604 5753 812 5821 dicere,
837 5753 964 5823 quis
995 5754 1101 5807 hoc
1122 5753 1436 5806 consentiat
1456 5750 1735 5822 patienter
1753 5749 1948 5804 audire
1963 5750 1990 5804 ‘I
2014 5751 2122 5805 Rc-

473 5845 745 5911 probetur
763 5861 900 5914 ergo
921 5862 1038 5900 una
1060 5846 1298 5916 epistola
1319 5844 1624 5911 mentiens,
1643 5860 1714 5898 ne
1743 5847 1983 5915 utraque
2003 5860 2127 5898 san-

547 5963 613 6029 ta)
661 5963 997 6031 Legendum
1027 5963 1260 6020 omnino
1283 5966 1391 6023 Iba?
1408 6007 1427 6031 ,
1457 5965 1618 6038 cujus
1646 5969 1776 6021 sunt
1803 5965 1971 6022 verba
1996 5981 2125 6039 quae

2215 4728 2412 4779 serunt
2436 4724 3016 4792 sententiam,cuncta
3055 4741 3182 4796 quae.
3221 4725 3290 4780 de
3330 4726 3441 4780 ﬁde
3473 4729 3699 4798 agenda
3745 4730 3864 4784 fue-

2217 4822 2364 4886 rant,
2387 4818 2545 4871 ﬁnita
2559 4817 2746 4872 testati
2765 4823 2916 4872 sunt.
2940 4817 3096 4872 Unde
3126 4822 3182 4872 et
3205 4819 3264 4872 in
3289 4819 3470 4873 causis
3495 4826 3624 4890 post
3640 4822 3865 4893 specia-

2217 4911 2384 4979 libus,
2405 4911 2575 4964 nudis
2595 4911 2989 4965 tantummodo
3012 4911 3195 4965 verbis
3232 4911 3566 4982 loquuntur,
3598 4920 3771 4985 atque
3801 4931 3869 4970 ea

2218 5021 2346 5076 quas
2367 5005 2733 5059 decernentes
2767 5004 3044 5073 dixerant,
3072 5005 3229 5058 nulla
3254 5006 3544 5076 supposita
3569 5007 3867 5079 subscrip-

2218 5099 2370 5152 tione
2403 5097 2797 5152 ﬁrmaverunt.
2827 5099 2960 5161 Qua:
2988 5099 3209 5168 [Forsan
3238 5098 3365 5169 Qui]
3403 5101 3867 5165 reverendissimi

2220 5191 2467 5263 episcopi
2495 5192 2572 5246 ita
2598 5192 2655 5245 in
2677 5191 2895 5246 actione
2923 5195 3076 5246 sexta
3097 5191 3291 5245 omnia
3314 5207 3442 5262 qua:
3464 5192 3534 5246 de
3552 5193 3664 5248 ﬁde
3694 5211 3869 5265 agen-

2221 5287 2291 5340 da
2327 5285 2570 5353 fuerant,
2617 5285 3062 5355 cognoscebant;
3105 5289 3191 5352 ut,
3241 5285 3387 5338 sicut
3425 5285 3542 5340 illic
3585 5288 3870 5360 scriptum

2222 5385 2305 5435 est
2330 5381 2636 5433 clamarent
2664 5394 2676 5432 :
2707 5378 3119 5449 Supplicamus,
3153 5377 3374 5433 dimitte
3402 5395 3524 5447 nos,
3557 5381 3652 5450 pie
3681 5381 3867 5452 impe-

2224 5479 2396 5539 rator,
2426 5471 2644 5527 dimitte
2670 5487 2792 5525 nos.
2828 5471 3115 5542 (Quodque
3161 5487 3277 5525 non
3313 5489 3416 5542 pro
3456 5471 3589 5541 ﬁde,
3629 5475 3730 5528 sed
3769 5493 3870 5546 pro

2223 5566 2557 5639 specialibus
2620 5565 2800 5619 causis
2862 5564 3073 5619 detenti
3148 5569 3312 5633 sunt,
3377 5566 3684 5638 principali
3759 5569 3872 5623 illic

2225 5660 2587 5732 responsione
2625 5663 2992 5725 monstratur,
3033 5674 3166 5712 cum
3215 5658 3422 5712 dicitur
3475 5676 3488 5712 :
3545 5659 3867 5716 Sacratissi-

2223 5771 2352 5808 mus
2389 5757 2445 5808 et
2481 5751 2768 5823 piissimus
2821 5751 3085 5805 dominus
3141 5757 3332 5805 noster
3386 5752 3705 5808 Marcianus
3755 5759 3868 5809 Au-

2227 5853 2424 5919 gustus
2483 5846 2553 5899 ad
2617 5850 2867 5898 sanctam
2930 5844 3213 5914 synodum
3284 5845 3427 5900 dixit
3479 5862 3493 5899 :
3552 5847 3868 5904 Laborastis

2228 5979 2359 6019 mox
2383 5961 2700 6018 afferuntur
2725 5976 2854 6032 sup.
2884 5959 3008 6016 coll.
3039 5962 3094 6016 6.
