4016 6240
185 407 290 462 733

1466 407 1803 463 EPISTOL‘E
1842 407 1926 463 ET
1963 407 2289 463 DECRETA.

3447 409 3548 464 734

184 522 372 579 multo
401 523 589 595 spatio
610 523 1015 595 fatigationem
1045 523 1332 595 perpessi:
1362 524 1604 579 sustinet
1629 527 1823 580 autem
1842 538 1902 612 Α
1921 542 2054 581 vero
2079 528 2137 581 et
2164 525 2318 597 apud
2357 525 2592 582 eosdem
2637 526 2935 600 episcopos
2979 527 3074 599 qui
3103 527 3162 582 in
3188 529 3554 585 Chalcedone

182 620 305 672 tres
336 621 435 672 aut
459 622 711 689 quatuor
735 618 856 673 dies
885 617 1091 685 adhuc,
1115 622 1174 673 et
1199 618 1575 690 praesentibus
1604 618 1824 690 magni-

184 710 577 767 ﬁcentissimis
602 712 895 783 judicibus
935 712 1163 778 nostris,
1197 712 1423 783 singula
1466 728 1821 783 quaecunque

184 806 358 860 vultis
374 822 631 871 movere,
652 809 985 877 competens
1001 805 1266 877 adepturi
1287 805 1552 860 solatium
1569 806 1706 875 [Al.,
1728 822 1824 859 au-

186 899 453 970 xilium].)
493 899 601 963 Qui
634 900 808 970 igitur
828 900 901 953 ad
931 899 1158 969 singula
1181 915 1423 969 quasque
1460 900 1672 953 vellent
1696 915 1819 953 mo-

184 994 320 1046 tura
352 993 563 1047 retenti
608 996 758 1059 sunt,
790 993 924 1046 licet
949 993 1169 1061 [Forsan
1209 991 1407 1062 liquet]
1453 992 1586 1063 quia
1613 1008 1823 1062 nequa-

183 1101 366 1155 quam
391 1086 543 1139 ultra
566 1086 806 1140 actionis
835 1088 1006 1139 sexta
1028 1084 1341 1139 terminum
1360 1101 1463 1156 pro
1494 1084 1627 1138 ﬁdei
1652 1100 1823 1140 causa

180 1176 523 1230 restiterunt
548 1175 1017 1246 [remanserunt].

254 1268 373 1322 Sed
399 1285 502 1323 cur
530 1268 599 1322 de
626 1269 714 1322 his
743 1273 979 1323 extensa
1005 1268 1229 1323 ratione
1258 1269 1503 1339 agimus,
1535 1268 1632 1339 qui
1660 1272 1822 1324 tanta

182 1362 628 1431 praedecessoris
658 1362 837 1416 nostri
865 1362 1023 1416 beati
1064 1362 1268 1416 Leonis
1299 1362 1636 1416 auctoritate
1666 1360 1822 1415 fulci-

184 1456 366 1509 mur?
396 1456 516 1526 Ipse
545 1472 817 1527 namque,
860 1456 1006 1510 sicut
1031 1457 1213 1510 multa
1259 1455 1519 1526 superius
1549 1455 1817 1526 epistola-

182 1564 319 1602 mm
347 1549 472 1619 ejus
503 1550 866 1604 attestatione
916 1549 1247 1616 docuimus,
1282 1552 1442 1620 gesta
1485 1548 1823 1620 multiplicia

183 1658 493 1696 causarum
523 1643 856 1714 specialium
888 1643 1275 1713 reprobando,
1301 1642 1701 1697 auctoritatem
1730 1659 1819 1713 sy-

182 1736 328 1790 nodi
346 1736 404 1791 in
418 1737 539 1791 sola
551 1736 683 1791 ﬁdei
697 1736 1032 1791 definitione
1048 1736 1550 1790 constrinxit.Hinc
1567 1740 1653 1789 est
1664 1737 1821 1790 enim

181 1830 347 1900 quod
378 1833 609 1900 peracta
634 1830 854 1902 synodo
875 1832 1107 1885 cunctas
1128 1829 1293 1885 nobis
1321 1829 1709 1900 suspicionum
1728 1845 1823 1882 ne-

178 1923 353 1977 bulas
372 1927 625 1995 tergens,
647 1927 839 1995 aperte
857 1924 930 1978 ad
945 1924 1248 1978 Maximum
1267 1924 1642 1977 Antiochenaa
1670 1922 1822 1976 sedis
1841 1909 1898 1981 B

178 2016 505 2072 antistitem
537 2018 750 2083 scribit,
792 2017 988 2071 dicens
1018 2020 1205 2087 (Epist.
1236 2020 1361 2086 62):
1405 2016 1462 2071 Si
1503 2016 1640 2087 quid
1684 2033 1820 2070 sane

179 2110 261 2165 ab
302 2110 392 2164 his
436 2111 724 2179 fratribus,
772 2111 928 2182 quod
957 2111 1032 2165 ad
1062 2112 1320 2165 sanctam
1369 2109 1652 2180 synodum
1702 2110 1821 2163 vice

176 2220 321 2259 mea
350 2204 498 2271 misi,
530 2209 737 2275 praeter
768 2205 827 2258 id
855 2204 1009 2275 quod
1041 2204 1113 2257 ad
1139 2220 1369 2258 causam
1400 2203 1535 2257 ﬁdei
1566 2202 1817 2273 pertine-

178 2298 305 2365 bat,
330 2301 557 2369 gestum
588 2314 709 2352 esse
737 2298 1094 2368 perhibetur,
1128 2297 1338 2350 nullius
1358 2296 1465 2351 erit
1488 2296 1713 2366 penitus
1730 2296 1823 2349 ﬁr-

176 2390 424 2455 mitatis,
453 2391 587 2462 quia
613 2391 684 2445 ad
715 2392 821 2445 hoc
840 2393 1069 2445 tantum
1098 2390 1169 2444 ab
1191 2390 1504 2460 apostolica
1526 2389 1660 2443 sede
1689 2392 1823 2443 sunt

178 2482 409 2549 directi,
440 2488 502 2538 ut
532 2484 728 2538 excisis
752 2484 1086 2551 haeresibus,
1120 2484 1416 2538 catholicae
1461 2486 1654 2537 essent
1686 2482 1822 2537 ﬁdei

176 2577 542 2632 defensores.
581 2578 870 2649 Quidquid
894 2577 1049 2631 enim
1080 2580 1292 2647 praeter
1320 2576 1595 2647 speciales
1620 2591 1821 2630 causas

175 2671 552 2741 synodalium
573 2672 945 2726 conciliorum
978 2671 1049 2724 ad
1078 2687 1323 2724 examen
1355 2670 1679 2741 episcopale
1718 2670 1817 2724 de-

176 2765 390 2831 fertur,
420 2768 605 2836 potest
625 2765 878 2836 aliquam
902 2763 1258 2835 dijudicandi
1277 2763 1489 2818 habere
1508 2764 1817 2818 rationem.

181 2859 323 2927 (Sed
353 2859 541 2913 solent
563 2859 825 2913 nonnulli
852 2858 1063 2923 dicere,
1091 2858 1215 2912 haec
1260 2874 1391 2911 eum
1438 2874 1541 2928 pro
1568 2856 1823 2910 Anatolii

175 2953 842 3024 Constantinopolitanae
870 2952 1025 3006 urbis
1074 2951 1323 3022 episcopi
1373 2950 1821 3021 praesumptione

180 3046 428 3101 dixisse:
462 3046 560 3117 qui
588 3046 631 3100 si
664 3051 722 3101 et
746 3063 836 3100 res
872 3049 1081 3117 gestas,
1109 3050 1166 3099 et
1188 3062 1257 3099 ea
1291 3061 1419 3115 qua:
1446 3060 1597 3097 nunc
1618 3047 1818 3115 protu-

182 3141 364 3195 limus
391 3140 644 3211 epistolte
661 3140 833 3194 verba
856 3139 1242 3205 considerant,
1267 3137 1541 3208 suspicari
1562 3137 1822 3208 protinus

180 3235 333 3290 falsa
344 3238 585 3289 cessant.
600 3235 859 3304 Namque
878 3249 1005 3286 cum
1020 3232 1326 3303 prazdictus
1344 3231 1822 3301 ConstantinOpo—

179 3328 381 3382 litanae
414 3326 566 3381 urbis
598 3326 899 3397 episcopus
923 3341 1135 3380 novum
1162 3325 1379 3395 aliquid
1406 3328 1712 3379 conaretur
1736 3340 1821 3378 ar-

178 3422 396 3493 ripere,
426 3423 651 3475 constat
680 3420 791 3474 illic
820 3420 871 3473 ei
898 3421 1119 3489 legatos
1149 3419 1301 3473 sedis
1329 3418 1657 3489 apostolicae
1690 3434 1821 3472 cum

180 3531 417 3570 summa
431 3513 786 3569 auctoritatis
802 3513 1064 3567 libertate
1078 3512 1349 3567 restitisse
1369 3514 1621 3582 (Act.xv1)
1632 3554 1644 3566 .
1657 3511 1821 3576 Quod

180 3615 241 3664 et
279 3609 495 3663 factum
520 3609 580 3662 in
608 3607 828 3679 synodo
870 3606 1102 3677 legitur,
1137 3611 1195 3660 et
1224 3606 1483 3678 ejusdem
1514 3605 1718 3676 synodi
1747 3605 1821 3659 ad

178 3703 487 3775 praefatum
502 3702 987 3773 praedecessorem
1003 3703 1263 3755 nostrum
1279 3699 1532 3771 epistolis
1543 3698 1823 3770 approba-

178 3800 298 3851 tur.
320 3800 368 3850 A
394 3812 543 3866 saepe
573 3797 691 3849 fato
723 3798 917 3849 autem
944 3794 1149 3849 eodem
1172 3794 1594 3866 praedecessore
1622 3796 1818 3847 nostro

176 3890 261 3945 ad
282 3889 607 3956 Maximum,
636 3888 781 3943 sicut
813 3887 1202 3959 praediximus,
1227 3887 1489 3942 novimus
1516 3886 1814 3957 scriptum:

177 3984 242 4040 Si
270 3982 407 4053 quid
420 3999 558 4037 sane
582 3982 652 4037 ab
669 3981 756 4036 his
783 3981 1073 4047 fratribus,
1100 3997 1243 4052 quos
1270 3980 1344 4035 ad
1365 3982 1625 4035 sanctam
1655 3995 1820 4050 syno-

177 4078 329 4134 dum
359 4077 479 4131 vice
498 4093 628 4130 mea
646 4075 799 4143 misi,
829 4079 1041 4146 praeter
1060 4074 1124 4129 id
1152 4075 1307 4145 quod
1328 4075 1401 4129 ad
1428 4090 1663 4128 causam
1684 4072 1820 4127 fidei

174 4170 532 4243 pertinebat,
556 4173 783 4240 gestum
800 4185 922 4223 esse
945 4168 1301 4239 perhibetur,
1319 4169 1526 4223 nullius
1544 4167 1651 4221 erit
1666 4166 1821 4238 peni-

173 4270 277 4319 tus
303 4263 611 4330 ﬁrmitatis,
632 4263 767 4334 quia
786 4263 859 4317 ad
878 4263 985 4316 hoc
1009 4266 1232 4316 tantum
1261 4265 1394 4316 sunt
1413 4262 1485 4316 ab
1506 4261 1821 4333 apostolica

173 4357 322 4413 sede
352 4356 575 4423 directi,
618 4360 681 4410 ut
705 4356 903 4410 excisis
924 4355 1256 4422 haeresibus,
1299 4355 1595 4410 catholicae
1628 4357 1821 4409 essent

178 4450 320 4506 ﬁdei
343 4451 716 4515 defensores.)
747 4450 802 4504 Si
829 4465 968 4520 ergo
999 4449 1071 4503 de
1090 4449 1339 4504 Anatolii
1361 4466 1527 4503 causa
1553 4450 1817 4519 loquens,

177 4545 293 4599 hoc
313 4543 472 4614 quod
492 4560 526 4597 a
546 4543 773 4597 vicariis
797 4543 911 4596 suis
933 4544 1123 4597 actum
1144 4543 1201 4596 in
1220 4543 1440 4614 synodo
1462 4543 1712 4609 fuerant,
1735 4558 1821 4595 re-

1841 3277 1896 3352 C

1922 619 2282 686 resederunt,
2312 619 2369 675 in
2400 619 2770 676 veneratione
2818 620 3069 692 synodus
3104 621 3332 677 nonnisi
3372 638 3554 693 usque

1923 713 1997 767 ad
2024 713 2161 767 ﬁdei
2186 712 2582 769 deﬁnitionem
2603 714 2728 779 fuit,
2748 731 2851 785 per
2864 715 2972 769 hoc
2994 718 3190 786 aperte
3212 716 3553 783 ostenditur,

1924 805 2079 877 quod
2110 806 2367 877 plerique
2398 808 2579 862 Graeci
2604 807 2963 878 antiquiores
2992 808 3229 864 Codices
3255 808 3555 864 continere

1923 899 2209 970 synodum
2238 899 2471 954 nonnisi
2492 900 2550 954 in
2576 916 2670 954 sex
2697 901 3017 955 actionibus
3038 902 3353 972 subjunctis
3380 917 3553 956 cano-

1921 992 2089 1047 nibus
2109 992 2598 1061 demonstrantur,
2617 997 2677 1048 ut
2696 995 2935 1050 omnino
2958 998 3166 1050 castera
3180 1011 3307 1066 quae
3330 995 3553 1065 privato

1924 1087 2112 1142 studio
2142 1087 2372 1141 fuerant
2397 1090 2576 1155 mota,
2602 1104 2718 1143 non
2740 1088 3013 1144 habeant.
3036 1089 3199 1143 Unde
3222 1092 3280 1143 et
3300 1088 3556 1159 encyclia

1923 1181 2045 1235 huic
2076 1180 2155 1235 ita
2176 1196 2299 1235 esse
2320 1183 2622 1235 testantur.
2649 1182 2789 1236 Nam
2818 1182 3009 1237 Leone
3036 1184 3292 1253 Augusto
3313 1182 3553 1253 Alypius

1923 1274 2222 1345 episc0pus
2260 1275 2535 1329 Cassareaa
2562 1274 2935 1346 Cappadociae
2965 1275 3241 1343 scribens,
3288 1275 3370 1330 ait
3414 1276 3492 1344 (In
3521 1278 3552 1329 3

1916 1372 2067 1439 part.
2098 1368 2344 1426 Chalced.
2372 1384 2510 1431 con.,
2535 1383 2579 1422 c.
2612 1369 2734 1438 50):
2764 1368 2859 1423 His
2897 1369 3092 1440 itaque
3133 1370 3212 1424 sic
3248 1386 3307 1424 se
3333 1369 3553 1426 haben-

1924 1461 2092 1527 tibus,
2120 1463 2326 1516 vestrze
2354 1461 2559 1516 Pietati
2588 1462 2871 1531 signiﬁco,
2902 1462 3039 1533 quia
3064 1480 3131 1517 ea
3164 1463 3398 1535 quidem
3423 1482 3549 1536 quae

1921 1555 2342 1627 particulariter
2370 1554 2699 1610 examinata
2719 1559 2871 1624 sunt,
2902 1560 2959 1609 et
2984 1574 3113 1628 quae
3146 1557 3363 1627 [atque]
3393 1561 3555 1627 gesta

1923 1666 1957 1703 a
1977 1648 2188 1703 sanctis
2217 1647 2499 1719 episcopis
2528 1648 2587 1701 in
2616 1649 3070 1704 Chalcedonensi
3118 1649 3344 1703 civitate
3390 1651 3556 1705 colle-

1922 1741 2044 1808 ctis,
2076 1758 2191 1796 non
2223 1741 2337 1811 legi
2362 1759 2375 1809 ;
2406 1758 2594 1812 neque
2626 1742 2782 1796 enim
2811 1759 2844 1796 a
2863 1745 3073 1797 sanctae
3092 1742 3390 1797 memoriae
3419 1747 3556 1797 tunc

1923 1835 2190 1906 episcopo
2240 1835 2553 1902 Thalassio,
2596 1836 2695 1906 qui
2751 1836 3013 1890 interfuit
3057 1839 3253 1891 sancto
3291 1836 3553 1905 concilio,

1924 1928 2140 1999 aliquid
2188 1929 2299 1982 huc
2331 1928 2574 1998 amplius
2608 1931 2693 1982 est
2722 1930 2961 1983 allatum
3001 1946 3067 1984 ex
3110 1930 3198 1983 his
3227 1946 3354 2000 qua:
3393 1933 3557 2000 gesta

1924 2025 2256 2087 noscuntur,
2272 2021 2371 2075 sed
2386 2023 2792 2077 tantummodo
2815 2022 3215 2077 deﬁnitionem
3238 2024 3556 2093 expositam

1923 2116 1994 2169 ab
2025 2116 2120 2169 illo
2156 2118 2352 2169 sancto
2380 2115 2620 2170 concilio
2655 2116 2727 2170 ab
2758 2132 2825 2170 eo
2865 2116 3124 2170 delatam
3163 2116 3423 2187 inspexi.)
3450 2119 3550 2170 At-

1922 2211 2171 2264 testante
2215 2225 2356 2278 ergo
2407 2208 2609 2279 Alypio
2656 2209 2923 2280 episcopo
2974 2209 3376 2279 perdocemur,
3419 2210 3557 2281 quia

1924 2304 2132 2373 praeter
2158 2318 2390 2356 causam
2420 2302 2553 2356 ﬁdei
2579 2301 2719 2356 nihil
2748 2302 2817 2356 de
2845 2302 3065 2373 synodo
3096 2302 3153 2357 in
3181 2303 3554 2358 veneratione

1919 2394 2240 2449 Thalassius
2288 2394 2473 2449 tenuit
2521 2395 2618 2466 qui
2649 2395 2761 2449 illic
2793 2399 2851 2450 et
2894 2399 3104 2466 praeter
3141 2413 3375 2451 causam
3417 2396 3555 2451 ﬁdei

1922 2488 2325 2559 episcoporum
2349 2488 2597 2560 negotiis
2631 2488 2869 2560 privatis
2893 2488 3172 2543 interfuit.
3208 2489 3267 2544 Si
3294 2489 3471 2560 igitur
3494 2489 3554 2544 in

1922 2582 2146 2637 actione
2174 2586 2330 2637 sexta
2358 2582 2636 2653 professio
2653 2581 2788 2636 ﬁdei
2822 2585 3281 2650 consummatur,
3307 2599 3555 2654 moxque

1921 2692 2209 2730 canonum
2230 2677 2433 2746 regula
2452 2676 2674 2746 ﬁgitur;
2708 2676 2751 2729 si
2781 2675 2982 2730 beatus
2998 2677 3111 2731 Leo
3136 2676 3403 2747 negotiis,
3427 2693 3557 2747 quae

1924 2769 2035 2823 illic
2063 2769 2281 2839 private
2303 2772 2460 2823 mota
2492 2773 2641 2836 sunt,
2673 2768 3051 2823 contradicit:
3086 2769 3129 2822 si
3159 2770 3268 2824 hoc
3293 2769 3445 2840 quod
3476 2770 3557 2824 ul-

1924 2867 2011 2916 tra
2042 2863 2218 2916 ﬁdem
2269 2866 2497 2932 gestum
2528 2865 2631 2930 est,
2680 2878 2785 2916 nec
2825 2862 2871 2915 is
2910 2862 3007 2933 qui
3063 2862 3198 2916 fecit
3235 2862 3559 2917 Thalassius

1920 2956 2107 3010 tenuit
2135 2973 2148 3021 ;
2171 2972 2273 3009 cur
2297 2972 2402 3009 nos
2426 2955 2758 3009 haereticam
2781 2955 3084 3027 epistolam
3113 2959 3452 3010 retractasse
3474 2972 3559 3009 re-

1921 3049 2360 3120 prehendimur,
2390 3049 2490 3119 qui
2529 3049 2635 3103 hac
2664 3048 2723 3102 in
2752 3065 2814 3103 re
2841 3051 3176 3103 cunctorum
3206 3065 3311 3103 nos
3341 3065 3553 3120 praece-

1924 3142 2184 3196 dentium
2219 3142 2558 3197 auctoritate
2584 3141 2967 3197 roboramur‘?
2997 3143 3063 3196 Et
3091 3142 3350 3213 quamvis
3371 3142 3442 3196 ab
3470 3159 3559 3196 ea-

1924 3236 2056 3290 dem
2086 3236 2326 3307 epistola
2356 3236 2610 3291 alienum
2639 3253 2698 3290 se
2721 3236 2847 3290 lbas
2876 3236 3266 3307 respondeat;
3296 3235 3557 3307 quamvis

1922 3329 2056 3400 quia
2082 3329 2400 3400 approbata
2448 3330 2538 3397 sit,
2573 3332 2671 3383 aut
2720 3328 3048 3395 difﬁculter,
3083 3332 3182 3383 aut
3231 3329 3558 3383 nullatenus

1920 3423 2367 3490 demonstretur,
2398 3422 2637 3476 licenter
2664 3426 2857 3477 tamen
2889 3423 3279 3495 unusquisque
3307 3439 3438 3478 eam
3463 3438 3555 3477 re-

1918 3516 2327 3587 prehenderet,
2362 3516 2859 3586 etiamsiepisc0pi
2882 3516 2940 3570 in
2973 3516 3182 3571 eodem
3206 3517 3447 3572 concilio
3475 3531 3560 3571 re-

1920 3609 2172 3663 sidentes
2202 3609 2316 3663 snis
2344 3608 2503 3663 illam
2552 3608 3066 3679 subscriptionibus
3097 3610 3555 3679 approbassent;

1921 3702 2057 3773 quia
2086 3705 2417 3772 postquam,
2454 3701 2624 3755 beato
2673 3702 2860 3754 Leone
2904 3701 3210 3767 scribente,
3247 3702 3343 3771 jus
3372 3705 3556 3755 retra-

1920 3795 2107 3850 ctandi
2138 3800 2195 3849 et
2219 3794 2571 3865 dijudicandi
2607 3793 2963 3860 conceditur,
3013 3794 3186 3847 etiam
3212 3794 3256 3848 si
3288 3810 3402 3865 qua
3434 3810 3555 3848 esse

1920 3890 2149 3959 poterat
2170 3904 2370 3942 eorum
2400 3887 2496 3958 qui
2526 3887 2916 3941 interfuerant
2941 3886 3001 3940 in
3039 3886 3275 3957 privatis
3306 3886 3555 3957 negotiis

1918 3980 2246 4048 auctoritas,
2274 3984 2565 4035 vacuatur.

1988 4077 2091 4130 XX.
2122 4075 2383 4129 Discussa
2406 4075 2600 4145 itaque
2628 4073 2879 4128 secundo
2908 4074 3178 4144 capitulo,
3210 4073 3445 4128 tertium
3470 4089 3558 4127 su-

1921 4173 2132 4240 perest,
2167 4169 2320 4239 quod
2350 4171 2513 4223 tanto
2551 4168 2830 4222 debemus
2855 4167 2915 4221 in
2960 4167 3237 4222 brevitate
3269 4166 3555 4221 constrin-

1922 4279 2079 4333 gere,
2111 4265 2327 4333 quanto
2354 4265 2411 4316 et
2434 4278 2534 4317 vos
2561 4260 2725 4317 nobis
2752 4261 2875 4315 haec
2914 4260 2973 4314 in
3003 4277 3067 4315 re
3111 4277 3229 4316 non
3271 4259 3559 4315 credimus

1920 4356 2217 4410 resultare.
2253 4356 2449 4426 Neque
2500 4356 2655 4411 enim
2690 4354 3039 4410 Theodoreti
3095 4353 3294 4409 omnia
3347 4353 3559 4423 scripta

1920 4449 2283 4514 damnamus,
2325 4448 2425 4502 sed
2468 4450 2589 4503 sola
2621 4465 2748 4519 qua:
2779 4451 2982 4501 contra
3025 4446 3332 4500 duodecim
3364 4445 3558 4515 Cyrilli

1920 4542 2191 4613 capitula,
2222 4542 2344 4595 sola
2376 4557 2504 4611 quae
2536 4545 2737 4596 contra
2768 4543 2992 4594 rectam
3036 4539 3216 4593 ﬁdem
3242 4537 3557 4608 aliquando

177 4636 445 4707 darguit;
470 4636 743 4691 nimirum
772 4636 901 4707 quia
919 4634 1817 4706 contradixerant,reprehendit.
1839 4644 1899 4717 D
1923 4633 2212 4704 scripsisse
2234 4637 2590 4687 monstratur
2613 4651 2626 4701 ;
2656 4650 2784 4704 quae
2809 4639 3008 4687 tamen
3031 4635 3090 4686 et
3110 4632 3229 4703 ipse
3253 4630 3559 4685 damnasse

177 4733 249 4786 Et
281 4730 410 4802 quis
431 4731 552 4784 haec
594 4731 681 4783 vel
712 4730 917 4784 stultus
938 4729 1194 4785 sentiat?
1224 4730 1369 4783 Dum
1414 4732 1642 4783 constat
1664 4728 1821 4799 quod

177 4825 289 4879 hac
323 4824 396 4878 de
424 4840 484 4877 re
529 4823 734 4878 beatus
761 4824 873 4877 Leo
898 4824 1163 4878 Anatolio
1204 4822 1606 4893 conquerenti,
1639 4823 1822 4876 multa

177 4919 238 4972 in
265 4917 615 4972 vicariorum
645 4933 905 4981 suorum,
941 4915 1076 4986 quia
1121 4916 1606 4983 contradixerant,
1652 4915 1820 4969 laude

178 5011 461 5066 rescribat
502 5013 693 5081 (Epist.
727 5008 815 5081 53)
845 5025 858 5063 :
892 5009 1053 5079 cujus
1098 5008 1356 5079 epistolae
1410 5025 1563 5063 nunc
1605 5008 1820 5063 idcirco

176 5106 357 5160 verba
380 5121 500 5160 non
526 5105 817 5176 ponimus,
849 5120 921 5157 ne
948 5104 1218 5158 volumen
1249 5103 1356 5157 hoc
1383 5102 1823 5157 immoderatius

176 5198 737 5253 extendamus.Cum
763 5214 896 5252 vero
918 5201 976 5252 et
996 5197 1296 5267 subjicitur
1316 5213 1329 5250 :
1352 5194 1640 5265 Quidquid
1663 5193 1821 5247 enim

178 5294 393 5363 praeter
422 5292 698 5362 speciales
726 5307 929 5345 causas
957 5290 1320 5361 synodalium
1342 5288 1716 5343 conciliorum
1748 5287 1823 5342 ad

176 5401 427 5439 examen
456 5384 779 5455 episcopale
809 5384 1088 5448 defertur,
1114 5385 1307 5453 potest
1326 5382 1580 5452 aliquam
1613 5379 1823 5451 dijudi-

177 5478 352 5533 candi
396 5477 611 5532 habere
659 5477 968 5545 rationem,
1001 5478 1217 5547 (aperte
1263 5474 1429 5530 nobis
1456 5474 1688 5529 licentia
1716 5473 1821 5528 tri-

175 5572 398 5639 buitur,
427 5575 490 5626 ut
510 5571 791 5644 quidquid
822 5572 934 5626 illic
964 5573 1123 5625 extra
1147 5568 1283 5623 ﬁdei
1308 5585 1505 5623 causas
1529 5568 1601 5622 de
1622 5583 1819 5639 perso-

179 5665 271 5720 nis
304 5668 534 5737 gestum
567 5668 673 5732 est,
704 5667 1059 5719 retractetur.
1092 5663 1368 5736 Specialis
1398 5663 1612 5735 quippe
1646 5677 1820 5733 syno-

178 5759 401 5814 dalium
433 5758 808 5814 conciliorum
841 5775 1008 5814 causa
1038 5762 1124 5813 est
1152 5758 1315 5812 ﬁdes.
1349 5755 1641 5828 Quidquid
1681 5772 1821 5827 ergo

180 5856 396 5924 praeter
440 5852 621 5907 fidem
657 5851 869 5923 agitur,
925 5853 1114 5907 Leone
1133 5851 1429 5920 ,docente,
1476 5849 1819 5915 ostenditur,

181 5945 320 6019 quia
349 5944 495 6001 nihil
526 5945 732 6014 obstat,
779 5945 824 6000 si
875 5944 949 6000 ad
990 5944 1274 6016 judicium
1324 5947 1643 5999 revocetur.
1677 5942 1823 6008 Quia

1922 4726 2305 4796 cognoscitur,
2353 4725 2489 4795 quia
2514 4726 2573 4779 in
2608 4730 2807 4781 sancta
2836 4724 3293 4781 Chalcedonensi
3333 4723 3556 4795 synodo

1919 4836 2056 4874 vera
2081 4818 2375 4874 confessus
2403 4818 2713 4872 invenitur.
2746 4821 2891 4874 Nam
2924 4819 3220 4890 quomodo
3246 4821 3377 4892 post
3398 4833 3556 4872 erro-

1922 4930 2046 4967 rem
2073 4915 2228 4966 recte
2260 4909 2464 4981 sapiat,
2506 4914 2564 4965 et
2602 4928 2672 4965 ea
2701 4928 2829 4982 quas
2855 4912 3013 4984 prius
3053 4913 3376 4984 scripserat,
3410 4913 3468 4966 et
3490 4927 3561 4966 ea

1923 5023 2052 5077 qua:
2083 5005 2142 5059 in
2156 5003 2609 5061 Chalcedonensi
2626 4996 2849 5075 synodo
2876 5007 2947 5059 ab
2975 5006 3070 5060 illo
3092 5009 3225 5061 sunt
3243 5011 3425 5077 gesta,
3442 5021 3561 5060 ma-

1923 5099 2221 5153 nifestant.
2257 5099 2376 5169 Ipse
2404 5114 2655 5169 namque
2686 5098 2950 5152 Nestorio
2992 5100 3268 5166 scribens,
3312 5098 3394 5153 ait
3421 5098 3557 5163 (Col-

1923 5194 2023 5247 lat.
2052 5192 2134 5263 3):
2169 5213 2196 5241 «
2227 5194 2289 5246 In
2328 5192 2416 5245 his
2443 5208 2572 5262 quae
2598 5192 2657 5245 in
2678 5193 2837 5244 tuam
2866 5191 3317 5246 Venerationem
3346 5191 3559 5261 injuste

1924 5289 2097 5357 atque
2123 5285 2321 5358 inique
2360 5286 2588 5358 prolata
2619 5288 2769 5353 sunt,
2802 5301 2909 5339 nec
2937 5284 2982 5338 si
3011 5284 3154 5338 mihi
3183 5284 3308 5354 quis
3335 5287 3554 5337 utram-

1924 5396 2035 5451 que
2065 5396 2309 5434 manum
2323 5379 2648 5447 absciderit,
2665 5381 2870 5452 potero
2883 5378 3142 5450 praebere
3155 5392 3555 5432 consensum.»

1922 5479 2191 5534 Aemerio
2216 5479 2333 5549 (Al.
2362 5478 2640 5549 Himerio]
2668 5494 2895 5550 quoque
2920 5475 3270 5532 Nicomediae
3292 5475 3559 5548 episcopo

1924 5572 2197 5640 scribens,
2222 5572 2301 5627 ait
2327 5572 2522 5643 (Epist.
2552 5577 2613 5627 ’71
2644 5571 2853 5642 synod.)
2883 5589 2895 5625 :
2921 5591 2948 5620 «
2980 5568 3363 5626 Damnatione
3390 5587 3559 5625 vene-

1923 5665 2091 5719 randi
2119 5669 2177 5719 et
2207 5666 2550 5721 sanctissimi
2578 5665 2829 5738 episcopi
2850 5662 3093 5719 Nestorii
3112 5679 3241 5734 quae
3258 5664 3408 5719 facta
3429 5664 3562 5718 dici-

1922 5762 2036 5826 tur,
2061 5776 2177 5814 non
2198 5759 2477 5815 debemus
2496 5761 2757 5832 praebere
2778 5773 3180 5814 consensum.»
3196 5757 3306 5829 (Ad
3326 5758 3564 5812 Alexan-

1924 5850 2093 5906 drum
2122 5869 2353 5925 quoque
2384 5853 2882 5925 Hierapolitanum
2910 5852 3243 5925 episcopum
3282 5851 3559 5917 scribens,

1924 5943 2030 6001 ait:
2066 5964 2092 5997 σ
2120 5946 2188 6001 Et
2215 5949 2349 6002 ante
2375 5949 2487 6003 tua:
2518 5947 2817 6004 Sanctitati
2847 5946 3106 6020 praedixi,
3146 5945 3309 6019 quasi
3336 5942 3561 6004 domini
