4016 6240
504 385 608 436 735

1886 378 2147 434 PELAGll
2184 377 2378 433 ΡΑΡίΕ
2416 379 2464 434 ιι

3774 382 3876 434 736

502 488 621 543 mei
648 488 991 544 venerabilis
1018 490 1074 543 et
1095 487 1438 543 sanctissimi
1463 486 1717 560 episcopi
1743 485 1987 541 Nestorii
2009 486 2134 540 fue-
2155 497 2215 570 Α
2236 486 2403 542 nibus
2446 486 2766 543 fruebatur.
2800 508 2829 539 n
2858 489 2951 559 (Et
2996 489 3125 559 post
3165 485 3281 543 alia
3312 501 3326 541 :
3358 489 3558 544 «Iesus
3603 486 3876 550 Christus,

503 582 577 637 rit
616 583 835 655 dogma
875 583 1236 648 damnatum,
1264 598 1368 635 nec
1391 597 1499 651 ego
1525 597 1657 635 cum
1681 580 1770 636 his
1793 579 1890 652 qui
1916 580 2135 635 faciunt

504 674 1026 745 communicabo.»)
1056 675 1144 729 Ad
1171 674 1560 729 Alexandrum
1587 690 1721 729 vero
1753 674 1930 746 Syria:
1953 674 2129 730 Palae-

507 770 790 826 stinorum
813 769 1110 840 presulem
1135 767 1388 821 scribens
1409 767 1501 837 (al,
1522 768 1602 822 ait
1625 785 1638 823 :
1663 789 1690 817 (ι
1714 767 1987 822 Existimo
2016 783 2133 839 pra:

506 865 773 919 omnibus
798 862 1044 917 maxime
1067 861 1421 915 satisfactum
1449 878 1569 915 esse
1593 861 1830 916 domino
1852 877 1984 915 meo
2011 878 2136 915 san-

503 958 752 1012 ctissimo
786 973 851 1010 ac
875 955 1207 1010 venerando
1231 954 1439 1010 Joanni
1466 955 1754 1027 episcopo,
1773 954 1929 1026 quod
1956 955 2136 1009 nulla-

507 1055 673 1105 tenus
697 1048 1022 1121 acquiscam
1040 1048 1099 1103 in
1127 1048 1502 1104 damnatione
1524 1048 1743 1103 domini
1770 1048 1885 1102 mei
1905 1046 2137 1102 sanctis-

504 1142 635 1196 simi
663 1146 721 1196 et
749 1142 1063 1196 venerandi
1088 1142 1330 1197 Nestorii
1352 1142 1605 1213 episcopi
1627 1142 1885 1212 praebere
1901 1157 2137 1195 consen-

504 1253 652 1303 sum,
686 1253 815 1307 quaa
848 1236 906 1290 in
935 1237 1147 1292 Tharso
1176 1240 1235 1290 et
1274 1236 1331 1290 in
1377 1236 1600 1307 Epheso
1632 1236 1785 1289 facta
1813 1238 1918 1288 est.
1946 1255 1973 1283 ››
2010 1233 2138 1305 (Qui

488 1329 876 1400 .postmodum
909 1332 1105 1385 tamen
1137 1347 1267 1385 cum
1317 1328 1709 1384 resistentium
1757 1326 2074 1383 certamine
2103 1344 2137 1381 a

505 1426 703 1477 sancto
728 1423 1180 1479 Chalcedonensi
1206 1424 1445 1479 concilio
1464 1422 1764 1490 admissus,
1789 1424 1988 1493 aperte
2004 1438 2139 1476 ana-

505 1516 703 1571 thema
726 1516 786 1570 in
833 1517 1158 1572 Nestorium
1203 1517 1469 1588 protulit;
1502 1533 1676 1587 seque
1728 1514 2133 1582 orthodoxum,

504 1609 627 1680 ipso
642 1609 910 1665 haeretico
924 1611 1252 1681 reprobato,
1268 1610 1626 1665 monstravit.
1642 1608 1870 1663 Dudum
1884 1624 2135 1678 namque

505 1706 719 1757 sanctae
767 1703 1029 1757 Ecclesiae
1063 1703 1285 1758 diversa
1337 1704 1610 1769 sentiens,
1648 1705 1707 1755 et
1744 1705 1945 1757 contra
1980 1700 2135 1755 beati

504 1795 695 1867 Cyrilli
750 1795 1056 1851 duodecim
1097 1796 1347 1867 capitula
1404 1796 1675 1863 scribens,
1707 1794 1787 1849 ait
1820 1793 1900 1866 (In
1929 1797 1959 1848 3
1985 1798 2132 1865 part.

2235 581 2441 653 inquit,
2470 583 2588 637 heri
2613 587 2664 637 et
2687 582 2864 644 hodie,
2893 584 3007 653 ipse
3025 586 3076 637 et
3100 584 3159 636 in
3181 581 3398 637 secula.
3426 580 3735 647 Quomodo
3764 580 3873 653 igi-

2234 679 2357 744 tur,
2408 675 2821 748 sapientissimi,
2872 675 3146 730 debemus
3197 675 3491 730 advertere
3511 715 3526 745 ,
3584 673 3879 746 quomodo

2233 771 2387 826 idem
2434 769 2550 841 ipse
2579 769 2704 824 heri
2728 774 2784 824 et
2825 769 2995 824 hodie
3017 772 3074 823 et
3114 769 3175 823 in
3205 769 3430 836 saecula,
3449 773 3507 824 et
3553 768 3882 839 temporali-

2233 868 2393 920 teret
2418 869 2683 932 aeternus,
2700 868 2758 918 et
2782 863 2841 917 in
2870 868 3130 935 tempore
3159 866 3216 917 et
3236 878 3407 934 super
3430 864 3723 933 tempora:
3741 877 3882 915 nam

2234 957 2282 1012 si
2311 962 2556 1013 aeternus
2582 961 2684 1026 est,
2717 955 3042 1027 temporalis
3070 972 3186 1011 non
3214 960 3317 1025 est,
3354 960 3413 1011 et
3454 955 3500 1009 si
3525 955 3585 1010 in
3616 960 3881 1026 tempore

2235 1056 2338 1120 est,
2385 1066 2556 1121 super
2584 1054 2808 1121 tempus
2831 1066 2947 1105 non
2975 1053 3079 1105 est.
3109 1069 3138 1099 »
3169 1050 3237 1104 Et
3284 1065 3514 1104 rursum
3550 1048 3613 1103 in
3638 1048 3883 1103 Domino

2236 1145 2349 1199 Deo
2378 1148 2570 1199 nostro
2593 1145 2619 1199 J
2626 1160 2725 1198 esu
2748 1142 2971 1198 Christo
3001 1142 3226 1198 deitatis
3244 1147 3303 1197 et
3322 1141 3702 1197 humanitatis
3716 1141 3882 1213 quasi

2238 1237 2514 1293 unitatem
2550 1241 2826 1301 astruens,
2853 1236 2935 1292 ait
2965 1253 2979 1291 :
3011 1255 3039 1288 α
3070 1237 3307 1290 Naturas
3358 1235 3737 1291 discernimus
3780 1234 3885 1289 Dei

2236 1330 2402 1385 Verbi
2423 1348 2440 1399 ς
2469 1334 2731 1385 naturam
2752 1330 3035 1402 integram
3059 1328 3323 1398 dicimus,
3351 1333 3409 1384 et
3425 1344 3729 1400 personam
3757 1328 3882 1383 sine

2235 1424 2583 1479 dubitatione
2609 1423 2954 1494 perfectam;
2978 1439 3082 1478 nec
3108 1422 3263 1477 enim
3287 1422 3409 1478 sine
3432 1437 3680 1494 persona
3694 1421 3780 1476 fas
3794 1426 3884 1476 est

2235 1533 2553 1573 asseverare
2600 1516 3014 1572 substantiam:
3047 1516 3357 1588 perfectam
3399 1530 3627 1587 quoque
3665 1515 3879 1570 huma-

2235 1627 2373 1666 nam
2395 1614 2660 1666 naturam
2690 1626 2823 1665 cum
2842 1626 2945 1665 sua
2969 1625 3208 1681 persona
3235 1608 3495 1664 similiter
3512 1607 3879 1663 conﬁtemur.

2235 1707 2378 1762 Cum
2414 1720 2545 1759 vero
2584 1704 2655 1760 ad
2696 1703 3156 1775 conjunctionem
3195 1702 3559 1774 respicimus,
3609 1704 3745 1756 tunc
3785 1702 3885 1756 de-

2236 1815 2397 1853 mum
2420 1814 2596 1853 unam
2639 1813 2941 1869 personam
2973 1796 3178 1852 merito
3206 1811 3628 1867 nuncupamus.
3660 1797 3711 1865 n)
3740 1794 3884 1859 Quis

503 1864 688 1944 οδηοίι-
719 1891 916 1959 ΕΡῘιεε·
945 1890 1020 1944 ad
1048 1893 1078 1944 3
1112 1864 1405 1955 αῆαίῆεηισ)
1438 1906 1450 1944 ε
1480 1910 1508 1938 ί(
1541 1889 1813 1944 Sanctam
1832 1864 2135 1959 Virginem
2157 1864 2214 1937 B
2237 1892 2380 1961 haec,
2437 1864 3008 1958 fratres—charissimi,
3040 1890 3210 1961 plena
3239 1864 3730 1959 omni‘impietate
3759 1904 3883 1942 non

506 1988 745 2050 θεοτὸιον,
778 1981 839 2036 id
865 1986 969 2050 est,
994 1983 1095 2037 Dei
1123 1982 1463 2053 genitricem
1516 1998 1803 2049 vocamus,
1837 1997 1954 2036 non
1982 1980 2138 2052 quod

506 2075 686 2129 Deum
712 2076 939 2146 peperit
950 2093 1055 2148 per
1074 2078 1343 2130 naturam
1357 2076 1629 2147 [natura],
1651 2075 1751 2129 sed
1781 2074 1935 2146 quod
1953 2074 2139 2129 homi-

505 2180 641 2218 nem
682 2163 929 2219 ediderit
957 2165 1331 2236 conjunctum
1363 2166 1501 2232 Deo,
1543 2181 1716 2236 quem
1762 2164 1884 2235 ipse
1917 2164 2134 2218 forma-

504 2257 603 2311 vit.
628 2257 676 2327 »)
714 2258 780 2312 Et
805 2261 935 2329 post
960 2275 1141 2329 pauca
1160 2276 1213 2313 ;‹‹
1240 2258 1300 2313 Si
1325 2258 1600 2313 naturalis
1627 2257 1955 2329 conjunctio
1986 2257 2140 2311 facta

505 2354 592 2405 est
617 2352 816 2406 forma:
847 2352 951 2406 Dei
976 2355 1033 2405 et
1063 2353 1266 2407 forma:
1296 2351 1461 2419 servi,
1498 2351 1821 2406 invenietur
1844 2349 2141 2422 legislator

507 2445 940 2500 necessitatibus
968 2445 1111 2515 legis
1139 2445 1409 2499 serviens.
1440 2467 1468 2495 »
1493 2445 1583 2516 (Et
1610 2461 1836 2499 rursum
1860 2444 1975 2515 [Ad
1999 2459 2136 2498 ana-

509 2540 671 2592 them.
704 2540 764 2608 5]
801 2555 814 2593 :
847 2557 875 2589 α
900 2538 1144 2593 Nomine
1197 2537 1734 2592 communicationis
1777 2537 2046 2603 nitentes,
2081 2538 2142 2590 ut

508 2647 689 2685 unum
705 2630 942 2701 quidem
968 2631 1171 2685 Filium
1184 2631 1515 2699 adoramus,
1536 2634 1739 2686 eteum
1763 2630 1859 2701 qui
1879 2646 2136 2701 assump-

508 2724 579 2777 sit
605 2727 663 2778 et
699 2741 833 2779 eum
879 2725 977 2796 qui
1008 2728 1334 2796 assumptus
1366 2729 1480 2792 est;
1522 2724 1911 2779 differentiam
1942 2726 2139 2777 tamen

508 2818 908 2888 cognoscimus
930 2822 1291 2873 naturarum.
1310 2819 1691 2890 Theophoron
1714 2821 1909 2873 autem
1950 2816 2139 2870 dicere

510 2914 743 2982 portans
782 2913 869 2966 vel
905 2912 1210 2967 dominum
1251 2912 1486 2967 indutus
1516 2911 1816 2967 hominem
1852 2914 2141 2969 Christum

507 3005 753 3076 [θεοφόρον
768 3005 826 3060 id
848 3009 952 3072 est,
977 3006 1264 3061 deiferum
1285 3006 1584 3062 hominem
1614 3006 1824 3075 dicere,
1843 3011 1903 3062 ut
1931 3026 1965 3063 a
1985 3009 2136 3062 mul-

507 3098 620 3170 tis],
648 3102 753 3153 uta
777 3100 972 3154 multis
993 3100 1201 3155 sanctis
1214 3100 1470 3172 patribus
1484 3100 1701 3155 dictum
1717 3103 1820 3168 est,
1845 3119 1963 3156 non
1986 3118 2142 3157 recu-

510 3213 720 3251 samus.
742 3218 770 3245 »
795 3199 864 3251 Et
885 3201 1014 3268 post
1034 3199 1146 3252 alia
1172 3198 1287 3269 [Ad
1303 3200 1573 3253 anathem.
1599 3199 1712 3268 lO]:
1746 3220 1774 3248 ‹‹
1798 3199 2137 3254 Considera-

2238 1985 2472 2041 videat?
2523 1988 2566 2041 A
2616 1984 2823 2056 quibus
2864 1988 3056 2039 tamen
3102 1986 3353 2051 constat,
3407 1981 3563 2053 quod
3605 1997 3664 2037 se
3719 1985 3881 2053 post-

2238 2078 2474 2133 modum
2512 2077 2633 2149 ipse
2674 2076 2935 2144 correxit,
2972 2075 3071 2147 qui
3108 2074 3169 2130 in
3210 2077 3398 2130 sancta
3431 2074 3885 2131 Chalcedonensi

2238 2171 2454 2243 synodo
2497 2170 2816 2226 Nestorium
2856 2167 3333 2225 anathematizare
3380 2167 3686 2223 consensit.
3741 2167 3885 2232 Quis

2237 2282 2355 2321 non
2386 2265 2572 2320 videat
2625 2269 2839 2335 quanta
2881 2262 3198 2318 temeritate
3239 2262 3474 2334 plenum
3501 2261 3575 2316 sit
3616 2261 3882 2316 Theodo-

2238 2359 2345 2415 reti
2400 2358 2608 2430 scripta
2651 2356 3027 2429 superbiendo
3072 2355 3375 2411 defendere
3419 2371 3548 2427 qua:
3605 2354 3885 2410 eumdem

2238 2453 2429 2525 ipsum
2471 2455 2706 2520 constat,
2742 2455 2896 2506 recta
2946 2453 3072 2521 post
3120 2448 3435 2522 proﬁtendo
3457 2491 3472 2518 ,
3525 2448 3878 2504 damnasse?

2240 2548 2417 2601 Deum
2442 2561 2574 2600 vero
2603 2545 2725 2615 ejus
2762 2547 2820 2599 et
2846 2558 3151 2615 personam
3193 2542 3521 2614 recipimus,
3553 2546 3612 2597 et
3648 2558 3720 2597 ea
3747 2558 3887 2613 qua:

2241 2640 2459 2695 dudum
2483 2639 2772 2693 latuerant
2786 2652 2973 2707 prava:
3002 2636 3297 2708 scriptura:
3326 2635 3636 2707 probamus
3651 2636 3887 2706 [Forsan

2239 2749 2411 2805 prava
2440 2731 2645 2803 scripta
2665 2728 3079 2802 reprobamus],
3108 2729 3168 2784 in
3192 2728 3350 2784 nullo
3375 2745 3409 2783 a
3444 2734 3652 2784 sancta:
3677 2728 3885 2801 synodi

2240 2826 2458 2882 actione
2483 2824 2807 2880 deviamus:
2853 2822 2985 2894 quia
3029 2822 3147 2877 sola
3186 2822 3308 2893 ejus
3356 2821 3623 2877 haeretica
3669 2822 3887 2893 scripta

2240 2923 2587 2991 respuentes,
2611 2923 2668 2973 et
2691 2933 2822 2971 cum
2849 2915 3063 2987 synodo
3083 2915 3270 2970 adhuc
3288 2915 3608 2970 Nestorium
3630 2904 3887 2986 insequi—

2239 3029 2391 3083 mur,
2421 3017 2478 3067 et
2503 3028 2635 3066 cum
2657 3010 2869 3083 synodo
2895 3008 3311 3064 Theodoretum
3338 3008 3703 3079 profitentem
3728 3013 3887 3064 recta

2241 3122 2583 3162 veneramur
2612 3105 2762 3175 (Sup.
2795 3104 2917 3159 coll.
2948 3103 3026 3174 4).
3055 3102 3180 3157 Alia
3204 3118 3336 3157 vero
3351 3100 3561 3173 scripta
3584 3101 3739 3156 illius
3761 3119 3887 3157 non

2242 3200 2427 3255 solum
2457 3197 2795 3269 recipimus,
2845 3196 2943 3252 sed
2982 3196 3062 3250 eis
3087 3194 3259 3250 etiam
3285 3200 3482 3249 contra
3517 3194 3880 3251 adversarios

510 3244 720 3251 mm--.
744 3244 763 3245 η
795 3244 863 3251 --
885 3244 1013 3268 Γ---
1035 3244 1146 3252 ..--..
1173 3244 1284 3269 ν-..
1304 3244 1573 3253 κ....-.--....
1601 3244 1712 3268 .-,.
1751 3244 1774 3248 .-
1802 3244 2112 3254 “um”-..
2242 3244 2427 3255 πω...
2457 3244 2795 3269 ---τη-..η
2845 3244 2943 3252 η..
2986 3244 3060 3250 _..
3092 3244 3259 3250 ---η-
3291 3244 3481 3249 --_"_
3519 3244 3612 3249 η.
3633 3244 3877 3251 ---π---

507 3290 805 3360 te,inquit,
836 3292 1159 3361 apostolum
1188 3295 1245 3345 et
1270 3291 1601 3362 pontificem
1620 3292 1993 3347 confessionis
2015 3309 2142 3347 nos-
2162 3244 2216 3319 C
2239 3293 2480 3348 utimur.
2503 3293 2647 3346 Nam
2681 3307 2813 3345 cum
2842 3289 3167 3345 Theodorus
3200 3288 3491 3343 Canticum
3519 3288 3886 3343 canticorum

512 3384 612 3436 trag
632 3384 825 3437 Jesum
851 3384 1086 3438 fidelem
1113 3384 1164 3438 ei
1192 3384 1289 3455 qui
1306 3385 1440 3439 fecit
1464 3385 1625 3439 illum
1654 3385 1838 3455 [Hebr.
1870 3387 1973 3457 Ill],
1996 3386 2142 3440 sicut

510 3479 569 3529 et
591 3476 808 3546 Moyses
830 3476 888 3530 in
912 3477 1074 3531 omni
1094 3477 1270 3533 domo
1299 3495 1419 3532 sua.
1448 3479 1487 3533 F
1490 3481 1750 3533 acturam
1776 3483 1972 3534 autem
2004 3496 2139 3534 eum

509 3569 637 3639 quis
660 3586 783 3623 esse
810 3570 1016 3624 dixerit
1057 3574 1213 3626 recta
1239 3572 1511 3639 sentiens,
1551 3572 1874 3627 increatum
1913 3577 1973 3627 et
2008 3590 2139 3628 cum

506 3665 673 3717 Patre
695 3667 1045 3719 coazternum
1060 3668 1115 3719 et
1138 3664 1585 3734 addam,verum
1608 3667 1814 3738 [Deum
1827 3668 2139 3738 Verbum]?

509 3757 609 3811 sed
633 3773 765 3811 eum
787 3758 883 3828 qui
912 3760 998 3812 est
1025 3774 1089 3813 ex
1118 3758 1340 3814 semine
1367 3759 1567 3827 David,
1595 3760 1694 3831 qui
1712 3760 1856 3814 liber
1881 3760 1952 3815 ab
1980 3760 2140 3815 omni

508 3855 740 3922 peccato
754 3852 1013 3923 pontifex
1036 3853 1371 3921 nosterfuit,
1400 3853 1768 3908 etvictimam
1786 3853 1904 3924 ipse
1932 3871 1991 3907 se
2034 3871 2136 3925 pro

508 3944 675 3999 nobis
705 3945 910 4000 obtulit
940 3947 1079 4013 Deo,
1114 3947 1334 4001 habens
1365 3947 1422 4001 in
1468 3964 1527 4001 se
1559 3950 1712 4001 certe
1763 3948 1866 4001 Dei
1888 3947 2139 4002 Verbum

508 4038 829 4092 adunatum
857 4039 982 4106 sibi,
1010 4039 1587 4111 inseparabiliterque
1606 4042 2141 4113 conjunctum.»)Et

507 4147 756 4198 rursum,
783 4134 845 4185 ut
872 4148 1007 4185 eum
1036 4133 1197 4203 quasi
1226 4134 1560 4189 ostenderet
1575 4134 1646 4189 ad
1666 4133 2023 4189 divinitatem
2036 4151 2140 4206 per

506 4224 868 4279 incrementa
892 4225 1153 4293 crevisse,
1186 4226 1247 4279 in
1268 4226 1475 4282 eodem
1503 4244 1677 4298 opere
1705 4228 2020 4299 subjungit,
2051 4227 2133 4283 di-

507 4335 645 4372 cens
676 4336 739 4373 ει(
766 4319 860 4373 Ait
885 4320 1125 4391 angelus
1152 4320 1402 4391 Virgini:
1441 4324 1680 4392 Spiritus
1704 4327 1924 4377 sanctus
1949 4337 2136 4393 super-

504 4415 679 4468 veniet
702 4416 760 4468 in
784 4417 852 4477 te,
883 4418 932 4469 et
960 4417 1133 4469 virtus
1155 4415 1427 4471 Altissimi
1452 4416 1793 4471 obumbrabit
1824 4416 1959 4471 tibi:
1993 4416 2134 4471 ideo-

503 4524 606 4578 que
646 4508 791 4578 quod
835 4512 1084 4564 nascetur
1127 4524 1196 4563 ea:
1237 4513 1286 4564 te
1322 4513 1587 4573 sanctum,
1639 4510 1920 4565 vocabitur
1968 4510 2138 4566 Filius

2238 3387 2404 3442 vellet
2449 3400 2752 3456 exponere,
2786 3388 2842 3439 et
2881 3400 2997 3438 non
3042 3381 3113 3436 ad
3159 3386 3500 3451 commenta,
3531 3382 3629 3436 sed
3688 3382 3886 3452 potius

2238 3480 2311 3535 ad
2358 3478 2729 3535 deliramenta
2765 3477 3068 3546 laboraret,
3098 3491 3200 3547 per
3225 3476 3379 3531 hunc
3414 3474 3629 3529 librum
3653 3475 3882 3530 Ethio-

2238 3574 2409 3645 pissae
2434 3572 2650 3643 regina:
2674 3571 2991 3626 blanditum
3018 3568 3211 3638 fuisse,
3244 3568 3530 3640 professus
3572 3572 3676 3635 est,
3719 3569 3883 3640 quod

2237 3666 2620 3722 Thcodoretus
2645 3664 3062 3736 aprehendens,
3092 3678 3303 3718 nomen
3343 3661 3577 3734 quidem
3616 3661 3883 3733 ejusdem

2237 3759 2515 3816 Theodori
2540 3758 2861 3830 supprimit,
2883 3757 2981 3813 sed
3022 3760 3212 3812 tamen
3252 3756 3541 3811 vesaniam
3586 3755 3880 3827 patefecit.

2240 3854 2504 3925 Ejusdem
2550 3868 2801 3923 namque
2850 3850 2979 3905 libri
3011 3854 3333 3906 commenta
3376 3848 3753 3917 conscribens,
3800 3849 3886 3903 ait

2239 3947 2320 4019 (In
2338 3947 2608 4018 proasm.):
2638 3945 2817 4000 Audio
2842 3944 3032 4015 plures
3060 3943 3359 3998 Canticum
3396 3942 3747 3997 canticorum
3774 3941 3881 3996 de-

2237 4041 2547 4108 trahentes,
2576 4044 2633 4095 et
2660 4055 2779 4093 non
2808 4037 3098 4092 credentes
3122 4035 3438 4108 spiritalem
3468 4052 3589 4091 esse
3631 4035 3877 4103 librum,

2236 4134 2451 4190 fabulas
2511 4137 2706 4188 autem
2741 4130 3014 4203 quasdam
3065 4128 3385 4185 aniculares
3429 4145 3533 4201 per
3576 4128 3875 4183 vesaniam

2236 4232 2488 4283 texentes
2530 4241 2889 4296 componere,
2940 4227 2997 4278 et
3042 4239 3409 4294 praesumere,
3457 4221 3880 4292 dicentes'quia

2238 4321 2459 4392 sapiens
2506 4319 2772 4375 Salomon
2819 4318 2890 4373 ad
2933 4317 3184 4388 seipsum
3233 4321 3290 4371 et
3340 4315 3516 4369 ﬁliam
3563 4315 3875 4370 Pharaonis

2235 4414 2390 4469 hunc
2408 4414 2620 4468 librum
2637 4411 2983 4484 conscripsit.
3010 4409 3301 4475 Quomodo
3322 4425 3459 4481 ergo
3476 4408 3635 4463 nulla
3664 4408 3878 4479 scripta

2235 4509 2492 4580 ejusdem
2531 4506 2867 4563 Theodoreti
2914 4505 3256 4577 recipimus,
3306 4503 3405 4576 qui
3462 4503 3625 4557 illum
3702 4502 3876 4557 etiam

503 4604 604 4656 Dei
629 4602 772 4671 (Luc.
802 4603 860 4670 ι.)
892 4601 1265 4657 Considerate
1286 4602 1377 4657 hic
1397 4604 1595 4671 etiam,
1636 4603 1771 4674 quia
1802 4606 2006 4657 cuncta
2035 4603 2135 4657 hu-
2152 4629 2212 4702 D
2236 4610 2435 4662 contra
2461 4605 2845 4673 Theodorum,
2876 4606 3213 4659 assertorem
3239 4600 3491 4656 veritatis
3515 4599 3881 4656 invenimus?

505 4694 759 4749 manitus
787 4694 1082 4750 dicuntur:
1129 4695 1267 4763 Erit,
1299 4696 1507 4768 inquit.
1539 4713 1805 4767 magnus,
1835 4712 1954 4751 non
1973 4695 2131 4764 dixit,

504 4790 619 4855 est;
653 4791 709 4842 et
733 4788 882 4842 filius
906 4788 1183 4844 Altissimi
1212 4790 1527 4858 vocabitur,
1553 4807 1670 4845 non
1710 4789 1851 4845 dixit
1879 4793 2131 4857 vocatur,

504 4884 563 4935 et
590 4880 748 4935 dabit
772 4881 826 4935 ei
875 4882 1152 4936 Dominus
1204 4883 1400 4937 sedem
1426 4882 1605 4939 David
1653 4882 1836 4937 Patris
1879 4882 1985 4950 sui,
2016 4899 2135 4937 non

504 4973 661 5041 dixit,
706 4974 900 5042 habet,
934 4976 1035 5031 sed
1083 4976 1243 5031 dabit
1289 4976 1342 5031 ei
1377 4976 1688 5044 Dominus;
1740 4980 1799 5031 et
1841 4976 2130 5048 regnabit,

502 5082 621 5122 non
648 5066 805 5135 dixit,
836 5071 1071 5139 regnat;
1099 5074 1158 5124 et
1187 5086 1359 5140 super
1384 5068 1565 5141 quos?
1592 5086 1763 5141 super
1783 5069 2023 5124 domum
2048 5070 2136 5125 Ja-

501 5161 606 5217 cob
623 5178 637 5229 ;
656 5178 774 5218 non
801 5161 958 5230 dixit,
988 5179 1160 5233 super
1185 5163 1424 5234 angelos
1452 5166 1509 5218 et
1534 5163 1967 5235 archangelos.»
1990 5164 2131 5218 Rur-

500 5272 627 5311 sum
659 5255 717 5310 in
739 5255 950 5311 eodem
980 5255 1125 5310 libro
1154 5256 1406 5311 secundo
1436 5255 1544 5312 ait:
1577 5259 1773 5312 «Iesus
1809 5261 1993 5312 autem
2011 5257 2133 5327 ple-

498 5366 601 5405 nus
642 5352 857 5421 Spiritu
900 5353 1084 5404 sancto
1114 5364 1381 5420 regressus
1422 5354 1500 5405 est
1534 5366 1570 5405 a
1596 5350 1831 5406 Iordane
1874 5349 2022 5424 (Luc.
2058 5367 2131 5417 IV,

506 5446 572 5512 1).
604 5444 672 5497 Et
692 5443 937 5499 iterum:
989 5446 1273 5511 Regressus
1299 5448 1377 5498 est
1401 5446 1549 5499 Iesus
1574 5446 1633 5498 in
1655 5445 1855 5499 virtute
1898 5446 2135 5515 Spiritus

498 5539 557 5591 in
604 5535 1095 5603 Galilceam(1bid.,
1135 5535 1246 5609 14):
1283 5552 1401 5592 non
1439 5535 1541 5591 Dei
1570 5536 1817 5591 Verbum
1857 5552 2131 5606 coopera-

501 5630 657 5686 tione
685 5632 778 5685 vel
804 5630 1011 5684 auxilio
1041 5630 1265 5701 eguisse
1308 5629 1553 5701 Spiritus
1596 5629 1778 5683 sancti
1816 5628 2130 5697 arbitreris,

501 5724 600 5779 sed
625 5724 845 5779 visibile
878 5724 1157 5794 templum
1195 5723 1366 5778 variis
1393 5722 1578 5779 sancti
1606 5722 1849 5794 Spiritus
1874 5722 2135 5778 donatio-

576 5841 646 5919 (ᾳ)
668 5841 764 5919 Est
788 5838 1032 5919 epistola
1060 5840 1430 5919 66__Synodi_c_i
1471 5840 2132 5919 Casinen_sis_a_Baluzio

507 5908 664 5961 editi.
688 5910 760 5963 At
776 5908 1100 5964 Alexander
1126 5908 1586 5983 Hierapolitanus
1611 5912 1669 5967 in
1701 5912 1865 5985 Syria
1880 5912 2133 5985 Euphra-

2236 4703 2363 4756 Haec
2386 4700 2458 4755 ad
2484 4699 2693 4770 scripta
2721 4699 2907 4753 vestra
2942 4695 3376 4767 respondemus.

2304 4795 2430 4849 XXI.
2463 4792 2572 4848 Sed
2598 4794 2987 4863 opportunum
3015 4789 3173 4843 valde
3190 4788 3536 4859 judicamus,
3564 4791 3633 4842 ut
3651 4803 3718 4843 ea
3748 4803 3881 4860 quas

2234 4887 2355 4942 sine
2382 4886 2590 4958 scripto
2618 4902 2653 4939 a
2690 4883 3106 4956 responsalibus
3138 4881 3334 4936 vestris
3359 4880 3703 4947 audivimus,
3737 4880 3875 4937 bre-

2234 4980 2377 5035 viter
2404 4979 2573 5034 verba
2601 4978 2962 5049 replicemus.
3003 4975 3277 5031 Dixerunt
3301 4974 3460 5029 enim
3500 4973 3871 5029 Theodorum

2233 5091 2269 5129 a
2291 5075 2504 5129 Joanne
2546 5071 2915 5126 Antiochena:
2957 5069 3118 5123 urbis
3144 5067 3405 5140 episcopo
3443 5067 3588 5122 mira
3615 5083 3724 5139 per
3753 5068 3873 5140 epi-

2236 5168 2440 5223 stolam
2465 5165 2815 5221 attestatione
2841 5162 3153 5230 laudatum,
3185 5160 3338 5233 quod
3363 5177 3562 5216 verum
3585 5177 3691 5215 nos
3716 5162 3878 5217 nullo

2235 5260 2403 5316 modo
2430 5259 2734 5315 credimus.
2778 5256 2834 5313 Si
2880 5259 3073 5311 tamen
3119 5260 3176 5311 et
3227 5255 3334 5309 tale
3376 5253 3592 5325 aliquid
3639 5254 3876 5310 fortasse

2234 5353 2535 5424 reperitur,
2578 5353 2710 5423 plus
2746 5350 2879 5405 ﬁdei
2905 5349 3107 5421 prima:
3146 5346 3447 5420 Ephesium
3476 5346 3719 5419 synodo,
3746 5348 3877 5420 plus

2234 5446 2429 5519 Cyrilli
2472 5445 2652 5513 libris,
2684 5445 2814 5517 plus
2852 5441 3130 5514 Hesychii,
3170 5457 3345 5513 quam
3373 5440 3498 5495 aliis
3542 5456 3676 5512 quae
3703 5441 3872 5497 inno-

2234 5544 2446 5596 tescere
2471 5556 2623 5595 nunc
2642 5554 2821 5610 usque
2854 5536 3235 5609 nequiverunt
3258 5533 3510 5606 epistolis
3534 5535 3870 5590 commoda-

2234 5651 2383 5689 mus.
2413 5633 2693 5688 Debemus
2730 5636 2922 5686 tamen
2950 5629 3238 5695 accedere,
3282 5627 3456 5682 etiam
3498 5627 3873 5684 concedentes

2232 5726 2446 5800 aliquid
2492 5726 2697 5781 dicere.
2727 5727 2807 5780 Ita
2844 5736 2982 5796 ergo
3030 5725 3093 5778 ut
3136 5720 3481 5794 responsales
3509 5721 3686 5776 vestri
3721 5738 3871 5777 asse-

2232 5842 2370 5921 tesia
2406 5841 2714 5921 episcopus
2740 5839 2868 5909 fuit,
2922 5855 3036 5895 non
3072 5838 3132 5896 in
3175 5836 3487 5893 Palastinn.
3534 5836 3711 5893 Error
3752 5838 3868 5895 for-

2235 5917 2380 5971 tasse
2406 5912 2643 5969 librarii.
2672 5912 2848 5970 Hann.
