  <div class='ocr_page' id='page_1' title='image "/cluster/home/n/w/nwhite01/storage/ocr_20150623/72/uva.x000827084/550.png"; bbox 0 0 4016 6240; ppageno 0'>
   <div class='ocr_carea' id='block_1_1' title="bbox 126 347 229 402">
    <p class='ocr_par' dir='ltr' id='par_1_1' title="bbox 126 347 229 402">
     <span class='ocr_line' id='line_1_1' title="bbox 126 347 229 402; baseline -0.01 0"><span class='ocrx_word' id='word_1_1' title='bbox 126 347 229 402; x_wconf 84' lang='grc'><strong>737</strong></span> 
     </span>
    </p>
   </div>
   <div class='ocr_carea' id='block_1_2' title="bbox 1389 339 2209 398">
    <p class='ocr_par' dir='ltr' id='par_1_2' title="bbox 1389 339 2209 398">
     <span class='ocr_line' id='line_1_2' title="bbox 1389 339 2209 398; baseline -0.004 -1"><span class='ocrx_word' id='word_1_2' title='bbox 1389 341 1725 398; x_wconf 60' lang='grc' dir='ltr'><strong>ΕΡΙΞΤΟΙΛΕ</strong></span> <span class='ocrx_word' id='word_1_3' title='bbox 1761 339 1846 397; x_wconf 87' lang='lat' dir='ltr'><strong>ET</strong></span> <span class='ocrx_word' id='word_1_4' title='bbox 1882 339 2209 398; x_wconf 80' lang='lat' dir='ltr'><strong>DECRETA.</strong></span> 
     </span>
    </p>
   </div>
   <div class='ocr_carea' id='block_1_3' title="bbox 3387 343 3493 399">
    <p class='ocr_par' dir='ltr' id='par_1_3' title="bbox 3387 343 3493 399">
     <span class='ocr_line' id='line_1_3' title="bbox 3387 343 3493 399; baseline 0.009 -2"><span class='ocrx_word' id='word_1_5' title='bbox 3387 343 3493 399; x_wconf 80' lang='lat'><strong>738</strong></span> 
     </span>
    </p>
   </div>
   <div class='ocr_carea' id='block_1_4' title="bbox 126 447 3489 536">
    <p class='ocr_par' dir='ltr' id='par_1_4' title="bbox 126 447 3489 536">
     <span class='ocr_line' id='line_1_4' title="bbox 126 447 3489 536; baseline -0.001 -27"><span class='ocrx_word' id='word_1_6' title='bbox 126 456 253 509; x_wconf 86' lang='lat' dir='ltr'><strong>runt</strong></span> <span class='ocrx_word' id='word_1_7' title='bbox 276 466 398 509; x_wconf 89' lang='lat' dir='ltr'><strong>esse</strong></span> <span class='ocrx_word' id='word_1_8' title='bbox 425 450 755 509; x_wconf 84' lang='lat' dir='ltr'><strong>sentiamus.</strong></span> <span class='ocrx_word' id='word_1_9' title='bbox 787 452 893 508; x_wconf 83' lang='lat' dir='ltr'><strong>Vos</strong></span> <span class='ocrx_word' id='word_1_10' title='bbox 919 451 1101 521; x_wconf 85' lang='lat' dir='ltr'><strong>scitis,</strong></span> <span class='ocrx_word' id='word_1_11' title='bbox 1131 451 1331 507; x_wconf 76' lang='lat' dir='ltr'><strong>fratres</strong></span> <span class='ocrx_word' id='word_1_12' title='bbox 1367 451 1751 518; x_wconf 80' lang='lat' dir='ltr'><strong>dilectissimi,</strong></span> <span class='ocrx_word' id='word_1_13' title='bbox 1776 450 2155 536; x_wconf 72' lang='lat' dir='ltr'><strong>Amittimur,</strong></span> <span class='ocrx_word' id='word_1_14' title='bbox 2224 448 2483 521; x_wconf 79' lang='lat' dir='ltr'>vigilanti</span> <span class='ocrx_word' id='word_1_15' title='bbox 2548 462 2684 504; x_wconf 87' lang='lat' dir='ltr'><strong>cura</strong></span> <span class='ocrx_word' id='word_1_16' title='bbox 2744 448 3093 520; x_wconf 81' lang='lat' dir='ltr'><strong>perpendite,</strong></span> <span class='ocrx_word' id='word_1_17' title='bbox 3147 447 3279 521; x_wconf 83' lang='lat' dir='ltr'><strong>quia</strong></span> <span class='ocrx_word' id='word_1_18' title='bbox 3334 449 3489 504; x_wconf 87' lang='lat' dir='ltr'><strong>illam</strong></span> 
     </span>
    </p>
   </div>
   <div class='ocr_carea' id='block_1_5' title="bbox 124 545 1754 619">
    <p class='ocr_par' dir='ltr' id='par_1_5' title="bbox 124 545 1754 619">
     <span class='ocr_line' id='line_1_5' title="bbox 124 545 1754 619; baseline -0.001 -18"><span class='ocrx_word' id='word_1_19' title='bbox 124 546 265 619; x_wconf 89' lang='lat' dir='ltr'><strong>quod</strong></span> <span class='ocrx_word' id='word_1_20' title='bbox 295 562 386 601; x_wconf 90' lang='lat' dir='ltr'><strong>res</strong></span> <span class='ocrx_word' id='word_1_21' title='bbox 422 562 552 619; x_wconf 64' lang='lat' dir='ltr'><strong>qua:</strong></span> <span class='ocrx_word' id='word_1_22' title='bbox 590 546 862 602; x_wconf 91' lang='lat' dir='ltr'><strong>dubietati</strong></span> <span class='ocrx_word' id='word_1_23' title='bbox 899 545 1150 617; x_wconf 90' lang='lat' dir='ltr'><strong>subjacet</strong></span> <span class='ocrx_word' id='word_1_24' title='bbox 1176 545 1235 600; x_wconf 92' lang='lat' dir='ltr'><strong>in</strong></span> <span class='ocrx_word' id='word_1_25' title='bbox 1269 549 1490 616; x_wconf 89' lang='lat' dir='ltr'><strong>partem</strong></span> <span class='ocrx_word' id='word_1_26' title='bbox 1528 561 1754 616; x_wconf 84' lang='lat' dir='ltr'><strong>semper</strong></span> 
     </span>
    </p>
   </div>
   <div class='ocr_carea' id='block_1_6' title="bbox 127 638 1751 711">
    <p class='ocr_par' dir='ltr' id='par_1_6' title="bbox 127 638 1751 711">
     <span class='ocr_line' id='line_1_6' title="bbox 127 638 1751 711; baseline -0.002 -16"><span class='ocrx_word' id='word_1_27' title='bbox 127 644 203 697; x_wconf 89' lang='lat' dir='ltr'><strong>est</strong></span> <span class='ocrx_word' id='word_1_28' title='bbox 245 640 674 711; x_wconf 87' lang='lat' dir='ltr'><strong>interpretanda</strong></span> <span class='ocrx_word' id='word_1_29' title='bbox 702 640 1016 695; x_wconf 80' lang='lat' dir='ltr'><strong>meliorem.</strong></span> <span class='ocrx_word' id='word_1_30' title='bbox 1050 638 1196 703; x_wconf 86' lang='lat' dir='ltr'><strong>Quid</strong></span> <span class='ocrx_word' id='word_1_31' title='bbox 1240 638 1429 710; x_wconf 83' lang='lat' dir='ltr'><strong>itaque</strong></span> <span class='ocrx_word' id='word_1_32' title='bbox 1455 638 1672 707; x_wconf 91' lang='lat' dir='ltr'><strong>obstat,</strong></span> <span class='ocrx_word' id='word_1_33' title='bbox 1705 638 1751 692; x_wconf 87' lang='lat' dir='ltr'><strong>si</strong></span> 
     </span>
    </p>
   </div>
   <div class='ocr_carea' id='block_1_7' title="bbox 126 731 1748 803">
    <p class='ocr_par' dir='ltr' id='par_1_7' title="bbox 126 731 1748 803">
     <span class='ocr_line' id='line_1_7' title="bbox 126 731 1748 803; baseline -0.002 -15"><span class='ocrx_word' id='word_1_34' title='bbox 126 735 253 789; x_wconf 90' lang='lat' dir='ltr'><strong>dum</strong></span> <span class='ocrx_word' id='word_1_35' title='bbox 277 733 346 788; x_wconf 92' lang='lat' dir='ltr'><strong>de</strong></span> <span class='ocrx_word' id='word_1_36' title='bbox 373 734 500 803; x_wconf 89' lang='lat' dir='ltr'><strong>ejus</strong></span> <span class='ocrx_word' id='word_1_37' title='bbox 527 750 718 788; x_wconf 88' lang='lat' dir='ltr'><strong>errore</strong></span> <span class='ocrx_word' id='word_1_38' title='bbox 744 735 1031 788; x_wconf 88' lang='lat' dir='ltr'><strong>occultum</strong></span> <span class='ocrx_word' id='word_1_39' title='bbox 1061 732 1246 787; x_wconf 89' lang='lat' dir='ltr'><strong>adhuc</strong></span> <span class='ocrx_word' id='word_1_40' title='bbox 1278 738 1333 786; x_wconf 88' lang='lat' dir='ltr'><strong>et</strong></span> <span class='ocrx_word' id='word_1_41' title='bbox 1358 731 1597 786; x_wconf 90' lang='lat' dir='ltr'><strong>dubium</strong></span> <span class='ocrx_word' id='word_1_42' title='bbox 1622 731 1748 800; x_wconf 89' lang='lat' dir='ltr'><strong>fuit,</strong></span> 
     </span>
    </p>
   </div>
   <div class='ocr_carea' id='block_1_8' title="bbox 127 825 1755 896">
    <p class='ocr_par' dir='ltr' id='par_1_8' title="bbox 127 825 1755 896">
     <span class='ocr_line' id='line_1_8' title="bbox 127 825 1755 896; baseline -0.002 -14"><span class='ocrx_word' id='word_1_43' title='bbox 127 828 191 883; x_wconf 84' lang='lat' dir='ltr'><strong>ah</strong></span> <span class='ocrx_word' id='word_1_44' title='bbox 213 843 327 882; x_wconf 91' lang='lat' dir='ltr'><strong>uno</strong></span> <span class='ocrx_word' id='word_1_45' title='bbox 355 828 524 881; x_wconf 82' lang='lat' dir='ltr'><strong>Patre</strong></span> <span class='ocrx_word' id='word_1_46' title='bbox 552 826 810 881; x_wconf 88' lang='lat' dir='ltr'><strong>laudatus</strong></span> <span class='ocrx_word' id='word_1_47' title='bbox 831 832 944 895; x_wconf 90' lang='lat' dir='ltr'><strong>est;</strong></span> <span class='ocrx_word' id='word_1_48' title='bbox 974 831 1031 881; x_wconf 80' lang='lat' dir='ltr'><strong>et</strong></span> <span class='ocrx_word' id='word_1_49' title='bbox 1054 825 1441 880; x_wconf 90' lang='lat' dir='ltr'><strong>innotescente</strong></span> <span class='ocrx_word' id='word_1_50' title='bbox 1467 830 1592 896; x_wconf 91' lang='lat' dir='ltr'><strong>post</strong></span> <span class='ocrx_word' id='word_1_51' title='bbox 1626 840 1755 895; x_wconf 88' lang='lat' dir='ltr'><strong>per-</strong></span> 
     </span>
    </p>
   </div>
   <div class='ocr_carea' id='block_1_9' title="bbox 126 917 1753 991">
    <p class='ocr_par' dir='ltr' id='par_1_9' title="bbox 126 917 1753 991">
     <span class='ocr_line' id='line_1_9' title="bbox 126 917 1753 991; baseline -0.002 -17"><span class='ocrx_word' id='word_1_52' title='bbox 126 920 270 987; x_wconf 85' lang='lat' dir='ltr'><strong>ﬁdia,</strong></span> <span class='ocrx_word' id='word_1_53' title='bbox 309 935 458 991; x_wconf 89' lang='lat' dir='ltr'><strong>pene</strong></span> <span class='ocrx_word' id='word_1_54' title='bbox 498 919 762 974; x_wconf 91' lang='lat' dir='ltr'><strong>omnium</strong></span> <span class='ocrx_word' id='word_1_55' title='bbox 800 936 1142 990; x_wconf 83' lang='lat' dir='ltr'><strong>magnorum</strong></span> <span class='ocrx_word' id='word_1_56' title='bbox 1189 919 1420 973; x_wconf 85' lang='lat' dir='ltr'><strong>Patrum</strong></span> <span class='ocrx_word' id='word_1_57' title='bbox 1459 917 1753 971; x_wconf 84' lang='lat' dir='ltr'><strong>sententiis</strong></span> 
     </span>
    </p>
   </div>
   <div class='ocr_carea' id='block_1_10' title="bbox 126 1009 1753 1084">
    <p class='ocr_par' dir='ltr' id='par_1_10' title="bbox 126 1009 1753 1084">
     <span class='ocr_line' id='line_1_10' title="bbox 126 1009 1753 1084; baseline -0.002 -17"><span class='ocrx_word' id='word_1_58' title='bbox 126 1014 272 1068; x_wconf 83' lang='lat' dir='ltr'><strong>velut</strong></span> <span class='ocrx_word' id='word_1_59' title='bbox 318 1013 589 1067; x_wconf 87' lang='lat' dir='ltr'><strong>immanis</strong></span> <span class='ocrx_word' id='word_1_60' title='bbox 637 1012 814 1067; x_wconf 85' lang='lat' dir='ltr'><strong>bestia</strong></span> <span class='ocrx_word' id='word_1_61' title='bbox 858 1013 1018 1084; x_wconf 89' lang='lat' dir='ltr'><strong>quasi</strong></span> <span class='ocrx_word' id='word_1_62' title='bbox 1054 1011 1534 1067; x_wconf 86' lang='lat' dir='ltr'><strong>crebrescentibus</strong></span> <span class='ocrx_word' id='word_1_63' title='bbox 1551 1009 1753 1081; x_wconf 86' lang='lat' dir='ltr'><strong>jaculis</strong></span> 
     </span>
    </p>
   </div>
   <div class='ocr_carea' id='block_1_11' title="bbox 127 1103 1754 1175">
    <p class='ocr_par' dir='ltr' id='par_1_11' title="bbox 127 1103 1754 1175">
     <span class='ocr_line' id='line_1_11' title="bbox 127 1103 1754 1175; baseline -0.004 -13"><span class='ocrx_word' id='word_1_64' title='bbox 127 1112 202 1162; x_wconf 89' lang='lat' dir='ltr'><strong>est</strong></span> <span class='ocrx_word' id='word_1_65' title='bbox 225 1106 563 1160; x_wconf 82' lang='lat' dir='ltr'><strong>confossus?</strong></span> <span class='ocrx_word' id='word_1_66' title='bbox 606 1108 692 1159; x_wconf 78' lang='lat' dir='ltr'><strong>An</strong></span> <span class='ocrx_word' id='word_1_67' title='bbox 722 1122 838 1160; x_wconf 92' lang='lat' dir='ltr'><strong>non</strong></span> <span class='ocrx_word' id='word_1_68' title='bbox 883 1111 940 1161; x_wconf 90' lang='lat' dir='ltr'><strong>et</strong></span> <span class='ocrx_word' id='word_1_69' title='bbox 982 1106 1160 1160; x_wconf 92' lang='lat' dir='ltr'><strong>malos</strong></span> <span class='ocrx_word' id='word_1_70' title='bbox 1197 1122 1230 1159; x_wconf 93' lang='lat' dir='ltr'><strong>a</strong></span> <span class='ocrx_word' id='word_1_71' title='bbox 1263 1104 1427 1158; x_wconf 90' lang='lat' dir='ltr'><strong>bonis</strong></span> <span class='ocrx_word' id='word_1_72' title='bbox 1451 1103 1754 1175; x_wconf 86' lang='lat' dir='ltr'><strong>aliquando</strong></span> 
     </span>
    </p>
   </div>
   <div class='ocr_carea' id='block_1_12' title="bbox 124 1196 1751 1267">
    <p class='ocr_par' dir='ltr' id='par_1_12' title="bbox 124 1196 1751 1267">
     <span class='ocr_line' id='line_1_12' title="bbox 124 1196 1751 1267; baseline -0.003 -12"><span class='ocrx_word' id='word_1_73' title='bbox 124 1200 366 1255; x_wconf 88' lang='lat' dir='ltr'><strong>laudatos</strong></span> <span class='ocrx_word' id='word_1_74' title='bbox 410 1198 697 1267; x_wconf 87' lang='lat' dir='ltr'><strong>novimus,</strong></span> <span class='ocrx_word' id='word_1_75' title='bbox 729 1215 834 1253; x_wconf 86' lang='lat' dir='ltr'><strong>nec</strong></span> <span class='ocrx_word' id='word_1_76' title='bbox 877 1204 1067 1253; x_wconf 91' lang='lat' dir='ltr'><strong>tamen</strong></span> <span class='ocrx_word' id='word_1_77' title='bbox 1113 1198 1326 1253; x_wconf 88' lang='lat' dir='ltr'><strong>eisdem</strong></span> <span class='ocrx_word' id='word_1_78' title='bbox 1367 1196 1624 1251; x_wconf 87' lang='lat' dir='ltr'><strong>laudibus</strong></span> <span class='ocrx_word' id='word_1_79' title='bbox 1652 1196 1751 1251; x_wconf 89' lang='lat' dir='ltr'><strong>de-</strong></span> 
     </span>
    </p>
   </div>
   <div class='ocr_carea' id='block_1_13' title="bbox 124 1290 1750 1363">
    <p class='ocr_par' dir='ltr' id='par_1_13' title="bbox 124 1290 1750 1363">
     <span class='ocr_line' id='line_1_13' title="bbox 124 1290 1750 1363; baseline -0.002 -15"><span class='ocrx_word' id='word_1_80' title='bbox 124 1294 339 1348; x_wconf 82' lang='lat' dir='ltr'><strong>fensos?</strong></span> <span class='ocrx_word' id='word_1_81' title='bbox 356 1292 505 1357; x_wconf 87' lang='lat' dir='ltr'><strong>Quid</strong></span> <span class='ocrx_word' id='word_1_82' title='bbox 535 1309 783 1363; x_wconf 88' lang='lat' dir='ltr'><strong>namque</strong></span> <span class='ocrx_word' id='word_1_83' title='bbox 812 1292 872 1346; x_wconf 93' lang='lat' dir='ltr'><strong>in</strong></span> <span class='ocrx_word' id='word_1_84' title='bbox 909 1291 1303 1347; x_wconf 67' lang='lat' dir='ltr'><strong>haeresiarchis</strong></span> <span class='ocrx_word' id='word_1_85' title='bbox 1323 1290 1569 1361; x_wconf 82' lang='lat' dir='ltr'><strong>Origene</strong></span> <span class='ocrx_word' id='word_1_86' title='bbox 1594 1290 1750 1344; x_wconf 90' lang='lat' dir='ltr'><strong>dete-</strong></span> 
     </span>
    </p>
   </div>
   <div class='ocr_carea' id='block_1_14' title="bbox 126 1383 1749 1457">
    <p class='ocr_par' dir='ltr' id='par_1_14' title="bbox 126 1383 1749 1457">
     <span class='ocr_line' id='line_1_14' title="bbox 126 1383 1749 1457; baseline -0.002 -16"><span class='ocrx_word' id='word_1_87' title='bbox 126 1386 255 1455; x_wconf 89' lang='lat' dir='ltr'><strong>rius,</strong></span> <span class='ocrx_word' id='word_1_88' title='bbox 279 1390 334 1440; x_wconf 89' lang='lat' dir='ltr'><strong>et</strong></span> <span class='ocrx_word' id='word_1_89' title='bbox 362 1386 506 1457; x_wconf 89' lang='lat' dir='ltr'><strong>quid</strong></span> <span class='ocrx_word' id='word_1_90' title='bbox 535 1386 595 1440; x_wconf 90' lang='lat' dir='ltr'><strong>in</strong></span> <span class='ocrx_word' id='word_1_91' title='bbox 625 1385 1098 1457; x_wconf 89' lang='lat' dir='ltr'><strong>historiographis</strong></span> <span class='ocrx_word' id='word_1_92' title='bbox 1122 1384 1362 1439; x_wconf 84' lang='lat' dir='ltr'><strong>inveniri</strong></span> <span class='ocrx_word' id='word_1_93' title='bbox 1391 1383 1628 1439; x_wconf 86' lang='lat' dir='ltr'><strong>Eusebio</strong></span> <span class='ocrx_word' id='word_1_94' title='bbox 1650 1384 1749 1437; x_wconf 88' lang='lat' dir='ltr'><strong>ho-</strong></span> 
     </span>
    </p>
   </div>
   <div class='ocr_carea' id='block_1_15' title="bbox 126 1477 1755 1550">
    <p class='ocr_par' dir='ltr' id='par_1_15' title="bbox 126 1477 1755 1550">
     <span class='ocr_line' id='line_1_15' title="bbox 126 1477 1755 1550; baseline -0.001 -15"><span class='ocrx_word' id='word_1_95' title='bbox 126 1479 427 1535; x_wconf 88' lang='lat' dir='ltr'><strong>norabilius</strong></span> <span class='ocrx_word' id='word_1_96' title='bbox 455 1480 680 1550; x_wconf 82' lang='lat' dir='ltr'><strong>potest?</strong></span> <span class='ocrx_word' id='word_1_97' title='bbox 716 1481 781 1533; x_wconf 88' lang='lat' dir='ltr'><strong>Et</strong></span> <span class='ocrx_word' id='word_1_98' title='bbox 816 1479 942 1550; x_wconf 88' lang='lat' dir='ltr'><strong>quis</strong></span> <span class='ocrx_word' id='word_1_99' title='bbox 967 1484 1225 1533; x_wconf 90' lang='lat' dir='ltr'><strong>nostrum</strong></span> <span class='ocrx_word' id='word_1_100' title='bbox 1261 1478 1476 1532; x_wconf 90' lang='lat' dir='ltr'><strong>nesciat</strong></span> <span class='ocrx_word' id='word_1_101' title='bbox 1510 1477 1571 1532; x_wconf 90' lang='lat' dir='ltr'><strong>in</strong></span> <span class='ocrx_word' id='word_1_102' title='bbox 1597 1477 1755 1533; x_wconf 89' lang='lat' dir='ltr'><strong>libris</strong></span> 
     </span>
    </p>
   </div>
   <div class='ocr_carea' id='block_1_16' title="bbox 127 1572 1756 1645">
    <p class='ocr_par' dir='ltr' id='par_1_16' title="bbox 127 1572 1756 1645">
     <span class='ocr_line' id='line_1_16' title="bbox 127 1572 1756 1645; baseline -0.001 -17"><span class='ocrx_word' id='word_1_103' title='bbox 127 1573 232 1628; x_wconf 86' lang='lat' dir='ltr'><strong>suis</strong></span> <span class='ocrx_word' id='word_1_104' title='bbox 254 1573 487 1645; x_wconf 88' lang='lat' dir='ltr'><strong>quantis</strong></span> <span class='ocrx_word' id='word_1_105' title='bbox 524 1573 830 1643; x_wconf 79' lang='lat' dir='ltr'><strong>Origenem</strong></span> <span class='ocrx_word' id='word_1_106' title='bbox 858 1572 1133 1627; x_wconf 88' lang='lat' dir='ltr'><strong>Eusebius</strong></span> <span class='ocrx_word' id='word_1_107' title='bbox 1157 1572 1462 1644; x_wconf 64' lang='lat' dir='ltr'><strong>praeconiis</strong></span> <span class='ocrx_word' id='word_1_108' title='bbox 1500 1572 1756 1627; x_wconf 84' lang='lat' dir='ltr'><strong>attollat?</strong></span> 
     </span>
    </p>
   </div>
   <div class='ocr_carea' id='block_1_17' title="bbox 128 1665 1751 1738">
    <p class='ocr_par' dir='ltr' id='par_1_17' title="bbox 128 1665 1751 1738">
     <span class='ocr_line' id='line_1_17' title="bbox 128 1665 1751 1738; baseline -0.002 -16"><span class='ocrx_word' id='word_1_109' title='bbox 128 1666 225 1722; x_wconf 85' lang='lat' dir='ltr'><strong>Sed</strong></span> <span class='ocrx_word' id='word_1_110' title='bbox 246 1666 375 1738; x_wconf 89' lang='lat' dir='ltr'><strong>quia</strong></span> <span class='ocrx_word' id='word_1_111' title='bbox 405 1671 604 1721; x_wconf 91' lang='lat' dir='ltr'><strong>sancta</strong></span> <span class='ocrx_word' id='word_1_112' title='bbox 645 1665 888 1720; x_wconf 84' lang='lat' dir='ltr'><strong>Ecclesia</strong></span> <span class='ocrx_word' id='word_1_113' title='bbox 916 1682 1153 1720; x_wconf 91' lang='lat' dir='ltr'><strong>suorum</strong></span> <span class='ocrx_word' id='word_1_114' title='bbox 1182 1665 1434 1720; x_wconf 83' lang='lat' dir='ltr'><strong>fidelium</strong></span> <span class='ocrx_word' id='word_1_115' title='bbox 1462 1665 1629 1719; x_wconf 83' lang='lat' dir='ltr'><strong>corda</strong></span> <span class='ocrx_word' id='word_1_116' title='bbox 1651 1665 1751 1719; x_wconf 93' lang='lat' dir='ltr'><strong>be-</strong></span> 
     </span>
    </p>
   </div>
   <div class='ocr_carea' id='block_1_18' title="bbox 127 1758 1754 1831">
    <p class='ocr_par' dir='ltr' id='par_1_18' title="bbox 127 1758 1754 1831">
     <span class='ocr_line' id='line_1_18' title="bbox 127 1758 1754 1831; baseline 0 -18"><span class='ocrx_word' id='word_1_117' title='bbox 127 1759 364 1831; x_wconf 86' lang='lat' dir='ltr'><strong>nignius,</strong></span> <span class='ocrx_word' id='word_1_118' title='bbox 411 1776 586 1831; x_wconf 90' lang='lat' dir='ltr'><strong>quam</strong></span> <span class='ocrx_word' id='word_1_119' title='bbox 628 1760 801 1815; x_wconf 89' lang='lat' dir='ltr'><strong>verba</strong></span> <span class='ocrx_word' id='word_1_120' title='bbox 835 1759 1141 1814; x_wconf 88' lang='lat' dir='ltr'><strong>districtius</strong></span> <span class='ocrx_word' id='word_1_121' title='bbox 1178 1763 1409 1830; x_wconf 84' lang='lat' dir='ltr'><strong>pensat;</strong></span> <span class='ocrx_word' id='word_1_122' title='bbox 1443 1763 1500 1814; x_wconf 91' lang='lat' dir='ltr'><strong>et</strong></span> <span class='ocrx_word' id='word_1_123' title='bbox 1541 1758 1669 1829; x_wconf 87' lang='lat' dir='ltr'><strong>plus</strong></span> <span class='ocrx_word' id='word_1_124' title='bbox 1694 1758 1754 1813; x_wconf 90' lang='lat' dir='ltr'><strong>in</strong></span> 
     </span>
    </p>
   </div>
   <div class='ocr_carea' id='block_1_19' title="bbox 1853 542 3487 614">
    <p class='ocr_par' dir='ltr' id='par_1_19' title="bbox 1853 542 3487 614">
     <span class='ocr_line' id='line_1_19' title="bbox 1853 542 3487 614; baseline 0.001 -17"><span class='ocrx_word' id='word_1_125' title='bbox 1853 544 2179 599; x_wconf 89' lang='lat' dir='ltr'><strong>scissionem</strong></span> <span class='ocrx_word' id='word_1_126' title='bbox 2234 547 2445 599; x_wconf 70' lang='lat' dir='ltr'><strong>sanctas</strong></span> <span class='ocrx_word' id='word_1_127' title='bbox 2498 542 2753 597; x_wconf 69' lang='lat' dir='ltr'><strong>Ecclesiae</strong></span> <span class='ocrx_word' id='word_1_128' title='bbox 2811 560 2914 614; x_wconf 92' lang='lat' dir='ltr'><strong>pro</strong></span> <span class='ocrx_word' id='word_1_129' title='bbox 2964 543 3255 598; x_wconf 88' lang='lat' dir='ltr'><strong>Theodoro</strong></span> <span class='ocrx_word' id='word_1_130' title='bbox 3302 543 3487 599; x_wconf 91' lang='lat' dir='ltr'><strong>facere</strong></span> 
     </span>
    </p>
   </div>
   <div class='ocr_carea' id='block_1_20' title="bbox 1853 636 3485 709">
    <p class='ocr_par' dir='ltr' id='par_1_20' title="bbox 1853 636 3485 709">
     <span class='ocr_line' id='line_1_20' title="bbox 1853 636 3485 709; baseline 0.002 -19"><span class='ocrx_word' id='word_1_131' title='bbox 1853 637 2199 691; x_wconf 82' lang='lat' dir='ltr'><strong>Fraternitas</strong></span> <span class='ocrx_word' id='word_1_132' title='bbox 2225 642 2407 692; x_wconf 90' lang='lat' dir='ltr'><strong>vestra</strong></span> <span class='ocrx_word' id='word_1_133' title='bbox 2426 653 2540 691; x_wconf 92' lang='lat' dir='ltr'><strong>non</strong></span> <span class='ocrx_word' id='word_1_134' title='bbox 2566 640 2808 704; x_wconf 85' lang='lat' dir='ltr'><strong>metuat,</strong></span> <span class='ocrx_word' id='word_1_135' title='bbox 2838 652 3010 707; x_wconf 90' lang='lat' dir='ltr'><strong>quam</strong></span> <span class='ocrx_word' id='word_1_136' title='bbox 3036 654 3138 708; x_wconf 90' lang='lat' dir='ltr'><strong>pro</strong></span> <span class='ocrx_word' id='word_1_137' title='bbox 3159 653 3217 692; x_wconf 91' lang='lat' dir='ltr'><strong>se</strong></span> <span class='ocrx_word' id='word_1_138' title='bbox 3243 636 3332 691; x_wconf 91' lang='lat' dir='ltr'><strong>vel</strong></span> <span class='ocrx_word' id='word_1_139' title='bbox 3351 655 3485 709; x_wconf 90' lang='lat' dir='ltr'><strong>pro-</strong></span> 
     </span>
    </p>
   </div>
   <div class='ocr_carea' id='block_1_21' title="bbox 1853 730 3488 801">
    <p class='ocr_par' dir='ltr' id='par_1_21' title="bbox 1853 730 3488 801">
     <span class='ocr_line' id='line_1_21' title="bbox 1853 730 3488 801; baseline 0.002 -18"><span class='ocrx_word' id='word_1_140' title='bbox 1853 730 1998 785; x_wconf 87' lang='lat' dir='ltr'><strong>ﬁteri</strong></span> <span class='ocrx_word' id='word_1_141' title='bbox 2026 730 2231 785; x_wconf 90' lang='lat' dir='ltr'><strong>Paulus</strong></span> <span class='ocrx_word' id='word_1_142' title='bbox 2257 730 2500 801; x_wconf 85' lang='lat' dir='ltr'><strong>expavit.</strong></span> <span class='ocrx_word' id='word_1_143' title='bbox 2526 730 2637 785; x_wconf 88' lang='lat' dir='ltr'><strong>Cur</strong></span> <span class='ocrx_word' id='word_1_144' title='bbox 2654 746 2769 784; x_wconf 90' lang='lat' dir='ltr'><strong>non</strong></span> <span class='ocrx_word' id='word_1_145' title='bbox 2786 730 2855 784; x_wconf 90' lang='lat' dir='ltr'><strong>ad</strong></span> <span class='ocrx_word' id='word_1_146' title='bbox 2886 731 3221 785; x_wconf 89' lang='lat' dir='ltr'><strong>memoriam</strong></span> <span class='ocrx_word' id='word_1_147' title='bbox 3242 746 3345 801; x_wconf 92' lang='lat' dir='ltr'><strong>pro</strong></span> <span class='ocrx_word' id='word_1_148' title='bbox 3364 732 3488 786; x_wconf 81' lang='lat' dir='ltr'><strong>uni-</strong></span> 
     </span>
    </p>
   </div>
   <div class='ocr_carea' id='block_1_22' title="bbox 1852 822 3488 895">
    <p class='ocr_par' dir='ltr' id='par_1_22' title="bbox 1852 822 3488 895">
     <span class='ocr_line' id='line_1_22' title="bbox 1852 822 3488 895; baseline 0.002 -19"><span class='ocrx_word' id='word_1_149' title='bbox 1852 826 1969 878; x_wconf 84' lang='lat' dir='ltr'><strong>tate</strong></span> <span class='ocrx_word' id='word_1_150' title='bbox 1994 823 2268 878; x_wconf 90' lang='lat' dir='ltr'><strong>servanda</strong></span> <span class='ocrx_word' id='word_1_151' title='bbox 2286 823 2434 878; x_wconf 89' lang='lat' dir='ltr'><strong>beati</strong></span> <span class='ocrx_word' id='word_1_152' title='bbox 2455 822 2757 893; x_wconf 83' lang='lat' dir='ltr'><strong>Augustini</strong></span> <span class='ocrx_word' id='word_1_153' title='bbox 2795 822 3009 877; x_wconf 88' lang='lat' dir='ltr'><strong>dictum</strong></span> <span class='ocrx_word' id='word_1_154' title='bbox 3039 824 3333 879; x_wconf 86' lang='lat' dir='ltr'><strong>reducitur</strong></span> <span class='ocrx_word' id='word_1_155' title='bbox 3354 826 3488 895; x_wconf 85' lang='lat' dir='ltr'><strong>(Au-</strong></span> 
     </span>
    </p>
   </div>
   <div class='ocr_carea' id='block_1_23' title="bbox 1853 916 3483 986">
    <p class='ocr_par' dir='ltr' id='par_1_23' title="bbox 1853 916 3483 986">
     <span class='ocr_line' id='line_1_23' title="bbox 1853 916 3483 986; baseline 0 -15"><span class='ocrx_word' id='word_1_156' title='bbox 1853 922 2019 985; x_wconf 85' lang='lat' dir='ltr'><strong>gust.,</strong></span> <span class='ocrx_word' id='word_1_157' title='bbox 2048 918 2141 971; x_wconf 84' lang='lat' dir='ltr'><strong>lib.</strong></span> <span class='ocrx_word' id='word_1_158' title='bbox 2179 918 2246 971; x_wconf 90' lang='lat' dir='ltr'><strong>de</strong></span> <span class='ocrx_word' id='word_1_159' title='bbox 2292 920 2449 971; x_wconf 86' lang='lat' dir='ltr'><strong>unico</strong></span> <span class='ocrx_word' id='word_1_160' title='bbox 2476 919 2703 986; x_wconf 88' lang='lat' dir='ltr'><strong>Baptis.)</strong></span> <span class='ocrx_word' id='word_1_161' title='bbox 2722 917 2749 970; x_wconf 81' lang='lat'><strong>?</strong></span> <span class='ocrx_word' id='word_1_162' title='bbox 2790 916 2888 986; x_wconf 89' lang='lat' dir='ltr'><strong>qui</strong></span> <span class='ocrx_word' id='word_1_163' title='bbox 2914 916 3052 971; x_wconf 91' lang='lat' dir='ltr'><strong>dum</strong></span> <span class='ocrx_word' id='word_1_164' title='bbox 3082 917 3150 971; x_wconf 93' lang='lat' dir='ltr'><strong>de</strong></span> <span class='ocrx_word' id='word_1_165' title='bbox 3191 918 3360 972; x_wconf 94' lang='lat' dir='ltr'><strong>unico</strong></span> <span class='ocrx_word' id='word_1_166' title='bbox 3385 918 3483 971; x_wconf 87' lang='lat' dir='ltr'><strong>ba-</strong></span> 
     </span>
    </p>
   </div>
   <div class='ocr_carea' id='block_1_24' title="bbox 1852 1004 3485 1078">
    <p class='ocr_par' dir='ltr' id='par_1_24' title="bbox 1852 1004 3485 1078">
     <span class='ocr_line' id='line_1_24' title="bbox 1852 1004 3485 1078; baseline 0.002 -21"><span class='ocrx_word' id='word_1_167' title='bbox 1852 1004 2117 1074; x_wconf 88' lang='lat' dir='ltr'><strong>ptismate</strong></span> <span class='ocrx_word' id='word_1_168' title='bbox 2143 1006 2492 1076; x_wconf 88' lang='lat' dir='ltr'><strong>loqueretur,</strong></span> <span class='ocrx_word' id='word_1_169' title='bbox 2525 1005 2732 1059; x_wconf 86' lang='lat' dir='ltr'><strong>idcirco</strong></span> <span class='ocrx_word' id='word_1_170' title='bbox 2762 1005 3101 1076; x_wconf 77' lang='lat' dir='ltr'><strong>Cyprianum</strong></span> <span class='ocrx_word' id='word_1_171' title='bbox 3131 1013 3443 1076; x_wconf 81' lang='lat' dir='ltr'><strong>martyrem</strong></span> <span class='ocrx_word' id='word_1_172' title='bbox 3469 1049 3485 1078; x_wconf 90' lang='lat'><strong>,</strong></span> 
     </span>
    </p>
   </div>
   <div class='ocr_carea' id='block_1_25' title="bbox 1852 1097 3486 1169">
    <p class='ocr_par' dir='ltr' id='par_1_25' title="bbox 1852 1097 3486 1169">
     <span class='ocr_line' id='line_1_25' title="bbox 1852 1097 3486 1169; baseline 0.002 -17"><span class='ocrx_word' id='word_1_173' title='bbox 1852 1098 1952 1168; x_wconf 91' lang='lat' dir='ltr'><strong>qui</strong></span> <span class='ocrx_word' id='word_1_174' title='bbox 1990 1097 2059 1152; x_wconf 90' lang='lat' dir='ltr'><strong>de</strong></span> <span class='ocrx_word' id='word_1_175' title='bbox 2097 1097 2354 1152; x_wconf 85' lang='lat' dir='ltr'><strong>iterando</strong></span> <span class='ocrx_word' id='word_1_176' title='bbox 2391 1098 2727 1169; x_wconf 85' lang='lat' dir='ltr'><strong>baptismate</strong></span> <span class='ocrx_word' id='word_1_177' title='bbox 2787 1098 3114 1169; x_wconf 86' lang='lat' dir='ltr'><strong>scripserat,</strong></span> <span class='ocrx_word' id='word_1_178' title='bbox 3155 1099 3486 1155; x_wconf 88' lang='lat' dir='ltr'><strong>defunctum</strong></span> 
     </span>
    </p>
   </div>
   <div class='ocr_carea' id='block_1_26' title="bbox 1854 1190 3485 1264">
    <p class='ocr_par' dir='ltr' id='par_1_26' title="bbox 1854 1190 3485 1264">
     <span class='ocr_line' id='line_1_26' title="bbox 1854 1190 3485 1264; baseline 0.002 -20"><span class='ocrx_word' id='word_1_179' title='bbox 1854 1190 2167 1261; x_wconf 83' lang='lat' dir='ltr'><strong>perhibuit,</strong></span> <span class='ocrx_word' id='word_1_180' title='bbox 2196 1191 2330 1262; x_wconf 88' lang='lat' dir='ltr'><strong>quia</strong></span> <span class='ocrx_word' id='word_1_181' title='bbox 2355 1190 2485 1245; x_wconf 91' lang='lat' dir='ltr'><strong>licet</strong></span> <span class='ocrx_word' id='word_1_182' title='bbox 2500 1207 2734 1262; x_wconf 89' lang='lat' dir='ltr'><strong>parvum</strong></span> <span class='ocrx_word' id='word_1_183' title='bbox 2751 1192 2889 1262; x_wconf 88' lang='lat' dir='ltr'><strong>quid</strong></span> <span class='ocrx_word' id='word_1_184' title='bbox 2910 1192 3166 1261; x_wconf 89' lang='lat' dir='ltr'><strong>senserit,</strong></span> <span class='ocrx_word' id='word_1_185' title='bbox 3189 1209 3485 1264; x_wconf 87' lang='lat' dir='ltr'><strong>nunquam</strong></span> 
     </span>
    </p>
   </div>
   <div class='ocr_carea' id='block_1_27' title="bbox 1852 1284 3481 1358">
    <p class='ocr_par' dir='ltr' id='par_1_27' title="bbox 1852 1284 3481 1358">
     <span class='ocr_line' id='line_1_27' title="bbox 1852 1284 3481 1358; baseline 0.003 -21"><span class='ocrx_word' id='word_1_186' title='bbox 1852 1288 2045 1340; x_wconf 89' lang='lat' dir='ltr'><strong>tamen</strong></span> <span class='ocrx_word' id='word_1_187' title='bbox 2079 1300 2138 1339; x_wconf 90' lang='lat' dir='ltr'><strong>se</strong></span> <span class='ocrx_word' id='word_1_188' title='bbox 2174 1301 2207 1338; x_wconf 90' lang='lat' dir='ltr'><strong>a</strong></span> <span class='ocrx_word' id='word_1_189' title='bbox 2246 1284 2415 1339; x_wconf 87' lang='lat' dir='ltr'><strong>totius</strong></span> <span class='ocrx_word' id='word_1_190' title='bbox 2455 1284 2709 1339; x_wconf 69' lang='lat' dir='ltr'><strong>Ecclesiae</strong></span> <span class='ocrx_word' id='word_1_191' title='bbox 2736 1286 3135 1340; x_wconf 88' lang='lat' dir='ltr'><strong>communione</strong></span> <span class='ocrx_word' id='word_1_192' title='bbox 3166 1287 3481 1358; x_wconf 90' lang='lat' dir='ltr'><strong>suspendit.</strong></span> 
     </span>
    </p>
   </div>
   <div class='ocr_carea' id='block_1_28' title="bbox 1854 1376 3482 1450">
    <p class='ocr_par' dir='ltr' id='par_1_28' title="bbox 1854 1376 3482 1450">
     <span class='ocr_line' id='line_1_28' title="bbox 1854 1376 3482 1450; baseline 0.002 -19"><span class='ocrx_word' id='word_1_193' title='bbox 1854 1376 1941 1431; x_wconf 89' lang='lat' dir='ltr'><strong>Sic</strong></span> <span class='ocrx_word' id='word_1_194' title='bbox 1967 1378 2145 1448; x_wconf 81' lang='lat' dir='ltr'><strong>igitur</strong></span> <span class='ocrx_word' id='word_1_195' title='bbox 2173 1394 2507 1448; x_wconf 85' lang='lat' dir='ltr'><strong>permanere</strong></span> <span class='ocrx_word' id='word_1_196' title='bbox 2539 1379 2597 1433; x_wconf 91' lang='lat' dir='ltr'><strong>in</strong></span> <span class='ocrx_word' id='word_1_197' title='bbox 2643 1378 2936 1435; x_wconf 80' lang='lat' dir='ltr'><strong>sanctitate</strong></span> <span class='ocrx_word' id='word_1_198' title='bbox 2963 1384 3217 1433; x_wconf 87' lang='lat' dir='ltr'><strong>servante</strong></span> <span class='ocrx_word' id='word_1_199' title='bbox 3242 1384 3482 1450; x_wconf 85' lang='lat' dir='ltr'><strong>constat,</strong></span> 
     </span>
    </p>
   </div>
   <div class='ocr_carea' id='block_1_29' title="bbox 1853 1469 3482 1543">
    <p class='ocr_par' dir='ltr' id='par_1_29' title="bbox 1853 1469 3482 1543">
     <span class='ocr_line' id='line_1_29' title="bbox 1853 1469 3482 1543; baseline 0.002 -21"><span class='ocrx_word' id='word_1_200' title='bbox 1853 1469 2055 1523; x_wconf 83' lang='lat' dir='ltr'><strong>fratres</strong></span> <span class='ocrx_word' id='word_1_201' title='bbox 2082 1471 2456 1539; x_wconf 71' lang='lat' dir='ltr'><strong>dilectissimi,</strong></span> <span class='ocrx_word' id='word_1_202' title='bbox 2486 1471 2620 1543; x_wconf 89' lang='lat' dir='ltr'><strong>quia</strong></span> <span class='ocrx_word' id='word_1_203' title='bbox 2645 1471 2781 1525; x_wconf 91' lang='lat' dir='ltr'><strong>dum</strong></span> <span class='ocrx_word' id='word_1_204' title='bbox 2825 1487 2923 1526; x_wconf 90' lang='lat' dir='ltr'><strong>vos</strong></span> <span class='ocrx_word' id='word_1_205' title='bbox 2961 1471 3033 1525; x_wconf 86' lang='lat' dir='ltr'><strong>ab</strong></span> <span class='ocrx_word' id='word_1_206' title='bbox 3079 1470 3328 1526; x_wconf 72' lang='lat' dir='ltr'><strong>ecclesias</strong></span> <span class='ocrx_word' id='word_1_207' title='bbox 3352 1472 3482 1526; x_wconf 84' lang='lat' dir='ltr'><strong>uni-</strong></span> 
     </span>
    </p>
   </div>
   <div class='ocr_carea' id='block_1_30' title="bbox 1854 1563 3483 1636">
    <p class='ocr_par' dir='ltr' id='par_1_30' title="bbox 1854 1563 3483 1636">
     <span class='ocr_line' id='line_1_30' title="bbox 1854 1563 3483 1636; baseline 0.001 -19"><span class='ocrx_word' id='word_1_208' title='bbox 1854 1567 1968 1617; x_wconf 86' lang='lat' dir='ltr'><strong>tate</strong></span> <span class='ocrx_word' id='word_1_209' title='bbox 1998 1563 2542 1633; x_wconf 50' lang='lat' dir='ltr'><strong>disjungitisromne</strong></span> <span class='ocrx_word' id='word_1_210' title='bbox 2583 1565 2805 1619; x_wconf 90' lang='lat' dir='ltr'><strong>virtutis</strong></span> <span class='ocrx_word' id='word_1_211' title='bbox 2842 1565 3113 1619; x_wconf 89' lang='lat' dir='ltr'><strong>meritum</strong></span> <span class='ocrx_word' id='word_1_212' title='bbox 3142 1565 3483 1636; x_wconf 87' lang='lat' dir='ltr'><strong>perdidistis,</strong></span> 
     </span>
    </p>
   </div>
   <div class='ocr_carea' id='block_1_31' title="bbox 1854 1655 3488 1729">
    <p class='ocr_par' dir='ltr' id='par_1_31' title="bbox 1854 1655 3488 1729">
     <span class='ocr_line' id='line_1_31' title="bbox 1854 1655 3488 1729; baseline 0.002 -20"><span class='ocrx_word' id='word_1_213' title='bbox 1854 1655 2026 1710; x_wconf 89' lang='lat' dir='ltr'><strong>etiam</strong></span> <span class='ocrx_word' id='word_1_214' title='bbox 2052 1656 2099 1710; x_wconf 91' lang='lat' dir='ltr'><strong>si</strong></span> <span class='ocrx_word' id='word_1_215' title='bbox 2120 1662 2270 1712; x_wconf 90' lang='lat' dir='ltr'><strong>recte</strong></span> <span class='ocrx_word' id='word_1_216' title='bbox 2297 1658 2554 1713; x_wconf 87' lang='lat' dir='ltr'><strong>teneatis.</strong></span> <span class='ocrx_word' id='word_1_217' title='bbox 2586 1658 2871 1728; x_wconf 88' lang='lat' dir='ltr'><strong>Scriptum</strong></span> <span class='ocrx_word' id='word_1_218' title='bbox 2903 1658 3115 1729; x_wconf 90' lang='lat' dir='ltr'><strong>quippe</strong></span> <span class='ocrx_word' id='word_1_219' title='bbox 3144 1664 3228 1713; x_wconf 90' lang='lat' dir='ltr'><strong>est</strong></span> <span class='ocrx_word' id='word_1_220' title='bbox 3254 1675 3267 1712; x_wconf 87' lang='lat'><strong>:</strong></span> <span class='ocrx_word' id='word_1_221' title='bbox 3296 1659 3488 1713; x_wconf 87' lang='lat' dir='ltr'><strong>Pacem</strong></span> 
     </span>
    </p>
   </div>
   <div class='ocr_carea' id='block_1_32' title="bbox 1853 1751 3488 1821">
    <p class='ocr_par' dir='ltr' id='par_1_32' title="bbox 1853 1751 3488 1821">
     <span class='ocr_line' id='line_1_32' title="bbox 1853 1751 3488 1821; baseline 0.002 -19"><span class='ocrx_word' id='word_1_222' title='bbox 1853 1752 2144 1818; x_wconf 78' lang='lat' dir='ltr'><strong>sequimini</strong></span> <span class='ocrx_word' id='word_1_223' title='bbox 2180 1767 2299 1806; x_wconf 88' lang='lat' dir='ltr'><strong>cum</strong></span> <span class='ocrx_word' id='word_1_224' title='bbox 2336 1751 2579 1807; x_wconf 87' lang='lat' dir='ltr'><strong>omnibus</strong></span> <span class='ocrx_word' id='word_1_225' title='bbox 2629 1756 2678 1807; x_wconf 89' lang='lat' dir='ltr'><strong>et</strong></span> <span class='ocrx_word' id='word_1_226' title='bbox 2714 1754 3127 1806; x_wconf 77' lang='lat' dir='ltr'><strong>sanctimoniam</strong></span> <span class='ocrx_word' id='word_1_227' title='bbox 3151 1793 3168 1815; x_wconf 92' lang='lat'><strong>,</strong></span> <span class='ocrx_word' id='word_1_228' title='bbox 3213 1754 3327 1807; x_wconf 86' lang='lat' dir='ltr'><strong>sine</strong></span> <span class='ocrx_word' id='word_1_229' title='bbox 3380 1767 3488 1821; x_wconf 88' lang='lat' dir='ltr'><strong>qua</strong></span> 
     </span>
    </p>
   </div>
   <div class='ocr_carea' id='block_1_33' title="bbox 128 1836 1762 1924">
    <p class='ocr_par' dir='ltr' id='par_1_33' title="bbox 128 1851 1753 1924">
     <span class='ocr_line' id='line_1_33' title="bbox 128 1851 1753 1924; baseline -0.001 -17"><span class='ocrx_word' id='word_1_230' title='bbox 128 1853 395 1907; x_wconf 54' lang='lat' dir='ltr'><strong>haereticis</strong></span> <span class='ocrx_word' id='word_1_231' title='bbox 438 1869 673 1907; x_wconf 87' lang='lat' dir='ltr'><strong>sensum</strong></span> <span class='ocrx_word' id='word_1_232' title='bbox 706 1853 1021 1924; x_wconf 88' lang='lat' dir='ltr'><strong>proprium,</strong></span> <span class='ocrx_word' id='word_1_233' title='bbox 1073 1869 1246 1924; x_wconf 88' lang='lat' dir='ltr'><strong>quam</strong></span> <span class='ocrx_word' id='word_1_234' title='bbox 1282 1851 1500 1906; x_wconf 86' lang='lat' dir='ltr'><strong>testatio</strong></span> <span class='ocrx_word' id='word_1_235' title='bbox 1528 1851 1753 1906; x_wconf 89' lang='lat' dir='ltr'><strong>Eusebii</strong></span> 
     </span>
    </p>
   </div>
   <div class='ocr_carea' id='block_1_34' title="bbox 1867 1836 2902 1924">
    <p class='ocr_par' dir='ltr' id='par_1_34' title="bbox 1867 1844 2902 1918">
     <span class='ocr_line' id='line_1_34' title="bbox 1867 1844 2902 1918; baseline 0.004 -22"><span class='ocrx_word' id='word_1_236' title='bbox 1867 1858 2001 1897; x_wconf 62' lang='lat' dir='ltr'><strong>temo</strong></span> <span class='ocrx_word' id='word_1_237' title='bbox 2029 1844 2233 1898; x_wconf 80' lang='lat' dir='ltr'><strong>videbit</strong></span> <span class='ocrx_word' id='word_1_238' title='bbox 2259 1847 2546 1900; x_wconf 89' lang='lat' dir='ltr'><strong>Dominum</strong></span> <span class='ocrx_word' id='word_1_239' title='bbox 2577 1846 2755 1913; x_wconf 85' lang='lat' dir='ltr'><strong>(Hebr.</strong></span> <span class='ocrx_word' id='word_1_240' title='bbox 2785 1844 2902 1918; x_wconf 83' lang='lat' dir='ltr'><strong>xu).</strong></span> 
     </span>
    </p>
   </div>
   <div class='ocr_carea' id='block_1_35' title="bbox 128 1944 1749 2017">
    <p class='ocr_par' dir='ltr' id='par_1_35' title="bbox 128 1944 1749 2017">
     <span class='ocr_line' id='line_1_35' title="bbox 128 1944 1749 2017; baseline -0.001 -17"><span class='ocrx_word' id='word_1_241' title='bbox 128 1946 403 2000; x_wconf 82' lang='lat' dir='ltr'><strong>absolvere</strong></span> <span class='ocrx_word' id='word_1_242' title='bbox 431 1947 639 2017; x_wconf 89' lang='lat' dir='ltr'><strong>potuit,</strong></span> <span class='ocrx_word' id='word_1_243' title='bbox 666 1962 773 2001; x_wconf 91' lang='lat' dir='ltr'><strong>nec</strong></span> <span class='ocrx_word' id='word_1_244' title='bbox 798 1963 1026 2001; x_wconf 88' lang='lat' dir='ltr'><strong>rursum</strong></span> <span class='ocrx_word' id='word_1_245' title='bbox 1058 1946 1361 2000; x_wconf 88' lang='lat' dir='ltr'><strong>Eusebium</strong></span> <span class='ocrx_word' id='word_1_246' title='bbox 1387 1944 1598 1999; x_wconf 87' lang='lat' dir='ltr'><strong>laudati</strong></span> <span class='ocrx_word' id='word_1_247' title='bbox 1625 1945 1749 1999; x_wconf 91' lang='lat' dir='ltr'><strong>Ori-</strong></span> 
     </span>
    </p>
   </div>
   <div class='ocr_carea' id='block_1_36' title="bbox 129 2038 1752 2111">
    <p class='ocr_par' dir='ltr' id='par_1_36' title="bbox 129 2038 1752 2111">
     <span class='ocr_line' id='line_1_36' title="bbox 129 2038 1752 2111; baseline -0.001 -18"><span class='ocrx_word' id='word_1_248' title='bbox 129 2040 279 2111; x_wconf 89' lang='lat' dir='ltr'><strong>genis</strong></span> <span class='ocrx_word' id='word_1_249' title='bbox 304 2041 472 2111; x_wconf 90' lang='lat' dir='ltr'><strong>culpa</strong></span> <span class='ocrx_word' id='word_1_250' title='bbox 498 2040 805 2094; x_wconf 86' lang='lat' dir='ltr'><strong>damnavit.</strong></span> <span class='ocrx_word' id='word_1_251' title='bbox 844 2042 925 2093; x_wconf 85' lang='lat' dir='ltr'><strong>An</strong></span> <span class='ocrx_word' id='word_1_252' title='bbox 968 2056 1087 2094; x_wconf 90' lang='lat' dir='ltr'><strong>non</strong></span> <span class='ocrx_word' id='word_1_253' title='bbox 1125 2044 1181 2094; x_wconf 89' lang='lat' dir='ltr'><strong>et</strong></span> <span class='ocrx_word' id='word_1_254' title='bbox 1220 2038 1522 2110; x_wconf 82' lang='lat' dir='ltr'><strong>Gregorius</strong></span> <span class='ocrx_word' id='word_1_255' title='bbox 1564 2039 1752 2109; x_wconf 67' lang='lat' dir='ltr'><strong>Nysaee</strong></span> 
     </span>
    </p>
   </div>
   <div class='ocr_carea' id='block_1_37' title="bbox 128 2132 1750 2205">
    <p class='ocr_par' dir='ltr' id='par_1_37' title="bbox 128 2132 1750 2205">
     <span class='ocr_line' id='line_1_37' title="bbox 128 2132 1750 2205; baseline 0 -19"><span class='ocrx_word' id='word_1_256' title='bbox 128 2132 274 2187; x_wconf 90' lang='lat' dir='ltr'><strong>urbis</strong></span> <span class='ocrx_word' id='word_1_257' title='bbox 300 2133 602 2205; x_wconf 87' lang='lat' dir='ltr'><strong>episcopus</strong></span> <span class='ocrx_word' id='word_1_258' title='bbox 627 2150 757 2187; x_wconf 91' lang='lat' dir='ltr'><strong>cum</strong></span> <span class='ocrx_word' id='word_1_259' title='bbox 795 2132 1092 2187; x_wconf 88' lang='lat' dir='ltr'><strong>Canticum</strong></span> <span class='ocrx_word' id='word_1_260' title='bbox 1116 2133 1467 2187; x_wconf 87' lang='lat' dir='ltr'><strong>canticorum</strong></span> <span class='ocrx_word' id='word_1_261' title='bbox 1495 2132 1750 2203; x_wconf 84' lang='lat' dir='ltr'><strong>exponit,</strong></span> 
     </span>
    </p>
   </div>
   <div class='ocr_carea' id='block_1_38' title="bbox 128 2225 1751 2299">
    <p class='ocr_par' dir='ltr' id='par_1_38' title="bbox 128 2225 1751 2299">
     <span class='ocr_line' id='line_1_38' title="bbox 128 2225 1751 2299; baseline 0 -19"><span class='ocrx_word' id='word_1_262' title='bbox 128 2227 341 2298; x_wconf 83' lang='lat' dir='ltr'><strong>magnis</strong></span> <span class='ocrx_word' id='word_1_263' title='bbox 369 2226 675 2299; x_wconf 85' lang='lat' dir='ltr'><strong>Origenem</strong></span> <span class='ocrx_word' id='word_1_264' title='bbox 706 2226 969 2281; x_wconf 90' lang='lat' dir='ltr'><strong>laudibus</strong></span> <span class='ocrx_word' id='word_1_265' title='bbox 988 2226 1257 2298; x_wconf 67' lang='lat' dir='ltr'><strong>praefert?</strong></span> <span class='ocrx_word' id='word_1_266' title='bbox 1284 2228 1372 2281; x_wconf 82' lang='lat' dir='ltr'><strong>An</strong></span> <span class='ocrx_word' id='word_1_267' title='bbox 1397 2242 1515 2280; x_wconf 91' lang='lat' dir='ltr'><strong>non</strong></span> <span class='ocrx_word' id='word_1_268' title='bbox 1542 2230 1598 2279; x_wconf 91' lang='lat' dir='ltr'><strong>et</strong></span> <span class='ocrx_word' id='word_1_269' title='bbox 1623 2225 1751 2280; x_wconf 85' lang='lat' dir='ltr'><strong>Hie-</strong></span> 
     </span>
    </p>
   </div>
   <div class='ocr_carea' id='block_1_39' title="bbox 127 2318 1750 2391">
    <p class='ocr_par' dir='ltr' id='par_1_39' title="bbox 127 2318 1750 2391">
     <span class='ocr_line' id='line_1_39' title="bbox 127 2318 1750 2391; baseline -0.001 -18"><span class='ocrx_word' id='word_1_270' title='bbox 127 2336 385 2390; x_wconf 83' lang='lat' dir='ltr'><strong>ronymus</strong></span> <span class='ocrx_word' id='word_1_271' title='bbox 423 2324 637 2375; x_wconf 67' lang='lat' dir='ltr'><strong>nostra&quot;:</strong></span> <span class='ocrx_word' id='word_1_272' title='bbox 685 2320 944 2375; x_wconf 65' lang='lat' dir='ltr'><strong>Ecclesiae</strong></span> <span class='ocrx_word' id='word_1_273' title='bbox 988 2320 1302 2391; x_wconf 86' lang='lat' dir='ltr'><strong>presbyter,</strong></span> <span class='ocrx_word' id='word_1_274' title='bbox 1350 2322 1407 2373; x_wconf 89' lang='lat' dir='ltr'><strong>et</strong></span> <span class='ocrx_word' id='word_1_275' title='bbox 1445 2318 1750 2389; x_wconf 88' lang='lat' dir='ltr'><strong>singularis</strong></span> 
     </span>
    </p>
   </div>
   <div class='ocr_carea' id='block_1_40' title="bbox 130 2412 1756 2485">
    <p class='ocr_par' dir='ltr' id='par_1_40' title="bbox 130 2412 1756 2485">
     <span class='ocr_line' id='line_1_40' title="bbox 130 2412 1756 2485; baseline -0.001 -18"><span class='ocrx_word' id='word_1_276' title='bbox 130 2413 333 2468; x_wconf 65' lang='lat' dir='ltr'><strong>Hebraei</strong></span> <span class='ocrx_word' id='word_1_277' title='bbox 360 2413 641 2469; x_wconf 89' lang='lat' dir='ltr'><strong>sermonis</strong></span> <span class='ocrx_word' id='word_1_278' title='bbox 671 2414 971 2485; x_wconf 87' lang='lat' dir='ltr'><strong>interpres,</strong></span> <span class='ocrx_word' id='word_1_279' title='bbox 994 2418 1150 2468; x_wconf 88' lang='lat' dir='ltr'><strong>tanto</strong></span> <span class='ocrx_word' id='word_1_280' title='bbox 1176 2429 1313 2484; x_wconf 89' lang='lat' dir='ltr'><strong>erga</strong></span> <span class='ocrx_word' id='word_1_281' title='bbox 1331 2412 1647 2484; x_wconf 86' lang='lat' dir='ltr'><strong>.Origenem</strong></span> <span class='ocrx_word' id='word_1_282' title='bbox 1675 2412 1756 2466; x_wconf 89' lang='lat' dir='ltr'><strong>fa-</strong></span> 
     </span>
    </p>
   </div>
   <div class='ocr_carea' id='block_1_41' title="bbox 128 2506 1752 2579">
    <p class='ocr_par' dir='ltr' id='par_1_41' title="bbox 128 2506 1752 2579">
     <span class='ocr_line' id='line_1_41' title="bbox 128 2506 1752 2579; baseline 0 -20"><span class='ocrx_word' id='word_1_283' title='bbox 128 2521 250 2561; x_wconf 81' lang='lat' dir='ltr'><strong>vore</strong></span> <span class='ocrx_word' id='word_1_284' title='bbox 278 2507 615 2577; x_wconf 89' lang='lat' dir='ltr'><strong>intenditur,</strong></span> <span class='ocrx_word' id='word_1_285' title='bbox 644 2512 710 2563; x_wconf 92' lang='lat' dir='ltr'><strong>ut</strong></span> <span class='ocrx_word' id='word_1_286' title='bbox 734 2524 880 2579; x_wconf 89' lang='lat' dir='ltr'><strong>pene</strong></span> <span class='ocrx_word' id='word_1_287' title='bbox 926 2506 1233 2578; x_wconf 88' lang='lat' dir='ltr'><strong>discipulus</strong></span> <span class='ocrx_word' id='word_1_288' title='bbox 1259 2506 1382 2577; x_wconf 85' lang='lat' dir='ltr'><strong>ejus</strong></span> <span class='ocrx_word' id='word_1_289' title='bbox 1412 2522 1531 2560; x_wconf 89' lang='lat' dir='ltr'><strong>esse</strong></span> <span class='ocrx_word' id='word_1_290' title='bbox 1560 2506 1752 2561; x_wconf 88' lang='lat' dir='ltr'><strong>videa-</strong></span> 
     </span>
    </p>
   </div>
   <div class='ocr_carea' id='block_1_42' title="bbox 130 2599 1752 2673">
    <p class='ocr_par' dir='ltr' id='par_1_42' title="bbox 130 2599 1752 2673">
     <span class='ocr_line' id='line_1_42' title="bbox 130 2599 1752 2673; baseline -0.002 -16"><span class='ocrx_word' id='word_1_291' title='bbox 130 2602 250 2657; x_wconf 79' lang='lat' dir='ltr'><strong>tur?</strong></span> <span class='ocrx_word' id='word_1_292' title='bbox 279 2602 380 2657; x_wconf 90' lang='lat' dir='ltr'><strong>Sed</strong></span> <span class='ocrx_word' id='word_1_293' title='bbox 409 2602 546 2673; x_wconf 89' lang='lat' dir='ltr'><strong>quia</strong></span> <span class='ocrx_word' id='word_1_294' title='bbox 566 2602 694 2673; x_wconf 89' lang='lat' dir='ltr'><strong>plus</strong></span> <span class='ocrx_word' id='word_1_295' title='bbox 719 2617 887 2655; x_wconf 88' lang='lat' dir='ltr'><strong>causa</strong></span> <span class='ocrx_word' id='word_1_296' title='bbox 904 2616 1076 2673; x_wconf 88' lang='lat' dir='ltr'><strong>quam</strong></span> <span class='ocrx_word' id='word_1_297' title='bbox 1098 2600 1268 2655; x_wconf 87' lang='lat' dir='ltr'><strong>verba</strong></span> <span class='ocrx_word' id='word_1_298' title='bbox 1292 2599 1580 2671; x_wconf 90' lang='lat' dir='ltr'><strong>pensanda</strong></span> <span class='ocrx_word' id='word_1_299' title='bbox 1599 2603 1752 2669; x_wconf 88' lang='lat' dir='ltr'><strong>sunt,</strong></span> 
     </span>
    </p>
   </div>
   <div class='ocr_carea' id='block_1_43' title="bbox 129 2693 1757 2767">
    <p class='ocr_par' dir='ltr' id='par_1_43' title="bbox 129 2693 1757 2767">
     <span class='ocr_line' id='line_1_43' title="bbox 129 2693 1757 2767; baseline -0.002 -18"><span class='ocrx_word' id='word_1_300' title='bbox 129 2710 222 2750; x_wconf 89' lang='lat' dir='ltr'><strong>nec</strong></span> <span class='ocrx_word' id='word_1_301' title='bbox 268 2696 390 2751; x_wconf 90' lang='lat' dir='ltr'><strong>istis</strong></span> <span class='ocrx_word' id='word_1_302' title='bbox 437 2713 542 2750; x_wconf 91' lang='lat' dir='ltr'><strong>sua</strong></span> <span class='ocrx_word' id='word_1_303' title='bbox 584 2694 906 2767; x_wconf 82' lang='lat' dir='ltr'><strong>benignitas</strong></span> <span class='ocrx_word' id='word_1_304' title='bbox 948 2695 1158 2764; x_wconf 89' lang='lat' dir='ltr'><strong>nocuit,</strong></span> <span class='ocrx_word' id='word_1_305' title='bbox 1198 2710 1300 2749; x_wconf 91' lang='lat' dir='ltr'><strong>nec</strong></span> <span class='ocrx_word' id='word_1_306' title='bbox 1342 2693 1507 2748; x_wconf 91' lang='lat' dir='ltr'><strong>illum</strong></span> <span class='ocrx_word' id='word_1_307' title='bbox 1537 2709 1570 2747; x_wconf 94' lang='lat' dir='ltr'><strong>a</strong></span> <span class='ocrx_word' id='word_1_308' title='bbox 1596 2695 1757 2748; x_wconf 90' lang='lat' dir='ltr'><strong>reatu</strong></span> 
     </span>
    </p>
   </div>
   <div class='ocr_carea' id='block_1_44' title="bbox 131 2786 1503 2859">
    <p class='ocr_par' dir='ltr' id='par_1_44' title="bbox 131 2786 1503 2859">
     <span class='ocr_line' id='line_1_44' title="bbox 131 2786 1503 2859; baseline -0.001 -17"><span class='ocrx_word' id='word_1_309' title='bbox 131 2788 350 2859; x_wconf 89' lang='lat' dir='ltr'><strong>proprio</strong></span> <span class='ocrx_word' id='word_1_310' title='bbox 378 2789 546 2844; x_wconf 82' lang='lat' dir='ltr'><strong>favor</strong></span> <span class='ocrx_word' id='word_1_311' title='bbox 570 2788 770 2843; x_wconf 75' lang='lat' dir='ltr'><strong>alienae</strong></span> <span class='ocrx_word' id='word_1_312' title='bbox 796 2788 1169 2843; x_wconf 87' lang='lat' dir='ltr'><strong>attestationis</strong></span> <span class='ocrx_word' id='word_1_313' title='bbox 1196 2786 1503 2842; x_wconf 82' lang='lat' dir='ltr'><strong>excusavit.</strong></span> 
     </span>
    </p>
   </div>
   <div class='ocr_carea' id='block_1_45' title="bbox 191 2878 1758 2955">
    <p class='ocr_par' dir='ltr' id='par_1_45' title="bbox 191 2878 1758 2955">
     <span class='ocr_line' id='line_1_45' title="bbox 191 2878 1758 2955; baseline -0.002 -19"><span class='ocrx_word' id='word_1_314' title='bbox 191 2882 337 2944; x_wconf 82' lang='lat' dir='ltr'><strong>XXIJ.</strong></span> <span class='ocrx_word' id='word_1_315' title='bbox 366 2884 559 2955; x_wconf 90' lang='lat' dir='ltr'><strong>Cogor</strong></span> <span class='ocrx_word' id='word_1_316' title='bbox 598 2887 724 2954; x_wconf 89' lang='lat' dir='ltr'><strong>post</strong></span> <span class='ocrx_word' id='word_1_317' title='bbox 761 2882 905 2948; x_wconf 65' lang='lat' dir='ltr'><strong>haec,</strong></span> <span class='ocrx_word' id='word_1_318' title='bbox 950 2881 1154 2937; x_wconf 88' lang='lat' dir='ltr'><strong>fratres</strong></span> <span class='ocrx_word' id='word_1_319' title='bbox 1191 2879 1528 2947; x_wconf 87' lang='lat' dir='ltr'><strong>charissimi,</strong></span> <span class='ocrx_word' id='word_1_320' title='bbox 1559 2878 1758 2934; x_wconf 90' lang='lat' dir='ltr'><strong>dolens</strong></span> 
     </span>
    </p>
   </div>
   <div class='ocr_carea' id='block_1_46' title="bbox 1923 1937 3486 2009">
    <p class='ocr_par' dir='ltr' id='par_1_46' title="bbox 1923 1937 3486 2009">
     <span class='ocr_line' id='line_1_46' title="bbox 1923 1937 3486 2009; baseline 0.001 -18"><span class='ocrx_word' id='word_1_321' title='bbox 1923 1937 2100 1991; x_wconf 82' lang='lat' dir='ltr'><strong>XXlll.</strong></span> <span class='ocrx_word' id='word_1_322' title='bbox 2133 1938 2303 1991; x_wconf 85' lang='lat' dir='ltr'><strong>Multa</strong></span> <span class='ocrx_word' id='word_1_323' title='bbox 2319 1938 2492 1993; x_wconf 90' lang='lat' dir='ltr'><strong>locuti</strong></span> <span class='ocrx_word' id='word_1_324' title='bbox 2518 1954 2734 2007; x_wconf 89' lang='lat' dir='ltr'><strong>sumus,</strong></span> <span class='ocrx_word' id='word_1_325' title='bbox 2763 1938 2900 2009; x_wconf 89' lang='lat' dir='ltr'><strong>quia</strong></span> <span class='ocrx_word' id='word_1_326' title='bbox 2929 1942 2985 1993; x_wconf 91' lang='lat' dir='ltr'><strong>et</strong></span> <span class='ocrx_word' id='word_1_327' title='bbox 3007 1938 3079 1992; x_wconf 91' lang='lat' dir='ltr'><strong>ad</strong></span> <span class='ocrx_word' id='word_1_328' title='bbox 3108 1939 3286 1992; x_wconf 89' lang='lat' dir='ltr'><strong>multa</strong></span> <span class='ocrx_word' id='word_1_329' title='bbox 3314 1938 3486 1993; x_wconf 87' lang='lat' dir='ltr'><strong>ratio-</strong></span> 
     </span>
    </p>
   </div>
   <div class='ocr_carea' id='block_1_47' title="bbox 1852 2028 3487 2103">
    <p class='ocr_par' dir='ltr' id='par_1_47' title="bbox 1852 2028 3487 2103">
     <span class='ocr_line' id='line_1_47' title="bbox 1852 2028 3487 2103; baseline 0.002 -21"><span class='ocrx_word' id='word_1_330' title='bbox 1852 2028 2091 2084; x_wconf 89' lang='lat' dir='ltr'><strong>cinando</strong></span> <span class='ocrx_word' id='word_1_331' title='bbox 2118 2030 2533 2101; x_wconf 82' lang='lat' dir='ltr'><strong>respondimus.</strong></span> <span class='ocrx_word' id='word_1_332' title='bbox 2564 2032 2631 2085; x_wconf 85' lang='lat' dir='ltr'><strong>Et</strong></span> <span class='ocrx_word' id='word_1_333' title='bbox 2660 2047 2791 2086; x_wconf 92' lang='lat' dir='ltr'><strong>cum</strong></span> <span class='ocrx_word' id='word_1_334' title='bbox 2816 2031 3141 2086; x_wconf 88' lang='lat' dir='ltr'><strong>testimonia</strong></span> <span class='ocrx_word' id='word_1_335' title='bbox 3169 2047 3239 2087; x_wconf 85' lang='lat' dir='ltr'><strong>ex</strong></span> <span class='ocrx_word' id='word_1_336' title='bbox 3258 2035 3487 2103; x_wconf 89' lang='lat' dir='ltr'><strong>patrum</strong></span> 
     </span>
    </p>
   </div>
   <div class='ocr_carea' id='block_1_48' title="bbox 1853 2121 3487 2196">
    <p class='ocr_par' dir='ltr' id='par_1_48' title="bbox 1853 2121 3487 2196">
     <span class='ocr_line' id='line_1_48' title="bbox 1853 2121 3487 2196; baseline 0.002 -20"><span class='ocrx_word' id='word_1_337' title='bbox 1853 2121 2013 2176; x_wconf 89' lang='lat' dir='ltr'><strong>dictis</strong></span> <span class='ocrx_word' id='word_1_338' title='bbox 2049 2123 2355 2178; x_wconf 89' lang='lat' dir='ltr'><strong>innumera</strong></span> <span class='ocrx_word' id='word_1_339' title='bbox 2383 2128 2749 2196; x_wconf 89' lang='lat' dir='ltr'><strong>suppeterent</strong></span> <span class='ocrx_word' id='word_1_340' title='bbox 2772 2166 2785 2193; x_wconf 92' lang='lat'><strong>,</strong></span> <span class='ocrx_word' id='word_1_341' title='bbox 2827 2141 3111 2195; x_wconf 88' lang='lat' dir='ltr'><strong>perpauca</strong></span> <span class='ocrx_word' id='word_1_342' title='bbox 3145 2125 3442 2195; x_wconf 86' lang='lat' dir='ltr'><strong>posuimus</strong></span> <span class='ocrx_word' id='word_1_343' title='bbox 3473 2142 3487 2181; x_wconf 88' lang='lat'><strong>:</strong></span> 
     </span>
    </p>
   </div>
   <div class='ocr_carea' id='block_1_49' title="bbox 1853 2202 3487 2290">
    <p class='ocr_par' dir='ltr' id='par_1_49' title="bbox 1853 2202 3487 2290">
     <span class='ocr_line' id='line_1_49' title="bbox 1853 2202 3487 2290; baseline 0.002 -22"><span class='ocrx_word' id='word_1_344' title='bbox 1853 2216 2113 2272; x_wconf 87' lang='lat' dir='ltr'><strong>videlicet</strong></span> <span class='ocrx_word' id='word_1_345' title='bbox 2140 2217 2432 2288; x_wconf 90' lang='lat' dir='ltr'><strong>cupientes</strong></span> <span class='ocrx_word' id='word_1_346' title='bbox 2459 2222 2521 2272; x_wconf 90' lang='lat' dir='ltr'><strong>ut</strong></span> <span class='ocrx_word' id='word_1_347' title='bbox 2547 2218 2756 2289; x_wconf 88' lang='lat' dir='ltr'><strong>scripta</strong></span> <span class='ocrx_word' id='word_1_348' title='bbox 2780 2223 2972 2273; x_wconf 88' lang='lat' dir='ltr'><strong>nostra</strong></span> <span class='ocrx_word' id='word_1_349' title='bbox 2999 2218 3058 2272; x_wconf 89' lang='lat' dir='ltr'><strong>in</strong></span> <span class='ocrx_word' id='word_1_350' title='bbox 3079 2202 3260 2272; x_wconf 89' lang='lat' dir='ltr'><strong>causis</strong></span> <span class='ocrx_word' id='word_1_351' title='bbox 3286 2218 3487 2290; x_wconf 88' lang='lat' dir='ltr'><strong>singu-</strong></span> 
     </span>
    </p>
   </div>
   <div class='ocr_carea' id='block_1_50' title="bbox 1852 2310 3488 2383">
    <p class='ocr_par' dir='ltr' id='par_1_50' title="bbox 1852 2310 3488 2383">
     <span class='ocr_line' id='line_1_50' title="bbox 1852 2310 3488 2383; baseline 0.002 -20"><span class='ocrx_word' id='word_1_352' title='bbox 1852 2310 1922 2364; x_wconf 88' lang='lat' dir='ltr'><strong>lis</strong></span> <span class='ocrx_word' id='word_1_353' title='bbox 1938 2311 2187 2365; x_wconf 90' lang='lat' dir='ltr'><strong>narratio</strong></span> <span class='ocrx_word' id='word_1_354' title='bbox 2213 2311 2462 2366; x_wconf 86' lang='lat' dir='ltr'><strong>breviata</strong></span> <span class='ocrx_word' id='word_1_355' title='bbox 2490 2312 2863 2383; x_wconf 87' lang='lat' dir='ltr'><strong>succingeret,</strong></span> <span class='ocrx_word' id='word_1_356' title='bbox 2896 2328 2969 2366; x_wconf 86' lang='lat' dir='ltr'><strong>ne</strong></span> <span class='ocrx_word' id='word_1_357' title='bbox 2996 2311 3229 2366; x_wconf 89' lang='lat' dir='ltr'><strong>fortasse</strong></span> <span class='ocrx_word' id='word_1_358' title='bbox 3253 2312 3488 2367; x_wconf 65' lang='lat' dir='ltr'><strong>taedium</strong></span> 
     </span>
    </p>
   </div>
   <div class='ocr_carea' id='block_1_51' title="bbox 1854 2403 3489 2477">
    <p class='ocr_par' dir='ltr' id='par_1_51' title="bbox 1854 2403 3489 2477">
     <span class='ocr_line' id='line_1_51' title="bbox 1854 2403 3489 2477; baseline 0.002 -20"><span class='ocrx_word' id='word_1_359' title='bbox 1854 2403 2079 2475; x_wconf 91' lang='lat' dir='ltr'><strong>legendi</strong></span> <span class='ocrx_word' id='word_1_360' title='bbox 2108 2409 2468 2476; x_wconf 89' lang='lat' dir='ltr'><strong>generarent.</strong></span> <span class='ocrx_word' id='word_1_361' title='bbox 2493 2407 2679 2461; x_wconf 90' lang='lat' dir='ltr'><strong>Unum</strong></span> <span class='ocrx_word' id='word_1_362' title='bbox 2697 2410 2887 2459; x_wconf 86' lang='lat' dir='ltr'><strong>tamen</strong></span> <span class='ocrx_word' id='word_1_363' title='bbox 2917 2405 3068 2476; x_wconf 91' lang='lat' dir='ltr'><strong>quod</strong></span> <span class='ocrx_word' id='word_1_364' title='bbox 3085 2406 3207 2475; x_wconf 91' lang='lat' dir='ltr'><strong>jam</strong></span> <span class='ocrx_word' id='word_1_365' title='bbox 3227 2406 3489 2477; x_wconf 88' lang='lat' dir='ltr'><strong>superius</strong></span> 
     </span>
    </p>
   </div>
   <div class='ocr_carea' id='block_1_52' title="bbox 1854 2496 3485 2569">
    <p class='ocr_par' dir='ltr' id='par_1_52' title="bbox 1854 2496 3485 2569">
     <span class='ocr_line' id='line_1_52' title="bbox 1854 2496 3485 2569; baseline 0.002 -18"><span class='ocrx_word' id='word_1_366' title='bbox 1854 2496 2126 2565; x_wconf 90' lang='lat' dir='ltr'><strong>diximus,</strong></span> <span class='ocrx_word' id='word_1_367' title='bbox 2176 2515 2295 2554; x_wconf 91' lang='lat' dir='ltr'><strong>non</strong></span> <span class='ocrx_word' id='word_1_368' title='bbox 2342 2498 2511 2553; x_wconf 60' lang='lat' dir='ltr'><strong>taedet</strong></span> <span class='ocrx_word' id='word_1_369' title='bbox 2556 2498 2603 2552; x_wconf 91' lang='lat' dir='ltr'><strong>si</strong></span> <span class='ocrx_word' id='word_1_370' title='bbox 2648 2498 2820 2553; x_wconf 89' lang='lat' dir='ltr'><strong>etiam</strong></span> <span class='ocrx_word' id='word_1_371' title='bbox 2867 2498 3063 2553; x_wconf 90' lang='lat' dir='ltr'><strong>crebro</strong></span> <span class='ocrx_word' id='word_1_372' title='bbox 3105 2499 3485 2569; x_wconf 91' lang='lat' dir='ltr'><strong>replicemus:</strong></span> 
     </span>
    </p>
   </div>
   <div class='ocr_carea' id='block_1_53' title="bbox 1853 2591 3491 2663">
    <p class='ocr_par' dir='ltr' id='par_1_53' title="bbox 1853 2591 3491 2663">
     <span class='ocr_line' id='line_1_53' title="bbox 1853 2591 3491 2663; baseline 0.002 -18"><span class='ocrx_word' id='word_1_373' title='bbox 1853 2591 1993 2655; x_wconf 85' lang='lat' dir='ltr'><strong>Quia</strong></span> <span class='ocrx_word' id='word_1_374' title='bbox 2031 2591 2203 2646; x_wconf 86' lang='lat' dir='ltr'><strong>ﬁdem</strong></span> <span class='ocrx_word' id='word_1_375' title='bbox 2244 2598 2449 2647; x_wconf 76' lang='lat' dir='ltr'><strong>sach</strong></span> <span class='ocrx_word' id='word_1_376' title='bbox 2475 2592 2942 2647; x_wconf 85' lang='lat' dir='ltr'><strong>Chalcedonensis</strong></span> <span class='ocrx_word' id='word_1_377' title='bbox 2982 2592 3180 2663; x_wconf 87' lang='lat' dir='ltr'><strong>synodi</strong></span> <span class='ocrx_word' id='word_1_378' title='bbox 3218 2592 3491 2649; x_wconf 90' lang='lat' dir='ltr'><strong>illibatam</strong></span> 
     </span>
    </p>
   </div>
   <div class='ocr_carea' id='block_1_54' title="bbox 1854 2686 3489 2757">
    <p class='ocr_par' dir='ltr' id='par_1_54' title="bbox 1854 2686 3489 2757">
     <span class='ocr_line' id='line_1_54' title="bbox 1854 2686 3489 2757; baseline 0.002 -19"><span class='ocrx_word' id='word_1_379' title='bbox 1854 2701 1958 2755; x_wconf 82' lang='lat' dir='ltr'><strong>per</strong></span> <span class='ocrx_word' id='word_1_380' title='bbox 1988 2686 2177 2739; x_wconf 88' lang='lat' dir='ltr'><strong>omnia</strong></span> <span class='ocrx_word' id='word_1_381' title='bbox 2204 2686 2317 2741; x_wconf 91' lang='lat' dir='ltr'><strong>Deo</strong></span> <span class='ocrx_word' id='word_1_382' title='bbox 2350 2691 2579 2742; x_wconf 88' lang='lat' dir='ltr'><strong>auctore</strong></span> <span class='ocrx_word' id='word_1_383' title='bbox 2603 2702 2907 2754; x_wconf 88' lang='lat' dir='ltr'><strong>servamus,</strong></span> <span class='ocrx_word' id='word_1_384' title='bbox 2944 2686 3176 2757; x_wconf 85' lang='lat' dir='ltr'><strong>ejusque</strong></span> <span class='ocrx_word' id='word_1_385' title='bbox 3206 2686 3489 2741; x_wconf 86' lang='lat' dir='ltr'><strong>deﬁnitio-</strong></span> 
     </span>
    </p>
   </div>
   <div class='ocr_carea' id='block_1_55' title="bbox 1856 2779 3490 2850">
    <p class='ocr_par' dir='ltr' id='par_1_55' title="bbox 1856 2779 3490 2850">
     <span class='ocr_line' id='line_1_55' title="bbox 1856 2779 3490 2850; baseline 0.002 -18"><span class='ocrx_word' id='word_1_386' title='bbox 1856 2794 1976 2847; x_wconf 90' lang='lat' dir='ltr'><strong>nes,</strong></span> <span class='ocrx_word' id='word_1_387' title='bbox 2005 2779 2152 2833; x_wconf 89' lang='lat' dir='ltr'><strong>sicut</strong></span> <span class='ocrx_word' id='word_1_388' title='bbox 2180 2780 2481 2850; x_wconf 47' lang='lat' dir='ltr'><strong>Ephesinas</strong></span> <span class='ocrx_word' id='word_1_389' title='bbox 2503 2780 2724 2849; x_wconf 76' lang='lat' dir='ltr'><strong>primas,</strong></span> <span class='ocrx_word' id='word_1_390' title='bbox 2746 2779 3398 2850; x_wconf 70' lang='lat' dir='ltr'><strong>Constantinopolitanae,</strong></span> <span class='ocrx_word' id='word_1_391' title='bbox 3425 2797 3490 2835; x_wconf 89' lang='lat' dir='ltr'><strong>ac</strong></span> 
     </span>
    </p>
   </div>
   <div class='ocr_carea' id='block_1_56' title="bbox 1856 2872 3488 2944">
    <p class='ocr_par' dir='ltr' id='par_1_56' title="bbox 1856 2872 3488 2944">
     <span class='ocr_line' id='line_1_56' title="bbox 1856 2872 3488 2944; baseline 0.001 -18"><span class='ocrx_word' id='word_1_392' title='bbox 1856 2872 2097 2926; x_wconf 65' lang='lat' dir='ltr'><strong>Nicaeus:</strong></span> <span class='ocrx_word' id='word_1_393' title='bbox 2120 2873 2319 2943; x_wconf 86' lang='lat' dir='ltr'><strong>synodi</strong></span> <span class='ocrx_word' id='word_1_394' title='bbox 2341 2873 2775 2929; x_wconf 85' lang='lat' dir='ltr'><strong>irretractabiles</strong></span> <span class='ocrx_word' id='word_1_395' title='bbox 2794 2889 2947 2926; x_wconf 88' lang='lat' dir='ltr'><strong>nunc</strong></span> <span class='ocrx_word' id='word_1_396' title='bbox 2974 2889 3153 2944; x_wconf 90' lang='lat' dir='ltr'><strong>usque</strong></span> <span class='ocrx_word' id='word_1_397' title='bbox 3182 2873 3488 2944; x_wconf 88' lang='lat' dir='ltr'><strong>tenuimus,</strong></span> 
     </span>
    </p>
   </div>
   <div class='ocr_carea' id='block_1_57' title="bbox 1856 2965 3486 3037">
    <p class='ocr_par' dir='ltr' id='par_1_57' title="bbox 1856 2965 3486 3037">
     <span class='ocr_line' id='line_1_57' title="bbox 1856 2965 3486 3037; baseline 0.001 -17"><span class='ocrx_word' id='word_1_398' title='bbox 1856 2965 1943 3020; x_wconf 90' lang='lat' dir='ltr'><strong>vel</strong></span> <span class='ocrx_word' id='word_1_399' title='bbox 1968 2971 2149 3021; x_wconf 89' lang='lat' dir='ltr'><strong>morte</strong></span> <span class='ocrx_word' id='word_1_400' title='bbox 2176 2966 2458 3037; x_wconf 88' lang='lat' dir='ltr'><strong>proposita</strong></span> <span class='ocrx_word' id='word_1_401' title='bbox 2496 2965 2931 3021; x_wconf 88' lang='lat' dir='ltr'><strong>irretractabiles</strong></span> <span class='ocrx_word' id='word_1_402' title='bbox 2973 2965 3338 3021; x_wconf 91' lang='lat' dir='ltr'><strong>custodimus.</strong></span> <span class='ocrx_word' id='word_1_403' title='bbox 3383 2968 3486 3021; x_wconf 87' lang='lat' dir='ltr'><strong>Ve-</strong></span> 
     </span>
    </p>
   </div>
   <div class='ocr_carea' id='block_1_58' title="bbox 1858 3062 3488 3135">
    <p class='ocr_par' dir='ltr' id='par_1_58' title="bbox 1858 3062 3488 3135">
     <span class='ocr_line' id='line_1_58' title="bbox 1858 3062 3488 3135; baseline 0 -16"><span class='ocrx_word' id='word_1_404' title='bbox 1858 3070 1972 3120; x_wconf 90' lang='lat' dir='ltr'><strong>stra</strong></span> <span class='ocrx_word' id='word_1_405' title='bbox 2019 3064 2197 3135; x_wconf 91' lang='lat' dir='ltr'><strong>igitur</strong></span> <span class='ocrx_word' id='word_1_406' title='bbox 2236 3063 2465 3119; x_wconf 88' lang='lat' dir='ltr'><strong>Dilectio</strong></span> <span class='ocrx_word' id='word_1_407' title='bbox 2503 3063 2965 3118; x_wconf 91' lang='lat' dir='ltr'><strong>communionem</strong></span> <span class='ocrx_word' id='word_1_408' title='bbox 3002 3062 3258 3119; x_wconf 82' lang='lat' dir='ltr'><strong>fidelium</strong></span> <span class='ocrx_word' id='word_1_409' title='bbox 3296 3064 3488 3119; x_wconf 79' lang='lat' dir='ltr'><strong>ortho-</strong></span> 
     </span>
    </p>
   </div>
   <div class='ocr_carea' id='block_1_59' title="bbox 132 2973 1760 3046">
    <p class='ocr_par' dir='ltr' id='par_1_59' title="bbox 132 2973 1760 3046">
     <span class='ocr_line' id='line_1_59' title="bbox 132 2973 1760 3046; baseline -0.002 -16"><span class='ocrx_word' id='word_1_410' title='bbox 132 2992 251 3030; x_wconf 90' lang='lat' dir='ltr'><strong>cum</strong></span> <span class='ocrx_word' id='word_1_411' title='bbox 275 2976 446 3031; x_wconf 88' lang='lat' dir='ltr'><strong>Paulo</strong></span> <span class='ocrx_word' id='word_1_412' title='bbox 473 2976 661 3031; x_wconf 90' lang='lat' dir='ltr'><strong>dicere</strong></span> <span class='ocrx_word' id='word_1_413' title='bbox 689 2992 703 3030; x_wconf 90' lang='lat'><strong>:</strong></span> <span class='ocrx_word' id='word_1_414' title='bbox 738 2977 1119 3031; x_wconf 83' lang='lat' dir='ltr'><strong>Testimonium</strong></span> <span class='ocrx_word' id='word_1_415' title='bbox 1143 2975 1394 3046; x_wconf 84' lang='lat' dir='ltr'><strong>perhibeo</strong></span> <span class='ocrx_word' id='word_1_416' title='bbox 1428 2973 1576 3028; x_wconf 84' lang='lat' dir='ltr'><strong>vobis</strong></span> <span class='ocrx_word' id='word_1_417' title='bbox 1614 2973 1760 3043; x_wconf 89' lang='lat' dir='ltr'><strong>quod</strong></span> 
     </span>
    </p>
   </div>
   <div class='ocr_carea' id='block_1_60' title="bbox 133 3068 1759 3133">
    <p class='ocr_par' dir='ltr' id='par_1_60' title="bbox 133 3068 1759 3133">
     <span class='ocr_line' id='line_1_60' title="bbox 133 3068 1759 3133; baseline -0.002 -9"><span class='ocrx_word' id='word_1_418' title='bbox 133 3071 516 3125; x_wconf 77' lang='lat' dir='ltr'><strong>aemulationem</strong></span> <span class='ocrx_word' id='word_1_419' title='bbox 537 3072 634 3125; x_wconf 89' lang='lat' dir='ltr'><strong>Dei</strong></span> <span class='ocrx_word' id='word_1_420' title='bbox 657 3070 882 3133; x_wconf 82' lang='lat' dir='ltr'><strong>habetis,</strong></span> <span class='ocrx_word' id='word_1_421' title='bbox 907 3069 1002 3124; x_wconf 87' lang='lat' dir='ltr'><strong>sed</strong></span> <span class='ocrx_word' id='word_1_422' title='bbox 1026 3085 1131 3123; x_wconf 89' lang='lat' dir='ltr'><strong>non</strong></span> <span class='ocrx_word' id='word_1_423' title='bbox 1156 3068 1449 3124; x_wconf 85' lang='lat' dir='ltr'><strong>secundum</strong></span> <span class='ocrx_word' id='word_1_424' title='bbox 1481 3069 1759 3122; x_wconf 84' lang='lat' dir='ltr'><strong>scientiam</strong></span> 
     </span>
    </p>
   </div>
   <div class='ocr_carea' id='block_1_61' title="bbox 138 3155 3492 3230">
    <p class='ocr_par' dir='ltr' id='par_1_61' title="bbox 138 3155 3492 3230">
     <span class='ocr_line' id='line_1_61' title="bbox 138 3155 3492 3230; baseline 0 -16"><span class='ocrx_word' id='word_1_425' title='bbox 138 3161 293 3221; x_wconf 82' lang='lat' dir='ltr'><strong>(Rom.</strong></span> <span class='ocrx_word' id='word_1_426' title='bbox 322 3162 371 3229; x_wconf 85' lang='lat' dir='ltr'><strong>x)</strong></span> <span class='ocrx_word' id='word_1_427' title='bbox 408 3176 422 3213; x_wconf 88' lang='lat'><strong>:</strong></span> <span class='ocrx_word' id='word_1_428' title='bbox 453 3160 618 3230; x_wconf 90' lang='lat' dir='ltr'><strong>cujus</strong></span> <span class='ocrx_word' id='word_1_429' title='bbox 645 3174 782 3230; x_wconf 88' lang='lat' dir='ltr'><strong>erga</strong></span> <span class='ocrx_word' id='word_1_430' title='bbox 809 3158 1091 3212; x_wconf 89' lang='lat' dir='ltr'><strong>unitatem</strong></span> <span class='ocrx_word' id='word_1_431' title='bbox 1116 3160 1320 3211; x_wconf 67' lang='lat' dir='ltr'><strong>sanctae</strong></span> <span class='ocrx_word' id='word_1_432' title='bbox 1349 3155 1596 3212; x_wconf 66' lang='lat' dir='ltr'><strong>ecclesias</strong></span> <span class='ocrx_word' id='word_1_433' title='bbox 1620 3156 1759 3210; x_wconf 91' lang='lat' dir='ltr'><strong>dum</strong></span> <span class='ocrx_word' id='word_1_434' title='bbox 1782 3206 1832 3230; x_wconf 67' lang='grc' dir='ltr'>η</span> <span class='ocrx_word' id='word_1_435' title='bbox 1859 3159 2135 3214; x_wconf 86' lang='lat' dir='ltr'><strong>doxorum</strong></span> <span class='ocrx_word' id='word_1_436' title='bbox 2162 3158 2404 3212; x_wconf 88' lang='lat' dir='ltr'><strong>fratrum</strong></span> <span class='ocrx_word' id='word_1_437' title='bbox 2428 3174 2545 3212; x_wconf 88' lang='lat' dir='ltr'><strong>non</strong></span> <span class='ocrx_word' id='word_1_438' title='bbox 2563 3158 2767 3229; x_wconf 88' lang='lat' dir='ltr'><strong>fugiat,</strong></span> <span class='ocrx_word' id='word_1_439' title='bbox 2797 3173 2869 3212; x_wconf 92' lang='lat' dir='ltr'><strong>ne</strong></span> <span class='ocrx_word' id='word_1_440' title='bbox 2898 3158 3192 3228; x_wconf 59' lang='lat' dir='ltr'><strong>praesentis</strong></span> <span class='ocrx_word' id='word_1_441' title='bbox 3215 3158 3364 3212; x_wconf 89' lang='lat' dir='ltr'><strong>vocis</strong></span> <span class='ocrx_word' id='word_1_442' title='bbox 3386 3174 3492 3215; x_wconf 87' lang='lat' dir='ltr'><strong>no-</strong></span> 
     </span>
    </p>
   </div>
   <div class='ocr_carea' id='block_1_62' title="bbox 135 3206 3497 3323">
    <p class='ocr_par' dir='ltr' id='par_1_62' title="bbox 135 3206 3497 3323">
     <span class='ocr_line' id='line_1_62' title="bbox 139 3206 3458 3230; baseline -0 -1"><span class='ocrx_word' id='word_1_443' title='bbox 139 3206 293 3221; x_wconf 73' lang='lat'><strong>“&quot;&#39;&quot;&quot;</strong></span> <span class='ocrx_word' id='word_1_444' title='bbox 322 3206 370 3229; x_wconf 74' lang='lat' dir='ltr'><strong>&quot;l</strong></span> <span class='ocrx_word' id='word_1_445' title='bbox 408 3206 422 3213; x_wconf 85' lang='lat'>&#39;</span> <span class='ocrx_word' id='word_1_446' title='bbox 456 3206 615 3230; x_wconf 70' lang='grc' dir='ltr'><strong>”“““ιΙ“““’</strong></span> <span class='ocrx_word' id='word_1_447' title='bbox 649 3206 781 3230; x_wconf 68' lang='grc'><strong>’⁵0⁷⁷</strong></span> <span class='ocrx_word' id='word_1_448' title='bbox 815 3206 1091 3212; x_wconf 63' lang='grc'><strong>”’””””””“’““</strong></span> <span class='ocrx_word' id='word_1_449' title='bbox 1116 3206 1318 3211; x_wconf 59' lang='grc'><strong>⁷’”““⁷’⁷“</strong></span> <span class='ocrx_word' id='word_1_450' title='bbox 1352 3206 1593 3212; x_wconf 55' lang='grc'><strong>⁷’⁷““”“’“</strong></span> <span class='ocrx_word' id='word_1_451' title='bbox 1626 3206 1759 3210; x_wconf 41' lang='grc' dir='ltr'><strong><em>“”ή“““</em></strong></span> <span class='ocrx_word' id='word_1_452' title='bbox 1862 3206 2135 3214; x_wconf 58' lang='grc' dir='ltr'><strong>*ν”⁷““’”“</strong></span> <span class='ocrx_word' id='word_1_453' title='bbox 2162 3206 2203 3211; x_wconf 87' lang='grc'><strong><em>““</em></strong></span> <span class='ocrx_word' id='word_1_454' title='bbox 2218 3206 2293 3212; x_wconf 63' lang='grc'><strong>*⁷⁵</strong></span> <span class='ocrx_word' id='word_1_455' title='bbox 2310 3206 2404 3212; x_wconf 55' lang='lat' dir='ltr'><strong>mu</strong></span> <span class='ocrx_word' id='word_1_456' title='bbox 2428 3206 2767 3229; x_wconf 70' lang='lat' dir='ltr'><strong>&quot;&#39;—&quot;&#39;O&quot;&quot;,</strong></span> <span class='ocrx_word' id='word_1_457' title='bbox 2798 3206 2867 3212; x_wconf 72' lang='lat'><strong>&quot;&#39;</strong></span> <span class='ocrx_word' id='word_1_458' title='bbox 2900 3206 3190 3228; x_wconf 64' lang='lat' dir='ltr'><strong>I&quot;&quot;&quot;&quot;&quot;&#39;</strong></span> <span class='ocrx_word' id='word_1_459' title='bbox 3230 3206 3362 3212; x_wconf 69' lang='lat'><strong>&quot;&quot;&#39;</strong></span> <span class='ocrx_word' id='word_1_460' title='bbox 3387 3206 3458 3215; x_wconf 61' lang='grc' dir='ltr'><strong>’.ν</strong></span> 
     </span>
     <span class='ocr_line' id='line_1_63' title="bbox 135 3206 3497 3323; baseline 0.001 -19"><span class='ocrx_word' id='word_1_461' title='bbox 135 3251 330 3307; x_wconf 88' lang='lat' dir='ltr'><strong>viscera</strong></span> <span class='ocrx_word' id='word_1_462' title='bbox 354 3252 650 3307; x_wconf 84' lang='lat' dir='ltr'><strong>charitatis</strong></span> <span class='ocrx_word' id='word_1_463' title='bbox 677 3250 906 3323; x_wconf 89' lang='lat' dir='ltr'><strong>aspicio,</strong></span> <span class='ocrx_word' id='word_1_464' title='bbox 926 3250 1213 3305; x_wconf 90' lang='lat' dir='ltr'><strong>discordes</strong></span> <span class='ocrx_word' id='word_1_465' title='bbox 1232 3267 1328 3304; x_wconf 88' lang='lat' dir='ltr'><strong>vos</strong></span> <span class='ocrx_word' id='word_1_466' title='bbox 1352 3248 1760 3304; x_wconf 90' lang='lat' dir='ltr'><strong>intolerabilius</strong></span> <span class='ocrx_word' id='word_1_467' title='bbox 1780 3206 1834 3281; x_wconf 82' lang='lat' dir='ltr'>C</span> <span class='ocrx_word' id='word_1_468' title='bbox 1858 3257 1990 3307; x_wconf 77' lang='lat' dir='ltr'><strong>strae</strong></span> <span class='ocrx_word' id='word_1_469' title='bbox 2019 3252 2366 3322; x_wconf 88' lang='lat' dir='ltr'><strong>adjutorium</strong></span> <span class='ocrx_word' id='word_1_470' title='bbox 2407 3253 2453 3307; x_wconf 90' lang='lat' dir='ltr'><strong>si</strong></span> <span class='ocrx_word' id='word_1_471' title='bbox 2491 3251 2689 3307; x_wconf 89' lang='lat' dir='ltr'><strong>audire</strong></span> <span class='ocrx_word' id='word_1_472' title='bbox 2735 3251 3085 3323; x_wconf 89' lang='lat' dir='ltr'><strong>neglexerit,</strong></span> <span class='ocrx_word' id='word_1_473' title='bbox 3126 3257 3323 3306; x_wconf 91' lang='lat' dir='ltr'><strong>contra</strong></span> <span class='ocrx_word' id='word_1_474' title='bbox 3349 3269 3407 3307; x_wconf 86' lang='lat' dir='ltr'><strong>se</strong></span> <span class='ocrx_word' id='word_1_475' title='bbox 3434 3253 3497 3309; x_wconf 88' lang='lat' dir='ltr'><strong>in</strong></span> 
     </span>
    </p>
   </div>
   <div class='ocr_carea' id='block_1_63' title="bbox 136 3342 3499 3419">
    <p class='ocr_par' dir='ltr' id='par_1_63' title="bbox 136 3342 3499 3419">
     <span class='ocr_line' id='line_1_64' title="bbox 136 3342 3499 3419; baseline 0.001 -19"><span class='ocrx_word' id='word_1_476' title='bbox 136 3346 455 3418; x_wconf 83' lang='lat' dir='ltr'><strong>ingemisco.</strong></span> <span class='ocrx_word' id='word_1_477' title='bbox 502 3347 761 3415; x_wconf 90' lang='lat' dir='ltr'><strong>Pensate,</strong></span> <span class='ocrx_word' id='word_1_478' title='bbox 789 3361 1003 3417; x_wconf 71' lang='lat' dir='ltr'><strong>quasso,</strong></span> <span class='ocrx_word' id='word_1_479' title='bbox 1034 3361 1146 3416; x_wconf 90' lang='lat' dir='ltr'><strong>quo</strong></span> <span class='ocrx_word' id='word_1_480' title='bbox 1171 3344 1370 3398; x_wconf 89' lang='lat' dir='ltr'><strong>ardore</strong></span> <span class='ocrx_word' id='word_1_481' title='bbox 1396 3347 1604 3398; x_wconf 59' lang='lat' dir='ltr'><strong>sanctae</strong></span> <span class='ocrx_word' id='word_1_482' title='bbox 1630 3342 1757 3397; x_wconf 90' lang='lat' dir='ltr'><strong>uni-</strong></span> <span class='ocrx_word' id='word_1_483' title='bbox 1858 3344 2246 3400; x_wconf 87' lang='lat' dir='ltr'><strong>testimonium</strong></span> <span class='ocrx_word' id='word_1_484' title='bbox 2285 3350 2479 3401; x_wconf 87' lang='lat' dir='ltr'><strong>vertat.</strong></span> <span class='ocrx_word' id='word_1_485' title='bbox 2529 3346 2636 3400; x_wconf 88' lang='lat' dir='ltr'><strong>Nos</strong></span> <span class='ocrx_word' id='word_1_486' title='bbox 2682 3348 2874 3399; x_wconf 89' lang='lat' dir='ltr'><strong>autem</strong></span> <span class='ocrx_word' id='word_1_487' title='bbox 2912 3345 2982 3400; x_wconf 92' lang='lat' dir='ltr'><strong>ad</strong></span> <span class='ocrx_word' id='word_1_488' title='bbox 3027 3345 3335 3400; x_wconf 92' lang='lat' dir='ltr'><strong>Dominum</strong></span> <span class='ocrx_word' id='word_1_489' title='bbox 3373 3352 3499 3419; x_wconf 90' lang='lat' dir='ltr'><strong>post</strong></span> 
     </span>
    </p>
   </div>
   <div class='ocr_carea' id='block_1_64' title="bbox 136 3436 3501 3511">
    <p class='ocr_par' dir='ltr' id='par_1_64' title="bbox 136 3436 3501 3511">
     <span class='ocr_line' id='line_1_65' title="bbox 136 3436 3501 3511; baseline 0.001 -18"><span class='ocrx_word' id='word_1_490' title='bbox 136 3439 256 3494; x_wconf 87' lang='lat' dir='ltr'><strong>tatis</strong></span> <span class='ocrx_word' id='word_1_491' title='bbox 280 3438 586 3495; x_wconf 87' lang='lat' dir='ltr'><strong>anhelabat</strong></span> <span class='ocrx_word' id='word_1_492' title='bbox 611 3455 743 3494; x_wconf 88' lang='lat' dir='ltr'><strong>cum</strong></span> <span class='ocrx_word' id='word_1_493' title='bbox 779 3437 1238 3509; x_wconf 86' lang='lat' dir='ltr'><strong>Philippensibus</strong></span> <span class='ocrx_word' id='word_1_494' title='bbox 1275 3436 1486 3491; x_wconf 90' lang='lat' dir='ltr'><strong>diceret</strong></span> <span class='ocrx_word' id='word_1_495' title='bbox 1517 3454 1531 3492; x_wconf 88' lang='lat'><strong>:</strong></span> <span class='ocrx_word' id='word_1_496' title='bbox 1564 3436 1626 3492; x_wconf 87' lang='lat' dir='ltr'><strong>Si</strong></span> <span class='ocrx_word' id='word_1_497' title='bbox 1651 3452 1762 3506; x_wconf 87' lang='lat' dir='ltr'><strong>qua</strong></span> <span class='ocrx_word' id='word_1_498' title='bbox 1860 3439 2029 3494; x_wconf 90' lang='lat' dir='ltr'><strong>verba</strong></span> <span class='ocrx_word' id='word_1_499' title='bbox 2053 3439 2421 3505; x_wconf 88' lang='lat' dir='ltr'><strong>recurrimus,</strong></span> <span class='ocrx_word' id='word_1_500' title='bbox 2454 3454 2702 3510; x_wconf 90' lang='lat' dir='ltr'><strong>eumque</strong></span> <span class='ocrx_word' id='word_1_501' title='bbox 2728 3443 3007 3511; x_wconf 91' lang='lat' dir='ltr'><strong>quantum</strong></span> <span class='ocrx_word' id='word_1_502' title='bbox 3032 3456 3330 3511; x_wconf 89' lang='lat' dir='ltr'><strong>possumus</strong></span> <span class='ocrx_word' id='word_1_503' title='bbox 3356 3440 3501 3496; x_wconf 87' lang='lat' dir='ltr'><strong>ﬂeti-</strong></span> 
     </span>
    </p>
   </div>
   <div class='ocr_carea' id='block_1_65' title="bbox 137 3531 3498 3607">
    <p class='ocr_par' dir='ltr' id='par_1_65' title="bbox 137 3531 3498 3607">
     <span class='ocr_line' id='line_1_66' title="bbox 137 3531 3498 3607; baseline 0.001 -20"><span class='ocrx_word' id='word_1_504' title='bbox 137 3533 413 3607; x_wconf 71' lang='lat' dir='ltr'><strong>consolatio</strong></span> <span class='ocrx_word' id='word_1_505' title='bbox 443 3536 505 3589; x_wconf 86' lang='lat' dir='ltr'><strong>in</strong></span> <span class='ocrx_word' id='word_1_506' title='bbox 530 3534 739 3591; x_wconf 83' lang='lat' dir='ltr'><strong>Christo</strong></span> <span class='ocrx_word' id='word_1_507' title='bbox 756 3574 774 3596; x_wconf 91' lang='lat'><strong>,</strong></span> <span class='ocrx_word' id='word_1_508' title='bbox 816 3535 866 3588; x_wconf 87' lang='lat' dir='ltr'><strong>si</strong></span> <span class='ocrx_word' id='word_1_509' title='bbox 899 3532 1043 3602; x_wconf 88' lang='lat' dir='ltr'><strong>quod</strong></span> <span class='ocrx_word' id='word_1_510' title='bbox 1081 3532 1339 3587; x_wconf 79' lang='lat' dir='ltr'><strong>solatium</strong></span> <span class='ocrx_word' id='word_1_511' title='bbox 1374 3531 1688 3593; x_wconf 85' lang='lat' dir='ltr'><strong>charitatis,</strong></span> <span class='ocrx_word' id='word_1_512' title='bbox 1714 3532 1764 3585; x_wconf 90' lang='lat' dir='ltr'><strong>si</strong></span> <span class='ocrx_word' id='word_1_513' title='bbox 1860 3533 1967 3587; x_wconf 90' lang='lat' dir='ltr'><strong>bus</strong></span> <span class='ocrx_word' id='word_1_514' title='bbox 1992 3549 2311 3602; x_wconf 88' lang='lat' dir='ltr'><strong>exoramus,</strong></span> <span class='ocrx_word' id='word_1_515' title='bbox 2334 3537 2399 3587; x_wconf 91' lang='lat' dir='ltr'><strong>ut</strong></span> <span class='ocrx_word' id='word_1_516' title='bbox 2419 3533 2525 3586; x_wconf 90' lang='lat' dir='ltr'><strong>hoc</strong></span> <span class='ocrx_word' id='word_1_517' title='bbox 2552 3532 2705 3603; x_wconf 91' lang='lat' dir='ltr'><strong>quod</strong></span> <span class='ocrx_word' id='word_1_518' title='bbox 2725 3531 2882 3586; x_wconf 87' lang='lat' dir='ltr'><strong>vobis</strong></span> <span class='ocrx_word' id='word_1_519' title='bbox 2902 3532 2972 3586; x_wconf 92' lang='lat' dir='ltr'><strong>ad</strong></span> <span class='ocrx_word' id='word_1_520' title='bbox 2990 3533 3337 3604; x_wconf 90' lang='lat' dir='ltr'><strong>sequendam</strong></span> <span class='ocrx_word' id='word_1_521' title='bbox 3361 3551 3498 3590; x_wconf 87' lang='lat' dir='ltr'><strong>con-</strong></span> 
     </span>
    </p>
   </div>
   <div class='ocr_carea' id='block_1_66' title="bbox 135 3624 3500 3698">
    <p class='ocr_par' dir='ltr' id='par_1_66' title="bbox 135 3624 3500 3698">
     <span class='ocr_line' id='line_1_67' title="bbox 135 3624 3500 3698; baseline 0 -17"><span class='ocrx_word' id='word_1_522' title='bbox 135 3643 235 3697; x_wconf 85' lang='lat' dir='ltr'><strong>qua</strong></span> <span class='ocrx_word' id='word_1_523' title='bbox 257 3630 529 3683; x_wconf 84' lang='lat' dir='ltr'><strong>societatis</strong></span> <span class='ocrx_word' id='word_1_524' title='bbox 555 3642 692 3698; x_wconf 82' lang='lat' dir='ltr'><strong>spes,</strong></span> <span class='ocrx_word' id='word_1_525' title='bbox 718 3628 768 3681; x_wconf 88' lang='lat' dir='ltr'><strong>si</strong></span> <span class='ocrx_word' id='word_1_526' title='bbox 791 3642 902 3697; x_wconf 88' lang='lat' dir='ltr'><strong>qua</strong></span> <span class='ocrx_word' id='word_1_527' title='bbox 927 3628 1129 3680; x_wconf 82' lang='lat' dir='ltr'><strong>viscera</strong></span> <span class='ocrx_word' id='word_1_528' title='bbox 1161 3629 1212 3679; x_wconf 85' lang='lat' dir='ltr'><strong>et</strong></span> <span class='ocrx_word' id='word_1_529' title='bbox 1235 3626 1624 3688; x_wconf 83' lang='lat' dir='ltr'><strong>miserationes,</strong></span> <span class='ocrx_word' id='word_1_530' title='bbox 1655 3626 1760 3679; x_wconf 84' lang='lat' dir='ltr'><strong>im-</strong></span> <span class='ocrx_word' id='word_1_531' title='bbox 1862 3626 2111 3681; x_wconf 91' lang='lat' dir='ltr'><strong>cordiam</strong></span> <span class='ocrx_word' id='word_1_532' title='bbox 2156 3643 2186 3680; x_wconf 91' lang='lat' dir='ltr'><strong>a</strong></span> <span class='ocrx_word' id='word_1_533' title='bbox 2233 3625 2397 3680; x_wconf 90' lang='lat' dir='ltr'><strong>nobis</strong></span> <span class='ocrx_word' id='word_1_534' title='bbox 2438 3625 2664 3695; x_wconf 90' lang='lat' dir='ltr'><strong>dicitur,</strong></span> <span class='ocrx_word' id='word_1_535' title='bbox 2703 3624 2823 3696; x_wconf 90' lang='lat' dir='ltr'><strong>ipse</strong></span> <span class='ocrx_word' id='word_1_536' title='bbox 2864 3624 2925 3679; x_wconf 92' lang='lat' dir='ltr'><strong>in</strong></span> <span class='ocrx_word' id='word_1_537' title='bbox 2971 3625 3168 3681; x_wconf 89' lang='lat' dir='ltr'><strong>vestris</strong></span> <span class='ocrx_word' id='word_1_538' title='bbox 3213 3626 3500 3682; x_wconf 87' lang='lat' dir='ltr'><strong>mentibus</strong></span> 
     </span>
    </p>
   </div>
   <div class='ocr_carea' id='block_1_67' title="bbox 131 3717 2998 3791">
    <p class='ocr_par' dir='ltr' id='par_1_67' title="bbox 131 3717 2998 3791">
     <span class='ocr_line' id='line_1_68' title="bbox 131 3717 2998 3791; baseline -0 -17"><span class='ocrx_word' id='word_1_539' title='bbox 131 3720 263 3791; x_wconf 86' lang='lat' dir='ltr'><strong>plete</strong></span> <span class='ocrx_word' id='word_1_540' title='bbox 287 3721 555 3791; x_wconf 82' lang='lat' dir='ltr'><strong>gaudium</strong></span> <span class='ocrx_word' id='word_1_541' title='bbox 583 3735 777 3786; x_wconf 88' lang='lat' dir='ltr'><strong>meum,</strong></span> <span class='ocrx_word' id='word_1_542' title='bbox 808 3724 870 3773; x_wconf 87' lang='lat' dir='ltr'><strong>ut</strong></span> <span class='ocrx_word' id='word_1_543' title='bbox 893 3719 1035 3773; x_wconf 87' lang='lat' dir='ltr'><strong>idem</strong></span> <span class='ocrx_word' id='word_1_544' title='bbox 1058 3720 1349 3787; x_wconf 86' lang='lat' dir='ltr'><strong>sapientes,</strong></span> <span class='ocrx_word' id='word_1_545' title='bbox 1377 3718 1615 3773; x_wconf 83' lang='lat' dir='ltr'><strong>eamdem</strong></span> <span class='ocrx_word' id='word_1_546' title='bbox 1641 3718 1766 3771; x_wconf 87' lang='lat' dir='ltr'><strong>cha-</strong></span> <span class='ocrx_word' id='word_1_547' title='bbox 1863 3735 2037 3774; x_wconf 92' lang='lat' dir='ltr'><strong>manu</strong></span> <span class='ocrx_word' id='word_1_548' title='bbox 2062 3719 2281 3774; x_wconf 66' lang='lat' dir='ltr'><strong>intimae</strong></span> <span class='ocrx_word' id='word_1_549' title='bbox 2303 3717 2685 3789; x_wconf 91' lang='lat' dir='ltr'><strong>inspirationis</strong></span> <span class='ocrx_word' id='word_1_550' title='bbox 2711 3723 2998 3789; x_wconf 88' lang='lat' dir='ltr'><strong>operetur.</strong></span> 
     </span>
    </p>
   </div>
   <div class='ocr_carea' id='block_1_68' title="bbox 135 3811 1764 3882">
    <p class='ocr_par' dir='ltr' id='par_1_68' title="bbox 135 3811 1764 3882">
     <span class='ocr_line' id='line_1_69' title="bbox 135 3811 1764 3882; baseline -0.001 -15"><span class='ocrx_word' id='word_1_551' title='bbox 135 3816 339 3869; x_wconf 87' lang='lat' dir='ltr'><strong>ritatem</strong></span> <span class='ocrx_word' id='word_1_552' title='bbox 365 3815 638 3876; x_wconf 85' lang='lat' dir='ltr'><strong>habentes,</strong></span> <span class='ocrx_word' id='word_1_553' title='bbox 677 3815 990 3875; x_wconf 84' lang='lat' dir='ltr'><strong>unanimes,</strong></span> <span class='ocrx_word' id='word_1_554' title='bbox 1014 3812 1254 3882; x_wconf 85' lang='lat' dir='ltr'><strong>idipsum</strong></span> <span class='ocrx_word' id='word_1_555' title='bbox 1290 3813 1571 3867; x_wconf 87' lang='lat' dir='ltr'><strong>sentientes</strong></span> <span class='ocrx_word' id='word_1_556' title='bbox 1615 3811 1764 3881; x_wconf 89' lang='lat' dir='ltr'><strong>(Phi-</strong></span> 
     </span>
    </p>
   </div>
   <div class='ocr_carea' id='block_1_69' title="bbox 140 3841 1762 3979">
    <p class='ocr_par' dir='ltr' id='par_1_69' title="bbox 140 3841 1762 3979">
     <span class='ocr_line' id='line_1_70' title="bbox 140 3841 1762 3882; baseline -0.001 -15"><span class='ocrx_word' id='word_1_557' title='bbox 140 3841 339 3869; x_wconf 77' lang='lat' dir='ltr'><strong>ruuwm</strong></span> <span class='ocrx_word' id='word_1_558' title='bbox 365 3841 638 3876; x_wconf 66' lang='grc' dir='ltr'><strong>Ιιαυσηιοῖδ,</strong></span> <span class='ocrx_word' id='word_1_559' title='bbox 677 3841 990 3875; x_wconf 71' lang='grc' dir='ltr'><strong>ιιιιιιηιηκδ,</strong></span> <span class='ocrx_word' id='word_1_560' title='bbox 1018 3841 1254 3882; x_wconf 70' lang='grc' dir='ltr'><strong>ιαιμθιιυι</strong></span> <span class='ocrx_word' id='word_1_561' title='bbox 1290 3841 1570 3867; x_wconf 64' lang='lat' dir='ltr'><strong>omnecum</strong></span> <span class='ocrx_word' id='word_1_562' title='bbox 1615 3841 1762 3881; x_wconf 55' lang='grc' dir='ltr'><strong>κικι-</strong></span> 
     </span>
     <span class='ocr_line' id='line_1_71' title="bbox 140 3905 1762 3979; baseline -0.001 -19"><span class='ocrx_word' id='word_1_563' title='bbox 140 3905 265 3978; x_wconf 83' lang='lat' dir='ltr'><strong>lipp.</strong></span> <span class='ocrx_word' id='word_1_564' title='bbox 294 3909 374 3979; x_wconf 83' lang='grc' dir='ltr'><strong>ιι).</strong></span> <span class='ocrx_word' id='word_1_565' title='bbox 402 3907 511 3971; x_wconf 91' lang='lat' dir='ltr'><strong>Qui</strong></span> <span class='ocrx_word' id='word_1_566' title='bbox 537 3907 714 3979; x_wconf 88' lang='lat' dir='ltr'><strong>igitur</strong></span> <span class='ocrx_word' id='word_1_567' title='bbox 760 3905 1193 3961; x_wconf 88' lang='lat' dir='ltr'><strong>unanimitatem</strong></span> <span class='ocrx_word' id='word_1_568' title='bbox 1231 3906 1520 3961; x_wconf 90' lang='lat' dir='ltr'><strong>locuturus</strong></span> <span class='ocrx_word' id='word_1_569' title='bbox 1540 3946 1554 3974; x_wconf 92' lang='lat'><strong>,</strong></span> <span class='ocrx_word' id='word_1_570' title='bbox 1598 3908 1681 3959; x_wconf 94' lang='lat' dir='ltr'><strong>tot</strong></span> <span class='ocrx_word' id='word_1_571' title='bbox 1712 3908 1762 3959; x_wconf 86' lang='lat' dir='ltr'><strong>et</strong></span> 
     </span>
    </p>
   </div>
   <div class='ocr_carea' id='block_1_70' title="bbox 1867 3841 3117 3979">
    <p class='ocr_par' dir='ltr' id='par_1_70' title="bbox 1922 3841 3117 3979">
     <span class='ocr_line' id='line_1_72' title="bbox 2240 3841 3117 3914; baseline 0.001 -15"><span class='ocrx_word' id='word_1_572' title='bbox 2240 3842 2567 3900; x_wconf 79' lang='lat' dir='ltr'><strong>EPISTOLA</strong></span> <span class='ocrx_word' id='word_1_573' title='bbox 2604 3841 2723 3897; x_wconf 56' lang='lat' dir='ltr'><strong>v1.</strong></span> <span class='ocrx_word' id='word_1_574' title='bbox 2751 3842 2916 3913; x_wconf 87' lang='lat' dir='ltr'><strong>[Olim</strong></span> <span class='ocrx_word' id='word_1_575' title='bbox 2947 3843 3117 3914; x_wconf 87' lang='lat' dir='ltr'><strong>VH1],</strong></span> 
     </span>
     <span class='ocr_line' id='line_1_73' title="bbox 1922 3951 3108 3979; baseline 0 0"><span class='ocrx_word' id='word_1_576' title='bbox 1922 3956 1984 3979; x_wconf 55' lang='grc' dir='ltr'><strong>..η</strong></span> <span class='ocrx_word' id='word_1_577' title='bbox 2019 3952 2260 3979; x_wconf 59' lang='grc' dir='ltr'>ποιων</span> <span class='ocrx_word' id='word_1_578' title='bbox 2300 3951 2600 3979; x_wconf 50' lang='lat' dir='ltr'><strong>summm.</strong></span> <span class='ocrx_word' id='word_1_579' title='bbox 2640 3952 3108 3979; x_wconf 49' lang='lat' dir='ltr'><strong>mmmam...“</strong></span> 
     </span>
    </p>
   </div>
   <div class='ocr_carea' id='block_1_71' title="bbox 304 3939 3446 4012">
    <p class='ocr_par' dir='ltr' id='par_1_71' title="bbox 304 3939 3446 4012">
     <span class='ocr_line' id='line_1_74' title="bbox 304 3939 3446 4012; baseline 0.003 -27"><span class='ocrx_word' id='word_1_580' title='bbox 304 3939 374 4012; x_wconf 66' lang='grc'><strong>[³]·</strong></span> <span class='ocrx_word' id='word_1_581' title='bbox 402 3939 705 4012; x_wconf 33' lang='grc' dir='ltr'><strong>ἰι-αξ-ξδιιιη</strong></span> <span class='ocrx_word' id='word_1_582' title='bbox 763 3939 1193 4012; x_wconf 54' lang='grc' dir='ltr'><strong>υυαυξιῆῗιαδεω</strong></span> <span class='ocrx_word' id='word_1_583' title='bbox 1234 3939 1554 4012; x_wconf 65' lang='lat'><strong>‘_&quot;“‘““‘“°}</strong></span> <span class='ocrx_word' id='word_1_584' title='bbox 1591 3939 1687 4012; x_wconf 47' lang='lat' dir='ltr'><strong>‘W‘,</strong></span> <span class='ocrx_word' id='word_1_585' title='bbox 1712 3939 1768 3959; x_wconf 72' lang='lat'><strong>°&#39;</strong></span> <span class='ocrx_word' id='word_1_586' title='bbox 1915 3956 1984 3995; x_wconf 82' lang='lat' dir='ltr'><strong>AD</strong></span> <span class='ocrx_word' id='word_1_587' title='bbox 2013 3952 2260 3995; x_wconf 66' lang='lat' dir='ltr'><strong>10mm!</strong></span> <span class='ocrx_word' id='word_1_588' title='bbox 2300 3951 2600 3993; x_wconf 78' lang='lat' dir='ltr'><strong>EPISCOPUM</strong></span> <span class='ocrx_word' id='word_1_589' title='bbox 2640 3950 3322 3994; x_wconf 67' lang='lat' dir='ltr'><strong>consummoroumuuu</strong></span> <span class='ocrx_word' id='word_1_590' title='bbox 3352 3939 3446 4011; x_wconf 90' lang='lat' dir='ltr'><strong>(a).</strong></span> 
     </span>
    </p>
   </div>
   <div class='ocr_carea' id='block_1_72' title="bbox 140 3998 3493 4101">
    <p class='ocr_par' dir='ltr' id='par_1_72' title="bbox 140 3998 3493 4101">
     <span class='ocr_line' id='line_1_75' title="bbox 140 3998 3493 4101; baseline 0.01 -47"><span class='ocrx_word' id='word_1_591' title='bbox 140 4001 265 4101; x_wconf 79' lang='lat' dir='ltr'><strong>tales</strong></span> <span class='ocrx_word' id='word_1_592' title='bbox 299 4000 697 4101; x_wconf 78' lang='lat' dir='ltr'><strong>inquisitiones</strong></span> <span class='ocrx_word' id='word_1_593' title='bbox 731 3999 1045 4101; x_wconf 55' lang='lat' dir='ltr'><strong>praemisit,</strong></span> <span class='ocrx_word' id='word_1_594' title='bbox 1087 4003 1372 4101; x_wconf 77' lang='lat' dir='ltr'><strong>quantum</strong></span> <span class='ocrx_word' id='word_1_595' title='bbox 1407 4002 1553 4101; x_wconf 79' lang='lat' dir='ltr'><strong>esset</strong></span> <span class='ocrx_word' id='word_1_596' title='bbox 1575 3998 1764 4101; x_wconf 42' lang='lat' dir='ltr'><strong>.hujlfs</strong></span> <span class='ocrx_word' id='word_1_597' title='bbox 1867 4034 2006 4090; x_wconf 87' lang='lat' dir='ltr'><strong>Eum</strong></span> <span class='ocrx_word' id='word_1_598' title='bbox 2038 4034 2245 4100; x_wconf 85' lang='lat' dir='ltr'><strong>arguit,</strong></span> <span class='ocrx_word' id='word_1_599' title='bbox 2278 4034 2375 4101; x_wconf 85' lang='lat' dir='ltr'><strong>qui</strong></span> <span class='ocrx_word' id='word_1_600' title='bbox 2402 4032 2728 4086; x_wconf 88' lang='lat' dir='ltr'><strong>universalis</strong></span> <span class='ocrx_word' id='word_1_601' title='bbox 2754 4031 2993 4101; x_wconf 86' lang='lat' dir='ltr'><strong>episcopi</strong></span> <span class='ocrx_word' id='word_1_602' title='bbox 3019 4047 3208 4087; x_wconf 86' lang='lat' dir='ltr'><strong>nomen</strong></span> <span class='ocrx_word' id='word_1_603' title='bbox 3246 3998 3493 4089; x_wconf 40' lang='lat' dir='ltr'><strong>sibi‘v&#39;in-</strong></span> 
     </span>
    </p>
   </div>
   <div class='ocr_carea' id='block_1_73' title="bbox 141 4091 3190 4172">
    <p class='ocr_par' dir='ltr' id='par_1_73' title="bbox 141 4091 3190 4172">
     <span class='ocr_line' id='line_1_76' title="bbox 141 4091 3190 4172; baseline 0.001 -26"><span class='ocrx_word' id='word_1_604' title='bbox 141 4092 349 4149; x_wconf 89' lang='lat' dir='ltr'><strong>virtutis</strong></span> <span class='ocrx_word' id='word_1_605' title='bbox 386 4094 663 4149; x_wconf 90' lang='lat' dir='ltr'><strong>meritum</strong></span> <span class='ocrx_word' id='word_1_606' title='bbox 689 4136 703 4163; x_wconf 92' lang='lat'><strong>,</strong></span> <span class='ocrx_word' id='word_1_607' title='bbox 741 4110 856 4149; x_wconf 90' lang='lat' dir='ltr'><strong>non</strong></span> <span class='ocrx_word' id='word_1_608' title='bbox 905 4094 1187 4164; x_wconf 88' lang='lat' dir='ltr'><strong>explendo</strong></span> <span class='ocrx_word' id='word_1_609' title='bbox 1210 4134 1226 4161; x_wconf 95' lang='lat'><strong>,</strong></span> <span class='ocrx_word' id='word_1_610' title='bbox 1279 4092 1377 4147; x_wconf 86' lang='lat' dir='ltr'><strong>sed</strong></span> <span class='ocrx_word' id='word_1_611' title='bbox 1424 4091 1770 4164; x_wconf 86' lang='lat' dir='ltr'><strong>inquirendo</strong></span> <span class='ocrx_word' id='word_1_612' title='bbox 2104 4091 2128 4100; x_wconf 64' lang='grc'>⁷</span> <span class='ocrx_word' id='word_1_613' title='bbox 2193 4091 2431 4165; x_wconf 60' lang='lat' dir='ltr'><strong>dicabat,</strong></span> <span class='ocrx_word' id='word_1_614' title='bbox 2461 4119 2572 4172; x_wconf 80' lang='lat' dir='ltr'><strong>qua</strong></span> <span class='ocrx_word' id='word_1_615' title='bbox 2602 4103 2668 4157; x_wconf 76' lang='lat' dir='ltr'><strong>de</strong></span> <span class='ocrx_word' id='word_1_616' title='bbox 2698 4091 2863 4157; x_wconf 59' lang='lat' dir='ltr'><strong>caiisa</strong></span> <span class='ocrx_word' id='word_1_617' title='bbox 2890 4091 3190 4170; x_wconf 61' lang='lat' dir='ltr'><strong>géneralem</strong></span> 
     </span>
    </p>
   </div>
   <div class='ocr_carea' id='block_1_74' title="bbox 141 4175 1762 4258">
    <p class='ocr_par' dir='ltr' id='par_1_74' title="bbox 141 4185 1762 4258">
     <span class='ocr_line' id='line_1_77' title="bbox 141 4185 1762 4258; baseline -0.001 -17"><span class='ocrx_word' id='word_1_618' title='bbox 141 4188 482 4243; x_wconf 89' lang='lat' dir='ltr'><strong>monstravit.</strong></span> <span class='ocrx_word' id='word_1_619' title='bbox 528 4190 599 4243; x_wconf 87' lang='lat' dir='ltr'><strong>At</strong></span> <span class='ocrx_word' id='word_1_620' title='bbox 642 4192 839 4243; x_wconf 88' lang='lat' dir='ltr'><strong>contra</strong></span> <span class='ocrx_word' id='word_1_621' title='bbox 875 4203 1050 4258; x_wconf 89' lang='lat' dir='ltr'><strong>quam</strong></span> <span class='ocrx_word' id='word_1_622' title='bbox 1082 4187 1155 4242; x_wconf 86' lang='lat' dir='ltr'><strong>sit</strong></span> <span class='ocrx_word' id='word_1_623' title='bbox 1196 4186 1412 4241; x_wconf 89' lang='lat' dir='ltr'><strong>malum</strong></span> <span class='ocrx_word' id='word_1_624' title='bbox 1447 4185 1762 4254; x_wconf 77' lang='lat' dir='ltr'><strong>discordiae,</strong></span> 
     </span>
    </p>
   </div>
   <div class='ocr_carea' id='block_1_75' title="bbox 1867 4175 3036 4258">
    <p class='ocr_par' dir='ltr' id='par_1_75' title="bbox 2348 4175 3036 4242">
     <span class='ocr_line' id='line_1_78' title="bbox 2348 4175 3036 4242; baseline 0 -13"><span class='ocrx_word' id='word_1_625' title='bbox 2348 4175 2615 4242; x_wconf 77' lang='lat' dir='ltr'><strong>synodum</strong></span> <span class='ocrx_word' id='word_1_626' title='bbox 2641 4178 3036 4229; x_wconf 82' lang='lat' dir='ltr'><strong>convocaverat.</strong></span> 
     </span>
    </p>
   </div>
   <div class='ocr_carea' id='block_1_76' title="bbox 136 4267 3505 4353">
    <p class='ocr_par' dir='ltr' id='par_1_76' title="bbox 136 4267 3505 4353">
     <span class='ocr_line' id='line_1_79' title="bbox 136 4267 3505 4353; baseline -0 -28"><span class='ocrx_word' id='word_1_627' title='bbox 136 4270 366 4353; x_wconf 67' lang='lat' dir='ltr'><strong>loquens</strong></span> <span class='ocrx_word' id='word_1_628' title='bbox 392 4280 707 4339; x_wconf 61' lang='lat' dir='ltr'><strong>Corinthiis</strong></span> <span class='ocrx_word' id='word_1_629' title='bbox 740 4281 1001 4337; x_wconf 59' lang='lat' dir='ltr'><strong>ostendit.</strong></span> <span class='ocrx_word' id='word_1_630' title='bbox 1044 4280 1136 4336; x_wconf 70' lang='grc' dir='ltr'><strong>Αίι</strong></span> <span class='ocrx_word' id='word_1_631' title='bbox 1163 4279 1317 4335; x_wconf 73' lang='lat' dir='ltr'><strong>enim</strong></span> <span class='ocrx_word' id='word_1_632' title='bbox 1347 4296 1360 4334; x_wconf 73' lang='grc' dir='ltr'>ε</span> <span class='ocrx_word' id='word_1_633' title='bbox 1388 4281 1766 4349; x_wconf 59' lang='lat' dir='ltr'><strong>Signiﬁcatu&quot;;</strong></span> <span class='ocrx_word' id='word_1_634' title='bbox 1944 4267 2322 4324; x_wconf 87' lang='lat' dir='ltr'><strong>Dilectissimis</strong></span> <span class='ocrx_word' id='word_1_635' title='bbox 2346 4267 2617 4322; x_wconf 88' lang='lat' dir='ltr'><strong>fratribus</strong></span> <span class='ocrx_word' id='word_1_636' title='bbox 2640 4268 2921 4323; x_wconf 89' lang='lat' dir='ltr'><strong>universis</strong></span> <span class='ocrx_word' id='word_1_637' title='bbox 2944 4267 3240 4341; x_wconf 89' lang='lat' dir='ltr'><strong>episcopis,</strong></span> <span class='ocrx_word' id='word_1_638' title='bbox 3267 4269 3368 4341; x_wconf 91' lang='lat' dir='ltr'><strong>qui</strong></span> <span class='ocrx_word' id='word_1_639' title='bbox 3393 4268 3505 4324; x_wconf 83' lang='lat' dir='ltr'><strong>illi-</strong></span> 
     </span>
    </p>
   </div>
   <div class='ocr_carea' id='block_1_77' title="bbox 146 4360 3510 4444">
    <p class='ocr_par' dir='ltr' id='par_1_77' title="bbox 146 4360 3510 4444">
     <span class='ocr_line' id='line_1_80' title="bbox 146 4360 3510 4444; baseline -0.001 -24"><span class='ocrx_word' id='word_1_640' title='bbox 146 4379 218 4430; x_wconf 77' lang='lat' dir='ltr'><strong>est</strong></span> <span class='ocrx_word' id='word_1_641' title='bbox 240 4378 373 4431; x_wconf 67' lang='lat' dir='ltr'><strong>mihi</strong></span> <span class='ocrx_word' id='word_1_642' title='bbox 396 4376 466 4431; x_wconf 75' lang='lat' dir='ltr'><strong>de</strong></span> <span class='ocrx_word' id='word_1_643' title='bbox 488 4375 670 4439; x_wconf 69' lang='lat' dir='ltr'><strong>vobis,</strong></span> <span class='ocrx_word' id='word_1_644' title='bbox 699 4377 903 4443; x_wconf 62' lang='lat' dir='ltr'><strong>fratres</strong></span> <span class='ocrx_word' id='word_1_645' title='bbox 930 4376 1067 4438; x_wconf 66' lang='grc' dir='ltr'><strong>τηεί,</strong></span> <span class='ocrx_word' id='word_1_646' title='bbox 1093 4374 1162 4429; x_wconf 78' lang='lat' dir='ltr'><strong>ab</strong></span> <span class='ocrx_word' id='word_1_647' title='bbox 1188 4375 1270 4429; x_wconf 76' lang='lat' dir='ltr'><strong>his</strong></span> <span class='ocrx_word' id='word_1_648' title='bbox 1295 4376 1393 4444; x_wconf 72' lang='lat' dir='ltr'><strong>qui</strong></span> <span class='ocrx_word' id='word_1_649' title='bbox 1418 4377 1546 4429; x_wconf 75' lang='lat' dir='ltr'><strong>sunt</strong></span> <span class='ocrx_word' id='word_1_650' title='bbox 1569 4373 1771 4435; x_wconf 74' lang='lat' dir='ltr'><strong>Chloes,</strong></span> <span class='ocrx_word' id='word_1_651' title='bbox 1872 4363 1983 4419; x_wconf 89' lang='lat' dir='ltr'><strong>cita</strong></span> <span class='ocrx_word' id='word_1_652' title='bbox 2009 4362 2296 4418; x_wconf 88' lang='lat' dir='ltr'><strong>vocatione</strong></span> <span class='ocrx_word' id='word_1_653' title='bbox 2344 4361 2576 4417; x_wconf 84' lang='lat' dir='ltr'><strong>Joannis</strong></span> <span class='ocrx_word' id='word_1_654' title='bbox 2617 4360 3224 4432; x_wconf 89' lang='lat' dir='ltr'><strong>Constantinopolitani</strong></span> <span class='ocrx_word' id='word_1_655' title='bbox 3260 4362 3510 4435; x_wconf 89' lang='lat' dir='ltr'><strong>episcopi</strong></span> 
     </span>
    </p>
   </div>
   <div class='ocr_carea' id='block_1_78' title="bbox 148 4455 3504 4539">
    <p class='ocr_par' dir='ltr' id='par_1_78' title="bbox 148 4455 3504 4539">
     <span class='ocr_line' id='line_1_81' title="bbox 148 4455 3504 4539; baseline -0.003 -16"><span class='ocrx_word' id='word_1_656' title='bbox 148 4471 270 4539; x_wconf 88' lang='lat' dir='ltr'><strong>quia</strong></span> <span class='ocrx_word' id='word_1_657' title='bbox 300 4472 655 4525; x_wconf 87' lang='lat' dir='ltr'><strong>contentiones</strong></span> <span class='ocrx_word' id='word_1_658' title='bbox 672 4474 799 4524; x_wconf 88' lang='lat' dir='ltr'><strong>sunt</strong></span> <span class='ocrx_word' id='word_1_659' title='bbox 828 4472 970 4523; x_wconf 84' lang='lat' dir='ltr'><strong>inter</strong></span> <span class='ocrx_word' id='word_1_660' title='bbox 993 4484 1086 4523; x_wconf 80' lang='lat' dir='ltr'><strong>vos</strong></span> <span class='ocrx_word' id='word_1_661' title='bbox 1116 4482 1132 4517; x_wconf 89' lang='lat'><strong><em>:</em></strong></span> <span class='ocrx_word' id='word_1_662' title='bbox 1157 4469 1252 4523; x_wconf 91' lang='lat' dir='ltr'><strong>hoc</strong></span> <span class='ocrx_word' id='word_1_663' title='bbox 1278 4471 1456 4522; x_wconf 87' lang='lat' dir='ltr'><strong>autem</strong></span> <span class='ocrx_word' id='word_1_664' title='bbox 1477 4467 1618 4529; x_wconf 87' lang='lat' dir='ltr'><strong>dico,</strong></span> <span class='ocrx_word' id='word_1_665' title='bbox 1632 4465 1776 4536; x_wconf 87' lang='lat' dir='ltr'><strong>quod</strong></span> <span class='ocrx_word' id='word_1_666' title='bbox 1874 4457 1944 4512; x_wconf 84' lang='lat' dir='ltr'><strong>ad</strong></span> <span class='ocrx_word' id='word_1_667' title='bbox 1960 4456 2241 4528; x_wconf 87' lang='lat' dir='ltr'><strong>synodum</strong></span> <span class='ocrx_word' id='word_1_668' title='bbox 2252 4455 2794 4526; x_wconf 89' lang='lat' dir='ltr'><strong>Constantinopolim</strong></span> <span class='ocrx_word' id='word_1_669' title='bbox 2807 4459 3211 4521; x_wconf 88' lang='lat' dir='ltr'><strong>convenerunt,</strong></span> <span class='ocrx_word' id='word_1_670' title='bbox 3225 4455 3504 4526; x_wconf 87' lang='lat' dir='ltr'><strong>Pelagius.</strong></span> 
     </span>
    </p>
   </div>
   <div class='ocr_carea' id='block_1_79' title="bbox 153 4561 1855 4651">
    <p class='ocr_par' dir='ltr' id='par_1_79' title="bbox 153 4561 1855 4651">
     <span class='ocr_line' id='line_1_82' title="bbox 153 4561 1855 4651; baseline -0.002 -35"><span class='ocrx_word' id='word_1_671' title='bbox 153 4567 505 4634; x_wconf 85' lang='lat' dir='ltr'><strong>unusquisque</strong></span> <span class='ocrx_word' id='word_1_672' title='bbox 531 4568 767 4618; x_wconf 83' lang='lat' dir='ltr'><strong>vestrum</strong></span> <span class='ocrx_word' id='word_1_673' title='bbox 797 4563 953 4625; x_wconf 85' lang='lat' dir='ltr'><strong>dicit,</strong></span> <span class='ocrx_word' id='word_1_674' title='bbox 978 4577 1071 4632; x_wconf 90' lang='lat' dir='ltr'><strong>ego</strong></span> <span class='ocrx_word' id='word_1_675' title='bbox 1100 4577 1218 4617; x_wconf 88' lang='lat' dir='ltr'><strong>sum</strong></span> <span class='ocrx_word' id='word_1_676' title='bbox 1246 4561 1444 4623; x_wconf 90' lang='lat' dir='ltr'><strong>Pauli,</strong></span> <span class='ocrx_word' id='word_1_677' title='bbox 1476 4576 1570 4630; x_wconf 89' lang='lat' dir='ltr'><strong>ego</strong></span> <span class='ocrx_word' id='word_1_678' title='bbox 1598 4563 1776 4614; x_wconf 88' lang='lat' dir='ltr'><strong>autem</strong></span> <span class='ocrx_word' id='word_1_679' title='bbox 1796 4580 1855 4651; x_wconf 85' lang='lat' dir='ltr'><strong>D</strong></span> 
     </span>
    </p>
   </div>
   <div class='ocr_carea' id='block_1_80' title="bbox 154 4652 1775 4727">
    <p class='ocr_par' dir='ltr' id='par_1_80' title="bbox 154 4652 1775 4727">
     <span class='ocr_line' id='line_1_83' title="bbox 154 4652 1775 4727; baseline -0.002 -17"><span class='ocrx_word' id='word_1_680' title='bbox 154 4656 356 4726; x_wconf 84' lang='lat' dir='ltr'><strong>Apollo,</strong></span> <span class='ocrx_word' id='word_1_681' title='bbox 378 4674 473 4727; x_wconf 89' lang='lat' dir='ltr'><strong>ego</strong></span> <span class='ocrx_word' id='word_1_682' title='bbox 493 4672 616 4711; x_wconf 77' lang='lat' dir='ltr'><strong>vero</strong></span> <span class='ocrx_word' id='word_1_683' title='bbox 638 4657 847 4727; x_wconf 66' lang='lat' dir='ltr'><strong>Cephea,</strong></span> <span class='ocrx_word' id='word_1_684' title='bbox 880 4672 974 4725; x_wconf 89' lang='lat' dir='ltr'><strong>ego</strong></span> <span class='ocrx_word' id='word_1_685' title='bbox 994 4660 1174 4710; x_wconf 87' lang='lat' dir='ltr'><strong>autem</strong></span> <span class='ocrx_word' id='word_1_686' title='bbox 1209 4656 1415 4712; x_wconf 83' lang='lat' dir='ltr'><strong>Christi</strong></span> <span class='ocrx_word' id='word_1_687' title='bbox 1440 4653 1490 4726; x_wconf 89' lang='grc' dir='ltr'><strong>(ι</strong></span> <span class='ocrx_word' id='word_1_688' title='bbox 1523 4653 1644 4709; x_wconf 89' lang='lat' dir='ltr'><strong>Cor.</strong></span> <span class='ocrx_word' id='word_1_689' title='bbox 1673 4652 1775 4722; x_wconf 84' lang='grc' dir='ltr'><strong>ιιι).</strong></span> 
     </span>
    </p>
   </div>
   <div class='ocr_carea' id='block_1_81' title="bbox 153 4748 1776 4822">
    <p class='ocr_par' dir='ltr' id='par_1_81' title="bbox 153 4748 1776 4822">
     <span class='ocr_line' id='line_1_84' title="bbox 153 4748 1776 4822; baseline -0.001 -20"><span class='ocrx_word' id='word_1_690' title='bbox 153 4748 300 4812; x_wconf 89' lang='lat' dir='ltr'><strong>Quod</strong></span> <span class='ocrx_word' id='word_1_691' title='bbox 325 4767 458 4805; x_wconf 89' lang='lat' dir='ltr'><strong>cum</strong></span> <span class='ocrx_word' id='word_1_692' title='bbox 483 4755 695 4822; x_wconf 90' lang='lat' dir='ltr'><strong>quanta</strong></span> <span class='ocrx_word' id='word_1_693' title='bbox 736 4748 1225 4804; x_wconf 88' lang='lat' dir='ltr'><strong>animadversione</strong></span> <span class='ocrx_word' id='word_1_694' title='bbox 1262 4748 1545 4818; x_wconf 89' lang='lat' dir='ltr'><strong>loquatur,</strong></span> <span class='ocrx_word' id='word_1_695' title='bbox 1594 4763 1776 4818; x_wconf 87' lang='lat' dir='ltr'><strong>agno-</strong></span> 
     </span>
    </p>
   </div>
   <div class='ocr_carea' id='block_1_82' title="bbox 154 4841 1773 4914">
    <p class='ocr_par' dir='ltr' id='par_1_82' title="bbox 154 4841 1773 4914">
     <span class='ocr_line' id='line_1_85' title="bbox 154 4841 1773 4914; baseline -0.001 -19"><span class='ocrx_word' id='word_1_696' title='bbox 154 4843 369 4911; x_wconf 86' lang='lat' dir='ltr'><strong>scimus,</strong></span> <span class='ocrx_word' id='word_1_697' title='bbox 399 4844 444 4899; x_wconf 90' lang='lat' dir='ltr'><strong>si</strong></span> <span class='ocrx_word' id='word_1_698' title='bbox 476 4844 790 4914; x_wconf 69' lang='lat' dir='ltr'><strong>subjunctze</strong></span> <span class='ocrx_word' id='word_1_699' title='bbox 821 4841 1225 4913; x_wconf 89' lang='lat' dir='ltr'><strong>increpationis</strong></span> <span class='ocrx_word' id='word_1_700' title='bbox 1254 4841 1424 4896; x_wconf 90' lang='lat' dir='ltr'><strong>verba</strong></span> <span class='ocrx_word' id='word_1_701' title='bbox 1451 4857 1773 4912; x_wconf 88' lang='lat' dir='ltr'><strong>pensamus.</strong></span> 
     </span>
    </p>
   </div>
   <div class='ocr_carea' id='block_1_83' title="bbox 155 4930 1776 5001">
    <p class='ocr_par' dir='ltr' id='par_1_83' title="bbox 155 4930 1776 5001">
     <span class='ocr_line' id='line_1_86' title="bbox 155 4930 1776 5001; baseline -0.001 -16"><span class='ocrx_word' id='word_1_702' title='bbox 155 4930 239 4986; x_wconf 74' lang='lat' dir='ltr'><strong>Ait</strong></span> <span class='ocrx_word' id='word_1_703' title='bbox 262 4933 415 4987; x_wconf 89' lang='lat' dir='ltr'><strong>enim</strong></span> <span class='ocrx_word' id='word_1_704' title='bbox 449 4949 462 4986; x_wconf 89' lang='lat'><strong>:</strong></span> <span class='ocrx_word' id='word_1_705' title='bbox 495 4934 709 4988; x_wconf 86' lang='lat' dir='ltr'><strong>Divisus</strong></span> <span class='ocrx_word' id='word_1_706' title='bbox 734 4936 811 4987; x_wconf 86' lang='lat' dir='ltr'><strong>est</strong></span> <span class='ocrx_word' id='word_1_707' title='bbox 841 4933 1082 4989; x_wconf 80' lang='lat' dir='ltr'><strong>Christus</strong></span> <span class='ocrx_word' id='word_1_708' title='bbox 1099 4934 1127 4985; x_wconf 84' lang='lat'><strong><em>?</em></strong></span> <span class='ocrx_word' id='word_1_709' title='bbox 1149 4931 1398 5001; x_wconf 85' lang='lat' dir='ltr'><strong>nunquid</strong></span> <span class='ocrx_word' id='word_1_710' title='bbox 1419 4930 1624 4985; x_wconf 88' lang='lat' dir='ltr'><strong>Paulus</strong></span> <span class='ocrx_word' id='word_1_711' title='bbox 1654 4946 1776 4984; x_wconf 87' lang='lat' dir='ltr'><strong>cru-</strong></span> 
     </span>
    </p>
   </div>
   <div class='ocr_carea' id='block_1_84' title="bbox 153 5025 1782 5098">
    <p class='ocr_par' dir='ltr' id='par_1_84' title="bbox 153 5025 1782 5098">
     <span class='ocr_line' id='line_1_87' title="bbox 153 5025 1782 5098; baseline 0 -20"><span class='ocrx_word' id='word_1_712' title='bbox 153 5027 327 5095; x_wconf 71' lang='lat' dir='ltr'><strong>ciﬁaus</strong></span> <span class='ocrx_word' id='word_1_713' title='bbox 360 5031 438 5083; x_wconf 90' lang='lat' dir='ltr'><strong>est</strong></span> <span class='ocrx_word' id='word_1_714' title='bbox 468 5043 572 5098; x_wconf 88' lang='lat' dir='ltr'><strong>pro</strong></span> <span class='ocrx_word' id='word_1_715' title='bbox 606 5026 803 5081; x_wconf 82' lang='lat' dir='ltr'><strong>vobis?</strong></span> <span class='ocrx_word' id='word_1_716' title='bbox 826 5030 924 5080; x_wconf 90' lang='lat' dir='ltr'><strong>aut</strong></span> <span class='ocrx_word' id='word_1_717' title='bbox 948 5028 1007 5080; x_wconf 89' lang='lat' dir='ltr'><strong>in</strong></span> <span class='ocrx_word' id='word_1_718' title='bbox 1046 5028 1258 5080; x_wconf 90' lang='lat' dir='ltr'><strong>nomine</strong></span> <span class='ocrx_word' id='word_1_719' title='bbox 1298 5026 1460 5079; x_wconf 87' lang='lat' dir='ltr'><strong>Pauli</strong></span> <span class='ocrx_word' id='word_1_720' title='bbox 1511 5025 1782 5095; x_wconf 80' lang='lat' dir='ltr'><strong>baptizati</strong></span> 
     </span>
    </p>
   </div>
   <div class='ocr_carea' id='block_1_85' title="bbox 155 5116 1779 5192">
    <p class='ocr_par' dir='ltr' id='par_1_85' title="bbox 155 5116 1779 5192">
     <span class='ocr_line' id='line_1_88' title="bbox 155 5116 1779 5192; baseline -0.001 -19"><span class='ocrx_word' id='word_1_721' title='bbox 155 5122 269 5174; x_wconf 83' lang='lat' dir='ltr'><strong>estis</strong></span> <span class='ocrx_word' id='word_1_722' title='bbox 300 5121 516 5192; x_wconf 84' lang='lat' dir='ltr'><strong>(1bid.)?</strong></span> <span class='ocrx_word' id='word_1_723' title='bbox 543 5120 902 5175; x_wconf 88' lang='lat' dir='ltr'><strong>Considerate</strong></span> <span class='ocrx_word' id='word_1_724' title='bbox 939 5119 1136 5191; x_wconf 92' lang='lat' dir='ltr'><strong>igitur,</strong></span> <span class='ocrx_word' id='word_1_725' title='bbox 1165 5119 1368 5173; x_wconf 87' lang='lat' dir='ltr'><strong>fratres</strong></span> <span class='ocrx_word' id='word_1_726' title='bbox 1394 5116 1532 5185; x_wconf 90' lang='lat' dir='ltr'><strong>mei,</strong></span> <span class='ocrx_word' id='word_1_727' title='bbox 1560 5122 1616 5173; x_wconf 88' lang='lat' dir='ltr'><strong>et</strong></span> <span class='ocrx_word' id='word_1_728' title='bbox 1641 5118 1779 5173; x_wconf 92' lang='lat' dir='ltr'><strong>dum</strong></span> 
     </span>
    </p>
   </div>
   <div class='ocr_carea' id='block_1_86' title="bbox 156 5210 1775 5286">
    <p class='ocr_par' dir='ltr' id='par_1_86' title="bbox 156 5210 1775 5286">
     <span class='ocr_line' id='line_1_89' title="bbox 156 5210 1775 5286; baseline 0 -21"><span class='ocrx_word' id='word_1_729' title='bbox 156 5210 259 5267; x_wconf 89' lang='lat' dir='ltr'><strong>Deo</strong></span> <span class='ocrx_word' id='word_1_730' title='bbox 285 5214 469 5270; x_wconf 89' lang='lat' dir='ltr'><strong>adhuc</strong></span> <span class='ocrx_word' id='word_1_731' title='bbox 504 5217 838 5286; x_wconf 86' lang='lat' dir='ltr'><strong>expectante</strong></span> <span class='ocrx_word' id='word_1_732' title='bbox 863 5255 877 5284; x_wconf 95' lang='lat'><strong>,</strong></span> <span class='ocrx_word' id='word_1_733' title='bbox 908 5212 1064 5267; x_wconf 91' lang='lat' dir='ltr'><strong>omni</strong></span> <span class='ocrx_word' id='word_1_734' title='bbox 1095 5213 1310 5267; x_wconf 90' lang='lat' dir='ltr'><strong>incerto</strong></span> <span class='ocrx_word' id='word_1_735' title='bbox 1334 5211 1464 5267; x_wconf 61' lang='lat' dir='ltr'><strong>vita:</strong></span> <span class='ocrx_word' id='word_1_736' title='bbox 1505 5212 1618 5267; x_wconf 86' lang='lat' dir='ltr'><strong>ﬁne</strong></span> <span class='ocrx_word' id='word_1_737' title='bbox 1644 5227 1775 5282; x_wconf 52' lang='lat' dir='ltr'><strong>per-</strong></span> 
     </span>
    </p>
   </div>
   <div class='ocr_carea' id='block_1_87' title="bbox 219 5370 1779 5448">
    <p class='ocr_par' dir='ltr' id='par_1_87' title="bbox 219 5370 1779 5448">
     <span class='ocr_line' id='line_1_90' title="bbox 219 5370 1779 5448; baseline -0.002 -16"><span class='ocrx_word' id='word_1_738' title='bbox 219 5380 242 5411; x_wconf 79' lang='grc'><strong><em>⁸</em></strong></span> <span class='ocrx_word' id='word_1_739' title='bbox 266 5377 391 5432; x_wconf 82' lang='lat' dir='ltr'><strong>Haec</strong></span> <span class='ocrx_word' id='word_1_740' title='bbox 424 5381 507 5432; x_wconf 88' lang='lat' dir='ltr'><strong>est</strong></span> <span class='ocrx_word' id='word_1_741' title='bbox 531 5376 630 5448; x_wconf 89' lang='lat' dir='ltr'><strong>illa</strong></span> <span class='ocrx_word' id='word_1_742' title='bbox 654 5376 889 5448; x_wconf 85' lang='lat' dir='ltr'><strong>epistola</strong></span> <span class='ocrx_word' id='word_1_743' title='bbox 919 5376 1127 5447; x_wconf 88' lang='lat' dir='ltr'><strong>Pelagii</strong></span> <span class='ocrx_word' id='word_1_744' title='bbox 1153 5419 1166 5446; x_wconf 94' lang='lat'><strong>,</strong></span> <span class='ocrx_word' id='word_1_745' title='bbox 1194 5392 1306 5448; x_wconf 91' lang='lat' dir='ltr'><strong>qua</strong></span> <span class='ocrx_word' id='word_1_746' title='bbox 1331 5370 1606 5448; x_wconf 80' lang='lat' dir='ltr'><strong>Pelagius,</strong></span> <span class='ocrx_word' id='word_1_747' title='bbox 1634 5376 1779 5448; x_wconf 86' lang='lat' dir='ltr'><strong>teste</strong></span> 
     </span>
    </p>
   </div>
   <div class='ocr_carea' id='block_1_88' title="bbox 157 5444 1781 5520">
    <p class='ocr_par' dir='ltr' id='par_1_88' title="bbox 157 5444 1781 5520">
     <span class='ocr_line' id='line_1_91' title="bbox 157 5444 1781 5520; baseline -0.001 -20"><span class='ocrx_word' id='word_1_748' title='bbox 157 5453 334 5502; x_wconf 88' lang='lat' dir='ltr'><strong>sancto</strong></span> <span class='ocrx_word' id='word_1_749' title='bbox 352 5446 649 5520; x_wconf 81' lang='lat' dir='ltr'><strong>Gregorio,</strong></span> <span class='ocrx_word' id='word_1_750' title='bbox 682 5444 884 5519; x_wconf 76' lang='lat' dir='ltr'><strong>synodi</strong></span> <span class='ocrx_word' id='word_1_751' title='bbox 925 5444 1559 5520; x_wconf 62' lang='lat' dir='ltr'><strong>Constantinopolitanae</strong></span> <span class='ocrx_word' id='word_1_752' title='bbox 1588 5444 1781 5520; x_wconf 78' lang='lat' dir='ltr'><strong>omnia</strong></span> 
     </span>
    </p>
   </div>
   <div class='ocr_carea' id='block_1_89' title="bbox 157 5515 1779 5592">
    <p class='ocr_par' dir='ltr' id='par_1_89' title="bbox 157 5515 1779 5592">
     <span class='ocr_line' id='line_1_92' title="bbox 157 5515 1779 5592; baseline -0.002 -20"><span class='ocrx_word' id='word_1_753' title='bbox 157 5525 287 5592; x_wconf 81' lang='lat' dir='ltr'><strong>acta,</strong></span> <span class='ocrx_word' id='word_1_754' title='bbox 313 5515 697 5592; x_wconf 66' lang='lat' dir='ltr'><strong>praeterquam</strong></span> <span class='ocrx_word' id='word_1_755' title='bbox 710 5515 1127 5592; x_wconf 73' lang='lat' dir='ltr'><strong>absolutionem</strong></span> <span class='ocrx_word' id='word_1_756' title='bbox 1144 5515 1397 5592; x_wconf 75' lang='lat' dir='ltr'><strong>Gregorii</strong></span> <span class='ocrx_word' id='word_1_757' title='bbox 1422 5515 1779 5592; x_wconf 73' lang='lat' dir='ltr'><strong>Antiochenii</strong></span> 
     </span>
    </p>
   </div>
   <div class='ocr_carea' id='block_1_90' title="bbox 159 5585 1778 5669">
    <p class='ocr_par' dir='ltr' id='par_1_90' title="bbox 159 5585 1778 5669">
     <span class='ocr_line' id='line_1_93' title="bbox 159 5585 1778 5669; baseline -0.003 -25"><span class='ocrx_word' id='word_1_758' title='bbox 159 5585 409 5669; x_wconf 69' lang='lat' dir='ltr'><strong>episcdpi,</strong></span> <span class='ocrx_word' id='word_1_759' title='bbox 442 5585 675 5669; x_wconf 51' lang='lat' dir='ltr'><strong>case-lavit</strong></span> <span class='ocrx_word' id='word_1_760' title='bbox 693 5595 750 5645; x_wconf 89' lang='lat' dir='ltr'><strong>et</strong></span> <span class='ocrx_word' id='word_1_761' title='bbox 779 5590 1100 5669; x_wconf 63' lang='lat' dir='ltr'><strong>reprobavit</strong></span> <span class='ocrx_word' id='word_1_762' title='bbox 1128 5607 1143 5669; x_wconf 63' lang='grc' dir='ltr'>ξ</span> <span class='ocrx_word' id='word_1_763' title='bbox 1159 5585 1455 5669; x_wconf 35' lang='lat' dir='ltr'><strong>.praécipue</strong></span> <span class='ocrx_word' id='word_1_764' title='bbox 1482 5603 1612 5641; x_wconf 87' lang='lat' dir='ltr'><strong>vero</strong></span> <span class='ocrx_word' id='word_1_765' title='bbox 1638 5585 1778 5668; x_wconf 81' lang='lat' dir='ltr'><strong>illud</strong></span> 
     </span>
    </p>
   </div>
   <div class='ocr_carea' id='block_1_91' title="bbox 158 5658 1776 5734">
    <p class='ocr_par' dir='ltr' id='par_1_91' title="bbox 158 5658 1776 5734">
     <span class='ocr_line' id='line_1_94' title="bbox 158 5658 1776 5734; baseline -0.002 -20"><span class='ocrx_word' id='word_1_766' title='bbox 158 5658 434 5718; x_wconf 75' lang='lat' dir='ltr'><strong>decretum</strong></span> <span class='ocrx_word' id='word_1_767' title='bbox 464 5678 576 5734; x_wconf 91' lang='lat' dir='ltr'><strong>quo</strong></span> <span class='ocrx_word' id='word_1_768' title='bbox 608 5658 863 5734; x_wconf 62' lang='lat' dir='ltr'><strong>Joannes</strong></span> <span class='ocrx_word' id='word_1_769' title='bbox 882 5658 1535 5734; x_wconf 76' lang='lat' dir='ltr'><strong>constantinopolitanus</strong></span> <span class='ocrx_word' id='word_1_770' title='bbox 1561 5658 1776 5734; x_wconf 82' lang='lat' dir='ltr'><strong>episco-</strong></span> 
     </span>
    </p>
   </div>
   <div class='ocr_carea' id='block_1_92' title="bbox 158 5731 1775 5802">
    <p class='ocr_par' dir='ltr' id='par_1_92' title="bbox 158 5731 1775 5802">
     <span class='ocr_line' id='line_1_95' title="bbox 158 5731 1775 5802; baseline -0.002 -17"><span class='ocrx_word' id='word_1_771' title='bbox 158 5746 255 5799; x_wconf 90' lang='lat' dir='ltr'><strong>pus</strong></span> <span class='ocrx_word' id='word_1_772' title='bbox 295 5731 500 5788; x_wconf 77' lang='lat' dir='ltr'><strong>nomen</strong></span> <span class='ocrx_word' id='word_1_773' title='bbox 529 5731 863 5788; x_wconf 76' lang='lat' dir='ltr'><strong>oecumenici</strong></span> <span class='ocrx_word' id='word_1_774' title='bbox 898 5732 1003 5786; x_wconf 90' lang='lat' dir='ltr'><strong>sibi</strong></span> <span class='ocrx_word' id='word_1_775' title='bbox 1032 5737 1364 5802; x_wconf 86' lang='lat' dir='ltr'><strong>arroganter</strong></span> <span class='ocrx_word' id='word_1_776' title='bbox 1390 5731 1775 5802; x_wconf 84' lang='lat' dir='ltr'><strong>usurpaverat.</strong></span> 
     </span>
    </p>
   </div>
   <div class='ocr_carea' id='block_1_93' title="bbox 159 5801 1777 5875">
    <p class='ocr_par' dir='ltr' id='par_1_93' title="bbox 159 5801 1777 5875">
     <span class='ocr_line' id='line_1_96' title="bbox 159 5801 1777 5875; baseline -0.006 -12"><span class='ocrx_word' id='word_1_777' title='bbox 159 5802 270 5875; x_wconf 81' lang='lat' dir='ltr'><strong>Qua</strong></span> <span class='ocrx_word' id='word_1_778' title='bbox 295 5803 362 5859; x_wconf 90' lang='lat' dir='ltr'><strong>de</strong></span> <span class='ocrx_word' id='word_1_779' title='bbox 386 5822 447 5860; x_wconf 88' lang='lat' dir='ltr'><strong>re</strong></span> <span class='ocrx_word' id='word_1_780' title='bbox 475 5804 759 5875; x_wconf 73' lang='lat' dir='ltr'><strong>videquas</strong></span> <span class='ocrx_word' id='word_1_781' title='bbox 789 5802 934 5875; x_wconf 87' lang='lat' dir='ltr'><strong>infra</strong></span> <span class='ocrx_word' id='word_1_782' title='bbox 953 5802 1137 5875; x_wconf 85' lang='lat' dir='ltr'><strong>dicam</strong></span> <span class='ocrx_word' id='word_1_783' title='bbox 1152 5801 1218 5875; x_wconf 78' lang='lat' dir='ltr'><strong>in</strong></span> <span class='ocrx_word' id='word_1_784' title='bbox 1238 5801 1386 5875; x_wconf 85' lang='lat' dir='ltr'><strong>notis</strong></span> <span class='ocrx_word' id='word_1_785' title='bbox 1403 5801 1667 5875; x_wconf 57' lang='lat' dir='ltr'><strong>allegatus</strong></span> <span class='ocrx_word' id='word_1_786' title='bbox 1685 5816 1777 5871; x_wconf 82' lang='lat' dir='ltr'><strong>sy-</strong></span> 
     </span>
    </p>
   </div>
   <div class='ocr_carea' id='block_1_94' title="bbox 161 5869 1780 5947">
    <p class='ocr_par' dir='ltr' id='par_1_94' title="bbox 161 5869 1780 5947">
     <span class='ocr_line' id='line_1_97' title="bbox 161 5869 1780 5947; baseline -0.001 -21"><span class='ocrx_word' id='word_1_787' title='bbox 161 5873 283 5929; x_wconf 87' lang='lat' dir='ltr'><strong>nodi</strong></span> <span class='ocrx_word' id='word_1_788' title='bbox 340 5869 995 5947; x_wconf 71' lang='lat' dir='ltr'><strong>Constantixiopolitante.</strong></span> <span class='ocrx_word' id='word_1_789' title='bbox 1039 5872 1360 5929; x_wconf 82' lang='lat' dir='ltr'><strong>Ridiculum</strong></span> <span class='ocrx_word' id='word_1_790' title='bbox 1400 5876 1485 5928; x_wconf 86' lang='lat' dir='ltr'><strong>est</strong></span> <span class='ocrx_word' id='word_1_791' title='bbox 1521 5869 1671 5945; x_wconf 81' lang='lat' dir='ltr'><strong>quod</strong></span> <span class='ocrx_word' id='word_1_792' title='bbox 1710 5869 1780 5925; x_wconf 84' lang='lat' dir='ltr'><strong>ex</strong></span> 
     </span>
    </p>
   </div>
   <div class='ocr_carea' id='block_1_95' title="bbox 1948 4546 3505 4619">
    <p class='ocr_par' dir='ltr' id='par_1_95' title="bbox 1948 4546 3505 4619">
     <span class='ocr_line' id='line_1_98' title="bbox 1948 4546 3505 4619; baseline 0 -15"><span class='ocrx_word' id='word_1_793' title='bbox 1948 4549 2236 4605; x_wconf 87' lang='lat' dir='ltr'><strong>Manifesto</strong></span> <span class='ocrx_word' id='word_1_794' title='bbox 2255 4548 2416 4617; x_wconf 90' lang='lat' dir='ltr'><strong>(sicut</strong></span> <span class='ocrx_word' id='word_1_795' title='bbox 2433 4548 2766 4619; x_wconf 85' lang='lat' dir='ltr'><strong>optavimus)</strong></span> <span class='ocrx_word' id='word_1_796' title='bbox 2782 4563 2885 4617; x_wconf 90' lang='lat' dir='ltr'><strong>per</strong></span> <span class='ocrx_word' id='word_1_797' title='bbox 2899 4546 3142 4617; x_wconf 87' lang='lat' dir='ltr'><strong>gratiam</strong></span> <span class='ocrx_word' id='word_1_798' title='bbox 3172 4546 3273 4600; x_wconf 90' lang='lat' dir='ltr'><strong>Dei</strong></span> <span class='ocrx_word' id='word_1_799' title='bbox 3294 4547 3369 4617; x_wconf 90' lang='lat' dir='ltr'><strong>[S.</strong></span> <span class='ocrx_word' id='word_1_800' title='bbox 3383 4551 3505 4605; x_wconf 89' lang='lat' dir='ltr'><strong>Leo.</strong></span> 
     </span>
    </p>
   </div>
   <div class='ocr_carea' id='block_1_96' title="bbox 1877 4638 3509 4715">
    <p class='ocr_par' dir='ltr' id='par_1_96' title="bbox 1877 4638 3509 4715">
     <span class='ocr_line' id='line_1_99' title="bbox 1877 4638 3509 4715; baseline 0 -18"><span class='ocrx_word' id='word_1_801' title='bbox 1877 4646 2032 4715; x_wconf 84' lang='lat' dir='ltr'><strong>epist.</strong></span> <span class='ocrx_word' id='word_1_802' title='bbox 2055 4642 2148 4712; x_wconf 84' lang='grc'><strong>53]</strong></span> <span class='ocrx_word' id='word_1_803' title='bbox 2173 4641 2389 4696; x_wconf 90' lang='lat' dir='ltr'><strong>lumine</strong></span> <span class='ocrx_word' id='word_1_804' title='bbox 2433 4640 2773 4712; x_wconf 81' lang='lat' dir='ltr'><strong>evangelicae</strong></span> <span class='ocrx_word' id='word_1_805' title='bbox 2801 4638 3079 4709; x_wconf 90' lang='lat' dir='ltr'><strong>veritatis,</strong></span> <span class='ocrx_word' id='word_1_806' title='bbox 3107 4639 3177 4693; x_wconf 89' lang='lat' dir='ltr'><strong>ab</strong></span> <span class='ocrx_word' id='word_1_807' title='bbox 3203 4640 3509 4697; x_wconf 85' lang='lat' dir='ltr'><strong>universali</strong></span> 
     </span>
    </p>
   </div>
   <div class='ocr_carea' id='block_1_97' title="bbox 1878 4731 3509 4806">
    <p class='ocr_par' dir='ltr' id='par_1_97' title="bbox 1878 4731 3509 4806">
     <span class='ocr_line' id='line_1_100' title="bbox 1878 4731 3509 4806; baseline -0.001 -14"><span class='ocrx_word' id='word_1_808' title='bbox 1878 4735 2140 4802; x_wconf 88' lang='lat' dir='ltr'><strong>Ecclesia,</strong></span> <span class='ocrx_word' id='word_1_809' title='bbox 2168 4733 2627 4806; x_wconf 89' lang='lat' dir='ltr'><strong>perniciosissimi</strong></span> <span class='ocrx_word' id='word_1_810' title='bbox 2652 4731 2858 4788; x_wconf 91' lang='lat' dir='ltr'><strong>erroris</strong></span> <span class='ocrx_word' id='word_1_811' title='bbox 2887 4736 3053 4787; x_wconf 89' lang='lat' dir='ltr'><strong>nocte</strong></span> <span class='ocrx_word' id='word_1_812' title='bbox 3091 4732 3342 4804; x_wconf 90' lang='lat' dir='ltr'><strong>depulsa,</strong></span> <span class='ocrx_word' id='word_1_813' title='bbox 3370 4734 3509 4790; x_wconf 39' lang='lat' dir='ltr'><strong>inefs</strong></span> 
     </span>
    </p>
   </div>
   <div class='ocr_carea' id='block_1_98' title="bbox 1875 4824 3511 4898">
    <p class='ocr_par' dir='ltr' id='par_1_98' title="bbox 1875 4824 3511 4898">
     <span class='ocr_line' id='line_1_101' title="bbox 1875 4824 3511 4898; baseline 0 -15"><span class='ocrx_word' id='word_1_814' title='bbox 1875 4828 2125 4883; x_wconf 87' lang='lat' dir='ltr'><strong>fabiliter</strong></span> <span class='ocrx_word' id='word_1_815' title='bbox 2152 4826 2465 4898; x_wconf 89' lang='lat' dir='ltr'><strong>gaudemus</strong></span> <span class='ocrx_word' id='word_1_816' title='bbox 2492 4825 2553 4879; x_wconf 89' lang='lat' dir='ltr'><strong>in</strong></span> <span class='ocrx_word' id='word_1_817' title='bbox 2575 4824 2850 4879; x_wconf 88' lang='lat' dir='ltr'><strong>Domino:</strong></span> <span class='ocrx_word' id='word_1_818' title='bbox 2882 4824 2979 4879; x_wconf 91' lang='lat' dir='ltr'><strong>sed</strong></span> <span class='ocrx_word' id='word_1_819' title='bbox 3006 4842 3121 4880; x_wconf 91' lang='lat' dir='ltr'><strong>non</strong></span> <span class='ocrx_word' id='word_1_820' title='bbox 3140 4827 3362 4882; x_wconf 92' lang='lat' dir='ltr'><strong>modico</strong></span> <span class='ocrx_word' id='word_1_821' title='bbox 3381 4843 3511 4884; x_wconf 59' lang='lat' dir='ltr'><strong>cono</strong></span> 
     </span>
    </p>
   </div>
   <div class='ocr_carea' id='block_1_99' title="bbox 1878 4918 3507 4996">
    <p class='ocr_par' dir='ltr' id='par_1_99' title="bbox 1878 4918 3507 4996">
     <span class='ocr_line' id='line_1_102' title="bbox 1878 4918 3507 4996; baseline 0 -18"><span class='ocrx_word' id='word_1_822' title='bbox 1878 4924 2173 4979; x_wconf 90' lang='lat' dir='ltr'><strong>tristamur</strong></span> <span class='ocrx_word' id='word_1_823' title='bbox 2202 4935 2462 4987; x_wconf 81' lang='lat' dir='ltr'><strong>maerore,</strong></span> <span class='ocrx_word' id='word_1_824' title='bbox 2487 4918 2622 4990; x_wconf 90' lang='lat' dir='ltr'><strong>quia</strong></span> <span class='ocrx_word' id='word_1_825' title='bbox 2640 4935 2705 4973; x_wconf 86' lang='lat' dir='ltr'><strong>ea</strong></span> <span class='ocrx_word' id='word_1_826' title='bbox 2724 4935 2852 4990; x_wconf 70' lang='lat' dir='ltr'><strong>quae</strong></span> <span class='ocrx_word' id='word_1_827' title='bbox 2874 4919 3013 4974; x_wconf 91' lang='lat' dir='ltr'><strong>olim</strong></span> <span class='ocrx_word' id='word_1_828' title='bbox 3033 4921 3245 4977; x_wconf 80' lang='lat' dir='ltr'><strong>calcata</strong></span> <span class='ocrx_word' id='word_1_829' title='bbox 3262 4922 3507 4996; x_wconf 86' lang='lat' dir='ltr'><strong>fuerant,</strong></span> 
     </span>
    </p>
   </div>
   <div class='ocr_carea' id='block_1_100' title="bbox 1878 5014 3509 5088">
    <p class='ocr_par' dir='ltr' id='par_1_100' title="bbox 1878 5014 3509 5088">
     <span class='ocr_line' id='line_1_103' title="bbox 1878 5014 3509 5088; baseline -0.001 -16"><span class='ocrx_word' id='word_1_830' title='bbox 1878 5021 1935 5073; x_wconf 91' lang='lat' dir='ltr'><strong>et</strong></span> <span class='ocrx_word' id='word_1_831' title='bbox 1960 5016 2212 5070; x_wconf 87' lang='lat' dir='ltr'><strong>funditus</strong></span> <span class='ocrx_word' id='word_1_832' title='bbox 2239 5014 2522 5082; x_wconf 90' lang='lat' dir='ltr'><strong>damnata,</strong></span> <span class='ocrx_word' id='word_1_833' title='bbox 2560 5028 2667 5067; x_wconf 92' lang='lat' dir='ltr'><strong>nec</strong></span> <span class='ocrx_word' id='word_1_834' title='bbox 2715 5028 2970 5084; x_wconf 92' lang='lat' dir='ltr'><strong>unquam</strong></span> <span class='ocrx_word' id='word_1_835' title='bbox 3016 5014 3139 5070; x_wconf 83' lang='lat' dir='ltr'><strong>ﬁeri</strong></span> <span class='ocrx_word' id='word_1_836' title='bbox 3177 5015 3509 5088; x_wconf 86' lang='lat' dir='ltr'><strong>debuerant,</strong></span> 
     </span>
    </p>
   </div>
   <div class='ocr_carea' id='block_1_101' title="bbox 1878 5105 3512 5179">
    <p class='ocr_par' dir='ltr' id='par_1_101' title="bbox 1878 5105 3512 5179">
     <span class='ocr_line' id='line_1_104' title="bbox 1878 5105 3512 5179; baseline -0.001 -13"><span class='ocrx_word' id='word_1_837' title='bbox 1878 5109 2139 5166; x_wconf 83' lang='lat' dir='ltr'><strong>redivivis</strong></span> <span class='ocrx_word' id='word_1_838' title='bbox 2186 5105 2468 5162; x_wconf 90' lang='lat' dir='ltr'><strong>radicibus</strong></span> <span class='ocrx_word' id='word_1_839' title='bbox 2517 5105 2843 5178; x_wconf 88' lang='lat' dir='ltr'><strong>germinant</strong></span> <span class='ocrx_word' id='word_1_840' title='bbox 2889 5112 3060 5179; x_wconf 89' lang='lat' dir='ltr'><strong>atque</strong></span> <span class='ocrx_word' id='word_1_841' title='bbox 3108 5109 3406 5179; x_wconf 87' lang='lat' dir='ltr'><strong>pullulant.</strong></span> <span class='ocrx_word' id='word_1_842' title='bbox 3444 5111 3512 5166; x_wconf 89' lang='lat' dir='ltr'><strong>Et</strong></span> 
     </span>
    </p>
   </div>
   <div class='ocr_carea' id='block_1_102' title="bbox 1879 5198 3513 5277">
    <p class='ocr_par' dir='ltr' id='par_1_102' title="bbox 1879 5198 3513 5277">
     <span class='ocr_line' id='line_1_105' title="bbox 1879 5198 3513 5277; baseline -0.001 -17"><span class='ocrx_word' id='word_1_843' title='bbox 1879 5202 2151 5277; x_wconf 90' lang='lat' dir='ltr'><strong>quoniam</strong></span> <span class='ocrx_word' id='word_1_844' title='bbox 2170 5199 2369 5267; x_wconf 90' lang='lat' dir='ltr'><strong>multa,</strong></span> <span class='ocrx_word' id='word_1_845' title='bbox 2391 5215 2521 5271; x_wconf 69' lang='lat' dir='ltr'><strong>qua:</strong></span> <span class='ocrx_word' id='word_1_846' title='bbox 2545 5198 2960 5271; x_wconf 64' lang='lat' dir='ltr'><strong>paenitudinem</strong></span> <span class='ocrx_word' id='word_1_847' title='bbox 2986 5206 3222 5271; x_wconf 90' lang='lat' dir='ltr'><strong>possunt</strong></span> <span class='ocrx_word' id='word_1_848' title='bbox 3242 5218 3513 5273; x_wconf 84' lang='lat' dir='ltr'><strong>generare</strong></span> 
     </span>
    </p>
   </div>
   <div class='ocr_carea' id='block_1_103' title="bbox 1880 5358 3511 5437">
    <p class='ocr_par' dir='ltr' id='par_1_103' title="bbox 1880 5358 3511 5437">
     <span class='ocr_line' id='line_1_106' title="bbox 1880 5358 3511 5437; baseline -0.004 -14"><span class='ocrx_word' id='word_1_849' title='bbox 1880 5369 1983 5423; x_wconf 90' lang='lat' dir='ltr'><strong>hac</strong></span> <span class='ocrx_word' id='word_1_850' title='bbox 2009 5364 2242 5437; x_wconf 90' lang='lat' dir='ltr'><strong>epistola</strong></span> <span class='ocrx_word' id='word_1_851' title='bbox 2284 5367 2555 5437; x_wconf 83' lang='lat' dir='ltr'><strong>novantes</strong></span> <span class='ocrx_word' id='word_1_852' title='bbox 2600 5360 2851 5437; x_wconf 55' lang='lat' dir='ltr'><strong>haeretici</strong></span> <span class='ocrx_word' id='word_1_853' title='bbox 2879 5358 3511 5437; x_wconf 75' lang='lat' dir='ltr'><strong>primatumEcclesiee</strong></span> 
     </span>
    </p>
   </div>
   <div class='ocr_carea' id='block_1_104' title="bbox 1880 5431 3511 5508">
    <p class='ocr_par' dir='ltr' id='par_1_104' title="bbox 1880 5431 3511 5508">
     <span class='ocr_line' id='line_1_107' title="bbox 1880 5431 3511 5508; baseline -0.004 -16"><span class='ocrx_word' id='word_1_854' title='bbox 1880 5431 2238 5508; x_wconf 78' lang='lat' dir='ltr'><strong>impugnent,</strong></span> <span class='ocrx_word' id='word_1_855' title='bbox 2258 5451 2389 5508; x_wconf 81' lang='lat' dir='ltr'><strong>cum</strong></span> <span class='ocrx_word' id='word_1_856' title='bbox 2410 5433 2756 5508; x_wconf 22' lang='lat' dir='ltr'><strong>hiuc‘potius</strong></span> <span class='ocrx_word' id='word_1_857' title='bbox 2784 5431 3045 5508; x_wconf 67' lang='lat' dir='ltr'><strong>undecim</strong></span> <span class='ocrx_word' id='word_1_858' title='bbox 3065 5431 3511 5508; x_wconf 48' lang='lat' dir='ltr'><strong>validissimam-</strong></span> 
     </span>
    </p>
   </div>
   <div class='ocr_carea' id='block_1_105' title="bbox 1880 5502 3510 5587">
    <p class='ocr_par' dir='ltr' id='par_1_105' title="bbox 1880 5502 3510 5587">
     <span class='ocr_line' id='line_1_108' title="bbox 1880 5502 3510 5587; baseline -0.002 -24"><span class='ocrx_word' id='word_1_859' title='bbox 1880 5502 2150 5587; x_wconf 61' lang='lat' dir='ltr'><strong>guinenta</strong></span> <span class='ocrx_word' id='word_1_860' title='bbox 2188 5506 2377 5587; x_wconf 70' lang='lat' dir='ltr'><strong>colligi</strong></span> <span class='ocrx_word' id='word_1_861' title='bbox 2397 5502 2635 5587; x_wconf 32' lang='lat' dir='ltr'><strong>opossint</strong></span> <span class='ocrx_word' id='word_1_862' title='bbox 2657 5547 2671 5571; x_wconf 83' lang='lat'><strong>,</strong></span> <span class='ocrx_word' id='word_1_863' title='bbox 2695 5504 2918 5587; x_wconf 43' lang='lat' dir='ltr'><strong>‘quibus</strong></span> <span class='ocrx_word' id='word_1_864' title='bbox 2954 5503 3197 5587; x_wconf 57' lang='lat' dir='ltr'><strong>Eumeni</strong></span> <span class='ocrx_word' id='word_1_865' title='bbox 3234 5502 3510 5575; x_wconf 83' lang='lat' dir='ltr'><strong>pontiﬁcis</strong></span> 
     </span>
    </p>
   </div>
   <div class='ocr_carea' id='block_1_106' title="bbox 1876 5573 3508 5653">
    <p class='ocr_par' dir='ltr' id='par_1_106' title="bbox 1876 5573 3508 5653">
     <span class='ocr_line' id='line_1_109' title="bbox 1876 5573 3508 5653; baseline -0.002 -18"><span class='ocrx_word' id='word_1_866' title='bbox 1876 5573 2155 5653; x_wconf 68' lang='lat' dir='ltr'><strong>primatus</strong></span> <span class='ocrx_word' id='word_1_867' title='bbox 2184 5573 2506 5653; x_wconf 75' lang='lat' dir='ltr'><strong>ﬁrmissime</strong></span> <span class='ocrx_word' id='word_1_868' title='bbox 2528 5573 3111 5653; x_wconf 45' lang='lat' dir='ltr'><strong>corroboipturLVide</strong></span> <span class='ocrx_word' id='word_1_869' title='bbox 3143 5573 3345 5632; x_wconf 73' lang='lat' dir='ltr'><strong>Baron.</strong></span> <span class='ocrx_word' id='word_1_870' title='bbox 3374 5592 3508 5631; x_wconf 90' lang='lat' dir='ltr'><strong>ann.</strong></span> 
     </span>
    </p>
   </div>
   <div class='ocr_carea' id='block_1_107' title="bbox 1878 5645 3049 5719">
    <p class='ocr_par' dir='ltr' id='par_1_107' title="bbox 1878 5645 3049 5719">
     <span class='ocr_line' id='line_1_110' title="bbox 1878 5645 3049 5719; baseline -0.008 -11"><span class='ocrx_word' id='word_1_871' title='bbox 1878 5645 2007 5719; x_wconf 59' lang='lat'><strong>&#39;587,</strong></span> <span class='ocrx_word' id='word_1_872' title='bbox 2032 5667 2195 5706; x_wconf 90' lang='lat' dir='ltr'><strong>num.</strong></span> <span class='ocrx_word' id='word_1_873' title='bbox 2228 5654 2259 5704; x_wconf 91' lang='lat'><strong>7</strong></span> <span class='ocrx_word' id='word_1_874' title='bbox 2287 5653 2344 5703; x_wconf 88' lang='lat' dir='ltr'><strong>et</strong></span> <span class='ocrx_word' id='word_1_875' title='bbox 2373 5650 2458 5718; x_wconf 84' lang='lat' dir='ltr'><strong>l3,</strong></span> <span class='ocrx_word' id='word_1_876' title='bbox 2486 5649 2549 5704; x_wconf 74' lang='grc'><strong>14</strong></span> <span class='ocrx_word' id='word_1_877' title='bbox 2577 5653 2633 5703; x_wconf 89' lang='lat' dir='ltr'><strong>et</strong></span> <span class='ocrx_word' id='word_1_878' title='bbox 2663 5650 2747 5702; x_wconf 83' lang='lat' dir='ltr'><strong>t5.</strong></span> <span class='ocrx_word' id='word_1_879' title='bbox 2777 5646 2899 5719; x_wconf 44' lang='grc' dir='ltr'><strong>δεῖ.</strong></span> <span class='ocrx_word' id='word_1_880' title='bbox 2931 5645 3049 5719; x_wconf 77' lang='lat' dir='ltr'><strong>BIN.</strong></span> 
     </span>
    </p>
   </div>
   <div class='ocr_carea' id='block_1_108' title="bbox 1953 5717 3514 5794">
    <p class='ocr_par' dir='ltr' id='par_1_108' title="bbox 1953 5717 3514 5794">
     <span class='ocr_line' id='line_1_111' title="bbox 1953 5717 3514 5794; baseline -0.002 -18"><span class='ocrx_word' id='word_1_881' title='bbox 1953 5717 2022 5794; x_wconf 76' lang='grc' dir='ltr'><strong>(ά)</strong></span> <span class='ocrx_word' id='word_1_882' title='bbox 2053 5721 2426 5794; x_wconf 19' lang='grc' dir='ltr'><strong>Νθίιιιθίιιειῐιε</strong></span> <span class='ocrx_word' id='word_1_883' title='bbox 2448 5717 2486 5773; x_wconf 52' lang='grc'><strong>⁷8,</strong></span> <span class='ocrx_word' id='word_1_884' title='bbox 2509 5719 2768 5794; x_wconf 77' lang='lat' dir='ltr'><strong>subdolis</strong></span> <span class='ocrx_word' id='word_1_885' title='bbox 2793 5717 2987 5794; x_wconf 83' lang='lat' dir='ltr'><strong>lsidori</strong></span> <span class='ocrx_word' id='word_1_886' title='bbox 3020 5718 3300 5794; x_wconf 80' lang='lat' dir='ltr'><strong>mercibus</strong></span> <span class='ocrx_word' id='word_1_887' title='bbox 3326 5718 3409 5794; x_wconf 82' lang='lat' dir='ltr'><strong>fas</strong></span> <span class='ocrx_word' id='word_1_888' title='bbox 3430 5718 3514 5773; x_wconf 90' lang='lat' dir='ltr'><strong>est</strong></span> 
     </span>
    </p>
   </div>
   <div class='ocr_carea' id='block_1_109' title="bbox 1878 5788 3513 5871">
    <p class='ocr_par' dir='ltr' id='par_1_109' title="bbox 1878 5788 3513 5871">
     <span class='ocr_line' id='line_1_112' title="bbox 1878 5788 3513 5871; baseline -0.001 -23"><span class='ocrx_word' id='word_1_889' title='bbox 1878 5788 2215 5871; x_wconf 49' lang='lat' dir='ltr'><strong>sejupgeré.</strong></span> <span class='ocrx_word' id='word_1_890' title='bbox 2250 5793 2406 5871; x_wconf 77' lang='lat' dir='ltr'><strong>Vera</strong></span> <span class='ocrx_word' id='word_1_891' title='bbox 2430 5790 2616 5871; x_wconf 78' lang='lat' dir='ltr'><strong>e_nim_</strong></span> <span class='ocrx_word' id='word_1_892' title='bbox 2626 5789 2819 5871; x_wconf 87' lang='lat' dir='ltr'><strong>periit,</strong></span> <span class='ocrx_word' id='word_1_893' title='bbox 2844 5790 2929 5871; x_wconf 46' lang='lat' dir='ltr'><strong>‘in</strong></span> <span class='ocrx_word' id='word_1_894' title='bbox 2972 5788 3131 5871; x_wconf 68' lang='lat' dir='ltr'><strong>cuius</strong></span> <span class='ocrx_word' id='word_1_895' title='bbox 3162 5789 3353 5847; x_wconf 90' lang='lat' dir='ltr'><strong>locum</strong></span> <span class='ocrx_word' id='word_1_896' title='bbox 3392 5792 3513 5846; x_wconf 60' lang='lat' dir='ltr'><strong>hac</strong></span> 
     </span>
    </p>
   </div>
   <div class='ocr_carea' id='block_1_110' title="bbox 1878 5859 3057 5933">
    <p class='ocr_par' dir='ltr' id='par_1_110' title="bbox 1878 5859 3057 5933">
     <span class='ocr_line' id='line_1_113' title="bbox 1878 5859 3057 5933; baseline -0.002 -14"><span class='ocrx_word' id='word_1_897' title='bbox 1878 5859 2114 5920; x_wconf 71' lang='lat' dir='ltr'><strong>conﬁcta</strong></span> <span class='ocrx_word' id='word_1_898' title='bbox 2140 5867 2243 5933; x_wconf 87' lang='lat' dir='ltr'><strong>est,</strong></span> <span class='ocrx_word' id='word_1_899' title='bbox 2274 5867 2339 5917; x_wconf 91' lang='lat' dir='ltr'><strong>ut</strong></span> <span class='ocrx_word' id='word_1_900' title='bbox 2365 5860 2542 5932; x_wconf 88' lang='lat' dir='ltr'><strong>stylus</strong></span> <span class='ocrx_word' id='word_1_901' title='bbox 2566 5859 2791 5933; x_wconf 80' lang='lat' dir='ltr'><strong>aliaque</strong></span> <span class='ocrx_word' id='word_1_902' title='bbox 2829 5859 3057 5917; x_wconf 86' lang='lat' dir='ltr'><strong>docent.</strong></span> 
     </span>
    </p>
   </div>
  </div>
