  <div class='ocr_page' id='page_1' title='image "/cluster/home/n/w/nwhite01/storage/ocr_20150623/72/uva.x000827084/551.png"; bbox 0 0 4016 6240; ppageno 0'>
   <div class='ocr_carea' id='block_1_1' title="bbox 483 309 587 364">
    <p class='ocr_par' dir='ltr' id='par_1_1' title="bbox 483 309 587 364">
     <span class='ocr_line' id='line_1_1' title="bbox 483 309 587 364; baseline 0 -1"><span class='ocrx_word' id='word_1_1' title='bbox 483 309 587 364; x_wconf 79' lang='lat'>739</span> 
     </span>
    </p>
   </div>
   <div class='ocr_carea' id='block_1_2' title="bbox 1859 303 2437 363">
    <p class='ocr_par' dir='ltr' id='par_1_2' title="bbox 1859 303 2437 363">
     <span class='ocr_line' id='line_1_2' title="bbox 1859 303 2437 363; baseline -0.003 -1"><span class='ocrx_word' id='word_1_2' title='bbox 1859 305 2120 363; x_wconf 78' lang='lat' dir='ltr'>PELAGII</span> <span class='ocrx_word' id='word_1_3' title='bbox 2158 304 2352 363; x_wconf 71' lang='lat' dir='ltr'><strong>PAPE</strong></span> <span class='ocrx_word' id='word_1_4' title='bbox 2386 303 2437 360; x_wconf 89' lang='grc' dir='ltr'>ῐῐ</span> 
     </span>
    </p>
   </div>
   <div class='ocr_carea' id='block_1_3' title="bbox 3749 295 3857 353">
    <p class='ocr_par' dir='ltr' id='par_1_3' title="bbox 3749 295 3857 353">
     <span class='ocr_line' id='line_1_3' title="bbox 3749 295 3857 353; baseline 0.019 -2"><span class='ocrx_word' id='word_1_5' title='bbox 3749 295 3857 353; x_wconf 75' lang='grc'>’740</span> 
     </span>
    </p>
   </div>
   <div class='ocr_carea' id='block_1_4' title="bbox 489 404 3859 499">
    <p class='ocr_par' dir='ltr' id='par_1_4' title="bbox 489 404 3859 499">
     <span class='ocr_line' id='line_1_4' title="bbox 489 404 3859 499; baseline -0.003 -28"><span class='ocrx_word' id='word_1_6' title='bbox 489 414 657 484; x_wconf 86' lang='lat' dir='ltr'>[Idem</span> <span class='ocrx_word' id='word_1_7' title='bbox 681 415 841 487; x_wconf 84' lang='lat' dir='ltr'>epist.</span> <span class='ocrx_word' id='word_1_8' title='bbox 874 413 985 485; x_wconf 81' lang='grc'>47],</span> <span class='ocrx_word' id='word_1_9' title='bbox 1012 412 1355 488; x_wconf 88' lang='lat' dir='ltr'>proveniunt</span> <span class='ocrx_word' id='word_1_10' title='bbox 1372 457 1386 484; x_wconf 92' lang='lat'>,</span> <span class='ocrx_word' id='word_1_11' title='bbox 1415 430 1640 469; x_wconf 88' lang='lat' dir='ltr'>necesse</span> <span class='ocrx_word' id='word_1_12' title='bbox 1685 417 1769 469; x_wconf 87' lang='lat' dir='ltr'>est</span> <span class='ocrx_word' id='word_1_13' title='bbox 1809 429 1875 468; x_wconf 88' lang='lat' dir='ltr'>ea</span> <span class='ocrx_word' id='word_1_14' title='bbox 1904 430 2117 469; x_wconf 88' lang='lat' dir='ltr'>cassare</span> <span class='ocrx_word' id='word_1_15' title='bbox 2139 426 2199 499; x_wconf 77' lang='grc' dir='ltr'><strong>Α</strong></span> <span class='ocrx_word' id='word_1_16' title='bbox 2218 428 2469 468; x_wconf 87' lang='lat' dir='ltr'>errorem</span> <span class='ocrx_word' id='word_1_17' title='bbox 2497 427 2665 466; x_wconf 89' lang='lat' dir='ltr'>suum</span> <span class='ocrx_word' id='word_1_18' title='bbox 2693 410 2802 466; x_wconf 91' lang='lat' dir='ltr'>cito</span> <span class='ocrx_word' id='word_1_19' title='bbox 2840 408 3178 477; x_wconf 83' lang='lat' dir='ltr'>correxerit,</span> <span class='ocrx_word' id='word_1_20' title='bbox 3206 423 3240 463; x_wconf 88' lang='lat' dir='ltr'>a</span> <span class='ocrx_word' id='word_1_21' title='bbox 3264 404 3431 464; x_wconf 89' lang='lat' dir='ltr'>nobis</span> <span class='ocrx_word' id='word_1_22' title='bbox 3464 405 3859 463; x_wconf 79' lang='lat' dir='ltr'>excommuni-</span> 
     </span>
    </p>
   </div>
   <div class='ocr_carea' id='block_1_5' title="bbox 486 507 2120 579">
    <p class='ocr_par' dir='ltr' id='par_1_5' title="bbox 486 507 2120 579">
     <span class='ocr_line' id='line_1_5' title="bbox 486 507 2120 579; baseline -0.001 -17"><span class='ocrx_word' id='word_1_23' title='bbox 486 524 617 579; x_wconf 77' lang='lat' dir='ltr'>quse</span> <span class='ocrx_word' id='word_1_24' title='bbox 654 514 851 565; x_wconf 90' lang='lat' dir='ltr'>contra</span> <span class='ocrx_word' id='word_1_25' title='bbox 888 509 1148 564; x_wconf 77' lang='lat' dir='ltr'>ordinem</span> <span class='ocrx_word' id='word_1_26' title='bbox 1188 511 1243 564; x_wconf 90' lang='lat' dir='ltr'>et</span> <span class='ocrx_word' id='word_1_27' title='bbox 1276 524 1503 562; x_wconf 87' lang='lat' dir='ltr'>omnem</span> <span class='ocrx_word' id='word_1_28' title='bbox 1548 507 1936 562; x_wconf 80' lang='lat' dir='ltr'>auctoritatem</span> <span class='ocrx_word' id='word_1_29' title='bbox 1974 508 2120 562; x_wconf 88' lang='lat' dir='ltr'>facta</span> 
     </span>
    </p>
   </div>
   <div class='ocr_carea' id='block_1_6' title="bbox 486 601 2116 672">
    <p class='ocr_par' dir='ltr' id='par_1_6' title="bbox 486 601 2116 672">
     <span class='ocr_line' id='line_1_6' title="bbox 486 601 2116 672; baseline -0.001 -16"><span class='ocrx_word' id='word_1_30' title='bbox 486 618 605 657; x_wconf 90' lang='lat' dir='ltr'>esse</span> <span class='ocrx_word' id='word_1_31' title='bbox 631 607 963 658; x_wconf 90' lang='lat' dir='ltr'>noscuntur.</span> <span class='ocrx_word' id='word_1_32' title='bbox 992 603 1166 671; x_wconf 89' lang='lat' dir='ltr'>Unde,</span> <span class='ocrx_word' id='word_1_33' title='bbox 1201 602 1422 669; x_wconf 82' lang='lat' dir='ltr'>fratres,</span> <span class='ocrx_word' id='word_1_34' title='bbox 1457 601 1666 671; x_wconf 88' lang='lat' dir='ltr'>rejecta</span> <span class='ocrx_word' id='word_1_35' title='bbox 1690 601 1915 672; x_wconf 85' lang='lat' dir='ltr'>penitus</span> <span class='ocrx_word' id='word_1_36' title='bbox 1942 602 2116 655; x_wconf 89' lang='lat' dir='ltr'>auda-</span> 
     </span>
    </p>
   </div>
   <div class='ocr_carea' id='block_1_7' title="bbox 484 694 2120 767">
    <p class='ocr_par' dir='ltr' id='par_1_7' title="bbox 484 694 2120 767">
     <span class='ocr_line' id='line_1_7' title="bbox 484 694 2120 767; baseline 0 -18"><span class='ocrx_word' id='word_1_37' title='bbox 484 695 588 762; x_wconf 86' lang='lat' dir='ltr'>cia,</span> <span class='ocrx_word' id='word_1_38' title='bbox 619 713 747 767; x_wconf 80' lang='lat' dir='ltr'>quse</span> <span class='ocrx_word' id='word_1_39' title='bbox 778 702 973 751; x_wconf 86' lang='lat' dir='ltr'>contra</span> <span class='ocrx_word' id='word_1_40' title='bbox 1016 694 1377 766; x_wconf 76' lang='lat' dir='ltr'>apostolicam</span> <span class='ocrx_word' id='word_1_41' title='bbox 1415 695 1606 748; x_wconf 82' lang='lat' dir='ltr'>sedem</span> <span class='ocrx_word' id='word_1_42' title='bbox 1633 698 1689 748; x_wconf 92' lang='lat' dir='ltr'>et</span> <span class='ocrx_word' id='word_1_43' title='bbox 1713 700 1911 749; x_wconf 90' lang='lat' dir='ltr'>contra</span> <span class='ocrx_word' id='word_1_44' title='bbox 1938 694 2120 765; x_wconf 87' lang='lat' dir='ltr'>ipsam</span> 
     </span>
    </p>
   </div>
   <div class='ocr_carea' id='block_1_8' title="bbox 489 788 2115 859">
    <p class='ocr_par' dir='ltr' id='par_1_8' title="bbox 489 788 2115 859">
     <span class='ocr_line' id='line_1_8' title="bbox 489 788 2115 859; baseline 0 -17"><span class='ocrx_word' id='word_1_45' title='bbox 489 789 716 843; x_wconf 89' lang='lat' dir='ltr'>Domini</span> <span class='ocrx_word' id='word_1_46' title='bbox 741 790 1037 844; x_wconf 89' lang='lat' dir='ltr'>Salvatoris</span> <span class='ocrx_word' id='word_1_47' title='bbox 1056 804 1269 857; x_wconf 85' lang='lat' dir='ltr'>vocem,</span> <span class='ocrx_word' id='word_1_48' title='bbox 1301 804 1413 859; x_wconf 92' lang='lat' dir='ltr'>qua</span> <span class='ocrx_word' id='word_1_49' title='bbox 1442 788 1655 842; x_wconf 89' lang='lat' dir='ltr'>dictum</span> <span class='ocrx_word' id='word_1_50' title='bbox 1678 793 1761 843; x_wconf 86' lang='lat' dir='ltr'>est</span> <span class='ocrx_word' id='word_1_51' title='bbox 1790 805 1803 841; x_wconf 92' lang='lat'><strong>:</strong></span> <span class='ocrx_word' id='word_1_52' title='bbox 1839 791 1917 842; x_wconf 87' lang='lat' dir='ltr'>Tu</span> <span class='ocrx_word' id='word_1_53' title='bbox 1942 803 1994 842; x_wconf 90' lang='lat' dir='ltr'>es</span> <span class='ocrx_word' id='word_1_54' title='bbox 2017 790 2115 842; x_wconf 89' lang='lat' dir='ltr'>Pe-</span> 
     </span>
    </p>
   </div>
   <div class='ocr_carea' id='block_1_9' title="bbox 486 881 2120 952">
    <p class='ocr_par' dir='ltr' id='par_1_9' title="bbox 486 881 2120 952">
     <span class='ocr_line' id='line_1_9' title="bbox 486 881 2120 952; baseline 0 -17"><span class='ocrx_word' id='word_1_55' title='bbox 486 886 621 944; x_wconf 84' lang='lat' dir='ltr'>trus,</span> <span class='ocrx_word' id='word_1_56' title='bbox 650 888 701 936; x_wconf 91' lang='lat' dir='ltr'>et</span> <span class='ocrx_word' id='word_1_57' title='bbox 724 898 883 951; x_wconf 81' lang='lat' dir='ltr'>super</span> <span class='ocrx_word' id='word_1_58' title='bbox 920 885 1058 936; x_wconf 84' lang='lat' dir='ltr'>hanc</span> <span class='ocrx_word' id='word_1_59' title='bbox 1090 886 1307 952; x_wconf 77' lang='lat' dir='ltr'>petram</span> <span class='ocrx_word' id='word_1_60' title='bbox 1337 881 1609 950; x_wconf 60' lang='lat' dir='ltr'>aediﬁcabo</span> <span class='ocrx_word' id='word_1_61' title='bbox 1626 882 1914 937; x_wconf 78' lang='lat' dir='ltr'>Ecclesium</span> <span class='ocrx_word' id='word_1_62' title='bbox 1945 896 2120 935; x_wconf 88' lang='lat' dir='ltr'>meam</span> 
     </span>
    </p>
   </div>
   <div class='ocr_carea' id='block_1_10' title="bbox 490 973 2120 1045">
    <p class='ocr_par' dir='ltr' id='par_1_10' title="bbox 490 973 2120 1045">
     <span class='ocr_line' id='line_1_10' title="bbox 490 973 2120 1045; baseline -0.001 -17"><span class='ocrx_word' id='word_1_63' title='bbox 490 976 703 1041; x_wconf 79' lang='lat' dir='ltr'>(Matth.</span> <span class='ocrx_word' id='word_1_64' title='bbox 735 975 865 1043; x_wconf 74' lang='lat' dir='ltr'>1m),</span> <span class='ocrx_word' id='word_1_65' title='bbox 898 979 1122 1045; x_wconf 89' lang='lat' dir='ltr'>sumpta</span> <span class='ocrx_word' id='word_1_66' title='bbox 1169 979 1254 1027; x_wconf 89' lang='lat' dir='ltr'>est</span> <span class='ocrx_word' id='word_1_67' title='bbox 1297 973 1621 1045; x_wconf 78' lang='lat' dir='ltr'>disputandi</span> <span class='ocrx_word' id='word_1_68' title='bbox 1662 978 1857 1028; x_wconf 88' lang='lat' dir='ltr'>contra</span> <span class='ocrx_word' id='word_1_69' title='bbox 1898 974 2120 1027; x_wconf 88' lang='lat' dir='ltr'>Domini</span> 
     </span>
    </p>
   </div>
   <div class='ocr_carea' id='block_1_11' title="bbox 483 1067 2119 1138">
    <p class='ocr_par' dir='ltr' id='par_1_11' title="bbox 483 1067 2119 1138">
     <span class='ocr_line' id='line_1_11' title="bbox 483 1067 2119 1138; baseline -0.001 -17"><span class='ocrx_word' id='word_1_70' title='bbox 483 1072 786 1138; x_wconf 62' lang='lat' dir='ltr'>prmeepta,</span> <span class='ocrx_word' id='word_1_71' title='bbox 814 1084 956 1121; x_wconf 84' lang='lat' dir='ltr'>vana</span> <span class='ocrx_word' id='word_1_72' title='bbox 995 1067 1308 1121; x_wconf 85' lang='lat' dir='ltr'>errantium</span> <span class='ocrx_word' id='word_1_73' title='bbox 1347 1067 1514 1121; x_wconf 87' lang='lat' dir='ltr'>corda</span> <span class='ocrx_word' id='word_1_74' title='bbox 1556 1067 1971 1138; x_wconf 84' lang='lat' dir='ltr'>conquiescant,</span> <span class='ocrx_word' id='word_1_75' title='bbox 2016 1083 2119 1120; x_wconf 91' lang='lat' dir='ltr'>nec</span> 
     </span>
    </p>
   </div>
   <div class='ocr_carea' id='block_1_12' title="bbox 486 1159 2121 1231">
    <p class='ocr_par' dir='ltr' id='par_1_12' title="bbox 486 1159 2121 1231">
     <span class='ocr_line' id='line_1_12' title="bbox 486 1159 2121 1231; baseline 0.001 -18"><span class='ocrx_word' id='word_1_76' title='bbox 486 1159 656 1213; x_wconf 89' lang='lat' dir='ltr'>liceat</span> <span class='ocrx_word' id='word_1_77' title='bbox 699 1159 928 1214; x_wconf 88' lang='lat' dir='ltr'>defendi</span> <span class='ocrx_word' id='word_1_78' title='bbox 958 1162 1159 1231; x_wconf 84' lang='lat' dir='ltr'>(Ibid.),</span> <span class='ocrx_word' id='word_1_79' title='bbox 1208 1160 1364 1231; x_wconf 92' lang='lat' dir='ltr'>quod</span> <span class='ocrx_word' id='word_1_80' title='bbox 1412 1177 1527 1214; x_wconf 93' lang='lat' dir='ltr'>non</span> <span class='ocrx_word' id='word_1_81' title='bbox 1573 1160 1701 1215; x_wconf 88' lang='lat' dir='ltr'>licet</span> <span class='ocrx_word' id='word_1_82' title='bbox 1752 1176 1919 1231; x_wconf 82' lang='lat' dir='ltr'>agere</span> <span class='ocrx_word' id='word_1_83' title='bbox 1968 1159 2121 1230; x_wconf 90' lang='lat' dir='ltr'>[licet</span> 
     </span>
    </p>
   </div>
   <div class='ocr_carea' id='block_1_13' title="bbox 481 1253 2117 1325">
    <p class='ocr_par' dir='ltr' id='par_1_13' title="bbox 481 1253 2117 1325">
     <span class='ocr_line' id='line_1_13' title="bbox 481 1253 2117 1325; baseline 0 -18"><span class='ocrx_word' id='word_1_84' title='bbox 481 1254 619 1323; x_wconf 89' lang='lat' dir='ltr'>agi].</span> <span class='ocrx_word' id='word_1_85' title='bbox 649 1253 911 1307; x_wconf 83' lang='lat' dir='ltr'>Relatum</span> <span class='ocrx_word' id='word_1_86' title='bbox 942 1259 1027 1309; x_wconf 89' lang='lat' dir='ltr'>est</span> <span class='ocrx_word' id='word_1_87' title='bbox 1054 1270 1191 1325; x_wconf 90' lang='lat' dir='ltr'>ergo</span> <span class='ocrx_word' id='word_1_88' title='bbox 1225 1254 1295 1308; x_wconf 92' lang='lat' dir='ltr'>ad</span> <span class='ocrx_word' id='word_1_89' title='bbox 1315 1253 1678 1325; x_wconf 86' lang='lat' dir='ltr'>apostolicam</span> <span class='ocrx_word' id='word_1_90' title='bbox 1706 1254 1920 1321; x_wconf 88' lang='lat' dir='ltr'>sedem,</span> <span class='ocrx_word' id='word_1_91' title='bbox 1949 1254 2117 1308; x_wconf 86' lang='lat' dir='ltr'>Joan-</span> 
     </span>
    </p>
   </div>
   <div class='ocr_carea' id='block_1_14' title="bbox 482 1347 2118 1419">
    <p class='ocr_par' dir='ltr' id='par_1_14' title="bbox 482 1347 2118 1419">
     <span class='ocr_line' id='line_1_14' title="bbox 482 1347 2118 1419; baseline -0.001 -18"><span class='ocrx_word' id='word_1_92' title='bbox 482 1362 617 1401; x_wconf 86' lang='lat' dir='ltr'>nem</span> <span class='ocrx_word' id='word_1_93' title='bbox 646 1348 1330 1419; x_wconf 89' lang='lat' dir='ltr'>Constantinopolitanum</span> <span class='ocrx_word' id='word_1_94' title='bbox 1369 1348 1699 1419; x_wconf 89' lang='lat' dir='ltr'>episcopum</span> <span class='ocrx_word' id='word_1_95' title='bbox 1734 1347 2118 1402; x_wconf 87' lang='lat' dir='ltr'>universalem</span> 
     </span>
    </p>
   </div>
   <div class='ocr_carea' id='block_1_15' title="bbox 484 1439 2116 1513">
    <p class='ocr_par' dir='ltr' id='par_1_15' title="bbox 484 1439 2116 1513">
     <span class='ocr_line' id='line_1_15' title="bbox 484 1439 2116 1513; baseline -0.001 -18"><span class='ocrx_word' id='word_1_96' title='bbox 484 1456 543 1495; x_wconf 86' lang='lat' dir='ltr'>se</span> <span class='ocrx_word' id='word_1_97' title='bbox 598 1439 949 1496; x_wconf 87' lang='lat' dir='ltr'>subscribere</span> <span class='ocrx_word' id='word_1_98' title='bbox 996 1442 1306 1512; x_wconf 86' lang='lat' dir='ltr'>[scribere],</span> <span class='ocrx_word' id='word_1_99' title='bbox 1348 1458 1556 1513; x_wconf 87' lang='lat' dir='ltr'>vosque</span> <span class='ocrx_word' id='word_1_100' title='bbox 1584 1458 1651 1495; x_wconf 85' lang='lat' dir='ltr'>ex</span> <span class='ocrx_word' id='word_1_101' title='bbox 1689 1442 1793 1495; x_wconf 90' lang='lat' dir='ltr'>hac</span> <span class='ocrx_word' id='word_1_102' title='bbox 1829 1457 1931 1494; x_wconf 90' lang='lat' dir='ltr'>sua</span> <span class='ocrx_word' id='word_1_103' title='bbox 1967 1456 2116 1511; x_wconf 64' lang='lat' dir='ltr'>prm-</span> 
     </span>
    </p>
   </div>
   <div class='ocr_carea' id='block_1_16' title="bbox 483 1532 2121 1606">
    <p class='ocr_par' dir='ltr' id='par_1_16' title="bbox 483 1532 2121 1606">
     <span class='ocr_line' id='line_1_16' title="bbox 483 1532 2121 1606; baseline 0 -18"><span class='ocrx_word' id='word_1_104' title='bbox 483 1532 807 1605; x_wconf 90' lang='lat' dir='ltr'>sumptione</span> <span class='ocrx_word' id='word_1_105' title='bbox 837 1535 909 1589; x_wconf 90' lang='lat' dir='ltr'>ad</span> <span class='ocrx_word' id='word_1_106' title='bbox 951 1534 1230 1606; x_wconf 86' lang='lat' dir='ltr'>synodum</span> <span class='ocrx_word' id='word_1_107' title='bbox 1268 1551 1575 1589; x_wconf 89' lang='lat' dir='ltr'>convocare</span> <span class='ocrx_word' id='word_1_108' title='bbox 1610 1534 1986 1605; x_wconf 87' lang='lat' dir='ltr'>[convocasse]</span> <span class='ocrx_word' id='word_1_109' title='bbox 2028 1550 2121 1605; x_wconf 88' lang='lat' dir='ltr'>ge-</span> 
     </span>
    </p>
   </div>
   <div class='ocr_carea' id='block_1_17' title="bbox 484 1628 2118 1700">
    <p class='ocr_par' dir='ltr' id='par_1_17' title="bbox 484 1628 2118 1700">
     <span class='ocr_line' id='line_1_17' title="bbox 484 1628 2118 1700; baseline -0.001 -18"><span class='ocrx_word' id='word_1_110' title='bbox 484 1628 760 1697; x_wconf 88' lang='lat' dir='ltr'>neralem,</span> <span class='ocrx_word' id='word_1_111' title='bbox 811 1644 941 1682; x_wconf 90' lang='lat' dir='ltr'>cum</span> <span class='ocrx_word' id='word_1_112' title='bbox 983 1628 1336 1700; x_wconf 82' lang='lat' dir='ltr'>generalium</span> <span class='ocrx_word' id='word_1_113' title='bbox 1377 1629 1720 1700; x_wconf 83' lang='lat' dir='ltr'>synodorum</span> <span class='ocrx_word' id='word_1_114' title='bbox 1771 1628 2118 1683; x_wconf 76' lang='lat' dir='ltr'>convocandi</span> 
     </span>
    </p>
   </div>
   <div class='ocr_carea' id='block_1_18' title="bbox 484 1721 2117 1793">
    <p class='ocr_par' dir='ltr' id='par_1_18' title="bbox 484 1721 2117 1793">
     <span class='ocr_line' id='line_1_18' title="bbox 484 1721 2117 1793; baseline 0.001 -19"><span class='ocrx_word' id='word_1_115' title='bbox 484 1722 790 1775; x_wconf 87' lang='lat' dir='ltr'>auctoritas</span> <span class='ocrx_word' id='word_1_116' title='bbox 814 1722 1134 1792; x_wconf 66' lang='lat' dir='ltr'>apostolicm</span> <span class='ocrx_word' id='word_1_117' title='bbox 1170 1722 1288 1776; x_wconf 90' lang='lat' dir='ltr'>sedi</span> <span class='ocrx_word' id='word_1_118' title='bbox 1326 1723 1476 1777; x_wconf 88' lang='lat' dir='ltr'>beati</span> <span class='ocrx_word' id='word_1_119' title='bbox 1504 1723 1649 1777; x_wconf 89' lang='lat' dir='ltr'>Petri</span> <span class='ocrx_word' id='word_1_120' title='bbox 1679 1721 1954 1793; x_wconf 82' lang='lat' dir='ltr'>singulari</span> <span class='ocrx_word' id='word_1_121' title='bbox 1994 1721 2117 1793; x_wconf 90' lang='lat' dir='ltr'>pri-</span> 
     </span>
    </p>
   </div>
   <div class='ocr_carea' id='block_1_19' title="bbox 2219 502 3862 575">
    <p class='ocr_par' dir='ltr' id='par_1_19' title="bbox 2219 502 3862 575">
     <span class='ocr_line' id='line_1_19' title="bbox 2219 502 3862 575; baseline -0.005 -13"><span class='ocrx_word' id='word_1_122' title='bbox 2219 507 2462 562; x_wconf 90' lang='lat' dir='ltr'>candum</span> <span class='ocrx_word' id='word_1_123' title='bbox 2488 506 2626 572; x_wconf 89' lang='lat' dir='ltr'>fore,</span> <span class='ocrx_word' id='word_1_124' title='bbox 2658 509 2715 560; x_wconf 90' lang='lat' dir='ltr'>et</span> <span class='ocrx_word' id='word_1_125' title='bbox 2742 504 3068 575; x_wconf 69' lang='lat' dir='ltr'>apostolicae</span> <span class='ocrx_word' id='word_1_126' title='bbox 3094 502 3239 558; x_wconf 88' lang='lat' dir='ltr'>sedis</span> <span class='ocrx_word' id='word_1_127' title='bbox 3262 508 3430 574; x_wconf 89' lang='lat' dir='ltr'>atque</span> <span class='ocrx_word' id='word_1_128' title='bbox 3449 502 3713 556; x_wconf 89' lang='lat' dir='ltr'>omnium</span> <span class='ocrx_word' id='word_1_129' title='bbox 3733 515 3862 554; x_wconf 90' lang='lat' dir='ltr'>san-</span> 
     </span>
    </p>
   </div>
   <div class='ocr_carea' id='block_1_20' title="bbox 2218 594 3862 670">
    <p class='ocr_par' dir='ltr' id='par_1_20' title="bbox 2218 594 3862 670">
     <span class='ocr_line' id='line_1_20' title="bbox 2218 594 3862 670; baseline -0.005 -15"><span class='ocrx_word' id='word_1_130' title='bbox 2218 606 2439 655; x_wconf 87' lang='lat' dir='ltr'>ctorum</span> <span class='ocrx_word' id='word_1_131' title='bbox 2469 599 2863 670; x_wconf 89' lang='lat' dir='ltr'>episcoporum</span> <span class='ocrx_word' id='word_1_132' title='bbox 2890 597 3290 652; x_wconf 88' lang='lat' dir='ltr'>communione</span> <span class='ocrx_word' id='word_1_133' title='bbox 3322 612 3535 651; x_wconf 85' lang='lat' dir='ltr'>carere.</span> <span class='ocrx_word' id='word_1_134' title='bbox 3561 594 3862 650; x_wconf 87' lang='lat' dir='ltr'>Universa-</span> 
     </span>
    </p>
   </div>
   <div class='ocr_carea' id='block_1_21' title="bbox 2218 686 3858 764">
    <p class='ocr_par' dir='ltr' id='par_1_21' title="bbox 2218 686 3858 764">
     <span class='ocr_line' id='line_1_21' title="bbox 2218 686 3858 764; baseline -0.004 -16"><span class='ocrx_word' id='word_1_135' title='bbox 2218 694 2392 748; x_wconf 89' lang='lat' dir='ltr'>litatis</span> <span class='ocrx_word' id='word_1_136' title='bbox 2432 709 2661 764; x_wconf 86' lang='lat' dir='ltr'>quoque</span> <span class='ocrx_word' id='word_1_137' title='bbox 2691 708 2922 759; x_wconf 90' lang='lat' dir='ltr'>nomen,</span> <span class='ocrx_word' id='word_1_138' title='bbox 2968 690 3123 763; x_wconf 90' lang='lat' dir='ltr'>quod</span> <span class='ocrx_word' id='word_1_139' title='bbox 3163 690 3267 744; x_wconf 91' lang='lat' dir='ltr'>sibi</span> <span class='ocrx_word' id='word_1_140' title='bbox 3309 689 3500 744; x_wconf 90' lang='lat' dir='ltr'>illicite</span> <span class='ocrx_word' id='word_1_141' title='bbox 3538 686 3858 757; x_wconf 83' lang='lat' dir='ltr'>usurpavit,</span> 
     </span>
    </p>
   </div>
   <div class='ocr_carea' id='block_1_22' title="bbox 2217 780 3858 853">
    <p class='ocr_par' dir='ltr' id='par_1_22' title="bbox 2217 780 3858 853">
     <span class='ocr_line' id='line_1_22' title="bbox 2217 780 3858 853; baseline -0.005 -12"><span class='ocrx_word' id='word_1_142' title='bbox 2217 787 2390 842; x_wconf 89' lang='lat' dir='ltr'>nolite</span> <span class='ocrx_word' id='word_1_143' title='bbox 2428 786 2749 852; x_wconf 86' lang='lat' dir='ltr'>attendere,</span> <span class='ocrx_word' id='word_1_144' title='bbox 2791 801 2894 839; x_wconf 91' lang='lat' dir='ltr'>nec</span> <span class='ocrx_word' id='word_1_145' title='bbox 2932 784 3221 838; x_wconf 88' lang='lat' dir='ltr'>vocatione</span> <span class='ocrx_word' id='word_1_146' title='bbox 3259 783 3382 853; x_wconf 90' lang='lat' dir='ltr'>ejus</span> <span class='ocrx_word' id='word_1_147' title='bbox 3422 782 3493 837; x_wconf 92' lang='lat' dir='ltr'>ad</span> <span class='ocrx_word' id='word_1_148' title='bbox 3530 780 3817 853; x_wconf 79' lang='lat' dir='ltr'>synodum</span> <span class='ocrx_word' id='word_1_149' title='bbox 3842 820 3858 846; x_wconf 94' lang='lat'>,</span> 
     </span>
    </p>
   </div>
   <div class='ocr_carea' id='block_1_23' title="bbox 2220 872 3857 952">
    <p class='ocr_par' dir='ltr' id='par_1_23' title="bbox 2220 872 3857 952">
     <span class='ocr_line' id='line_1_23' title="bbox 2220 872 3857 952; baseline -0.005 -17"><span class='ocrx_word' id='word_1_150' title='bbox 2220 880 2432 952; x_wconf 87' lang='lat' dir='ltr'>absque</span> <span class='ocrx_word' id='word_1_151' title='bbox 2459 879 2789 934; x_wconf 86' lang='lat' dir='ltr'>auctoritate</span> <span class='ocrx_word' id='word_1_152' title='bbox 2814 878 2959 933; x_wconf 88' lang='lat' dir='ltr'>sedis</span> <span class='ocrx_word' id='word_1_153' title='bbox 2978 876 3300 948; x_wconf 65' lang='lat' dir='ltr'>apostolicae</span> <span class='ocrx_word' id='word_1_154' title='bbox 3318 919 3333 945; x_wconf 90' lang='lat'>,</span> <span class='ocrx_word' id='word_1_155' title='bbox 3359 892 3613 946; x_wconf 89' lang='lat' dir='ltr'>unquam</span> <span class='ocrx_word' id='word_1_156' title='bbox 3643 872 3857 940; x_wconf 88' lang='lat' dir='ltr'>venite,</span> 
     </span>
    </p>
   </div>
   <div class='ocr_carea' id='block_1_24' title="bbox 2219 969 3864 1045">
    <p class='ocr_par' dir='ltr' id='par_1_24' title="bbox 2219 969 3864 1045">
     <span class='ocr_line' id='line_1_24' title="bbox 2219 969 3864 1045; baseline -0.005 -17"><span class='ocrx_word' id='word_1_157' title='bbox 2219 973 2266 1028; x_wconf 90' lang='lat' dir='ltr'>si</span> <span class='ocrx_word' id='word_1_158' title='bbox 2298 973 2614 1045; x_wconf 72' lang='lat' dir='ltr'>apostolica:</span> <span class='ocrx_word' id='word_1_159' title='bbox 2642 971 2787 1026; x_wconf 88' lang='lat' dir='ltr'>sedis</span> <span class='ocrx_word' id='word_1_160' title='bbox 2812 976 2870 1026; x_wconf 88' lang='lat' dir='ltr'>et</span> <span class='ocrx_word' id='word_1_161' title='bbox 2906 975 3246 1025; x_wconf 85' lang='lat' dir='ltr'>caeterorum</span> <span class='ocrx_word' id='word_1_162' title='bbox 3280 969 3675 1040; x_wconf 90' lang='lat' dir='ltr'>episcoporum</span> <span class='ocrx_word' id='word_1_163' title='bbox 3707 983 3864 1021; x_wconf 91' lang='lat' dir='ltr'>com-</span> 
     </span>
    </p>
   </div>
   <div class='ocr_carea' id='block_1_25' title="bbox 2220 1061 3865 1133">
    <p class='ocr_par' dir='ltr' id='par_1_25' title="bbox 2220 1061 3865 1133">
     <span class='ocr_line' id='line_1_25' title="bbox 2220 1061 3865 1133; baseline -0.005 -11"><span class='ocrx_word' id='word_1_164' title='bbox 2220 1068 2491 1122; x_wconf 89' lang='lat' dir='ltr'>munione</span> <span class='ocrx_word' id='word_1_165' title='bbox 2510 1065 2677 1120; x_wconf 82' lang='lat' dir='ltr'>vultis</span> <span class='ocrx_word' id='word_1_166' title='bbox 2706 1064 2840 1119; x_wconf 90' lang='lat' dir='ltr'>frui.</span> <span class='ocrx_word' id='word_1_167' title='bbox 2864 1064 3064 1118; x_wconf 90' lang='lat' dir='ltr'>Nullus</span> <span class='ocrx_word' id='word_1_168' title='bbox 3089 1063 3243 1118; x_wconf 90' lang='lat' dir='ltr'>enim</span> <span class='ocrx_word' id='word_1_169' title='bbox 3271 1062 3725 1133; x_wconf 87' lang='lat' dir='ltr'>patriarcharum</span> <span class='ocrx_word' id='word_1_170' title='bbox 3751 1061 3865 1114; x_wconf 89' lang='lat' dir='ltr'>hoc</span> 
     </span>
    </p>
   </div>
   <div class='ocr_carea' id='block_1_26' title="bbox 2219 1152 3863 1231">
    <p class='ocr_par' dir='ltr' id='par_1_26' title="bbox 2219 1152 3863 1231">
     <span class='ocr_line' id='line_1_26' title="bbox 2219 1152 3863 1231; baseline -0.005 -17"><span class='ocrx_word' id='word_1_171' title='bbox 2219 1165 2335 1214; x_wconf 87' lang='lat' dir='ltr'>tam</span> <span class='ocrx_word' id='word_1_172' title='bbox 2373 1160 2611 1231; x_wconf 85' lang='lat' dir='ltr'>profano</span> <span class='ocrx_word' id='word_1_173' title='bbox 2652 1157 2928 1213; x_wconf 89' lang='lat' dir='ltr'>vocabulo</span> <span class='ocrx_word' id='word_1_174' title='bbox 2965 1172 3220 1227; x_wconf 90' lang='lat' dir='ltr'>unquam</span> <span class='ocrx_word' id='word_1_175' title='bbox 3262 1158 3453 1209; x_wconf 82' lang='lat' dir='ltr'>utatur</span> <span class='ocrx_word' id='word_1_176' title='bbox 3490 1155 3585 1223; x_wconf 90' lang='lat' dir='ltr'>(a),</span> <span class='ocrx_word' id='word_1_177' title='bbox 3630 1153 3768 1225; x_wconf 88' lang='lat' dir='ltr'>quia</span> <span class='ocrx_word' id='word_1_178' title='bbox 3813 1152 3863 1205; x_wconf 90' lang='lat' dir='ltr'>si</span> 
     </span>
    </p>
   </div>
   <div class='ocr_carea' id='block_1_27' title="bbox 2220 1246 3863 1322">
    <p class='ocr_par' dir='ltr' id='par_1_27' title="bbox 2220 1246 3863 1322">
     <span class='ocr_line' id='line_1_27' title="bbox 2220 1246 3863 1322; baseline -0.005 -15"><span class='ocrx_word' id='word_1_179' title='bbox 2220 1269 2477 1307; x_wconf 88' lang='lat' dir='ltr'>summus</span> <span class='ocrx_word' id='word_1_180' title='bbox 2505 1252 2693 1321; x_wconf 92' lang='lat' dir='ltr'>[unus]</span> <span class='ocrx_word' id='word_1_181' title='bbox 2724 1251 3040 1322; x_wconf 89' lang='lat' dir='ltr'>patriarcha</span> <span class='ocrx_word' id='word_1_182' title='bbox 3071 1248 3402 1303; x_wconf 82' lang='lat' dir='ltr'>universalis</span> <span class='ocrx_word' id='word_1_183' title='bbox 3430 1248 3658 1313; x_wconf 88' lang='lat' dir='ltr'>dicitur,</span> <span class='ocrx_word' id='word_1_184' title='bbox 3682 1246 3863 1317; x_wconf 88' lang='lat' dir='ltr'>patri—</span> 
     </span>
    </p>
   </div>
   <div class='ocr_carea' id='block_1_28' title="bbox 2220 1339 3859 1414">
    <p class='ocr_par' dir='ltr' id='par_1_28' title="bbox 2220 1339 3859 1414">
     <span class='ocr_line' id='line_1_28' title="bbox 2220 1339 3859 1414; baseline -0.005 -13"><span class='ocrx_word' id='word_1_185' title='bbox 2220 1347 2521 1401; x_wconf 89' lang='lat' dir='ltr'>archarum</span> <span class='ocrx_word' id='word_1_186' title='bbox 2540 1361 2753 1400; x_wconf 89' lang='lat' dir='ltr'>nomen</span> <span class='ocrx_word' id='word_1_187' title='bbox 2766 1344 2986 1399; x_wconf 66' lang='lat' dir='ltr'>caeteris</span> <span class='ocrx_word' id='word_1_188' title='bbox 3002 1344 3324 1414; x_wconf 82' lang='lat' dir='ltr'>derogatur.</span> <span class='ocrx_word' id='word_1_189' title='bbox 3349 1342 3451 1396; x_wconf 90' lang='lat' dir='ltr'>Sed</span> <span class='ocrx_word' id='word_1_190' title='bbox 3473 1341 3618 1395; x_wconf 89' lang='lat' dir='ltr'>absit</span> <span class='ocrx_word' id='word_1_191' title='bbox 3638 1341 3708 1411; x_wconf 88' lang='lat' dir='ltr'>(b)</span> <span class='ocrx_word' id='word_1_192' title='bbox 3732 1356 3765 1394; x_wconf 91' lang='lat' dir='ltr'>a</span> <span class='ocrx_word' id='word_1_193' title='bbox 3787 1339 3859 1393; x_wconf 81' lang='lat' dir='ltr'>fi-</span> 
     </span>
    </p>
   </div>
   <div class='ocr_carea' id='block_1_29' title="bbox 2218 1434 3863 1511">
    <p class='ocr_par' dir='ltr' id='par_1_29' title="bbox 2218 1434 3863 1511">
     <span class='ocr_line' id='line_1_29' title="bbox 2218 1434 3863 1511; baseline -0.005 -16"><span class='ocrx_word' id='word_1_194' title='bbox 2218 1441 2356 1495; x_wconf 89' lang='lat' dir='ltr'>delis</span> <span class='ocrx_word' id='word_1_195' title='bbox 2383 1440 2716 1511; x_wconf 88' lang='lat' dir='ltr'>cujusquam</span> <span class='ocrx_word' id='word_1_196' title='bbox 2742 1442 2952 1507; x_wconf 88' lang='lat' dir='ltr'>mente,</span> <span class='ocrx_word' id='word_1_197' title='bbox 2981 1438 3087 1491; x_wconf 91' lang='lat' dir='ltr'>hoc</span> <span class='ocrx_word' id='word_1_198' title='bbox 3115 1436 3221 1489; x_wconf 88' lang='lat' dir='ltr'>sibi</span> <span class='ocrx_word' id='word_1_199' title='bbox 3245 1435 3329 1490; x_wconf 89' lang='lat' dir='ltr'>vel</span> <span class='ocrx_word' id='word_1_200' title='bbox 3355 1434 3495 1489; x_wconf 80' lang='lat' dir='ltr'>velle</span> <span class='ocrx_word' id='word_1_201' title='bbox 3522 1434 3863 1506; x_wconf 88' lang='lat' dir='ltr'>quempiam</span> 
     </span>
    </p>
   </div>
   <div class='ocr_carea' id='block_1_30' title="bbox 2217 1528 3864 1604">
    <p class='ocr_par' dir='ltr' id='par_1_30' title="bbox 2217 1528 3864 1604">
     <span class='ocr_line' id='line_1_30' title="bbox 2217 1528 3864 1604; baseline -0.004 -16"><span class='ocrx_word' id='word_1_202' title='bbox 2217 1534 2490 1604; x_wconf 88' lang='lat' dir='ltr'>arripere,</span> <span class='ocrx_word' id='word_1_203' title='bbox 2507 1533 2660 1587; x_wconf 88' lang='lat' dir='ltr'>unde</span> <span class='ocrx_word' id='word_1_204' title='bbox 2681 1533 2962 1587; x_wconf 90' lang='lat' dir='ltr'>honorem</span> <span class='ocrx_word' id='word_1_205' title='bbox 2988 1532 3233 1586; x_wconf 82' lang='lat' dir='ltr'>fratrum</span> <span class='ocrx_word' id='word_1_206' title='bbox 3253 1544 3487 1584; x_wconf 82' lang='lat' dir='ltr'>suorum</span> <span class='ocrx_word' id='word_1_207' title='bbox 3509 1528 3864 1582; x_wconf 89' lang='lat' dir='ltr'>imminuere</span> 
     </span>
    </p>
   </div>
   <div class='ocr_carea' id='block_1_31' title="bbox 2218 1620 3867 1698">
    <p class='ocr_par' dir='ltr' id='par_1_31' title="bbox 2218 1620 3867 1698">
     <span class='ocr_line' id='line_1_31' title="bbox 2218 1620 3867 1698; baseline -0.004 -17"><span class='ocrx_word' id='word_1_208' title='bbox 2218 1644 2286 1681; x_wconf 81' lang='lat' dir='ltr'>ex</span> <span class='ocrx_word' id='word_1_209' title='bbox 2314 1627 2812 1698; x_wconf 87' lang='lat' dir='ltr'>quantulacunque</span> <span class='ocrx_word' id='word_1_210' title='bbox 2829 1630 2987 1696; x_wconf 89' lang='lat' dir='ltr'>parte</span> <span class='ocrx_word' id='word_1_211' title='bbox 3005 1624 3280 1679; x_wconf 89' lang='lat' dir='ltr'>videatur.</span> <span class='ocrx_word' id='word_1_212' title='bbox 3302 1624 3659 1693; x_wconf 81' lang='lat' dir='ltr'>Quapropter</span> <span class='ocrx_word' id='word_1_213' title='bbox 3676 1620 3867 1675; x_wconf 87' lang='lat' dir='ltr'>chari-</span> 
     </span>
    </p>
   </div>
   <div class='ocr_carea' id='block_1_32' title="bbox 2219 1715 3871 1789">
    <p class='ocr_par' dir='ltr' id='par_1_32' title="bbox 2219 1715 3871 1789">
     <span class='ocr_line' id='line_1_32' title="bbox 2219 1715 3871 1789; baseline -0.004 -14"><span class='ocrx_word' id='word_1_214' title='bbox 2219 1726 2302 1775; x_wconf 84' lang='lat' dir='ltr'>tas</span> <span class='ocrx_word' id='word_1_215' title='bbox 2318 1725 2501 1775; x_wconf 89' lang='lat' dir='ltr'>vestra</span> <span class='ocrx_word' id='word_1_216' title='bbox 2516 1720 2809 1774; x_wconf 91' lang='lat' dir='ltr'>neminem</span> <span class='ocrx_word' id='word_1_217' title='bbox 2826 1735 3077 1789; x_wconf 91' lang='lat' dir='ltr'>unquam</span> <span class='ocrx_word' id='word_1_218' title='bbox 3094 1718 3210 1773; x_wconf 90' lang='lat' dir='ltr'>suis</span> <span class='ocrx_word' id='word_1_219' title='bbox 3225 1717 3285 1770; x_wconf 90' lang='lat' dir='ltr'>in</span> <span class='ocrx_word' id='word_1_220' title='bbox 3308 1716 3557 1787; x_wconf 86' lang='lat' dir='ltr'>epistolis</span> <span class='ocrx_word' id='word_1_221' title='bbox 3572 1715 3871 1769; x_wconf 74' lang='lat' dir='ltr'>universa-</span> 
     </span>
    </p>
   </div>
   <div class='ocr_carea' id='block_1_33' title="bbox 486 1796 3867 1887">
    <p class='ocr_par' dir='ltr' id='par_1_33' title="bbox 486 1796 3867 1887">
     <span class='ocr_line' id='line_1_33' title="bbox 486 1796 3867 1887; baseline -0.002 -20"><span class='ocrx_word' id='word_1_222' title='bbox 486 1814 692 1885; x_wconf 90' lang='lat' dir='ltr'>vilegio</span> <span class='ocrx_word' id='word_1_223' title='bbox 724 1815 796 1869; x_wconf 89' lang='lat' dir='ltr'>sit</span> <span class='ocrx_word' id='word_1_224' title='bbox 823 1816 1047 1882; x_wconf 88' lang='lat' dir='ltr'>tradita,</span> <span class='ocrx_word' id='word_1_225' title='bbox 1078 1819 1133 1870; x_wconf 91' lang='lat' dir='ltr'>et</span> <span class='ocrx_word' id='word_1_226' title='bbox 1159 1816 1315 1869; x_wconf 89' lang='lat' dir='ltr'>nulla</span> <span class='ocrx_word' id='word_1_227' title='bbox 1337 1832 1593 1887; x_wconf 89' lang='lat' dir='ltr'>unquam</span> <span class='ocrx_word' id='word_1_228' title='bbox 1622 1816 1873 1886; x_wconf 79' lang='lat' dir='ltr'>synodus</span> <span class='ocrx_word' id='word_1_229' title='bbox 1899 1818 2020 1869; x_wconf 85' lang='lat' dir='ltr'>rata</span> <span class='ocrx_word' id='word_1_230' title='bbox 2046 1815 2121 1870; x_wconf 87' lang='lat' dir='ltr'>le-</span> <span class='ocrx_word' id='word_1_231' title='bbox 2139 1796 2198 1868; x_wconf 83' lang='lat' dir='ltr'><strong>B</strong></span> <span class='ocrx_word' id='word_1_232' title='bbox 2220 1814 2333 1869; x_wconf 91' lang='lat' dir='ltr'>lem</span> <span class='ocrx_word' id='word_1_233' title='bbox 2347 1812 2707 1881; x_wconf 89' lang='lat' dir='ltr'>nominet,ne</span> <span class='ocrx_word' id='word_1_234' title='bbox 2722 1811 2823 1866; x_wconf 91' lang='lat' dir='ltr'>sibi</span> <span class='ocrx_word' id='word_1_235' title='bbox 2837 1812 3092 1867; x_wconf 88' lang='lat' dir='ltr'>debitum</span> <span class='ocrx_word' id='word_1_236' title='bbox 3105 1810 3420 1879; x_wconf 87' lang='lat' dir='ltr'>subtrahat,</span> <span class='ocrx_word' id='word_1_237' title='bbox 3437 1825 3567 1863; x_wconf 92' lang='lat' dir='ltr'>cum</span> <span class='ocrx_word' id='word_1_238' title='bbox 3578 1808 3743 1862; x_wconf 87' lang='lat' dir='ltr'>alteri</span> <span class='ocrx_word' id='word_1_239' title='bbox 3762 1808 3867 1861; x_wconf 87' lang='lat' dir='ltr'>ho-</span> 
     </span>
    </p>
   </div>
   <div class='ocr_carea' id='block_1_34' title="bbox 489 1905 3869 1979">
    <p class='ocr_par' dir='ltr' id='par_1_34' title="bbox 489 1905 3869 1979">
     <span class='ocr_line' id='line_1_34' title="bbox 489 1905 3869 1979; baseline -0.002 -18"><span class='ocrx_word' id='word_1_240' title='bbox 489 1909 657 1978; x_wconf 84' lang='lat' dir='ltr'>gatur</span> <span class='ocrx_word' id='word_1_241' title='bbox 691 1924 818 1979; x_wconf 69' lang='lat' dir='ltr'>quae</span> <span class='ocrx_word' id='word_1_242' title='bbox 861 1909 1163 1979; x_wconf 89' lang='lat' dir='ltr'>apostolica</span> <span class='ocrx_word' id='word_1_243' title='bbox 1205 1908 1537 1963; x_wconf 84' lang='lat' dir='ltr'>auctoritate</span> <span class='ocrx_word' id='word_1_244' title='bbox 1582 1925 1696 1963; x_wconf 90' lang='lat' dir='ltr'>non</span> <span class='ocrx_word' id='word_1_245' title='bbox 1739 1908 1910 1963; x_wconf 88' lang='lat' dir='ltr'>fuerit</span> <span class='ocrx_word' id='word_1_246' title='bbox 1952 1908 2115 1963; x_wconf 86' lang='lat' dir='ltr'>fulta.</span> <span class='ocrx_word' id='word_1_247' title='bbox 2219 1924 2419 1963; x_wconf 90' lang='lat' dir='ltr'>norem</span> <span class='ocrx_word' id='word_1_248' title='bbox 2442 1906 2605 1962; x_wconf 69' lang='lat' dir='ltr'>oﬁ’ert</span> <span class='ocrx_word' id='word_1_249' title='bbox 2631 1905 2975 1960; x_wconf 89' lang='lat' dir='ltr'>indubitum.</span> <span class='ocrx_word' id='word_1_250' title='bbox 3020 1905 3389 1959; x_wconf 78' lang='lat' dir='ltr'>Adversarius</span> <span class='ocrx_word' id='word_1_251' title='bbox 3424 1918 3657 1971; x_wconf 84' lang='lat' dir='ltr'>namque</span> <span class='ocrx_word' id='word_1_252' title='bbox 3682 1906 3869 1956; x_wconf 82' lang='lat' dir='ltr'>noster</span> 
     </span>
    </p>
   </div>
   <div class='ocr_carea' id='block_1_35' title="bbox 486 1995 3861 2073">
    <p class='ocr_par' dir='ltr' id='par_1_35' title="bbox 486 1995 3861 2073">
     <span class='ocr_line' id='line_1_35' title="bbox 486 1995 3861 2073; baseline -0.002 -18"><span class='ocrx_word' id='word_1_253' title='bbox 486 2001 859 2071; x_wconf 86' lang='lat' dir='ltr'>Quapropter,</span> <span class='ocrx_word' id='word_1_254' title='bbox 875 2002 1224 2073; x_wconf 88' lang='lat' dir='ltr'>quidquidin</span> <span class='ocrx_word' id='word_1_255' title='bbox 1248 2002 1516 2073; x_wconf 61' lang='lat' dir='ltr'>praedicto</span> <span class='ocrx_word' id='word_1_256' title='bbox 1529 2006 1714 2057; x_wconf 90' lang='lat' dir='ltr'>vestro</span> <span class='ocrx_word' id='word_1_257' title='bbox 1731 2004 2120 2057; x_wconf 89' lang='lat' dir='ltr'>conventiculo</span> <span class='ocrx_word' id='word_1_258' title='bbox 2219 2002 2488 2064; x_wconf 83' lang='lat' dir='ltr'>diabolus,</span> <span class='ocrx_word' id='word_1_259' title='bbox 2531 2000 2631 2071; x_wconf 92' lang='lat' dir='ltr'>qui</span> <span class='ocrx_word' id='word_1_260' title='bbox 2674 2005 2870 2054; x_wconf 90' lang='lat' dir='ltr'>contra</span> <span class='ocrx_word' id='word_1_261' title='bbox 2906 1998 3152 2053; x_wconf 87' lang='lat' dir='ltr'>humiles</span> <span class='ocrx_word' id='word_1_262' title='bbox 3182 1997 3417 2051; x_wconf 69' lang='lat' dir='ltr'>smviens</span> <span class='ocrx_word' id='word_1_263' title='bbox 3435 2036 3449 2061; x_wconf 94' lang='lat'>,</span> <span class='ocrx_word' id='word_1_264' title='bbox 3479 1999 3621 2050; x_wconf 82' lang='lat' dir='ltr'>sicut</span> <span class='ocrx_word' id='word_1_265' title='bbox 3651 1995 3732 2049; x_wconf 89' lang='lat' dir='ltr'>leo</span> <span class='ocrx_word' id='word_1_266' title='bbox 3761 2010 3861 2049; x_wconf 86' lang='lat' dir='ltr'>ru-</span> 
     </span>
    </p>
   </div>
   <div class='ocr_carea' id='block_1_36' title="bbox 488 2088 3862 2168">
    <p class='ocr_par' dir='ltr' id='par_1_36' title="bbox 488 2088 3862 2168">
     <span class='ocr_line' id='line_1_36' title="bbox 488 2088 3862 2168; baseline -0.002 -20"><span class='ocrx_word' id='word_1_267' title='bbox 488 2094 641 2164; x_wconf 90' lang='lat' dir='ltr'>(quia</span> <span class='ocrx_word' id='word_1_268' title='bbox 689 2095 934 2165; x_wconf 82' lang='lat' dir='ltr'>synodus</span> <span class='ocrx_word' id='word_1_269' title='bbox 973 2095 1161 2150; x_wconf 85' lang='lat' dir='ltr'>taliter</span> <span class='ocrx_word' id='word_1_270' title='bbox 1201 2099 1556 2168; x_wconf 66' lang='lat' dir='ltr'>prazsumpta</span> <span class='ocrx_word' id='word_1_271' title='bbox 1604 2113 1723 2151; x_wconf 90' lang='lat' dir='ltr'>esse</span> <span class='ocrx_word' id='word_1_272' title='bbox 1764 2113 1879 2151; x_wconf 90' lang='lat' dir='ltr'>non</span> <span class='ocrx_word' id='word_1_273' title='bbox 1916 2096 2114 2168; x_wconf 88' lang='lat' dir='ltr'>potuit)</span> <span class='ocrx_word' id='word_1_274' title='bbox 2220 2096 2826 2164; x_wconf 61' lang='lat' dir='ltr'>gienscircuitquaerens</span> <span class='ocrx_word' id='word_1_275' title='bbox 2847 2108 3001 2163; x_wconf 86' lang='lat' dir='ltr'>quem</span> <span class='ocrx_word' id='word_1_276' title='bbox 3026 2088 3549 2161; x_wconf 72' lang='lat' dir='ltr'>deroret(IPet.1u),</span> <span class='ocrx_word' id='word_1_277' title='bbox 3576 2104 3693 2142; x_wconf 89' lang='lat' dir='ltr'>non</span> <span class='ocrx_word' id='word_1_278' title='bbox 3711 2088 3862 2157; x_wconf 88' lang='lat' dir='ltr'>jam,</span> 
     </span>
    </p>
   </div>
   <div class='ocr_carea' id='block_1_37' title="bbox 484 2180 3868 2261">
    <p class='ocr_par' dir='ltr' id='par_1_37' title="bbox 484 2180 3868 2261">
     <span class='ocr_line' id='line_1_37' title="bbox 484 2180 3868 2261; baseline -0.002 -21"><span class='ocrx_word' id='word_1_279' title='bbox 484 2187 775 2256; x_wconf 87' lang='lat' dir='ltr'>statuistis,</span> <span class='ocrx_word' id='word_1_280' title='bbox 818 2204 889 2243; x_wconf 82' lang='lat' dir='ltr'>ex</span> <span class='ocrx_word' id='word_1_281' title='bbox 930 2189 1263 2245; x_wconf 84' lang='lat' dir='ltr'>auctoritate</span> <span class='ocrx_word' id='word_1_282' title='bbox 1313 2190 1489 2244; x_wconf 87' lang='lat' dir='ltr'>sancti</span> <span class='ocrx_word' id='word_1_283' title='bbox 1544 2189 1693 2244; x_wconf 87' lang='lat' dir='ltr'>Petri</span> <span class='ocrx_word' id='word_1_284' title='bbox 1736 2192 2121 2261; x_wconf 86' lang='lat' dir='ltr'>apostolorum</span> <span class='ocrx_word' id='word_1_285' title='bbox 2218 2193 2285 2242; x_wconf 90' lang='lat' dir='ltr'>ut</span> <span class='ocrx_word' id='word_1_286' title='bbox 2311 2187 2616 2255; x_wconf 91' lang='lat' dir='ltr'>cernimus,</span> <span class='ocrx_word' id='word_1_287' title='bbox 2647 2187 2832 2241; x_wconf 88' lang='lat' dir='ltr'>caulas</span> <span class='ocrx_word' id='word_1_288' title='bbox 2858 2186 3059 2239; x_wconf 90' lang='lat' dir='ltr'>circuit</span> <span class='ocrx_word' id='word_1_289' title='bbox 3094 2185 3173 2255; x_wconf 91' lang='lat' dir='ltr'>[S.</span> <span class='ocrx_word' id='word_1_290' title='bbox 3215 2183 3401 2253; x_wconf 85' lang='lat' dir='ltr'>Greg.,</span> <span class='ocrx_word' id='word_1_291' title='bbox 3440 2181 3625 2251; x_wconf 85' lang='lat' dir='ltr'>ibid.],</span> <span class='ocrx_word' id='word_1_292' title='bbox 3656 2181 3754 2235; x_wconf 86' lang='lat' dir='ltr'>sed</span> <span class='ocrx_word' id='word_1_293' title='bbox 3783 2180 3868 2234; x_wconf 88' lang='lat' dir='ltr'>ita</span> 
     </span>
    </p>
   </div>
   <div class='ocr_carea' id='block_1_38' title="bbox 484 2274 3866 2354">
    <p class='ocr_par' dir='ltr' id='par_1_38' title="bbox 484 2274 3866 2354">
     <span class='ocr_line' id='line_1_38' title="bbox 484 2274 3866 2354; baseline -0.003 -19"><span class='ocrx_word' id='word_1_294' title='bbox 484 2279 776 2353; x_wconf 89' lang='lat' dir='ltr'>principis,</span> <span class='ocrx_word' id='word_1_295' title='bbox 804 2286 861 2336; x_wconf 92' lang='lat' dir='ltr'>et</span> <span class='ocrx_word' id='word_1_296' title='bbox 886 2282 1112 2336; x_wconf 92' lang='lat' dir='ltr'>Domini</span> <span class='ocrx_word' id='word_1_297' title='bbox 1132 2283 1428 2338; x_wconf 88' lang='lat' dir='ltr'>Salvatoris</span> <span class='ocrx_word' id='word_1_298' title='bbox 1449 2300 1602 2351; x_wconf 85' lang='lat' dir='ltr'>voce,</span> <span class='ocrx_word' id='word_1_299' title='bbox 1638 2300 1749 2354; x_wconf 89' lang='lat' dir='ltr'>qua</span> <span class='ocrx_word' id='word_1_300' title='bbox 1769 2284 1936 2338; x_wconf 91' lang='lat' dir='ltr'>beato</span> <span class='ocrx_word' id='word_1_301' title='bbox 1957 2286 2120 2339; x_wconf 88' lang='lat' dir='ltr'>Petro</span> <span class='ocrx_word' id='word_1_302' title='bbox 2220 2280 2402 2335; x_wconf 78' lang='lat' dir='ltr'>valide</span> <span class='ocrx_word' id='word_1_303' title='bbox 2444 2281 2504 2334; x_wconf 92' lang='lat' dir='ltr'>in</span> <span class='ocrx_word' id='word_1_304' title='bbox 2541 2279 2879 2351; x_wconf 90' lang='lat' dir='ltr'>quibusdam</span> <span class='ocrx_word' id='word_1_305' title='bbox 2916 2277 3179 2332; x_wconf 71' lang='lat' dir='ltr'>Ecclesiae</span> <span class='ocrx_word' id='word_1_306' title='bbox 3216 2275 3544 2331; x_wconf 86' lang='lat' dir='ltr'>necessariis</span> <span class='ocrx_word' id='word_1_307' title='bbox 3583 2274 3866 2328; x_wconf 88' lang='lat' dir='ltr'>membris</span> 
     </span>
    </p>
   </div>
   <div class='ocr_carea' id='block_1_39' title="bbox 484 2364 2118 2447">
    <p class='ocr_par' dir='ltr' id='par_1_39' title="bbox 484 2364 2118 2447">
     <span class='ocr_line' id='line_1_39' title="bbox 484 2364 2118 2447; baseline 0.002 -19"><span class='ocrx_word' id='word_1_308' title='bbox 484 2364 820 2446; x_wconf 80' lang='lat' dir='ltr'>potestatem</span> <span class='ocrx_word' id='word_1_309' title='bbox 848 2374 1062 2446; x_wconf 87' lang='lat' dir='ltr'>ligandi</span> <span class='ocrx_word' id='word_1_310' title='bbox 1081 2380 1249 2447; x_wconf 86' lang='lat' dir='ltr'>atque</span> <span class='ocrx_word' id='word_1_311' title='bbox 1270 2376 1520 2430; x_wconf 87' lang='lat' dir='ltr'>solvendi</span> <span class='ocrx_word' id='word_1_312' title='bbox 1540 2376 1658 2447; x_wconf 89' lang='lat' dir='ltr'>ipse</span> <span class='ocrx_word' id='word_1_313' title='bbox 1676 2376 1919 2431; x_wconf 89' lang='lat' dir='ltr'>salvator</span> <span class='ocrx_word' id='word_1_314' title='bbox 1945 2378 2118 2445; x_wconf 92' lang='lat' dir='ltr'>dedit,</span> 
     </span>
    </p>
   </div>
   <div class='ocr_carea' id='block_1_40' title="bbox 2221 2366 3868 2445">
    <p class='ocr_par' dir='ltr' id='par_1_40' title="bbox 2221 2366 3868 2445">
     <span class='ocr_line' id='line_1_40' title="bbox 2221 2366 3868 2445; baseline -0.005 -16"><span class='ocrx_word' id='word_1_315' title='bbox 2221 2375 2451 2429; x_wconf 90' lang='lat' dir='ltr'>dentem</span> <span class='ocrx_word' id='word_1_316' title='bbox 2477 2373 2621 2445; x_wconf 85' lang='lat' dir='ltr'>ﬁgit,</span> <span class='ocrx_word' id='word_1_317' title='bbox 2653 2379 2713 2427; x_wconf 91' lang='lat' dir='ltr'>ut</span> <span class='ocrx_word' id='word_1_318' title='bbox 2738 2371 2881 2427; x_wconf 90' lang='lat' dir='ltr'>nulli</span> <span class='ocrx_word' id='word_1_319' title='bbox 2908 2372 2980 2426; x_wconf 89' lang='lat' dir='ltr'>sit</span> <span class='ocrx_word' id='word_1_320' title='bbox 3006 2370 3264 2440; x_wconf 90' lang='lat' dir='ltr'>dubium,</span> <span class='ocrx_word' id='word_1_321' title='bbox 3285 2369 3419 2441; x_wconf 89' lang='lat' dir='ltr'>quia</span> <span class='ocrx_word' id='word_1_322' title='bbox 3439 2369 3549 2423; x_wconf 88' lang='lat' dir='ltr'>nisi</span> <span class='ocrx_word' id='word_1_323' title='bbox 3576 2366 3868 2422; x_wconf 83' lang='lat' dir='ltr'>unanimi-</span> 
     </span>
    </p>
   </div>
   <div class='ocr_carea' id='block_1_41' title="bbox 485 2462 3869 2540">
    <p class='ocr_par' dir='ltr' id='par_1_41' title="bbox 485 2462 3869 2540">
     <span class='ocr_line' id='line_1_41' title="bbox 485 2462 3869 2540; baseline -0.002 -18"><span class='ocrx_word' id='word_1_324' title='bbox 485 2484 615 2539; x_wconf 67' lang='lat' dir='ltr'>quae</span> <span class='ocrx_word' id='word_1_325' title='bbox 637 2468 806 2522; x_wconf 89' lang='lat' dir='ltr'>etiam</span> <span class='ocrx_word' id='word_1_326' title='bbox 826 2473 1075 2538; x_wconf 87' lang='lat' dir='ltr'>potestas</span> <span class='ocrx_word' id='word_1_327' title='bbox 1090 2468 1148 2521; x_wconf 90' lang='lat' dir='ltr'>in</span> <span class='ocrx_word' id='word_1_328' title='bbox 1167 2470 1576 2524; x_wconf 89' lang='lat' dir='ltr'>successoribus</span> <span class='ocrx_word' id='word_1_329' title='bbox 1596 2469 1717 2540; x_wconf 88' lang='lat' dir='ltr'>ejus</span> <span class='ocrx_word' id='word_1_330' title='bbox 1736 2470 2123 2526; x_wconf 86' lang='lat' dir='ltr'>indubitanter</span> <span class='ocrx_word' id='word_1_331' title='bbox 2220 2473 2327 2537; x_wconf 91' lang='lat' dir='ltr'>ter,</span> <span class='ocrx_word' id='word_1_332' title='bbox 2371 2467 2593 2522; x_wconf 87' lang='lat' dir='ltr'>favente</span> <span class='ocrx_word' id='word_1_333' title='bbox 2628 2465 2865 2520; x_wconf 91' lang='lat' dir='ltr'>Domino</span> <span class='ocrx_word' id='word_1_334' title='bbox 2882 2506 2897 2533; x_wconf 94' lang='lat'>,</span> <span class='ocrx_word' id='word_1_335' title='bbox 2935 2470 3269 2520; x_wconf 90' lang='lat' dir='ltr'>cunctorum</span> <span class='ocrx_word' id='word_1_336' title='bbox 3308 2462 3542 2535; x_wconf 89' lang='lat' dir='ltr'>provida</span> <span class='ocrx_word' id='word_1_337' title='bbox 3566 2466 3869 2534; x_wconf 83' lang='lat' dir='ltr'>pastorum</span> 
     </span>
    </p>
   </div>
   <div class='ocr_carea' id='block_1_42' title="bbox 490 2560 2117 2635">
    <p class='ocr_par' dir='ltr' id='par_1_42' title="bbox 490 2560 2117 2635">
     <span class='ocr_line' id='line_1_42' title="bbox 490 2560 2117 2635; baseline 0.002 -20"><span class='ocrx_word' id='word_1_338' title='bbox 490 2560 767 2630; x_wconf 88' lang='lat' dir='ltr'>transivit,</span> <span class='ocrx_word' id='word_1_339' title='bbox 796 2560 1064 2632; x_wconf 61' lang='lat' dir='ltr'>praecipio</span> <span class='ocrx_word' id='word_1_340' title='bbox 1089 2562 1274 2616; x_wconf 85' lang='lat' dir='ltr'>omnia</span> <span class='ocrx_word' id='word_1_341' title='bbox 1307 2579 1436 2633; x_wconf 80' lang='lat' dir='ltr'>quae</span> <span class='ocrx_word' id='word_1_342' title='bbox 1461 2560 1538 2616; x_wconf 88' lang='lat' dir='ltr'>ibi</span> <span class='ocrx_word' id='word_1_343' title='bbox 1559 2563 1848 2629; x_wconf 89' lang='lat' dir='ltr'>statuistis,</span> <span class='ocrx_word' id='word_1_344' title='bbox 1876 2568 1933 2617; x_wconf 93' lang='lat' dir='ltr'>et</span> <span class='ocrx_word' id='word_1_345' title='bbox 1955 2580 2117 2635; x_wconf 88' lang='lat' dir='ltr'>vana,</span> 
     </span>
    </p>
   </div>
   <div class='ocr_carea' id='block_1_43' title="bbox 487 2655 2117 2728">
    <p class='ocr_par' dir='ltr' id='par_1_43' title="bbox 487 2655 2117 2728">
     <span class='ocr_line' id='line_1_43' title="bbox 487 2655 2117 2728; baseline 0.002 -20"><span class='ocrx_word' id='word_1_346' title='bbox 487 2656 544 2708; x_wconf 91' lang='lat' dir='ltr'>et</span> <span class='ocrx_word' id='word_1_347' title='bbox 572 2659 787 2708; x_wconf 79' lang='lat' dir='ltr'>cessata</span> <span class='ocrx_word' id='word_1_348' title='bbox 812 2670 950 2723; x_wconf 92' lang='lat' dir='ltr'>esse,</span> <span class='ocrx_word' id='word_1_349' title='bbox 980 2655 1058 2709; x_wconf 87' lang='lat' dir='ltr'>ita</span> <span class='ocrx_word' id='word_1_350' title='bbox 1088 2660 1152 2709; x_wconf 89' lang='lat' dir='ltr'>ut</span> <span class='ocrx_word' id='word_1_351' title='bbox 1177 2655 1441 2727; x_wconf 89' lang='lat' dir='ltr'>deinceps</span> <span class='ocrx_word' id='word_1_352' title='bbox 1471 2672 1765 2727; x_wconf 87' lang='lat' dir='ltr'>nunquam</span> <span class='ocrx_word' id='word_1_353' title='bbox 1790 2662 2117 2728; x_wconf 88' lang='lat' dir='ltr'>appareant,</span> 
     </span>
    </p>
   </div>
   <div class='ocr_carea' id='block_1_44' title="bbox 492 2747 2121 2821">
    <p class='ocr_par' dir='ltr' id='par_1_44' title="bbox 492 2747 2121 2821">
     <span class='ocr_line' id='line_1_44' title="bbox 492 2747 2121 2821; baseline 0.002 -19"><span class='ocrx_word' id='word_1_354' title='bbox 492 2763 596 2802; x_wconf 92' lang='lat' dir='ltr'>nec</span> <span class='ocrx_word' id='word_1_355' title='bbox 625 2747 991 2802; x_wconf 85' lang='lat' dir='ltr'>ventilentur.</span> <span class='ocrx_word' id='word_1_356' title='bbox 1014 2748 1232 2803; x_wconf 84' lang='lat' dir='ltr'>Etenim</span> <span class='ocrx_word' id='word_1_357' title='bbox 1251 2748 1368 2820; x_wconf 91' lang='lat' dir='ltr'>ipse</span> <span class='ocrx_word' id='word_1_358' title='bbox 1393 2748 1646 2804; x_wconf 91' lang='lat' dir='ltr'>Salvator</span> <span class='ocrx_word' id='word_1_359' title='bbox 1668 2750 1833 2805; x_wconf 89' lang='lat' dir='ltr'>beato</span> <span class='ocrx_word' id='word_1_360' title='bbox 1858 2753 2121 2821; x_wconf 84' lang='lat' dir='ltr'>Apostolo</span> 
     </span>
    </p>
   </div>
   <div class='ocr_carea' id='block_1_45' title="bbox 487 2842 2116 2915">
    <p class='ocr_par' dir='ltr' id='par_1_45' title="bbox 487 2842 2116 2915">
     <span class='ocr_line' id='line_1_45' title="bbox 487 2842 2116 2915; baseline 0.003 -21"><span class='ocrx_word' id='word_1_361' title='bbox 487 2842 651 2895; x_wconf 89' lang='lat' dir='ltr'>Petro</span> <span class='ocrx_word' id='word_1_362' title='bbox 675 2846 943 2912; x_wconf 89' lang='lat' dir='ltr'>tanquam</span> <span class='ocrx_word' id='word_1_363' title='bbox 970 2842 1091 2913; x_wconf 88' lang='lat' dir='ltr'>ipsa</span> <span class='ocrx_word' id='word_1_364' title='bbox 1121 2858 1223 2913; x_wconf 91' lang='lat' dir='ltr'>per</span> <span class='ocrx_word' id='word_1_365' title='bbox 1251 2859 1309 2896; x_wconf 91' lang='lat' dir='ltr'>se</span> <span class='ocrx_word' id='word_1_366' title='bbox 1337 2842 1544 2897; x_wconf 87' lang='lat' dir='ltr'>veritas</span> <span class='ocrx_word' id='word_1_367' title='bbox 1585 2843 1855 2915; x_wconf 89' lang='lat' dir='ltr'>loquitur,</span> <span class='ocrx_word' id='word_1_368' title='bbox 1884 2844 2076 2899; x_wconf 89' lang='lat' dir='ltr'>dicens</span> <span class='ocrx_word' id='word_1_369' title='bbox 2103 2861 2116 2899; x_wconf 90' lang='lat'><strong>:</strong></span> 
     </span>
    </p>
   </div>
   <div class='ocr_carea' id='block_1_46' title="bbox 2220 2555 3865 2630">
    <p class='ocr_par' dir='ltr' id='par_1_46' title="bbox 2220 2555 3865 2630">
     <span class='ocr_line' id='line_1_46' title="bbox 2220 2555 3865 2630; baseline -0.004 -15"><span class='ocrx_word' id='word_1_370' title='bbox 2220 2561 2383 2616; x_wconf 88' lang='lat' dir='ltr'>turba</span> <span class='ocrx_word' id='word_1_371' title='bbox 2413 2563 2744 2629; x_wconf 90' lang='lat' dir='ltr'>concurrat,</span> <span class='ocrx_word' id='word_1_372' title='bbox 2775 2574 2945 2613; x_wconf 89' lang='lat' dir='ltr'>omne</span> <span class='ocrx_word' id='word_1_373' title='bbox 2967 2601 2983 2627; x_wconf 96' lang='lat'>,</span> <span class='ocrx_word' id='word_1_374' title='bbox 3010 2558 3163 2630; x_wconf 90' lang='lat' dir='ltr'>quod</span> <span class='ocrx_word' id='word_1_375' title='bbox 3192 2557 3358 2623; x_wconf 89' lang='lat' dir='ltr'>absit,</span> <span class='ocrx_word' id='word_1_376' title='bbox 3388 2557 3551 2612; x_wconf 89' lang='lat' dir='ltr'>citius</span> <span class='ocrx_word' id='word_1_377' title='bbox 3580 2555 3726 2610; x_wconf 87' lang='lat' dir='ltr'>ovile</span> <span class='ocrx_word' id='word_1_378' title='bbox 3773 2555 3865 2610; x_wconf 89' lang='lat' dir='ltr'>di-</span> 
     </span>
    </p>
   </div>
   <div class='ocr_carea' id='block_1_47' title="bbox 2219 2649 3864 2725">
    <p class='ocr_par' dir='ltr' id='par_1_47' title="bbox 2219 2649 3864 2725">
     <span class='ocr_line' id='line_1_47' title="bbox 2219 2649 3864 2725; baseline -0.005 -16"><span class='ocrx_word' id='word_1_379' title='bbox 2219 2654 2411 2709; x_wconf 89' lang='lat' dir='ltr'>laniet.</span> <span class='ocrx_word' id='word_1_380' title='bbox 2464 2654 2845 2725; x_wconf 89' lang='lat' dir='ltr'>Perpenditis,</span> <span class='ocrx_word' id='word_1_381' title='bbox 2886 2653 3089 2707; x_wconf 88' lang='lat' dir='ltr'>fratres</span> <span class='ocrx_word' id='word_1_382' title='bbox 3136 2650 3484 2717; x_wconf 88' lang='lat' dir='ltr'>charissimi,</span> <span class='ocrx_word' id='word_1_383' title='bbox 3525 2649 3665 2721; x_wconf 86' lang='lat' dir='ltr'>quid</span> <span class='ocrx_word' id='word_1_384' title='bbox 3705 2665 3735 2703; x_wconf 90' lang='lat' dir='ltr'>e</span> <span class='ocrx_word' id='word_1_385' title='bbox 3775 2649 3864 2702; x_wconf 89' lang='lat' dir='ltr'>vi-</span> 
     </span>
    </p>
   </div>
   <div class='ocr_carea' id='block_1_48' title="bbox 2220 2743 3869 2818">
    <p class='ocr_par' dir='ltr' id='par_1_48' title="bbox 2220 2743 3869 2818">
     <span class='ocr_line' id='line_1_48' title="bbox 2220 2743 3869 2818; baseline -0.003 -17"><span class='ocrx_word' id='word_1_386' title='bbox 2220 2747 2347 2802; x_wconf 91' lang='lat' dir='ltr'>cino</span> <span class='ocrx_word' id='word_1_387' title='bbox 2374 2747 2771 2818; x_wconf 86' lang='lat' dir='ltr'>subsequatur,</span> <span class='ocrx_word' id='word_1_388' title='bbox 2811 2762 2942 2800; x_wconf 91' lang='lat' dir='ltr'>cum</span> <span class='ocrx_word' id='word_1_389' title='bbox 2970 2750 3026 2799; x_wconf 91' lang='lat' dir='ltr'>et</span> <span class='ocrx_word' id='word_1_390' title='bbox 3049 2746 3109 2799; x_wconf 90' lang='lat' dir='ltr'>in</span> <span class='ocrx_word' id='word_1_391' title='bbox 3137 2743 3520 2799; x_wconf 83' lang='lat' dir='ltr'>sacerdotibus</span> <span class='ocrx_word' id='word_1_392' title='bbox 3547 2747 3869 2813; x_wconf 88' lang='lat' dir='ltr'>erumpunt</span> 
     </span>
    </p>
   </div>
   <div class='ocr_carea' id='block_1_49' title="bbox 2219 2836 3865 2911">
    <p class='ocr_par' dir='ltr' id='par_1_49' title="bbox 2219 2836 3865 2911">
     <span class='ocr_line' id='line_1_49' title="bbox 2219 2836 3865 2911; baseline -0.004 -15"><span class='ocrx_word' id='word_1_393' title='bbox 2219 2846 2339 2896; x_wconf 88' lang='lat' dir='ltr'>tam</span> <span class='ocrx_word' id='word_1_394' title='bbox 2369 2856 2631 2911; x_wconf 88' lang='lat' dir='ltr'>perversa</span> <span class='ocrx_word' id='word_1_395' title='bbox 2657 2838 2986 2910; x_wconf 91' lang='lat' dir='ltr'>primordia.</span> <span class='ocrx_word' id='word_1_396' title='bbox 3032 2839 3173 2902; x_wconf 86' lang='lat' dir='ltr'>Quia</span> <span class='ocrx_word' id='word_1_397' title='bbox 3220 2837 3373 2892; x_wconf 89' lang='lat' dir='ltr'>enim</span> <span class='ocrx_word' id='word_1_398' title='bbox 3413 2838 3580 2908; x_wconf 82' lang='lat' dir='ltr'>juxta</span> <span class='ocrx_word' id='word_1_399' title='bbox 3627 2842 3715 2897; x_wconf 82' lang='lat' dir='ltr'>est</span> <span class='ocrx_word' id='word_1_400' title='bbox 3762 2836 3865 2891; x_wconf 84' lang='lat' dir='ltr'>ille</span> 
     </span>
    </p>
   </div>
   <div class='ocr_carea' id='block_1_50' title="bbox 489 2933 3863 3007">
    <p class='ocr_par' dir='ltr' id='par_1_50' title="bbox 489 2933 3863 3007">
     <span class='ocr_line' id='line_1_50' title="bbox 489 2933 3863 3007; baseline -0.001 -18"><span class='ocrx_word' id='word_1_401' title='bbox 489 2935 823 3003; x_wconf 78' lang='lat' dir='ltr'>Quaecunque</span> <span class='ocrx_word' id='word_1_402' title='bbox 853 2935 1106 3004; x_wconf 81' lang='lat' dir='ltr'>ligaveris</span> <span class='ocrx_word' id='word_1_403' title='bbox 1131 2950 1293 3006; x_wconf 87' lang='lat' dir='ltr'>super</span> <span class='ocrx_word' id='word_1_404' title='bbox 1318 2940 1519 2990; x_wconf 87' lang='lat' dir='ltr'>terram</span> <span class='ocrx_word' id='word_1_405' title='bbox 1540 2979 1556 2999; x_wconf 88' lang='lat'>,</span> <span class='ocrx_word' id='word_1_406' title='bbox 1584 2942 1741 2991; x_wconf 83' lang='lat' dir='ltr'>erunt</span> <span class='ocrx_word' id='word_1_407' title='bbox 1782 2938 1957 3007; x_wconf 86' lang='lat' dir='ltr'>ligata</span> <span class='ocrx_word' id='word_1_408' title='bbox 1982 2943 2033 2992; x_wconf 88' lang='lat' dir='ltr'>et</span> <span class='ocrx_word' id='word_1_409' title='bbox 2063 2940 2122 2992; x_wconf 88' lang='lat' dir='ltr'>in</span> <span class='ocrx_word' id='word_1_410' title='bbox 2223 2934 2348 3005; x_wconf 89' lang='lat' dir='ltr'>[illi]</span> <span class='ocrx_word' id='word_1_411' title='bbox 2378 2935 2447 2989; x_wconf 91' lang='lat' dir='ltr'>de</span> <span class='ocrx_word' id='word_1_412' title='bbox 2469 2950 2581 3005; x_wconf 91' lang='lat' dir='ltr'>quo</span> <span class='ocrx_word' id='word_1_413' title='bbox 2605 2934 2881 3003; x_wconf 89' lang='lat' dir='ltr'>scriptum</span> <span class='ocrx_word' id='word_1_414' title='bbox 2906 2936 2993 2987; x_wconf 89' lang='lat' dir='ltr'>est</span> <span class='ocrx_word' id='word_1_415' title='bbox 3023 2949 3037 2986; x_wconf 87' lang='lat'><strong>:</strong></span> <span class='ocrx_word' id='word_1_416' title='bbox 3073 2935 3193 3002; x_wconf 84' lang='lat' dir='ltr'>Ipse</span> <span class='ocrx_word' id='word_1_417' title='bbox 3217 2935 3296 2985; x_wconf 86' lang='lat' dir='ltr'>est</span> <span class='ocrx_word' id='word_1_418' title='bbox 3321 2947 3419 2985; x_wconf 69' lang='lat' dir='ltr'>rem</span> <span class='ocrx_word' id='word_1_419' title='bbox 3443 2946 3605 3001; x_wconf 86' lang='lat' dir='ltr'>super</span> <span class='ocrx_word' id='word_1_420' title='bbox 3632 2933 3863 2985; x_wconf 78' lang='lat' dir='ltr'>univer-</span> 
     </span>
    </p>
   </div>
   <div class='ocr_carea' id='block_1_51' title="bbox 485 3024 3864 3101">
    <p class='ocr_par' dir='ltr' id='par_1_51' title="bbox 485 3024 3864 3101">
     <span class='ocr_line' id='line_1_51' title="bbox 485 3024 3864 3101; baseline -0.001 -19"><span class='ocrx_word' id='word_1_421' title='bbox 485 3029 644 3095; x_wconf 76' lang='lat' dir='ltr'>caelo;</span> <span class='ocrx_word' id='word_1_422' title='bbox 672 3033 722 3082; x_wconf 87' lang='lat' dir='ltr'>et</span> <span class='ocrx_word' id='word_1_423' title='bbox 751 3044 1093 3099; x_wconf 70' lang='lat' dir='ltr'>quaecumque</span> <span class='ocrx_word' id='word_1_424' title='bbox 1109 3030 1331 3084; x_wconf 85' lang='lat' dir='ltr'>solveris</span> <span class='ocrx_word' id='word_1_425' title='bbox 1346 3044 1507 3101; x_wconf 83' lang='lat' dir='ltr'>super</span> <span class='ocrx_word' id='word_1_426' title='bbox 1533 3035 1754 3095; x_wconf 85' lang='lat' dir='ltr'>terram,</span> <span class='ocrx_word' id='word_1_427' title='bbox 1771 3037 1927 3086; x_wconf 86' lang='lat' dir='ltr'>erunt</span> <span class='ocrx_word' id='word_1_428' title='bbox 1943 3032 2121 3087; x_wconf 88' lang='lat' dir='ltr'>soluta</span> <span class='ocrx_word' id='word_1_429' title='bbox 2218 3043 2302 3083; x_wconf 90' lang='lat' dir='ltr'>sos</span> <span class='ocrx_word' id='word_1_430' title='bbox 2336 3029 2476 3097; x_wconf 85' lang='lat' dir='ltr'>ﬁlios</span> <span class='ocrx_word' id='word_1_431' title='bbox 2506 3028 2769 3097; x_wconf 74' lang='lat' dir='ltr'>superbiae</span> <span class='ocrx_word' id='word_1_432' title='bbox 2811 3027 2946 3098; x_wconf 89' lang='lat' dir='ltr'>(Job.</span> <span class='ocrx_word' id='word_1_433' title='bbox 2988 3026 3093 3095; x_wconf 73' lang='lat' dir='ltr'>xu)</span> <span class='ocrx_word' id='word_1_434' title='bbox 3146 3024 3315 3095; x_wconf 94' lang='lat' dir='ltr'>(quod</span> <span class='ocrx_word' id='word_1_435' title='bbox 3367 3040 3485 3078; x_wconf 91' lang='lat' dir='ltr'>non</span> <span class='ocrx_word' id='word_1_436' title='bbox 3528 3024 3651 3078; x_wconf 88' lang='lat' dir='ltr'>sine</span> <span class='ocrx_word' id='word_1_437' title='bbox 3698 3024 3864 3094; x_wconf 86' lang='lat' dir='ltr'>gravi</span> 
     </span>
    </p>
   </div>
   <div class='ocr_carea' id='block_1_52' title="bbox 486 3116 3866 3243">
    <p class='ocr_par' dir='ltr' id='par_1_52' title="bbox 486 3116 3866 3243">
     <span class='ocr_line' id='line_1_52' title="bbox 486 3116 3866 3243; baseline -0.001 -68"><span class='ocrx_word' id='word_1_438' title='bbox 486 3125 622 3176; x_wconf 84' lang='lat' dir='ltr'>etin</span> <span class='ocrx_word' id='word_1_439' title='bbox 663 3123 789 3177; x_wconf 66' lang='lat' dir='ltr'>caelo</span> <span class='ocrx_word' id='word_1_440' title='bbox 835 3122 1048 3192; x_wconf 80' lang='lat' dir='ltr'>(Matth.</span> <span class='ocrx_word' id='word_1_441' title='bbox 1090 3122 1222 3194; x_wconf 72' lang='lat' dir='ltr'>xvr).</span> <span class='ocrx_word' id='word_1_442' title='bbox 1254 3123 1437 3178; x_wconf 85' lang='lat' dir='ltr'>Multis</span> <span class='ocrx_word' id='word_1_443' title='bbox 1480 3123 1669 3179; x_wconf 91' lang='lat' dir='ltr'>denuo</span> <span class='ocrx_word' id='word_1_444' title='bbox 1712 3125 2026 3195; x_wconf 89' lang='lat' dir='ltr'>apostolicis</span> <span class='ocrx_word' id='word_1_445' title='bbox 2064 3128 2120 3179; x_wconf 92' lang='lat' dir='ltr'>et</span> <span class='ocrx_word' id='word_1_446' title='bbox 2139 3167 2195 3243; x_wconf 66' lang='grc' dir='ltr'><strong>Ο</strong></span> <span class='ocrx_word' id='word_1_447' title='bbox 2220 3121 2411 3176; x_wconf 90' lang='lat' dir='ltr'>dolore</span> <span class='ocrx_word' id='word_1_448' title='bbox 2437 3120 2623 3175; x_wconf 89' lang='lat' dir='ltr'>dicere</span> <span class='ocrx_word' id='word_1_449' title='bbox 2648 3120 2981 3191; x_wconf 91' lang='lat' dir='ltr'>compellor,</span> <span class='ocrx_word' id='word_1_450' title='bbox 3012 3119 3150 3173; x_wconf 90' lang='lat' dir='ltr'>dum</span> <span class='ocrx_word' id='word_1_451' title='bbox 3191 3118 3369 3172; x_wconf 89' lang='lat' dir='ltr'>frater</span> <span class='ocrx_word' id='word_1_452' title='bbox 3396 3122 3454 3172; x_wconf 88' lang='lat' dir='ltr'>et</span> <span class='ocrx_word' id='word_1_453' title='bbox 3492 3116 3866 3189; x_wconf 88' lang='lat' dir='ltr'>coepiscopus</span> 
     </span>
     <span class='ocr_line' id='line_1_53' title="bbox 486 3211 3866 3243; baseline 0 0"><span class='ocrx_word' id='word_1_454' title='bbox 486 3212 765 3243; x_wconf 66' lang='grc' dir='ltr'>ηηπηηςηςρ</span> <span class='ocrx_word' id='word_1_455' title='bbox 831 3219 999 3243; x_wconf 64' lang='grc' dir='ltr'>..ιη-υ.</span> <span class='ocrx_word' id='word_1_456' title='bbox 1062 3214 1444 3243; x_wconf 59' lang='grc' dir='ltr'>,ωηιωςηοιςηςη</span> <span class='ocrx_word' id='word_1_457' title='bbox 1493 3214 1832 3243; x_wconf 71' lang='lat' dir='ltr'>:....t....:.~.....</span> <span class='ocrx_word' id='word_1_458' title='bbox 1886 3214 2094 3243; x_wconf 68' lang='grc' dir='ltr'>..Αηηιςη</span> <span class='ocrx_word' id='word_1_459' title='bbox 2220 3219 2409 3243; x_wconf 49' lang='lat' dir='ltr'>nm“-..</span> <span class='ocrx_word' id='word_1_460' title='bbox 2436 3216 2669 3243; x_wconf 61' lang='lat' dir='ltr'>[mnuum</span> <span class='ocrx_word' id='word_1_461' title='bbox 2694 3213 2953 3243; x_wconf 62' lang='grc' dir='ltr'>Μηπιιηιο</span> <span class='ocrx_word' id='word_1_462' title='bbox 2988 3211 3262 3243; x_wconf 70' lang='grc' dir='ltr'>Ᾱηννιὶηςηη</span> <span class='ocrx_word' id='word_1_463' title='bbox 3313 3217 3365 3243; x_wconf 69' lang='grc' dir='ltr'>οι</span> <span class='ocrx_word' id='word_1_464' title='bbox 3388 3211 3685 3243; x_wconf 67' lang='grc' dir='ltr'>ηπηαιηιςηη</span> <span class='ocrx_word' id='word_1_465' title='bbox 3720 3227 3866 3243; x_wconf 66' lang='grc' dir='ltr'>νιν-αι-</span> 
     </span>
    </p>
   </div>
   <div class='ocr_carea' id='block_1_53' title="bbox 486 3211 3869 3285">
    <p class='ocr_par' dir='ltr' id='par_1_53' title="bbox 486 3211 3869 3285">
     <span class='ocr_line' id='line_1_54' title="bbox 486 3211 3869 3285; baseline -0 -20"><span class='ocrx_word' id='word_1_466' title='bbox 486 3212 768 3266; x_wconf 90' lang='lat' dir='ltr'>canonicis</span> <span class='ocrx_word' id='word_1_467' title='bbox 829 3219 999 3284; x_wconf 88' lang='lat' dir='ltr'>atque</span> <span class='ocrx_word' id='word_1_468' title='bbox 1060 3214 1446 3268; x_wconf 85' lang='lat' dir='ltr'>ecclesiasticis</span> <span class='ocrx_word' id='word_1_469' title='bbox 1492 3214 1832 3269; x_wconf 89' lang='lat' dir='ltr'>instruimur</span> <span class='ocrx_word' id='word_1_470' title='bbox 1886 3214 2115 3285; x_wconf 90' lang='lat' dir='ltr'>regulis,</span> <span class='ocrx_word' id='word_1_471' title='bbox 2140 3211 2195 3243; x_wconf 75' lang='grc' dir='ltr'>υ</span> <span class='ocrx_word' id='word_1_472' title='bbox 2219 3219 2409 3270; x_wconf 89' lang='lat' dir='ltr'>noster</span> <span class='ocrx_word' id='word_1_473' title='bbox 2428 3216 2671 3269; x_wconf 85' lang='lat' dir='ltr'>Joannes</span> <span class='ocrx_word' id='word_1_474' title='bbox 2694 3213 2959 3268; x_wconf 86' lang='lat' dir='ltr'>mandata</span> <span class='ocrx_word' id='word_1_475' title='bbox 2987 3211 3287 3279; x_wconf 89' lang='lat' dir='ltr'>dominica,</span> <span class='ocrx_word' id='word_1_476' title='bbox 3312 3217 3369 3266; x_wconf 91' lang='lat' dir='ltr'>et</span> <span class='ocrx_word' id='word_1_477' title='bbox 3386 3211 3692 3283; x_wconf 84' lang='lat' dir='ltr'>apostolica</span> <span class='ocrx_word' id='word_1_478' title='bbox 3720 3227 3869 3281; x_wconf 71' lang='lat' dir='ltr'>pre:-</span> 
     </span>
    </p>
   </div>
   <div class='ocr_carea' id='block_1_54' title="bbox 491 3305 3865 3381">
    <p class='ocr_par' dir='ltr' id='par_1_54' title="bbox 491 3305 3865 3381">
     <span class='ocr_line' id='line_1_55' title="bbox 491 3305 3865 3381; baseline 0 -23"><span class='ocrx_word' id='word_1_479' title='bbox 491 3320 608 3359; x_wconf 88' lang='lat' dir='ltr'>non</span> <span class='ocrx_word' id='word_1_480' title='bbox 643 3305 848 3360; x_wconf 90' lang='lat' dir='ltr'>debere</span> <span class='ocrx_word' id='word_1_481' title='bbox 884 3306 1096 3377; x_wconf 89' lang='lat' dir='ltr'>absque</span> <span class='ocrx_word' id='word_1_482' title='bbox 1115 3306 1393 3361; x_wconf 88' lang='lat' dir='ltr'>sententia</span> <span class='ocrx_word' id='word_1_483' title='bbox 1422 3308 1663 3363; x_wconf 83' lang='lat' dir='ltr'>Romani</span> <span class='ocrx_word' id='word_1_484' title='bbox 1688 3308 1970 3363; x_wconf 86' lang='lat' dir='ltr'>Pontiﬁcis</span> <span class='ocrx_word' id='word_1_485' title='bbox 1994 3324 2122 3362; x_wconf 87' lang='lat' dir='ltr'>con-</span> <span class='ocrx_word' id='word_1_486' title='bbox 2220 3313 2402 3381; x_wconf 88' lang='lat' dir='ltr'>cepta,</span> <span class='ocrx_word' id='word_1_487' title='bbox 2433 3309 2772 3380; x_wconf 88' lang='lat' dir='ltr'>regulasque</span> <span class='ocrx_word' id='word_1_488' title='bbox 2799 3309 3035 3363; x_wconf 89' lang='lat' dir='ltr'>Patrum</span> <span class='ocrx_word' id='word_1_489' title='bbox 3059 3305 3394 3378; x_wconf 90' lang='lat' dir='ltr'>despiciens,</span> <span class='ocrx_word' id='word_1_490' title='bbox 3438 3321 3573 3360; x_wconf 89' lang='lat' dir='ltr'>eum</span> <span class='ocrx_word' id='word_1_491' title='bbox 3606 3321 3714 3377; x_wconf 90' lang='lat' dir='ltr'>per</span> <span class='ocrx_word' id='word_1_492' title='bbox 3742 3305 3865 3359; x_wconf 90' lang='lat' dir='ltr'>ela-</span> 
     </span>
    </p>
   </div>
   <div class='ocr_carea' id='block_1_55' title="bbox 486 3397 3867 3473">
    <p class='ocr_par' dir='ltr' id='par_1_55' title="bbox 486 3397 3867 3473">
     <span class='ocr_line' id='line_1_56' title="bbox 486 3397 3867 3473; baseline 0.001 -22"><span class='ocrx_word' id='word_1_493' title='bbox 486 3397 612 3452; x_wconf 89' lang='lat' dir='ltr'>cilia</span> <span class='ocrx_word' id='word_1_494' title='bbox 655 3397 928 3453; x_wconf 89' lang='lat' dir='ltr'>celebrari</span> <span class='ocrx_word' id='word_1_495' title='bbox 976 3401 1140 3471; x_wconf 82' lang='lat' dir='ltr'>[Socr.</span> <span class='ocrx_word' id='word_1_496' title='bbox 1169 3417 1229 3471; x_wconf 86' lang='lat' dir='ltr'>n,</span> <span class='ocrx_word' id='word_1_497' title='bbox 1273 3403 1305 3455; x_wconf 90' lang='grc'>8</span> <span class='ocrx_word' id='word_1_498' title='bbox 1350 3406 1407 3455; x_wconf 91' lang='lat' dir='ltr'>et</span> <span class='ocrx_word' id='word_1_499' title='bbox 1455 3405 1540 3471; x_wconf 79' lang='lat' dir='ltr'>l3,</span> <span class='ocrx_word' id='word_1_500' title='bbox 1577 3404 1698 3459; x_wconf 82' lang='lat' dir='ltr'>Soz.</span> <span class='ocrx_word' id='word_1_501' title='bbox 1740 3402 1904 3471; x_wconf 76' lang='lat'>111,9]</span> <span class='ocrx_word' id='word_1_502' title='bbox 1940 3418 1953 3455; x_wconf 91' lang='lat'><strong>:</strong></span> <span class='ocrx_word' id='word_1_503' title='bbox 1986 3418 2121 3472; x_wconf 86' lang='lat' dir='ltr'>qua-</span> <span class='ocrx_word' id='word_1_504' title='bbox 2218 3404 2434 3457; x_wconf 87' lang='lat' dir='ltr'>tionem</span> <span class='ocrx_word' id='word_1_505' title='bbox 2464 3417 2813 3473; x_wconf 68' lang='lat' dir='ltr'>prmcurrere</span> <span class='ocrx_word' id='word_1_506' title='bbox 2850 3406 3086 3455; x_wconf 87' lang='lat' dir='ltr'>conatur</span> <span class='ocrx_word' id='word_1_507' title='bbox 3119 3399 3180 3453; x_wconf 88' lang='lat' dir='ltr'>in</span> <span class='ocrx_word' id='word_1_508' title='bbox 3218 3399 3469 3471; x_wconf 86' lang='lat' dir='ltr'>nomine)</span> <span class='ocrx_word' id='word_1_509' title='bbox 3502 3402 3704 3454; x_wconf 68' lang='lat' dir='ltr'>vestra:</span> <span class='ocrx_word' id='word_1_510' title='bbox 3729 3399 3867 3454; x_wconf 86' lang='lat' dir='ltr'>bea-</span> 
     </span>
    </p>
   </div>
   <div class='ocr_carea' id='block_1_56' title="bbox 485 3492 3863 3567">
    <p class='ocr_par' dir='ltr' id='par_1_56' title="bbox 485 3492 3863 3567">
     <span class='ocr_line' id='line_1_57' title="bbox 485 3492 3863 3567; baseline 0.001 -21"><span class='ocrx_word' id='word_1_511' title='bbox 485 3496 721 3563; x_wconf 90' lang='lat' dir='ltr'>propter</span> <span class='ocrx_word' id='word_1_512' title='bbox 748 3497 829 3562; x_wconf 91' lang='lat' dir='ltr'>(ut</span> <span class='ocrx_word' id='word_1_513' title='bbox 848 3492 972 3564; x_wconf 89' lang='lat' dir='ltr'>jam</span> <span class='ocrx_word' id='word_1_514' title='bbox 1000 3494 1213 3549; x_wconf 91' lang='lat' dir='ltr'>dictum</span> <span class='ocrx_word' id='word_1_515' title='bbox 1242 3494 1342 3567; x_wconf 84' lang='lat' dir='ltr'>est)</span> <span class='ocrx_word' id='word_1_516' title='bbox 1366 3500 1515 3550; x_wconf 90' lang='lat' dir='ltr'>recte</span> <span class='ocrx_word' id='word_1_517' title='bbox 1540 3512 1655 3550; x_wconf 93' lang='lat' dir='ltr'>non</span> <span class='ocrx_word' id='word_1_518' title='bbox 1682 3495 2003 3565; x_wconf 89' lang='lat' dir='ltr'>concilium,</span> <span class='ocrx_word' id='word_1_519' title='bbox 2022 3495 2119 3550; x_wconf 89' lang='lat' dir='ltr'>sed</span> <span class='ocrx_word' id='word_1_520' title='bbox 2218 3496 2449 3552; x_wconf 90' lang='lat' dir='ltr'>titudini</span> <span class='ocrx_word' id='word_1_521' title='bbox 2485 3495 2696 3550; x_wconf 85' lang='lat' dir='ltr'>indicet</span> <span class='ocrx_word' id='word_1_522' title='bbox 2728 3495 3088 3566; x_wconf 89' lang='lat' dir='ltr'>omnipotens</span> <span class='ocrx_word' id='word_1_523' title='bbox 3121 3494 3288 3564; x_wconf 90' lang='lat' dir='ltr'>Deus,</span> <span class='ocrx_word' id='word_1_524' title='bbox 3322 3509 3498 3565; x_wconf 89' lang='lat' dir='ltr'>quam</span> <span class='ocrx_word' id='word_1_525' title='bbox 3528 3494 3691 3564; x_wconf 86' lang='lat' dir='ltr'>gravi</span> <span class='ocrx_word' id='word_1_526' title='bbox 3717 3509 3863 3548; x_wconf 88' lang='lat' dir='ltr'>con-</span> 
     </span>
    </p>
   </div>
   <div class='ocr_carea' id='block_1_57' title="bbox 484 3588 3862 3659">
    <p class='ocr_par' dir='ltr' id='par_1_57' title="bbox 484 3588 3862 3659">
     <span class='ocr_line' id='line_1_58' title="bbox 484 3588 3862 3659; baseline 0.001 -20"><span class='ocrx_word' id='word_1_527' title='bbox 484 3591 739 3640; x_wconf 87' lang='lat' dir='ltr'>vestrum</span> <span class='ocrx_word' id='word_1_528' title='bbox 769 3588 1226 3643; x_wconf 88' lang='lat' dir='ltr'>conventiculum</span> <span class='ocrx_word' id='word_1_529' title='bbox 1252 3590 1337 3644; x_wconf 90' lang='lat' dir='ltr'>vel</span> <span class='ocrx_word' id='word_1_530' title='bbox 1363 3589 1805 3645; x_wconf 89' lang='lat' dir='ltr'>conciliabulum</span> <span class='ocrx_word' id='word_1_531' title='bbox 1832 3593 2115 3658; x_wconf 83' lang='lat' dir='ltr'>cassatur;</span> <span class='ocrx_word' id='word_1_532' title='bbox 2219 3588 2575 3645; x_wconf 88' lang='lat' dir='ltr'>siderationis</span> <span class='ocrx_word' id='word_1_533' title='bbox 2601 3589 2773 3659; x_wconf 91' lang='lat' dir='ltr'>hujus</span> <span class='ocrx_word' id='word_1_534' title='bbox 2803 3589 3024 3659; x_wconf 81' lang='lat' dir='ltr'>gemitu</span> <span class='ocrx_word' id='word_1_535' title='bbox 3049 3592 3341 3659; x_wconf 89' lang='lat' dir='ltr'>torqueor,</span> <span class='ocrx_word' id='word_1_536' title='bbox 3369 3588 3519 3659; x_wconf 91' lang='lat' dir='ltr'>quod</span> <span class='ocrx_word' id='word_1_537' title='bbox 3546 3588 3641 3642; x_wconf 91' lang='lat' dir='ltr'>ille</span> <span class='ocrx_word' id='word_1_538' title='bbox 3669 3603 3862 3659; x_wconf 89' lang='lat' dir='ltr'>quon-</span> 
     </span>
    </p>
   </div>
   <div class='ocr_carea' id='block_1_58' title="bbox 486 3679 3865 3752">
    <p class='ocr_par' dir='ltr' id='par_1_58' title="bbox 486 3679 3865 3752">
     <span class='ocr_line' id='line_1_59' title="bbox 486 3679 3865 3752; baseline 0.001 -19"><span class='ocrx_word' id='word_1_539' title='bbox 486 3683 542 3733; x_wconf 90' lang='lat' dir='ltr'>et</span> <span class='ocrx_word' id='word_1_540' title='bbox 570 3679 848 3751; x_wconf 90' lang='lat' dir='ltr'>quidquid</span> <span class='ocrx_word' id='word_1_541' title='bbox 876 3680 937 3735; x_wconf 90' lang='lat' dir='ltr'>in</span> <span class='ocrx_word' id='word_1_542' title='bbox 962 3698 1028 3736; x_wconf 92' lang='lat' dir='ltr'>eo</span> <span class='ocrx_word' id='word_1_543' title='bbox 1054 3686 1243 3737; x_wconf 90' lang='lat' dir='ltr'>actum</span> <span class='ocrx_word' id='word_1_544' title='bbox 1269 3686 1379 3751; x_wconf 90' lang='lat' dir='ltr'>est,</span> <span class='ocrx_word' id='word_1_545' title='bbox 1411 3683 1638 3738; x_wconf 85' lang='lat' dir='ltr'>irritum</span> <span class='ocrx_word' id='word_1_546' title='bbox 1662 3683 1903 3738; x_wconf 90' lang='lat' dir='ltr'>habetur</span> <span class='ocrx_word' id='word_1_547' title='bbox 1926 3699 1992 3737; x_wconf 91' lang='lat' dir='ltr'>ac</span> <span class='ocrx_word' id='word_1_548' title='bbox 2019 3699 2117 3737; x_wconf 90' lang='lat' dir='ltr'>va-</span> <span class='ocrx_word' id='word_1_549' title='bbox 2219 3683 2350 3738; x_wconf 90' lang='lat' dir='ltr'>dam</span> <span class='ocrx_word' id='word_1_550' title='bbox 2402 3682 2545 3738; x_wconf 89' lang='lat' dir='ltr'>mihi</span> <span class='ocrx_word' id='word_1_551' title='bbox 2601 3682 2946 3751; x_wconf 89' lang='lat' dir='ltr'>notissimus,</span> <span class='ocrx_word' id='word_1_552' title='bbox 3002 3682 3096 3737; x_wconf 88' lang='lat' dir='ltr'>ille</span> <span class='ocrx_word' id='word_1_553' title='bbox 3139 3682 3405 3737; x_wconf 89' lang='lat' dir='ltr'>omnibus</span> <span class='ocrx_word' id='word_1_554' title='bbox 3454 3682 3712 3752; x_wconf 91' lang='lat' dir='ltr'>dilectus,</span> <span class='ocrx_word' id='word_1_555' title='bbox 3764 3681 3865 3736; x_wconf 89' lang='lat' dir='ltr'>ille</span> 
     </span>
    </p>
   </div>
   <div class='ocr_carea' id='block_1_59' title="bbox 484 3774 3865 3849">
    <p class='ocr_par' dir='ltr' id='par_1_59' title="bbox 484 3774 3865 3849">
     <span class='ocr_line' id='line_1_60' title="bbox 484 3774 3865 3849; baseline 0.001 -23"><span class='ocrx_word' id='word_1_556' title='bbox 484 3788 676 3828; x_wconf 91' lang='lat' dir='ltr'>cuum.</span> <span class='ocrx_word' id='word_1_557' title='bbox 699 3775 806 3828; x_wconf 89' lang='lat' dir='ltr'>Vos</span> <span class='ocrx_word' id='word_1_558' title='bbox 828 3791 1056 3847; x_wconf 90' lang='lat' dir='ltr'>quoque</span> <span class='ocrx_word' id='word_1_559' title='bbox 1084 3776 1369 3848; x_wconf 88' lang='lat' dir='ltr'>deinceps,</span> <span class='ocrx_word' id='word_1_560' title='bbox 1398 3782 1465 3831; x_wconf 91' lang='lat' dir='ltr'>ut</span> <span class='ocrx_word' id='word_1_561' title='bbox 1489 3777 1701 3831; x_wconf 90' lang='lat' dir='ltr'>nullius</span> <span class='ocrx_word' id='word_1_562' title='bbox 1730 3777 1959 3831; x_wconf 90' lang='lat' dir='ltr'>hortatu</span> <span class='ocrx_word' id='word_1_563' title='bbox 1984 3776 2119 3831; x_wconf 90' lang='lat' dir='ltr'>talia</span> <span class='ocrx_word' id='word_1_564' title='bbox 2218 3777 2317 3849; x_wconf 90' lang='lat' dir='ltr'>qui</span> <span class='ocrx_word' id='word_1_565' title='bbox 2344 3777 2712 3849; x_wconf 87' lang='lat' dir='ltr'>eleemosynis</span> <span class='ocrx_word' id='word_1_566' title='bbox 2734 3818 2750 3849; x_wconf 87' lang='lat'>,</span> <span class='ocrx_word' id='word_1_567' title='bbox 2782 3776 3166 3843; x_wconf 89' lang='lat' dir='ltr'>orationibus,</span> <span class='ocrx_word' id='word_1_568' title='bbox 3217 3780 3388 3847; x_wconf 90' lang='lat' dir='ltr'>atque</span> <span class='ocrx_word' id='word_1_569' title='bbox 3426 3774 3667 3846; x_wconf 87' lang='lat' dir='ltr'>jejuniis</span> <span class='ocrx_word' id='word_1_570' title='bbox 3706 3774 3865 3831; x_wconf 52' lang='lat' dir='ltr'>vide.</span> 
     </span>
    </p>
   </div>
   <div class='ocr_carea' id='block_1_60' title="bbox 482 3866 3859 3942">
    <p class='ocr_par' dir='ltr' id='par_1_60' title="bbox 482 3866 3859 3942">
     <span class='ocr_line' id='line_1_61' title="bbox 482 3866 3859 3942; baseline 0.001 -22"><span class='ocrx_word' id='word_1_571' title='bbox 482 3866 862 3938; x_wconf 63' lang='lat' dir='ltr'>praesumatis,</span> <span class='ocrx_word' id='word_1_572' title='bbox 896 3870 942 3922; x_wconf 90' lang='lat' dir='ltr'>si</span> <span class='ocrx_word' id='word_1_573' title='bbox 967 3870 1293 3940; x_wconf 73' lang='lat' dir='ltr'>apostolicae</span> <span class='ocrx_word' id='word_1_574' title='bbox 1323 3870 1471 3925; x_wconf 89' lang='lat' dir='ltr'>sedis</span> <span class='ocrx_word' id='word_1_575' title='bbox 1502 3869 1901 3925; x_wconf 90' lang='lat' dir='ltr'>communione</span> <span class='ocrx_word' id='word_1_576' title='bbox 1927 3886 2117 3925; x_wconf 89' lang='lat' dir='ltr'>carere</span> <span class='ocrx_word' id='word_1_577' title='bbox 2216 3870 2386 3925; x_wconf 85' lang='lat' dir='ltr'>batur</span> <span class='ocrx_word' id='word_1_578' title='bbox 2412 3876 2737 3942; x_wconf 88' lang='lat' dir='ltr'>occupatus,</span> <span class='ocrx_word' id='word_1_579' title='bbox 2767 3874 2825 3925; x_wconf 92' lang='lat' dir='ltr'>et</span> <span class='ocrx_word' id='word_1_580' title='bbox 2848 3887 2917 3925; x_wconf 85' lang='lat' dir='ltr'>ex</span> <span class='ocrx_word' id='word_1_581' title='bbox 2944 3886 3010 3924; x_wconf 94' lang='lat' dir='ltr'>eo</span> <span class='ocrx_word' id='word_1_582' title='bbox 3039 3886 3152 3941; x_wconf 90' lang='lat' dir='ltr'>quo</span> <span class='ocrx_word' id='word_1_583' title='bbox 3191 3869 3424 3924; x_wconf 82' lang='lat' dir='ltr'>fcetebat</span> <span class='ocrx_word' id='word_1_584' title='bbox 3449 3870 3659 3938; x_wconf 87' lang='lat' dir='ltr'>cinere,</span> <span class='ocrx_word' id='word_1_585' title='bbox 3688 3885 3758 3923; x_wconf 82' lang='lat' dir='ltr'>ex</span> <span class='ocrx_word' id='word_1_586' title='bbox 3792 3885 3859 3923; x_wconf 86' lang='lat' dir='ltr'>ea</span> 
     </span>
    </p>
   </div>
   <div class='ocr_carea' id='block_1_61' title="bbox 484 3961 3858 4037">
    <p class='ocr_par' dir='ltr' id='par_1_61' title="bbox 484 3961 3858 4037">
     <span class='ocr_line' id='line_1_62' title="bbox 484 3961 3858 4037; baseline 0.001 -23"><span class='ocrx_word' id='word_1_587' title='bbox 484 3976 600 4015; x_wconf 92' lang='lat' dir='ltr'>non</span> <span class='ocrx_word' id='word_1_588' title='bbox 626 3961 811 4016; x_wconf 88' lang='lat' dir='ltr'>vultis.</span> <span class='ocrx_word' id='word_1_589' title='bbox 842 3962 1003 4016; x_wconf 85' lang='lat' dir='ltr'>Modo</span> <span class='ocrx_word' id='word_1_590' title='bbox 1030 3979 1162 4017; x_wconf 90' lang='lat' dir='ltr'>vero</span> <span class='ocrx_word' id='word_1_591' title='bbox 1188 3962 1316 4019; x_wconf 90' lang='lat' dir='ltr'>ideo</span> <span class='ocrx_word' id='word_1_592' title='bbox 1345 3965 1712 4035; x_wconf 87' lang='lat' dir='ltr'>suspenditur</span> <span class='ocrx_word' id='word_1_593' title='bbox 1738 3964 1911 4032; x_wconf 89' lang='lat' dir='ltr'>ultio,</span> <span class='ocrx_word' id='word_1_594' title='bbox 1942 3970 2008 4019; x_wconf 93' lang='lat' dir='ltr'>ut</span> <span class='ocrx_word' id='word_1_595' title='bbox 2031 3964 2114 4018; x_wconf 87' lang='lat' dir='ltr'>lo-</span> <span class='ocrx_word' id='word_1_596' title='bbox 2218 3981 2391 4036; x_wconf 88' lang='lat' dir='ltr'>quam</span> <span class='ocrx_word' id='word_1_597' title='bbox 2443 3964 2834 4037; x_wconf 62' lang='lat' dir='ltr'>praetendebat</span> <span class='ocrx_word' id='word_1_598' title='bbox 2880 3964 3204 4018; x_wconf 89' lang='lat' dir='ltr'>humilitate</span> <span class='ocrx_word' id='word_1_599' title='bbox 3258 3963 3590 4034; x_wconf 88' lang='lat' dir='ltr'>jactantiam</span> <span class='ocrx_word' id='word_1_600' title='bbox 3634 3968 3858 4017; x_wconf 85' lang='lat' dir='ltr'>tantam</span> 
     </span>
    </p>
   </div>
   <div class='ocr_carea' id='block_1_62' title="bbox 484 4054 2118 4127">
    <p class='ocr_par' dir='ltr' id='par_1_62' title="bbox 484 4054 2118 4127">
     <span class='ocr_line' id='line_1_63' title="bbox 484 4054 2118 4127; baseline 0.002 -20"><span class='ocrx_word' id='word_1_601' title='bbox 484 4070 617 4108; x_wconf 89' lang='lat' dir='ltr'>cum</span> <span class='ocrx_word' id='word_1_602' title='bbox 644 4055 821 4125; x_wconf 90' lang='lat' dir='ltr'>possit</span> <span class='ocrx_word' id='word_1_603' title='bbox 844 4054 1055 4109; x_wconf 90' lang='lat' dir='ltr'>habere</span> <span class='ocrx_word' id='word_1_604' title='bbox 1090 4057 1363 4112; x_wconf 89' lang='lat' dir='ltr'>correctio</span> <span class='ocrx_word' id='word_1_605' title='bbox 1394 4056 1469 4125; x_wconf 92' lang='lat' dir='ltr'>[S.</span> <span class='ocrx_word' id='word_1_606' title='bbox 1498 4060 1620 4121; x_wconf 89' lang='lat' dir='ltr'>Leo,</span> <span class='ocrx_word' id='word_1_607' title='bbox 1649 4060 1805 4127; x_wconf 85' lang='lat' dir='ltr'>epist.</span> <span class='ocrx_word' id='word_1_608' title='bbox 1836 4057 1947 4127; x_wconf 77' lang='grc'>47].</span> <span class='ocrx_word' id='word_1_609' title='bbox 1974 4059 2118 4111; x_wconf 75' lang='lat' dir='ltr'>Prae-</span> 
     </span>
    </p>
   </div>
   <div class='ocr_carea' id='block_1_63' title="bbox 484 4146 2113 4221">
    <p class='ocr_par' dir='ltr' id='par_1_63' title="bbox 484 4146 2113 4221">
     <span class='ocr_line' id='line_1_64' title="bbox 484 4146 2113 4221; baseline 0.002 -21"><span class='ocrx_word' id='word_1_610' title='bbox 484 4146 803 4201; x_wconf 90' lang='lat' dir='ltr'>decessores</span> <span class='ocrx_word' id='word_1_611' title='bbox 821 4164 951 4202; x_wconf 87' lang='lat' dir='ltr'>vero</span> <span class='ocrx_word' id='word_1_612' title='bbox 977 4149 1226 4220; x_wconf 90' lang='lat' dir='ltr'>Joannis,</span> <span class='ocrx_word' id='word_1_613' title='bbox 1260 4155 1315 4205; x_wconf 88' lang='lat' dir='ltr'>et</span> <span class='ocrx_word' id='word_1_614' title='bbox 1345 4150 1465 4221; x_wconf 91' lang='lat' dir='ltr'>ipse</span> <span class='ocrx_word' id='word_1_615' title='bbox 1484 4152 1745 4218; x_wconf 86' lang='lat' dir='ltr'>Joannes,</span> <span class='ocrx_word' id='word_1_616' title='bbox 1778 4167 1893 4204; x_wconf 92' lang='lat' dir='ltr'>non</span> <span class='ocrx_word' id='word_1_617' title='bbox 1920 4151 2113 4219; x_wconf 88' lang='lat' dir='ltr'>semel,</span> 
     </span>
    </p>
   </div>
   <div class='ocr_carea' id='block_1_64' title="bbox 483 4238 2116 4315">
    <p class='ocr_par' dir='ltr' id='par_1_64' title="bbox 483 4238 2116 4315">
     <span class='ocr_line' id='line_1_65' title="bbox 483 4238 2116 4315; baseline 0.003 -22"><span class='ocrx_word' id='word_1_618' title='bbox 483 4238 582 4294; x_wconf 88' lang='lat' dir='ltr'>sed</span> <span class='ocrx_word' id='word_1_619' title='bbox 607 4239 915 4311; x_wconf 61' lang='lat' dir='ltr'>saepissime</span> <span class='ocrx_word' id='word_1_620' title='bbox 944 4242 1205 4313; x_wconf 90' lang='lat' dir='ltr'>epistolas</span> <span class='ocrx_word' id='word_1_621' title='bbox 1231 4249 1400 4315; x_wconf 88' lang='lat' dir='ltr'>atque</span> <span class='ocrx_word' id='word_1_622' title='bbox 1438 4243 1653 4298; x_wconf 89' lang='lat' dir='ltr'>libellos</span> <span class='ocrx_word' id='word_1_623' title='bbox 1684 4242 1915 4315; x_wconf 89' lang='lat' dir='ltr'>propria</span> <span class='ocrx_word' id='word_1_624' title='bbox 1943 4260 2116 4298; x_wconf 89' lang='lat' dir='ltr'>manu</span> 
     </span>
    </p>
   </div>
   <div class='ocr_carea' id='block_1_65' title="bbox 484 4333 2112 4407">
    <p class='ocr_par' dir='ltr' id='par_1_65' title="bbox 484 4333 2112 4407">
     <span class='ocr_line' id='line_1_66' title="bbox 484 4333 2112 4407; baseline 0.003 -20"><span class='ocrx_word' id='word_1_625' title='bbox 484 4333 825 4406; x_wconf 89' lang='lat' dir='ltr'>subscriptos</span> <span class='ocrx_word' id='word_1_626' title='bbox 853 4337 1060 4391; x_wconf 89' lang='lat' dir='ltr'>sanctis</span> <span class='ocrx_word' id='word_1_627' title='bbox 1087 4336 1538 4392; x_wconf 90' lang='lat' dir='ltr'>antecessoribus</span> <span class='ocrx_word' id='word_1_628' title='bbox 1569 4337 1776 4391; x_wconf 89' lang='lat' dir='ltr'>nostris</span> <span class='ocrx_word' id='word_1_629' title='bbox 1813 4336 2112 4407; x_wconf 89' lang='lat' dir='ltr'>miserunt,</span> 
     </span>
    </p>
   </div>
   <div class='ocr_carea' id='block_1_66' title="bbox 482 4428 2118 4503">
    <p class='ocr_par' dir='ltr' id='par_1_66' title="bbox 482 4428 2118 4503">
     <span class='ocr_line' id='line_1_67' title="bbox 482 4428 2118 4503; baseline 0.002 -21"><span class='ocrx_word' id='word_1_630' title='bbox 482 4428 688 4500; x_wconf 84' lang='lat' dir='ltr'>quibus</span> <span class='ocrx_word' id='word_1_631' title='bbox 717 4445 908 4485; x_wconf 89' lang='lat' dir='ltr'>coram</span> <span class='ocrx_word' id='word_1_632' title='bbox 937 4430 1051 4485; x_wconf 91' lang='lat' dir='ltr'>Deo</span> <span class='ocrx_word' id='word_1_633' title='bbox 1071 4431 1363 4502; x_wconf 85' lang='lat' dir='ltr'>protestati</span> <span class='ocrx_word' id='word_1_634' title='bbox 1388 4430 1698 4499; x_wconf 88' lang='lat' dir='ltr'>sunt,nihil</span> <span class='ocrx_word' id='word_1_635' title='bbox 1717 4447 1969 4502; x_wconf 92' lang='lat' dir='ltr'>unquam</span> <span class='ocrx_word' id='word_1_636' title='bbox 1989 4448 2118 4503; x_wconf 87' lang='lat' dir='ltr'>pro-</span> 
     </span>
    </p>
   </div>
   <div class='ocr_carea' id='block_1_67' title="bbox 2217 4056 3859 4129">
    <p class='ocr_par' dir='ltr' id='par_1_67' title="bbox 2217 4056 3859 4129">
     <span class='ocr_line' id='line_1_68' title="bbox 2217 4056 3859 4129; baseline 0 -18"><span class='ocrx_word' id='word_1_637' title='bbox 2217 4058 2477 4129; x_wconf 89' lang='lat' dir='ltr'>sumpsit,</span> <span class='ocrx_word' id='word_1_638' title='bbox 2515 4058 2594 4113; x_wconf 91' lang='lat' dir='ltr'>ita</span> <span class='ocrx_word' id='word_1_639' title='bbox 2627 4062 2695 4113; x_wconf 90' lang='lat' dir='ltr'>ut</span> <span class='ocrx_word' id='word_1_640' title='bbox 2733 4057 2994 4112; x_wconf 88' lang='lat' dir='ltr'>universa</span> <span class='ocrx_word' id='word_1_641' title='bbox 3042 4056 3148 4111; x_wconf 90' lang='lat' dir='ltr'>sibi</span> <span class='ocrx_word' id='word_1_642' title='bbox 3191 4061 3373 4111; x_wconf 88' lang='lat' dir='ltr'>tentet</span> <span class='ocrx_word' id='word_1_643' title='bbox 3411 4056 3754 4123; x_wconf 87' lang='lat' dir='ltr'>adscribere,</span> <span class='ocrx_word' id='word_1_644' title='bbox 3800 4061 3859 4111; x_wconf 88' lang='lat' dir='ltr'>et</span> 
     </span>
    </p>
   </div>
   <div class='ocr_carea' id='block_1_68' title="bbox 2218 4149 3854 4224">
    <p class='ocr_par' dir='ltr' id='par_1_68' title="bbox 2218 4149 3854 4224">
     <span class='ocr_line' id='line_1_69' title="bbox 2218 4149 3854 4224; baseline -0.001 -18"><span class='ocrx_word' id='word_1_645' title='bbox 2218 4151 2431 4222; x_wconf 89' lang='lat' dir='ltr'>omnia,</span> <span class='ocrx_word' id='word_1_646' title='bbox 2447 4168 2576 4224; x_wconf 68' lang='lat' dir='ltr'>qum</span> <span class='ocrx_word' id='word_1_647' title='bbox 2597 4152 2701 4206; x_wconf 89' lang='lat' dir='ltr'>soli</span> <span class='ocrx_word' id='word_1_648' title='bbox 2715 4151 2813 4205; x_wconf 90' lang='lat' dir='ltr'>uni</span> <span class='ocrx_word' id='word_1_649' title='bbox 2824 4151 2993 4222; x_wconf 90' lang='lat' dir='ltr'>capiti</span> <span class='ocrx_word' id='word_1_650' title='bbox 3004 4151 3312 4217; x_wconf 63' lang='lat' dir='ltr'>cohaerent,</span> <span class='ocrx_word' id='word_1_651' title='bbox 3328 4149 3589 4205; x_wconf 89' lang='lat' dir='ltr'>videlicet</span> <span class='ocrx_word' id='word_1_652' title='bbox 3599 4149 3854 4220; x_wconf 85' lang='lat' dir='ltr'>Christo,</span> 
     </span>
    </p>
   </div>
   <div class='ocr_carea' id='block_1_69' title="bbox 2214 4244 3857 4317">
    <p class='ocr_par' dir='ltr' id='par_1_69' title="bbox 2214 4244 3857 4317">
     <span class='ocr_line' id='line_1_70' title="bbox 2214 4244 3857 4317; baseline -0.002 -17"><span class='ocrx_word' id='word_1_653' title='bbox 2214 4260 2319 4317; x_wconf 88' lang='lat' dir='ltr'>per</span> <span class='ocrx_word' id='word_1_654' title='bbox 2343 4245 2679 4313; x_wconf 86' lang='lat' dir='ltr'>electionem</span> <span class='ocrx_word' id='word_1_655' title='bbox 2706 4244 3011 4317; x_wconf 88' lang='lat' dir='ltr'>pompatici</span> <span class='ocrx_word' id='word_1_656' title='bbox 3052 4244 3328 4299; x_wconf 89' lang='lat' dir='ltr'>sermonis</span> <span class='ocrx_word' id='word_1_657' title='bbox 3354 4244 3611 4314; x_wconf 90' lang='lat' dir='ltr'>ejusdem</span> <span class='ocrx_word' id='word_1_658' title='bbox 3642 4244 3857 4298; x_wconf 89' lang='lat' dir='ltr'>Christi</span> 
     </span>
    </p>
   </div>
   <div class='ocr_carea' id='block_1_70' title="bbox 2216 4336 3857 4410">
    <p class='ocr_par' dir='ltr' id='par_1_70' title="bbox 2216 4336 3857 4410">
     <span class='ocr_line' id='line_1_71' title="bbox 2216 4336 3857 4410; baseline -0.001 -18"><span class='ocrx_word' id='word_1_659' title='bbox 2216 4338 2323 4392; x_wconf 89' lang='lat' dir='ltr'>sibi</span> <span class='ocrx_word' id='word_1_660' title='bbox 2352 4339 2573 4394; x_wconf 88' lang='lat' dir='ltr'>studeat</span> <span class='ocrx_word' id='word_1_661' title='bbox 2603 4339 2861 4394; x_wconf 89' lang='lat' dir='ltr'>membra</span> <span class='ocrx_word' id='word_1_662' title='bbox 2903 4338 3227 4410; x_wconf 88' lang='lat' dir='ltr'>subjugare.</span> <span class='ocrx_word' id='word_1_663' title='bbox 3266 4339 3376 4393; x_wconf 83' lang='lat' dir='ltr'>Nec</span> <span class='ocrx_word' id='word_1_664' title='bbox 3409 4338 3658 4404; x_wconf 89' lang='lat' dir='ltr'>mirum,</span> <span class='ocrx_word' id='word_1_665' title='bbox 3698 4336 3857 4409; x_wconf 88' lang='lat' dir='ltr'>quod</span> 
     </span>
    </p>
   </div>
   <div class='ocr_carea' id='block_1_71' title="bbox 2213 4431 3856 4505">
    <p class='ocr_par' dir='ltr' id='par_1_71' title="bbox 2213 4431 3856 4505">
     <span class='ocr_line' id='line_1_72' title="bbox 2213 4431 3856 4505; baseline 0.001 -20"><span class='ocrx_word' id='word_1_666' title='bbox 2213 4431 2307 4487; x_wconf 90' lang='lat' dir='ltr'>ille</span> <span class='ocrx_word' id='word_1_667' title='bbox 2346 4438 2590 4488; x_wconf 89' lang='lat' dir='ltr'>tentator</span> <span class='ocrx_word' id='word_1_668' title='bbox 2641 4434 2742 4505; x_wconf 88' lang='lat' dir='ltr'>qui</span> <span class='ocrx_word' id='word_1_669' title='bbox 2795 4433 3020 4487; x_wconf 91' lang='lat' dir='ltr'>initium</span> <span class='ocrx_word' id='word_1_670' title='bbox 3070 4432 3256 4486; x_wconf 89' lang='lat' dir='ltr'>omnis</span> <span class='ocrx_word' id='word_1_671' title='bbox 3308 4432 3522 4502; x_wconf 86' lang='lat' dir='ltr'>peccati</span> <span class='ocrx_word' id='word_1_672' title='bbox 3571 4431 3677 4485; x_wconf 87' lang='lat' dir='ltr'>scit</span> <span class='ocrx_word' id='word_1_673' title='bbox 3732 4447 3856 4486; x_wconf 87' lang='lat' dir='ltr'>esse</span> 
     </span>
    </p>
   </div>
   <div class='ocr_carea' id='block_1_72' title="bbox 479 4524 3857 4612">
    <p class='ocr_par' dir='ltr' id='par_1_72' title="bbox 479 4524 3857 4612">
     <span class='ocr_line' id='line_1_73' title="bbox 479 4524 3857 4612; baseline 0.001 -35"><span class='ocrx_word' id='word_1_674' title='bbox 479 4526 634 4578; x_wconf 88' lang='lat' dir='ltr'>terve</span> <span class='ocrx_word' id='word_1_675' title='bbox 660 4528 855 4579; x_wconf 88' lang='lat' dir='ltr'>contra</span> <span class='ocrx_word' id='word_1_676' title='bbox 878 4524 1242 4595; x_wconf 88' lang='lat' dir='ltr'>apostolicam</span> <span class='ocrx_word' id='word_1_677' title='bbox 1268 4524 1462 4579; x_wconf 90' lang='lat' dir='ltr'>sedem</span> <span class='ocrx_word' id='word_1_678' title='bbox 1487 4540 1656 4596; x_wconf 86' lang='lat' dir='ltr'>agere</span> <span class='ocrx_word' id='word_1_679' title='bbox 1682 4567 1695 4595; x_wconf 91' lang='lat'>,</span> <span class='ocrx_word' id='word_1_680' title='bbox 1728 4541 1833 4579; x_wconf 90' lang='lat' dir='ltr'>nec</span> <span class='ocrx_word' id='word_1_681' title='bbox 1866 4524 1936 4580; x_wconf 92' lang='lat' dir='ltr'>de</span> <span class='ocrx_word' id='word_1_682' title='bbox 1960 4524 2115 4579; x_wconf 88' lang='lat' dir='ltr'>illius</span> <span class='ocrx_word' id='word_1_683' title='bbox 2133 4540 2192 4612; x_wconf 86' lang='lat' dir='ltr'><strong>D</strong></span> <span class='ocrx_word' id='word_1_684' title='bbox 2214 4525 2558 4597; x_wconf 89' lang='lat' dir='ltr'>superbiam,</span> <span class='ocrx_word' id='word_1_685' title='bbox 2599 4532 2656 4581; x_wconf 89' lang='lat' dir='ltr'>et</span> <span class='ocrx_word' id='word_1_686' title='bbox 2678 4531 2816 4581; x_wconf 90' lang='lat' dir='ltr'>tunc</span> <span class='ocrx_word' id='word_1_687' title='bbox 2841 4542 2906 4581; x_wconf 90' lang='lat' dir='ltr'>ea</span> <span class='ocrx_word' id='word_1_688' title='bbox 2931 4526 2991 4581; x_wconf 92' lang='lat' dir='ltr'>in</span> <span class='ocrx_word' id='word_1_689' title='bbox 3021 4526 3207 4597; x_wconf 89' lang='lat' dir='ltr'>primo</span> <span class='ocrx_word' id='word_1_690' title='bbox 3242 4524 3475 4580; x_wconf 86' lang='lat' dir='ltr'>homine</span> <span class='ocrx_word' id='word_1_691' title='bbox 3499 4529 3633 4579; x_wconf 87' lang='lat' dir='ltr'>ante</span> <span class='ocrx_word' id='word_1_692' title='bbox 3659 4525 3857 4579; x_wconf 86' lang='lat' dir='ltr'>omnia</span> 
     </span>
    </p>
   </div>
   <div class='ocr_carea' id='block_1_73' title="bbox 479 4616 2113 4690">
    <p class='ocr_par' dir='ltr' id='par_1_73' title="bbox 479 4616 2113 4690">
     <span class='ocr_line' id='line_1_74' title="bbox 479 4616 2113 4690; baseline 0.001 -19"><span class='ocrx_word' id='word_1_693' title='bbox 479 4621 580 4671; x_wconf 86' lang='lat' dir='ltr'>aut</span> <span class='ocrx_word' id='word_1_694' title='bbox 606 4616 849 4671; x_wconf 89' lang='lat' dir='ltr'>aliorum</span> <span class='ocrx_word' id='word_1_695' title='bbox 876 4617 1182 4689; x_wconf 86' lang='lat' dir='ltr'>privilegiis</span> <span class='ocrx_word' id='word_1_696' title='bbox 1202 4618 1514 4690; x_wconf 89' lang='lat' dir='ltr'>quidquam</span> <span class='ocrx_word' id='word_1_697' title='bbox 1534 4635 1843 4690; x_wconf 89' lang='lat' dir='ltr'>usurpare:</span> <span class='ocrx_word' id='word_1_698' title='bbox 1866 4618 1966 4690; x_wconf 92' lang='lat' dir='ltr'>qui</span> <span class='ocrx_word' id='word_1_699' title='bbox 1985 4619 2113 4674; x_wconf 58' lang='lat' dir='ltr'>hac-</span> 
     </span>
    </p>
   </div>
   <div class='ocr_carea' id='block_1_74' title="bbox 480 4710 2113 4768">
    <p class='ocr_par' dir='ltr' id='par_1_74' title="bbox 480 4710 2113 4768">
     <span class='ocr_line' id='line_1_75' title="bbox 480 4710 2113 4768; baseline 0.001 -2"><span class='ocrx_word' id='word_1_700' title='bbox 480 4717 645 4767; x_wconf 89' lang='lat' dir='ltr'>tenus</span> <span class='ocrx_word' id='word_1_701' title='bbox 686 4710 747 4766; x_wconf 91' lang='lat' dir='ltr'>in</span> <span class='ocrx_word' id='word_1_702' title='bbox 792 4712 1021 4766; x_wconf 87' lang='lat' dir='ltr'>archivo</span> <span class='ocrx_word' id='word_1_703' title='bbox 1066 4716 1273 4767; x_wconf 62' lang='lat' dir='ltr'>sanctae</span> <span class='ocrx_word' id='word_1_704' title='bbox 1311 4713 1581 4767; x_wconf 64' lang='lat' dir='ltr'>Romanae</span> <span class='ocrx_word' id='word_1_705' title='bbox 1626 4713 1882 4768; x_wconf 81' lang='lat' dir='ltr'>Ecclesiae</span> <span class='ocrx_word' id='word_1_706' title='bbox 1912 4713 2017 4767; x_wconf 90' lang='lat' dir='ltr'>sub</span> <span class='ocrx_word' id='word_1_707' title='bbox 2045 4714 2113 4767; x_wconf 90' lang='lat' dir='ltr'>si-</span> 
     </span>
    </p>
   </div>
   <div class='ocr_carea' id='block_1_75' title="bbox 481 4804 2116 4878">
    <p class='ocr_par' dir='ltr' id='par_1_75' title="bbox 481 4804 2116 4878">
     <span class='ocr_line' id='line_1_76' title="bbox 481 4804 2116 4878; baseline 0.002 -20"><span class='ocrx_word' id='word_1_708' title='bbox 481 4804 630 4878; x_wconf 91' lang='lat' dir='ltr'>gillis</span> <span class='ocrx_word' id='word_1_709' title='bbox 655 4820 721 4861; x_wconf 91' lang='lat' dir='ltr'>ac</span> <span class='ocrx_word' id='word_1_710' title='bbox 746 4804 1139 4878; x_wconf 88' lang='lat' dir='ltr'>chirographis</span> <span class='ocrx_word' id='word_1_711' title='bbox 1168 4822 1365 4862; x_wconf 91' lang='lat' dir='ltr'>eorum</span> <span class='ocrx_word' id='word_1_712' title='bbox 1390 4807 1638 4862; x_wconf 86' lang='lat' dir='ltr'>roborati</span> <span class='ocrx_word' id='word_1_713' title='bbox 1664 4807 1950 4862; x_wconf 85' lang='lat' dir='ltr'>habentur</span> <span class='ocrx_word' id='word_1_714' title='bbox 1972 4806 2116 4862; x_wconf 86' lang='lat' dir='ltr'>inte-</span> 
     </span>
    </p>
   </div>
   <div class='ocr_carea' id='block_1_76' title="bbox 481 4898 2115 4972">
    <p class='ocr_par' dir='ltr' id='par_1_76' title="bbox 481 4898 2115 4972">
     <span class='ocr_line' id='line_1_77' title="bbox 481 4898 2115 4972; baseline 0.002 -19"><span class='ocrx_word' id='word_1_715' title='bbox 481 4898 589 4971; x_wconf 88' lang='lat' dir='ltr'>gri.</span> <span class='ocrx_word' id='word_1_716' title='bbox 622 4900 684 4954; x_wconf 89' lang='lat' dir='ltr'>In</span> <span class='ocrx_word' id='word_1_717' title='bbox 716 4898 852 4971; x_wconf 90' lang='lat' dir='ltr'>ipsis</span> <span class='ocrx_word' id='word_1_718' title='bbox 881 4899 1035 4955; x_wconf 91' lang='lat' dir='ltr'>enim</span> <span class='ocrx_word' id='word_1_719' title='bbox 1060 4900 1312 4972; x_wconf 86' lang='lat' dir='ltr'>epistolis</span> <span class='ocrx_word' id='word_1_720' title='bbox 1354 4903 1441 4957; x_wconf 92' lang='lat' dir='ltr'>vel</span> <span class='ocrx_word' id='word_1_721' title='bbox 1482 4900 1709 4968; x_wconf 89' lang='lat' dir='ltr'>libellis,</span> <span class='ocrx_word' id='word_1_722' title='bbox 1739 4902 2115 4956; x_wconf 85' lang='lat' dir='ltr'>anathematis</span> 
     </span>
    </p>
   </div>
   <div class='ocr_carea' id='block_1_77' title="bbox 477 4992 2113 5063">
    <p class='ocr_par' dir='ltr' id='par_1_77' title="bbox 477 4992 2113 5063">
     <span class='ocr_line' id='line_1_78' title="bbox 477 4992 2113 5063; baseline 0.001 -16"><span class='ocrx_word' id='word_1_723' title='bbox 477 4992 706 5048; x_wconf 86' lang='lat' dir='ltr'>vinculo</span> <span class='ocrx_word' id='word_1_724' title='bbox 752 5010 811 5048; x_wconf 93' lang='lat' dir='ltr'>se</span> <span class='ocrx_word' id='word_1_725' title='bbox 854 4998 912 5048; x_wconf 91' lang='lat' dir='ltr'>et</span> <span class='ocrx_word' id='word_1_726' title='bbox 952 5010 1296 5049; x_wconf 91' lang='lat' dir='ltr'>successores</span> <span class='ocrx_word' id='word_1_727' title='bbox 1321 5011 1519 5050; x_wconf 91' lang='lat' dir='ltr'>eorum</span> <span class='ocrx_word' id='word_1_728' title='bbox 1560 4995 2038 5063; x_wconf 84' lang='lat' dir='ltr'>constrinxerunt,</span> <span class='ocrx_word' id='word_1_729' title='bbox 2066 4995 2113 5049; x_wconf 91' lang='lat' dir='ltr'>si</span> 
     </span>
    </p>
   </div>
   <div class='ocr_carea' id='block_1_78' title="bbox 476 5086 2114 5160">
    <p class='ocr_par' dir='ltr' id='par_1_78' title="bbox 476 5086 2114 5160">
     <span class='ocr_line' id='line_1_79' title="bbox 476 5086 2114 5160; baseline 0.001 -18"><span class='ocrx_word' id='word_1_730' title='bbox 476 5102 736 5160; x_wconf 90' lang='lat' dir='ltr'>unquam</span> <span class='ocrx_word' id='word_1_731' title='bbox 763 5086 978 5158; x_wconf 87' lang='lat' dir='ltr'>aliquid</span> <span class='ocrx_word' id='word_1_732' title='bbox 1003 5094 1200 5143; x_wconf 87' lang='lat' dir='ltr'>contra</span> <span class='ocrx_word' id='word_1_733' title='bbox 1216 5105 1311 5143; x_wconf 92' lang='lat' dir='ltr'>eos</span> <span class='ocrx_word' id='word_1_734' title='bbox 1337 5089 1854 5160; x_wconf 68' lang='lat' dir='ltr'>praasumpsissent,</span> <span class='ocrx_word' id='word_1_735' title='bbox 1875 5094 2114 5143; x_wconf 87' lang='lat' dir='ltr'>autcon—</span> 
     </span>
    </p>
   </div>
   <div class='ocr_carea' id='block_1_79' title="bbox 476 5181 2109 5254">
    <p class='ocr_par' dir='ltr' id='par_1_79' title="bbox 476 5181 2109 5254">
     <span class='ocr_line' id='line_1_80' title="bbox 476 5181 2109 5254; baseline 0.001 -19"><span class='ocrx_word' id='word_1_736' title='bbox 476 5184 567 5235; x_wconf 90' lang='lat' dir='ltr'>tra</span> <span class='ocrx_word' id='word_1_737' title='bbox 591 5181 975 5252; x_wconf 86' lang='lat' dir='ltr'>apostolicam,</span> <span class='ocrx_word' id='word_1_738' title='bbox 1024 5182 1111 5241; x_wconf 87' lang='lat' dir='ltr'>vel</span> <span class='ocrx_word' id='word_1_739' title='bbox 1155 5181 1326 5236; x_wconf 89' lang='lat' dir='ltr'>ullius</span> <span class='ocrx_word' id='word_1_740' title='bbox 1360 5182 1591 5237; x_wconf 87' lang='lat' dir='ltr'>alterius</span> <span class='ocrx_word' id='word_1_741' title='bbox 1628 5181 1875 5254; x_wconf 91' lang='lat' dir='ltr'>episcopi</span> <span class='ocrx_word' id='word_1_742' title='bbox 1899 5183 2109 5249; x_wconf 87' lang='lat' dir='ltr'>sedem,</span> 
     </span>
    </p>
   </div>
   <div class='ocr_carea' id='block_1_80' title="bbox 475 5270 2113 5342">
    <p class='ocr_par' dir='ltr' id='par_1_80' title="bbox 475 5270 2113 5342">
     <span class='ocr_line' id='line_1_81' title="bbox 475 5270 2113 5342; baseline 0.002 -19"><span class='ocrx_word' id='word_1_743' title='bbox 475 5270 792 5342; x_wconf 89' lang='lat' dir='ltr'>quidquam</span> <span class='ocrx_word' id='word_1_744' title='bbox 836 5270 1055 5325; x_wconf 89' lang='lat' dir='ltr'>adversi</span> <span class='ocrx_word' id='word_1_745' title='bbox 1092 5286 1319 5342; x_wconf 91' lang='lat' dir='ltr'>quoquo</span> <span class='ocrx_word' id='word_1_746' title='bbox 1364 5273 1535 5326; x_wconf 91' lang='lat' dir='ltr'>modo</span> <span class='ocrx_word' id='word_1_747' title='bbox 1564 5275 1751 5327; x_wconf 88' lang='lat' dir='ltr'>essent</span> <span class='ocrx_word' id='word_1_748' title='bbox 1787 5272 1990 5327; x_wconf 90' lang='lat' dir='ltr'>moliti.</span> <span class='ocrx_word' id='word_1_749' title='bbox 2030 5272 2113 5327; x_wconf 55' lang='lat' dir='ltr'>ldo</span> 
     </span>
    </p>
   </div>
   <div class='ocr_carea' id='block_1_81' title="bbox 474 5363 2111 5437">
    <p class='ocr_par' dir='ltr' id='par_1_81' title="bbox 474 5363 2111 5437">
     <span class='ocr_line' id='line_1_82' title="bbox 474 5363 2111 5437; baseline 0.001 -19"><span class='ocrx_word' id='word_1_750' title='bbox 474 5363 623 5419; x_wconf 91' lang='lat' dir='ltr'>circo</span> <span class='ocrx_word' id='word_1_751' title='bbox 654 5380 748 5418; x_wconf 89' lang='lat' dir='ltr'>eos</span> <span class='ocrx_word' id='word_1_752' title='bbox 783 5380 900 5419; x_wconf 92' lang='lat' dir='ltr'>non</span> <span class='ocrx_word' id='word_1_753' title='bbox 926 5369 1010 5419; x_wconf 90' lang='lat' dir='ltr'>est</span> <span class='ocrx_word' id='word_1_754' title='bbox 1053 5380 1278 5419; x_wconf 89' lang='lat' dir='ltr'>necesse</span> <span class='ocrx_word' id='word_1_755' title='bbox 1306 5366 1797 5431; x_wconf 82' lang='lat' dir='ltr'>excommunicare</span> <span class='ocrx_word' id='word_1_756' title='bbox 1818 5409 1832 5437; x_wconf 91' lang='lat'>,</span> <span class='ocrx_word' id='word_1_757' title='bbox 1862 5371 1962 5421; x_wconf 89' lang='lat' dir='ltr'>aut</span> <span class='ocrx_word' id='word_1_758' title='bbox 1983 5383 2111 5420; x_wconf 88' lang='lat' dir='ltr'>ana-</span> 
     </span>
    </p>
   </div>
   <div class='ocr_carea' id='block_1_82' title="bbox 474 5457 2114 5531">
    <p class='ocr_par' dir='ltr' id='par_1_82' title="bbox 474 5457 2114 5531">
     <span class='ocr_line' id='line_1_83' title="bbox 474 5457 2114 5531; baseline 0.002 -20"><span class='ocrx_word' id='word_1_759' title='bbox 474 5457 881 5529; x_wconf 83' lang='lat' dir='ltr'>thematizare;</span> <span class='ocrx_word' id='word_1_760' title='bbox 914 5458 1047 5530; x_wconf 90' lang='lat' dir='ltr'>quia</span> <span class='ocrx_word' id='word_1_761' title='bbox 1073 5457 1181 5530; x_wconf 91' lang='lat' dir='ltr'>ipsi</span> <span class='ocrx_word' id='word_1_762' title='bbox 1201 5459 1576 5515; x_wconf 88' lang='lat' dir='ltr'>anathematis</span> <span class='ocrx_word' id='word_1_763' title='bbox 1603 5460 1849 5527; x_wconf 88' lang='lat' dir='ltr'>vinculo,</span> <span class='ocrx_word' id='word_1_764' title='bbox 1872 5460 2114 5531; x_wconf 89' lang='lat' dir='ltr'>propriis</span> 
     </span>
    </p>
   </div>
   <div class='ocr_carea' id='block_1_83' title="bbox 474 5551 2109 5625">
    <p class='ocr_par' dir='ltr' id='par_1_83' title="bbox 474 5551 2109 5625">
     <span class='ocr_line' id='line_1_84' title="bbox 474 5551 2109 5625; baseline 0.002 -20"><span class='ocrx_word' id='word_1_765' title='bbox 474 5551 741 5606; x_wconf 87' lang='lat' dir='ltr'>manibus</span> <span class='ocrx_word' id='word_1_766' title='bbox 766 5552 1139 5622; x_wconf 89' lang='lat' dir='ltr'>professiones</span> <span class='ocrx_word' id='word_1_767' title='bbox 1161 5569 1293 5608; x_wconf 90' lang='lat' dir='ltr'>suas</span> <span class='ocrx_word' id='word_1_768' title='bbox 1310 5569 1522 5625; x_wconf 89' lang='lat' dir='ltr'>suaque</span> <span class='ocrx_word' id='word_1_769' title='bbox 1543 5554 1751 5625; x_wconf 87' lang='lat' dir='ltr'>scripta</span> <span class='ocrx_word' id='word_1_770' title='bbox 1766 5554 2109 5621; x_wconf 88' lang='lat' dir='ltr'>roborando,</span> 
     </span>
    </p>
   </div>
   <div class='ocr_carea' id='block_1_84' title="bbox 474 5644 2111 5719">
    <p class='ocr_par' dir='ltr' id='par_1_84' title="bbox 474 5644 2111 5719">
     <span class='ocr_line' id='line_1_85' title="bbox 474 5644 2111 5719; baseline 0.003 -22"><span class='ocrx_word' id='word_1_771' title='bbox 474 5644 952 5701; x_wconf 82' lang='lat' dir='ltr'>constrinxerunt.</span> <span class='ocrx_word' id='word_1_772' title='bbox 985 5646 1135 5701; x_wconf 87' lang='lat' dir='ltr'>Sciat</span> <span class='ocrx_word' id='word_1_773' title='bbox 1162 5663 1220 5702; x_wconf 90' lang='lat' dir='ltr'>se</span> <span class='ocrx_word' id='word_1_774' title='bbox 1245 5652 1438 5701; x_wconf 89' lang='lat' dir='ltr'>tamen</span> <span class='ocrx_word' id='word_1_775' title='bbox 1466 5651 1522 5702; x_wconf 90' lang='lat' dir='ltr'>et</span> <span class='ocrx_word' id='word_1_776' title='bbox 1548 5647 1669 5719; x_wconf 89' lang='lat' dir='ltr'>ipse</span> <span class='ocrx_word' id='word_1_777' title='bbox 1698 5648 1940 5702; x_wconf 92' lang='lat' dir='ltr'>Joannes</span> <span class='ocrx_word' id='word_1_778' title='bbox 1959 5689 1973 5715; x_wconf 92' lang='lat'>,</span> <span class='ocrx_word' id='word_1_779' title='bbox 2002 5647 2111 5703; x_wconf 92' lang='lat' dir='ltr'>nisi</span> 
     </span>
    </p>
   </div>
   <div class='ocr_carea' id='block_1_85' title="bbox 477 5757 2106 5881">
    <p class='ocr_par' dir='ltr' id='par_1_85' title="bbox 477 5757 2106 5881">
     <span class='ocr_line' id='line_1_86' title="bbox 477 5757 2106 5881; baseline 0.006 -70"><span class='ocrx_word' id='word_1_780' title='bbox 477 5757 957 5881; x_wconf 65' lang='lat' dir='ltr'>lib(a)wSententia</span> <span class='ocrx_word' id='word_1_781' title='bbox 1017 5761 1194 5816; x_wconf 86' lang='lat' dir='ltr'>sancti</span> <span class='ocrx_word' id='word_1_782' title='bbox 1251 5763 1504 5834; x_wconf 84' lang='lat' dir='ltr'>Gregorii</span> <span class='ocrx_word' id='word_1_783' title='bbox 1540 5778 1726 5835; x_wconf 83' lang='lat' dir='ltr'>papae,</span> <span class='ocrx_word' id='word_1_784' title='bbox 1791 5762 1955 5835; x_wconf 88' lang='lat' dir='ltr'>epist.</span> <span class='ocrx_word' id='word_1_785' title='bbox 2017 5767 2106 5837; x_wconf 88' lang='lat'>36,</span> 
     </span>
    </p>
   </div>
   <div class='ocr_carea' id='block_1_86' title="bbox 2219 4619 3857 4691">
    <p class='ocr_par' dir='ltr' id='par_1_86' title="bbox 2219 4619 3857 4691">
     <span class='ocr_line' id='line_1_87' title="bbox 2219 4619 3857 4691; baseline 0 -18"><span class='ocrx_word' id='word_1_786' title='bbox 2219 4636 2354 4674; x_wconf 91' lang='lat' dir='ltr'>usus</span> <span class='ocrx_word' id='word_1_787' title='bbox 2379 4625 2482 4690; x_wconf 91' lang='lat' dir='ltr'>est,</span> <span class='ocrx_word' id='word_1_788' title='bbox 2512 4624 2568 4675; x_wconf 91' lang='lat' dir='ltr'>et</span> <span class='ocrx_word' id='word_1_789' title='bbox 2592 4636 2747 4675; x_wconf 91' lang='lat' dir='ltr'>nunc</span> <span class='ocrx_word' id='word_1_790' title='bbox 2779 4637 2903 4675; x_wconf 91' lang='lat' dir='ltr'>eam</span> <span class='ocrx_word' id='word_1_791' title='bbox 2929 4620 2989 4675; x_wconf 90' lang='lat' dir='ltr'>in</span> <span class='ocrx_word' id='word_1_792' title='bbox 3017 4619 3359 4691; x_wconf 85' lang='lat' dir='ltr'>quibusdam</span> <span class='ocrx_word' id='word_1_793' title='bbox 3397 4619 3730 4673; x_wconf 88' lang='lat' dir='ltr'>hominibus</span> <span class='ocrx_word' id='word_1_794' title='bbox 3753 4635 3857 4690; x_wconf 89' lang='lat' dir='ltr'>po-</span> 
     </span>
    </p>
   </div>
   <div class='ocr_carea' id='block_1_87' title="bbox 2212 4713 3855 4785">
    <p class='ocr_par' dir='ltr' id='par_1_87' title="bbox 2212 4713 3855 4785">
     <span class='ocr_line' id='line_1_88' title="bbox 2212 4713 3855 4785; baseline 0.001 -18"><span class='ocrx_word' id='word_1_795' title='bbox 2212 4713 2299 4768; x_wconf 90' lang='lat' dir='ltr'>nit</span> <span class='ocrx_word' id='word_1_796' title='bbox 2323 4713 2384 4768; x_wconf 91' lang='lat' dir='ltr'>in</span> <span class='ocrx_word' id='word_1_797' title='bbox 2413 4714 2525 4768; x_wconf 80' lang='lat' dir='ltr'>fine</span> <span class='ocrx_word' id='word_1_798' title='bbox 2564 4715 2873 4781; x_wconf 87' lang='lat' dir='ltr'>virtutum;</span> <span class='ocrx_word' id='word_1_799' title='bbox 2906 4718 2963 4770; x_wconf 90' lang='lat' dir='ltr'>et</span> <span class='ocrx_word' id='word_1_800' title='bbox 3001 4714 3101 4785; x_wconf 91' lang='lat' dir='ltr'>qui</span> <span class='ocrx_word' id='word_1_801' title='bbox 3132 4713 3487 4785; x_wconf 88' lang='lat' dir='ltr'>aliquatenus</span> <span class='ocrx_word' id='word_1_802' title='bbox 3520 4713 3681 4767; x_wconf 85' lang='lat' dir='ltr'>bonis</span> <span class='ocrx_word' id='word_1_803' title='bbox 3721 4713 3855 4768; x_wconf 69' lang='lat' dir='ltr'>vitm</span> 
     </span>
    </p>
   </div>
   <div class='ocr_carea' id='block_1_88' title="bbox 2213 4805 3857 4879">
    <p class='ocr_par' dir='ltr' id='par_1_88' title="bbox 2213 4805 3857 4879">
     <span class='ocr_line' id='line_1_89' title="bbox 2213 4805 3857 4879; baseline 0.001 -18"><span class='ocrx_word' id='word_1_804' title='bbox 2213 4808 2411 4863; x_wconf 89' lang='lat' dir='ltr'>studiis</span> <span class='ocrx_word' id='word_1_805' title='bbox 2452 4808 2791 4863; x_wconf 85' lang='lat' dir='ltr'>videbantur</span> <span class='ocrx_word' id='word_1_806' title='bbox 2816 4807 3225 4863; x_wconf 89' lang='lat' dir='ltr'>crudelissimas</span> <span class='ocrx_word' id='word_1_807' title='bbox 3251 4823 3455 4862; x_wconf 89' lang='lat' dir='ltr'>manus</span> <span class='ocrx_word' id='word_1_808' title='bbox 3482 4808 3603 4879; x_wconf 89' lang='lat' dir='ltr'>ejus</span> <span class='ocrx_word' id='word_1_809' title='bbox 3637 4805 3857 4877; x_wconf 76' lang='lat' dir='ltr'>effuge-</span> 
     </span>
    </p>
   </div>
   <div class='ocr_carea' id='block_1_89' title="bbox 2214 4900 3858 4972">
    <p class='ocr_par' dir='ltr' id='par_1_89' title="bbox 2214 4900 3858 4972">
     <span class='ocr_line' id='line_1_90' title="bbox 2214 4900 3858 4972; baseline 0.001 -18"><span class='ocrx_word' id='word_1_810' title='bbox 2214 4916 2296 4967; x_wconf 91' lang='lat' dir='ltr'>re,</span> <span class='ocrx_word' id='word_1_811' title='bbox 2326 4900 2406 4955; x_wconf 89' lang='lat' dir='ltr'>eis</span> <span class='ocrx_word' id='word_1_812' title='bbox 2434 4900 2493 4955; x_wconf 92' lang='lat' dir='ltr'>in</span> <span class='ocrx_word' id='word_1_813' title='bbox 2523 4900 2658 4972; x_wconf 90' lang='lat' dir='ltr'>ipsis</span> <span class='ocrx_word' id='word_1_814' title='bbox 2683 4901 2847 4956; x_wconf 88' lang='lat' dir='ltr'>metis</span> <span class='ocrx_word' id='word_1_815' title='bbox 2871 4901 3004 4955; x_wconf 88' lang='lat' dir='ltr'>boni</span> <span class='ocrx_word' id='word_1_816' title='bbox 3032 4901 3235 4972; x_wconf 91' lang='lat' dir='ltr'>operis,</span> <span class='ocrx_word' id='word_1_817' title='bbox 3253 4906 3309 4955; x_wconf 89' lang='lat' dir='ltr'>et</span> <span class='ocrx_word' id='word_1_818' title='bbox 3344 4900 3403 4955; x_wconf 91' lang='lat' dir='ltr'>in</span> <span class='ocrx_word' id='word_1_819' title='bbox 3428 4900 3552 4971; x_wconf 88' lang='lat' dir='ltr'>ipsa</span> <span class='ocrx_word' id='word_1_820' title='bbox 3578 4900 3858 4971; x_wconf 77' lang='lat' dir='ltr'>quodam-</span> 
     </span>
    </p>
   </div>
   <div class='ocr_carea' id='block_1_90' title="bbox 2212 4993 3851 5066">
    <p class='ocr_par' dir='ltr' id='par_1_90' title="bbox 2212 4993 3851 5066">
     <span class='ocr_line' id='line_1_91' title="bbox 2212 4993 3851 5066; baseline 0.001 -18"><span class='ocrx_word' id='word_1_821' title='bbox 2212 4994 2382 5049; x_wconf 91' lang='lat' dir='ltr'>modo</span> <span class='ocrx_word' id='word_1_822' title='bbox 2406 5000 2655 5066; x_wconf 88' lang='lat' dir='ltr'>apponat</span> <span class='ocrx_word' id='word_1_823' title='bbox 2691 4994 3054 5066; x_wconf 88' lang='lat' dir='ltr'>perfectionis</span> <span class='ocrx_word' id='word_1_824' title='bbox 3081 4994 3443 5049; x_wconf 88' lang='lat' dir='ltr'>conclusione</span> <span class='ocrx_word' id='word_1_825' title='bbox 3470 4993 3851 5050; x_wconf 88' lang='lat' dir='ltr'>tendiculum.</span> 
     </span>
    </p>
   </div>
   <div class='ocr_carea' id='block_1_91' title="bbox 2213 5088 3857 5160">
    <p class='ocr_par' dir='ltr' id='par_1_91' title="bbox 2213 5088 3857 5160">
     <span class='ocr_line' id='line_1_92' title="bbox 2213 5088 3857 5160; baseline 0.001 -18"><span class='ocrx_word' id='word_1_826' title='bbox 2213 5088 2369 5143; x_wconf 89' lang='lat' dir='ltr'>Unde</span> <span class='ocrx_word' id='word_1_827' title='bbox 2396 5104 2741 5160; x_wconf 88' lang='lat' dir='ltr'>magnopere</span> <span class='ocrx_word' id='word_1_828' title='bbox 2777 5089 3056 5144; x_wconf 89' lang='lat' dir='ltr'>orandum</span> <span class='ocrx_word' id='word_1_829' title='bbox 3091 5092 3206 5156; x_wconf 88' lang='lat' dir='ltr'>est,</span> <span class='ocrx_word' id='word_1_830' title='bbox 3236 5094 3294 5143; x_wconf 93' lang='lat' dir='ltr'>et</span> <span class='ocrx_word' id='word_1_831' title='bbox 3317 5088 3676 5159; x_wconf 89' lang='lat' dir='ltr'>omnipotens</span> <span class='ocrx_word' id='word_1_832' title='bbox 3702 5088 3857 5143; x_wconf 88' lang='lat' dir='ltr'>Deus</span> 
     </span>
    </p>
   </div>
   <div class='ocr_carea' id='block_1_92' title="bbox 2211 5180 3858 5254">
    <p class='ocr_par' dir='ltr' id='par_1_92' title="bbox 2211 5180 3858 5254">
     <span class='ocr_line' id='line_1_93' title="bbox 2211 5180 3858 5254; baseline -0.001 -18"><span class='ocrx_word' id='word_1_833' title='bbox 2211 5181 2449 5236; x_wconf 87' lang='lat' dir='ltr'>assiduis</span> <span class='ocrx_word' id='word_1_834' title='bbox 2473 5181 2738 5252; x_wconf 85' lang='lat' dir='ltr'>precibus</span> <span class='ocrx_word' id='word_1_835' title='bbox 2755 5182 3165 5254; x_wconf 89' lang='lat' dir='ltr'>implorandus,</span> <span class='ocrx_word' id='word_1_836' title='bbox 3188 5187 3254 5237; x_wconf 92' lang='lat' dir='ltr'>ut</span> <span class='ocrx_word' id='word_1_837' title='bbox 3272 5182 3425 5236; x_wconf 92' lang='lat' dir='ltr'>hunc</span> <span class='ocrx_word' id='word_1_838' title='bbox 3444 5197 3479 5235; x_wconf 90' lang='lat' dir='ltr'>a</span> <span class='ocrx_word' id='word_1_839' title='bbox 3494 5186 3686 5236; x_wconf 86' lang='lat' dir='ltr'>mente</span> <span class='ocrx_word' id='word_1_840' title='bbox 3703 5180 3858 5235; x_wconf 89' lang='lat' dir='ltr'>illius</span> 
     </span>
    </p>
   </div>
   <div class='ocr_carea' id='block_1_93' title="bbox 2211 5275 3855 5347">
    <p class='ocr_par' dir='ltr' id='par_1_93' title="bbox 2211 5275 3855 5347">
     <span class='ocr_line' id='line_1_94' title="bbox 2211 5275 3855 5347; baseline 0.002 -18"><span class='ocrx_word' id='word_1_841' title='bbox 2211 5280 2427 5330; x_wconf 89' lang='lat' dir='ltr'>avertat</span> <span class='ocrx_word' id='word_1_842' title='bbox 2463 5291 2745 5346; x_wconf 89' lang='lat' dir='ltr'>errorem,</span> <span class='ocrx_word' id='word_1_843' title='bbox 2786 5276 2893 5330; x_wconf 91' lang='lat' dir='ltr'>hoc</span> <span class='ocrx_word' id='word_1_844' title='bbox 2934 5276 3005 5330; x_wconf 90' lang='lat' dir='ltr'>ab</span> <span class='ocrx_word' id='word_1_845' title='bbox 3045 5276 3261 5331; x_wconf 89' lang='lat' dir='ltr'>unitate</span> <span class='ocrx_word' id='word_1_846' title='bbox 3305 5280 3475 5347; x_wconf 91' lang='lat' dir='ltr'>atque</span> <span class='ocrx_word' id='word_1_847' title='bbox 3525 5275 3855 5332; x_wconf 83' lang='lat' dir='ltr'>humilitate</span> 
     </span>
    </p>
   </div>
   <div class='ocr_carea' id='block_1_94' title="bbox 2212 5368 3852 5441">
    <p class='ocr_par' dir='ltr' id='par_1_94' title="bbox 2212 5368 3852 5441">
     <span class='ocr_line' id='line_1_95' title="bbox 2212 5368 3852 5441; baseline 0.001 -18"><span class='ocrx_word' id='word_1_848' title='bbox 2212 5369 2471 5424; x_wconf 70' lang='lat' dir='ltr'>Ecclesiae</span> <span class='ocrx_word' id='word_1_849' title='bbox 2506 5370 2722 5425; x_wconf 90' lang='lat' dir='ltr'>malum</span> <span class='ocrx_word' id='word_1_850' title='bbox 2761 5369 3040 5441; x_wconf 65' lang='lat' dir='ltr'>superbia:</span> <span class='ocrx_word' id='word_1_851' title='bbox 3086 5373 3143 5425; x_wconf 89' lang='lat' dir='ltr'>et</span> <span class='ocrx_word' id='word_1_852' title='bbox 3185 5368 3531 5423; x_wconf 89' lang='lat' dir='ltr'>confusionis</span> <span class='ocrx_word' id='word_1_853' title='bbox 3567 5375 3852 5438; x_wconf 88' lang='lat' dir='ltr'>amoveat,</span> 
     </span>
    </p>
   </div>
   <div class='ocr_carea' id='block_1_95' title="bbox 2212 5462 3851 5536">
    <p class='ocr_par' dir='ltr' id='par_1_95' title="bbox 2212 5462 3851 5536">
     <span class='ocr_line' id='line_1_96' title="bbox 2212 5462 3851 5536; baseline 0.002 -19"><span class='ocrx_word' id='word_1_854' title='bbox 2212 5467 2269 5518; x_wconf 89' lang='lat' dir='ltr'>et</span> <span class='ocrx_word' id='word_1_855' title='bbox 2292 5462 2513 5519; x_wconf 84' lang='lat' dir='ltr'>favente</span> <span class='ocrx_word' id='word_1_856' title='bbox 2542 5464 2672 5535; x_wconf 90' lang='lat' dir='ltr'>Deo,</span> <span class='ocrx_word' id='word_1_857' title='bbox 2691 5464 2954 5519; x_wconf 89' lang='lat' dir='ltr'>omnibus</span> <span class='ocrx_word' id='word_1_858' title='bbox 2969 5463 3184 5518; x_wconf 90' lang='lat' dir='ltr'>viribus</span> <span class='ocrx_word' id='word_1_859' title='bbox 3194 5463 3661 5519; x_wconf 90' lang='lat' dir='ltr'>concurrendum</span> <span class='ocrx_word' id='word_1_860' title='bbox 3679 5471 3851 5536; x_wconf 84' lang='lat' dir='ltr'>atque</span> 
     </span>
    </p>
   </div>
   <div class='ocr_carea' id='block_1_96' title="bbox 2211 5557 3853 5628">
    <p class='ocr_par' dir='ltr' id='par_1_96' title="bbox 2211 5557 3853 5628">
     <span class='ocr_line' id='line_1_97' title="bbox 2211 5557 3853 5628; baseline 0.001 -17"><span class='ocrx_word' id='word_1_861' title='bbox 2211 5558 2645 5628; x_wconf 87' lang='lat' dir='ltr'>providendum,</span> <span class='ocrx_word' id='word_1_862' title='bbox 2672 5573 2744 5612; x_wconf 91' lang='lat' dir='ltr'>ne</span> <span class='ocrx_word' id='word_1_863' title='bbox 2772 5557 2832 5612; x_wconf 91' lang='lat' dir='ltr'>in</span> <span class='ocrx_word' id='word_1_864' title='bbox 2860 5557 3025 5612; x_wconf 90' lang='lat' dir='ltr'>unius</span> <span class='ocrx_word' id='word_1_865' title='bbox 3044 5574 3259 5613; x_wconf 89' lang='lat' dir='ltr'>veneno</span> <span class='ocrx_word' id='word_1_866' title='bbox 3278 5558 3577 5625; x_wconf 87' lang='lat' dir='ltr'>sermonis,</span> <span class='ocrx_word' id='word_1_867' title='bbox 3607 5558 3853 5613; x_wconf 84' lang='lat' dir='ltr'>viventia</span> 
     </span>
    </p>
   </div>
   <div class='ocr_carea' id='block_1_97' title="bbox 2210 5650 3849 5724">
    <p class='ocr_par' dir='ltr' id='par_1_97' title="bbox 2210 5650 3849 5724">
     <span class='ocr_line' id='line_1_98' title="bbox 2210 5650 3849 5724; baseline 0.001 -18"><span class='ocrx_word' id='word_1_868' title='bbox 2210 5650 2271 5706; x_wconf 87' lang='lat' dir='ltr'>in</span> <span class='ocrx_word' id='word_1_869' title='bbox 2302 5652 2508 5708; x_wconf 88' lang='lat' dir='ltr'>Christi</span> <span class='ocrx_word' id='word_1_870' title='bbox 2542 5668 2773 5724; x_wconf 87' lang='lat' dir='ltr'>corpore</span> <span class='ocrx_word' id='word_1_871' title='bbox 2806 5651 3063 5707; x_wconf 90' lang='lat' dir='ltr'>membra</span> <span class='ocrx_word' id='word_1_872' title='bbox 3097 5652 3437 5709; x_wconf 87' lang='lat' dir='ltr'>moriantur.</span> <span class='ocrx_word' id='word_1_873' title='bbox 3466 5652 3523 5708; x_wconf 91' lang='lat' dir='ltr'>Si</span> <span class='ocrx_word' id='word_1_874' title='bbox 3550 5652 3715 5710; x_wconf 84' lang='lat' dir='ltr'>enim</span> <span class='ocrx_word' id='word_1_875' title='bbox 3740 5653 3849 5709; x_wconf 88' lang='lat' dir='ltr'>dici</span> 
     </span>
    </p>
   </div>
   <div class='ocr_carea' id='block_1_98' title="bbox 2282 5768 3380 5843">
    <p class='ocr_par' dir='ltr' id='par_1_98' title="bbox 2282 5768 3380 5843">
     <span class='ocr_line' id='line_1_99' title="bbox 2282 5768 3380 5843; baseline 0.001 -18"><span class='ocrx_word' id='word_1_876' title='bbox 2282 5769 2350 5843; x_wconf 90' lang='lat' dir='ltr'>(b)</span> <span class='ocrx_word' id='word_1_877' title='bbox 2390 5769 2573 5827; x_wconf 85' lang='lat' dir='ltr'>Editio</span> <span class='ocrx_word' id='word_1_878' title='bbox 2599 5771 2851 5827; x_wconf 82' lang='lat' dir='ltr'>Romana</span> <span class='ocrx_word' id='word_1_879' title='bbox 2869 5768 3028 5826; x_wconf 83' lang='lat' dir='ltr'>addit</span> <span class='ocrx_word' id='word_1_880' title='bbox 3053 5785 3068 5824; x_wconf 92' lang='lat'><strong>:</strong></span> <span class='ocrx_word' id='word_1_881' title='bbox 3095 5770 3192 5826; x_wconf 86' lang='lat' dir='ltr'>hoc</span> <span class='ocrx_word' id='word_1_882' title='bbox 3215 5769 3380 5826; x_wconf 78' lang='lat' dir='ltr'>absit.</span> 
     </span>
    </p>
   </div>
  </div>
