4016 6240
132 282 225 344 744

1395 285 1735 344 EPISTOLlE
1772 284 1859 343 ET
1894 280 2221 342 DECRETA.

3381 280 3484 343 τις

126 393 226 449 hoc
253 392 487 450 licenter
510 391 883 466 permittitur,
921 392 1109 449 honor
1136 394 1588 465 patriarcharum
1618 412 1738 451 om-
1764 407 1824 479 Α
1841 396 1985 449 mino
2000 436 2014 457 ,
2039 398 2090 449 et
2111 393 2271 448 verbo
2295 393 2488 462 gratiae
2511 390 2642 463 ejus,
2674 394 2773 463 qui
2788 395 2964 464 potest
2987 394 3240 465 perﬁcere
3265 396 3317 451 et
3347 394 3483 452 dare

127 488 280 543 nium
306 491 579 560 negatur;
608 493 665 543 et
687 488 922 543 fortasse
946 487 994 542 is
1023 488 1083 542 in
1105 504 1294 544 errore
1316 490 1484 561 perit,
1506 490 1604 562 qui
1624 489 1749 545 uni-

127 581 343 636 versalis
372 581 594 649 dicitur,
647 585 703 638 et
730 582 921 637 nullus
942 582 1067 653 jam
1095 582 1388 654 episcopus
1413 585 1747 640 remansisse

129 675 183 729 in
208 677 351 729 statu
376 675 625 729 veritatis
643 674 953 730 invenitur.
986 676 1219 746 Oportet
1246 692 1382 748 ergo
1418 682 1480 731 ut
1499 683 1749 732 constan-

130 772 208 822 ter
228 784 291 821 ac
330 767 450 821 sine
496 768 824 839 praejudicio
863 769 1114 837 servetis,
1153 770 1296 824 sicut
1320 771 1625 841 accepistis,
1654 788 1745 826 ec-

132 861 332 924 clesias,
365 867 422 915 et
446 861 589 915 nihil
624 861 732 915 sibi
756 861 814 916 in
844 862 1000 917 vobis
1025 863 1148 917 haec
1190 864 1426 917 tentatio
1452 864 1747 918 diabolica:

132 954 497 1025 usurpationis
525 955 785 1009 ascribat.
817 955 965 1011 State
998 956 1187 1025 fortes,
1222 961 1361 1011 state
1381 957 1582 1025 securi,
1611 956 1745 1011 scri-

129 1052 217 1119 pta
254 1064 379 1119 quin
420 1048 752 1102 universalis
803 1049 1052 1103 nominis
1102 1050 1340 1104 falsitate
1376 1049 1750 1104 condemnata

129 1145 267 1207 sunt,
309 1157 414 1195 nec
449 1142 583 1197 dare
624 1158 895 1213 unquam,
937 1158 1041 1197 nec
1084 1143 1336 1213 accipere
1370 1145 1745 1214 praesumatis.

130 1234 324 1289 Omnes
372 1235 664 1305 episcopos
705 1251 856 1289 curae
894 1241 1093 1290 vestrae
1140 1236 1421 1305 subjectos
1465 1237 1537 1291 ab
1577 1237 1748 1308 hujus

130 1328 449 1383 adulationis
480 1328 873 1400 inquinatione
916 1329 1238 1400 prohibete,
1271 1335 1337 1383 ut
1360 1330 1624 1384 universa
1652 1347 1750 1385 vos

130 1421 356 1475 Ecclesia
389 1422 736 1492 patriarchas
778 1438 893 1476 non
932 1423 1119 1477 solum
1154 1423 1215 1476 in
1256 1422 1420 1478 bonis
1458 1423 1744 1495 Operibus,

131 1514 217 1568 sed
242 1515 409 1568 etiam
439 1514 502 1568 in
540 1515 784 1570 veritatis
812 1516 1142 1570 auctoritate
1181 1520 1499 1587 cognoscat.
1538 1516 1599 1571 Si
1634 1533 1749 1588 qua

131 1612 307 1661 autem
358 1608 591 1662 forsitan
637 1608 869 1663 adversa
923 1610 1359 1680 subsequantur,
1402 1610 1751 1665 unanimiter

129 1700 477 1771 persistentes
499 1744 513 1769 ,
554 1702 725 1756 etiam
772 1703 1065 1757 moriendo
1103 1703 1376 1757 debemus
1414 1702 1707 1759 ostendere
1731 1746 1745 1773 ,

1847 488 2218 544 hereditatem
2266 488 2415 542 vobis
2448 502 2567 541 cum
2611 488 2853 542 omnibus
2883 490 3103 543 sanctis.
3149 491 3268 559 Ipse
3305 494 3488 545 autem

1846 585 1985 637 Deus
2010 584 2164 652 pacis
2190 585 2239 637 et
2267 581 2643 636 consolationis
2673 581 2762 636 det
2786 581 2936 635 vobis
2961 581 3200 652 idipsum
3217 596 3406 653 sapere
3427 585 3488 638 in

1847 677 2191 737 alterutrum,
2222 680 2284 729 ut
2311 675 2459 729 vobis
2505 677 2734 729 invicem
2761 678 3108 735 succurratis.
3148 681 3199 730 et
3237 692 3343 731 non
3368 679 3490 732 sitis

1847 769 2031 830 divisi,
2074 772 2136 823 ut
2175 769 2474 829 unanimes,
2513 783 2619 822 uno
2662 783 2750 822 ore
2774 774 2826 823 et
2862 784 2967 823 uno
2997 770 3156 823 corde
3181 770 3489 839 honoriﬁce-

1846 878 1964 917 mus
1991 877 2109 917 eum
2137 864 2196 915 in
2219 862 2559 916 concordiam
2587 866 2638 915 et
2662 863 3072 917 consolationem
3095 864 3357 929 fratrum,
3391 866 3489 932 qui

1842 959 2029 1025 potens
2057 959 2134 1009 est
2159 957 2473 1022 conﬁrmare
2496 968 2590 1008 vos
2610 956 2899 1009 secundum
2921 956 3257 1024 evangelium
3284 956 3416 1022 ejus,
3437 961 3490 1011 et

1835 1048 2002 1117 juxta
2038 1048 2415 1102 revelationem
2451 1049 2696 1115 mysterii
2732 1050 2944 1102 aeternis
2972 1049 3297 1118 temporibus
3335 1050 3491 1103 taciti

1850 1140 1989 1205 (Act.
2036 1156 2136 1209 xx;
2190 1144 2339 1197 Rom.
2391 1156 2480 1206 xv,
2538 1142 2669 1210 xw),
2710 1140 2915 1211 quibus
2958 1141 3117 1195 vobis
3159 1142 3482 1196 futurorum

1850 1234 2191 1305 gaudiorum
2204 1233 2498 1303 largienda
2509 1237 2912 1287 suntmunera.
2927 1234 3298 1306 Summopere
3314 1235 3485 1289 etiam

1847 1328 2198 1382 considerare
2230 1326 2466 1394 debetis,
2502 1327 2654 1397 quod
2692 1326 2753 1380 hi
2788 1327 2887 1398 qui
2918 1326 3186 1382 fratribus
3209 1327 3482 1397 invident,

1846 1436 2054 1491 eosque
2083 1421 2354 1475 damnare
2381 1425 2481 1474 aut
2514 1419 2753 1490 perdere
2788 1419 3054 1490 cupiunt,
3089 1436 3193 1491 per
3220 1436 3277 1475 se
3307 1424 3363 1475 et
3386 1436 3485 1475 sua

1847 1513 2117 1585 dogmata
2132 1514 2504 1568 destruuntur
2519 1512 2712 1584 [perse
2734 1529 2833 1567 sua
2853 1512 3116 1584 dogmata
3139 1514 3481 1584 destruunt].

1848 1607 1993 1662 Dicit
2015 1606 2171 1661 enim
2211 1607 2484 1661 Dominus
2527 1623 2540 1661 :
2590 1608 2753 1663 Omne
2794 1622 3019 1676 regnum
3060 1610 3120 1661 in
3160 1622 3215 1661 se
3252 1607 3486 1661 divisum

1847 1717 1953 1756 non
1980 1701 2183 1767 stabit;
2214 1706 2266 1755 et
2285 1702 2690 1756 omnisscientia
2715 1705 2766 1755 et
2786 1702 2872 1754 lea:
2891 1700 3183 1755 adversum
3203 1715 3257 1754 se
3285 1700 3484 1763 divisa,

130 1793 253 1864 quia
277 1794 335 1847 in
360 1795 570 1849 damno
599 1796 978 1866 generalitatis
1002 1800 1263 1850 nostrum
1302 1796 1614 1867 specialiter
1643 1771 1747 1866 ali}
1768 1771 1827 1843 B
1848 1810 1954 1850 non
1980 1795 2147 1848 stabit
2178 1794 2395 1863 (Matth.
2424 1794 2541 1865 xu).
2586 1793 2831 1865 Ideoque
2869 1809 3094 1847 necesse
3134 1797 3219 1847 est
3254 1798 3321 1847 ut
3358 1809 3505 1847 con-

130 1887 254 1957 quid
280 1904 392 1941 non
416 1904 695 1943 amamus.
719 1889 979 1944 Dicamus
1008 1906 1138 1943 cum
1166 1889 1378 1944 Paulo:
1414 1891 1553 1945 Mihi
1572 1893 1751 1946 vivere
1848 1888 2096 1942 corditer
2134 1887 2382 1941 salubres
2418 1886 2741 1957 suscipiatis
2781 1887 3037 1941 hortatus
3062 1887 3140 1957 [S.
3167 1889 3289 1949 Leo,
3328 1888 3486 1956 epist.

128 1978 675 2043 Christusest,etmori
697 1983 910 2037 lucrum
927 1984 1192 2053 (Philipp.
1208 1982 1582 2053 1).Audiamus
1598 1984 1747 2054 quod
1848 1982 1959 2051 87],
1988 1986 2044 2036 et
2071 1980 2215 2034 nihil
2241 1997 2344 2051 per
2371 1979 2793 2034 contentionem
2820 1984 3073 2050 agentes,
3102 1979 3200 2033 sed
3219 1979 3290 2033 ad
3315 1994 3485 2033 omne

127 2074 331 2144 primus
365 2076 626 2130 omnium
652 2076 1038 2146 apostolorum
1065 2076 1313 2134 dicit:Si
1336 2078 1470 2146 quid
1484 2079 1750 2146 patimini
1848 2073 2099 2128 studium
2139 2072 2451 2128 devotionis
2492 2073 2791 2127 unanimes
2831 2070 3033 2126 divinis
3071 2074 3128 2126 et
3164 2072 3488 2143 apostolicis

124 2174 333 2238 propter
335 2169 637 2237 justitiam,
660 2171 803 2224 beati
822 2172 971 2226 eritis
987 2173 1059 2239 (II
1064 2174 1178 2225 Pet.
1194 2169 1441 2242 III).Mihi
1467 2171 1619 2226 enim
1634 2187 1750 2225 cre-
1839 2166 2342 2221 ‘constitutionibus
2368 2166 2633 2237 parcatis,
2663 2171 2719 2220 et
2744 2166 2804 2219 in
2831 2165 2988 2219 nullo
3030 2162 3324 2235 patiamini
3356 2181 3486 2236 pro-

131 2255 252 2323 dite,
271 2256 403 2329 quia
420 2259 698 2313 honorem
715 2274 887 2330 quem
905 2276 1009 2330 pro
1027 2258 1382 2330 praedicanda
1397 2259 1749 2331 suscepimus
1846 2259 2233 2315 videntissima
2269 2275 2555 2314 canonum
2597 2259 2826 2314 decreta
2867 2257 3085 2327 violari,
3125 2262 3403 2328 quatenus
3431 2263 3489 2313 et

131 2350 368 2420 veritate,
397 2352 446 2405 si
472 2350 812 2406 necessitatis
838 2367 1004 2406 causa
1030 2352 1239 2424 exigat,
1262 2352 1513 2407 securius
1538 2369 1643 2424 pro
1663 2368 1750 2408 ea-
1848 2354 2205 2409 Nicaanorum
2243 2369 2525 2408 canonum
2563 2352 2867 2407 constituta
2888 2393 2901 2419 ,
2942 2356 3000 2405 et
3046 2367 3174 2422 quas
3221 2367 3255 2405 a
3291 2351 3484 2422 nobis,

132 2443 249 2498 dem
268 2444 504 2500 veritate
519 2445 909 2516 relinquimus,
929 2461 1101 2516 quam
1127 2450 1387 2501 tenemus
1408 2445 1546 2515 [Huc
1565 2462 1748 2518 usque
1847 2448 1934 2502 vel
1959 2464 1991 2501 a
2015 2446 2524 2519 praedecessoribus
2542 2444 2752 2501 nostris
2767 2450 2900 2500 sunt
2911 2444 3141 2515 provide
3167 2448 3224 2498 et
3243 2443 3484 2498 salubri-

131 2537 291 2591 sancti
310 2537 1098 2610 Gregoriiverbainterpolata
1115 2544 1214 2594 aut
1238 2539 1544 2611 corrupta].
1560 2538 1744 2607 Orate,
1847 2546 1935 2596 ter
1961 2541 2203 2606 decreta,
2232 2540 2571 2595 intemerata
2597 2542 2970 2610 permaneant
2992 2538 3053 2592 in
3081 2537 3304 2605 futuro;
3344 2542 3400 2592 et
3424 2537 3485 2592 in

130 2628 336 2697 fratres,
356 2635 424 2686 ut
448 2633 636 2687 honor
650 2632 1058 2687 ecclesiasticus
1071 2632 1275 2687 nostris
1286 2632 1483 2687 diebus
1495 2648 1609 2686 non
1626 2649 1750 2687 eva-
1846 2634 2184 2706 Apocalypsi
2213 2633 2484 2688 Dominus
2519 2650 2624 2705 per
2655 2633 2932 2687 Joannem
2966 2631 3220 2702 loquitur
3244 2629 3435 2685 dicens
3463 2646 3476 2685 :

132 2730 345 2794 cuetur;
376 2742 482 2781 nec
501 2742 754 2797 unquam
775 2727 1028 2781 Romana
1048 2726 1226 2797 sedes,
1252 2742 1378 2797 quae
1404 2725 1750 2795 (instituente
1847 2730 2026 2786 Nolite
2047 2731 2249 2789 timere,
2272 2744 2365 2797 ego
2392 2743 2511 2782 sum
2531 2729 2742 2798 primus
2779 2730 2829 2780 et
2863 2726 3204 2789 novissimus,
3232 2729 3283 2779 et
3308 2727 3485 2788 vivus,

133 2816 370 2889 Domino)
404 2824 573 2891 caput
604 2824 690 2875 est
729 2820 991 2874 omnium
1020 2820 1412 2886 Ecclesiarum,
1439 2819 1750 2890 privilegiis
1849 2827 1899 2876 et
1921 2824 2012 2890 fui
2032 2826 2293 2883 mortuus,
2326 2826 2377 2875 et
2420 2835 2528 2875 ecce
2566 2835 2686 2875 sum
2726 2822 2907 2873 virens
2945 2820 3004 2871 in
3031 2818 3227 2872 swcula
3268 2818 3485 2873 saeculo-

131 2910 236 2965 suis
263 2929 502 2985 usquam
522 2916 708 2968 careat
734 2918 832 2968 aut
858 2912 1191 2985 expolietur.
1226 2914 1547 2982 Confidimus
1570 2916 1750 2967 autem
1847 2932 1970 2971 rum
1998 2916 2180 2985 (Apoc.
2209 2916 2268 2982 1).
2302 2915 2369 2968 Et
2409 2930 2423 2968 :
2454 2914 2633 2969 Habeo
2667 2913 2840 2967 claves
2866 2913 3053 2966 mortis
3082 2916 3132 2965 et
3168 2912 3390 2978 inferni.
3420 2911 3488 2965 Et

133 3004 190 3060 de
227 3007 390 3069 vobis,
431 3009 760 3071 charissimi,
792 3008 1017 3063 meliora
1059 3011 1223 3076 atque
1263 3009 1528 3061 viciniora
1582 3007 1751 3060 saluti
1849 3009 2019 3081 paulo
2050 3011 2219 3079 post:
2258 3009 2506 3064 Vincenti
2529 3006 2669 3061 dabo
2696 3005 2850 3060 edere
2886 3005 2951 3059 de
2979 3005 3124 3074 ligno
3156 3006 3312 3067 vitae,
3346 3004 3489 3073 quod

135 3097 287 3167 [Edit.
320 3101 508 3170 Rom.,
539 3101 793 3171 salutis]:
832 3103 963 3171 quia
1005 3116 1173 3171 neque
1209 3116 1386 3163 mors,
1416 3116 1585 3170 neque
1611 3102 1747 3162 vita,
1772 3143 1823 3173 η
1850 3107 1928 3158 est
1965 3104 2023 3157 in
2063 3101 2328 3173 paradiso
2376 3102 2474 3156 Dei
2511 3102 2618 3154 mei
2664 3098 2846 3169 (Apoc.
2880 3098 2962 3167 ιι).
3010 3099 3076 3152 Et
3118 3095 3271 3151 idem
3313 3095 3485 3167 [Edit.

135 3143 287 3167 ιη...
320 3143 508 3170 -.v....,
539 3143 754 3171 "mw,
780 3143 793 3155 .
832 3143 963 3171 qu...
1006 3143 1170 3171 ..Ἴων
1211 3143 1386 3163 ...-..,,
1416 3143 1582 3170 ...γυ
1616 3143 1747 3162 -....,
1850 3143 1925 3158 νυ,
2063 3143 2325 3173 rem...“
2376 3143 2471 3156 ην,
2514 3143 2616 3154 ...η
2665 3143 2846 3169 μνη.
2880 3143 2962 3167 .-,.
3011 3143 3076 3152 ..-
3120 3143 3271 3151 ην---
3313 3143 3485 3167 μη--.

132 3207 286 3262 neque
309 3195 512 3263 angeli,
527 3210 695 3264 neque
712 3197 1081 3265 principatus,
1095 3209 1262 3264 neque
1277 3196 1563 3256 instantia,
1580 3208 1752 3263 neque
1771 3143 1825 3217 Ο
1849 3199 2000 3253 Rom.
2029 3195 2192 3265 item]
2224 3212 2237 3249 :
2266 3198 2392 3251 Esto
2438 3194 2612 3263 ﬁdelis
2651 3206 2822 3262 usque
2871 3191 2948 3246 ad
2975 3195 3217 3253 mortem,
3259 3194 3310 3244 et
3348 3190 3489 3244 dabo

134 3287 404 3351 fortitudo,
447 3304 614 3358 neque
656 3287 913 3351 altitudo,
963 3304 1130 3358 neque
1175 3288 1535 3357 profundum,
1585 3302 1753 3357 neque
1852 3292 1951 3345 tibi
1975 3305 2225 3345 coronam
2249 3290 2395 3343 vitae.
2426 3288 2494 3342 Et
2513 3285 2725 3341 iterum
2759 3302 2772 3340 :
2804 3287 2908 3352 Qui
2931 3286 3140 3347 vicerit,
3171 3289 3223 3338 et
3238 3284 3495 3339 custodie-

136 3381 370 3432 creatura
387 3379 506 3432 alia
538 3377 832 3449 (magistro
866 3377 1121 3449 gentium
1153 3378 1409 3445 docente)
1438 3378 1635 3447 poterit
1658 3392 1753 3432 nos
1850 3386 1926 3439 rit
1948 3399 2113 3454 usque
2135 3384 2195 3437 in
2221 3384 2379 3451 ﬁnem
2397 3395 2561 3452 opera
2586 3396 2726 3443 mea,
2762 3379 2902 3434 dabo
2927 3379 2977 3434 ei
2988 3381 3310 3449 potestatem
3329 3391 3492 3447 super

135 3481 375 3539 Separare
400 3487 435 3525 a
455 3473 723 3526 charitate
750 3473 964 3526 Domini
986 3473 1160 3526 nostri
1182 3473 1305 3527 Jesu
1331 3472 1549 3534 Christi,
1572 3474 1622 3525 et
1637 3486 1754 3541 qua
1853 3481 2049 3547 gentes,
2084 3480 2135 3531 et
2161 3480 2307 3546 reget
2341 3476 2471 3529 illas
2508 3477 2567 3528 in
2593 3476 2752 3543 virga
2786 3474 2968 3539 ferrea
2990 3514 3004 3533 ,
3032 3476 3082 3526 et
3107 3476 3369 3541 tanquam
3392 3484 3492 3525 vas

133 3563 185 3616 in
206 3564 316 3633 ipso
343 3570 449 3633 est,
470 3571 617 3620 recta
638 3565 761 3635 ﬁde.
791 3565 970 3622 Nolite
995 3568 1180 3635 itaque
1209 3567 1456 3619 amittere
1484 3565 1752 3634 conﬁden-
1851 3571 2008 3641 ﬁguli
2032 3571 2462 3639 con/ﬁngentur.
2495 3569 2642 3623 Item
2679 3566 2838 3620 idem
2868 3581 2882 3619 :
2911 3568 3043 3621 Ecce
3069 3569 3150 3619 sto
3176 3563 3252 3618 ad
3275 3567 3490 3628 ostium,

134 3658 256 3710 tiam
300 3663 554 3722 vestram,
602 3674 722 3729 quae
768 3674 1026 3727 magnam
1074 3659 1230 3713 habet
1277 3660 1756 3713 remunerationem
1854 3668 1906 3719 et
1928 3663 2105 3733 pulso.
2156 3663 2220 3719 Si
2265 3663 2388 3731 quis
2430 3660 2671 3715 audierit
2706 3673 2884 3713 vocem
2906 3673 3116 3720 meam,
3144 3662 3195 3711 et
3217 3660 3493 3727 aperuerit

136 3742 300 3815 (Hebr.
329 3763 384 3816 v,
407 3752 561 3805 Rom.
592 3764 707 3815 vm,
740 3747 909 3804 Hebr.
942 3750 1014 3817 Χ).

1856 3755 2249 3825 mihijanuam,
2281 3754 2512 3808 introibo
2538 3753 2613 3807 ad
2636 3752 2815 3814 illum,
2838 3755 2889 3805 et
2911 3750 3123 3805 camabo
3152 3765 3271 3804 cum
3295 3750 3412 3812 illo,
3440 3753 3492 3805 et

198 3839 464 3896 Patientia
494 3842 648 3896 enim
676 3840 836 3895 nobis
855 3839 1169 3896 necessaria
1205 3843 1289 3895 est
1317 3840 1388 3895 ad
1407 3838 1753 3895 colluctatio-
1854 3850 1968 3922 ipse
2015 3864 2236 3903 mecum.
2278 3848 2383 3914 Qui
2429 3848 2636 3909 vicerit,
2690 3844 2829 3899 dabo
2878 3846 2930 3898 ei
2972 3843 3154 3898 sedere
3192 3858 3394 3897 mecum
3430 3843 3492 3897 in

136 3948 225 3989 nes
244 3936 717 3998 adversariorum.
740 3941 1018 4008 quatenus
1045 3935 1217 3990 fidem
1242 3934 1637 3990 intemeratam
1665 3951 1756 3989 us-
1856 3945 2044 3999 throno
2086 3956 2224 4004 meo,
2268 3942 2406 3995 sicut
2450 3943 2503 3994 et
2547 3954 2639 4007 ego
2680 3939 2806 4001 vici,
2835 3941 2887 3992 et
2920 3935 3135 3991 consedi
3174 3950 3288 3990 cum
3331 3934 3493 3990 Patre

137 4043 238 4099 que
265 4028 322 4083 in
363 4030 541 4085 finem
579 4031 995 4099 conservantes,
1036 4028 1533 4101 repromissionem
1570 4028 1754 4099 perci-

1856 4051 1967 4092 meo
2009 4038 2068 4090 in
2115 4036 2305 4090 throno
2350 4032 2461 4102 ejus
2501 4032 2687 4102 (Apoc.
2725 4031 2828 4102 ιη).
2865 4031 2996 4097 Vos,
3038 4029 3264 4096 fratres,
3296 4026 3342 4083 si
3373 4044 3493 4084 non

135 4119 362 4191 piamus,
394 4139 568 4195 quam
613 4122 936 4195 repromisit
975 4122 1063 4177 his
1103 4121 1203 4194 qui
1244 4121 1499 4193 legitime
1543 4126 1757 4177 certare
1858 4128 2032 4184 vultis
2063 4144 2195 4183 cum
2217 4144 2284 4182 eo
2311 4124 2579 4181 damnari
2605 4124 2759 4196 (quia
2778 4140 2886 4180 non
2908 4124 3101 4186 solum,
3130 4125 3224 4193 qui
3264 4122 3501 4190 faciunt,

134 4214 521 4287 deproperant.
546 4218 740 4273 Adhuc
763 4218 905 4273 enim
924 4217 1191 4271 modicum
1214 4216 1639 4286 aliquantulum.
1663 4218 1759 4286 qui
1857 4224 1953 4278 sed
1981 4226 2079 4293 qui
2105 4224 2437 4277 consentiunt
2453 4220 2799 4289 facientibus,
2833 4218 2914 4273 rei
2937 4221 3064 4272 sunt
3099 4217 3265 4285 (Rom.
3295 4216 3333 4287 ι)
3358 4214 3496 4271 hor-

131 4314 370 4366 venturus
395 4315 478 4366 est
514 4313 706 4375 veniet,
746 4315 797 4366 et
838 4327 946 4365 non
989 4310 1235 4366 tardabit
1275 4310 1497 4380 (Habac.
1548 4326 1605 4380 ιι,
1644 4326 1754 4364 sec.

137 4402 287 4475 LXX).
315 4408 443 4460 Ecce
486 4407 627 4459 enim
662 4405 837 4473 judea:
861 4409 985 4459 ante
1011 4405 1237 4472 ianuam
1271 4406 1479 4459 assistit
1520 4402 1653 4475 (Jac.
1680 4405 1756 4475 γ),

1856 4316 2055 4372 tamini
2084 4332 2237 4386 eum,
2265 4320 2319 4371 et
2348 4319 2576 4370 monete
2629 4312 2893 4368 recedere
2921 4327 2955 4365 a
2985 4310 3236 4383 praefatis
3266 4307 3493 4380 illicitis,

1859 4414 1918 4466 et
1941 4426 2161 4465 memor
2202 4410 2275 4465 sit
2316 4408 2470 4465 unde
2504 4406 2808 4473 exciderit,
2836 4410 2892 4460 et
2915 4406 3047 4475 agat
3071 4404 3491 4475 paenitentiam,

140 4511 366 4571 coronas
384 4498 644 4554 hilariter
667 4499 1010 4571 promittens
1036 4498 1124 4552 his
1150 4497 1250 4568 qui
1278 4514 1381 4569 pro
1409 4513 1474 4551 eo
1497 4498 1843 4586 passioni—D
1865 4509 1921 4559 et
1949 4504 2134 4576 prima
2156 4520 2328 4575 opera
2354 4502 2539 4557 faciat.
2586 4500 2683 4556 Sin
2732 4499 2939 4566 minus,
2976 4513 3095 4552 non
3139 4513 3268 4551 mea
3295 4498 3498 4568 loquar

140 4588 236 4644 bus
265 4592 699 4647 submittuntur.
735 4593 888 4660 Quod
929 4594 978 4646 si
1004 4593 1124 4661 quis
1149 4606 1203 4646 se
1243 4592 1607 4657 subtraxerit,
1656 4609 1763 4649 non

138 4682 359 4752 placebit
396 4686 596 4741 animae
632 4702 798 4752 meae;
826 4686 921 4740 sed
952 4685 1107 4739 cadet
1133 4685 1201 4739 de
1227 4687 1574 4755 promissione
1592 4703 1759 4758 prop-

139 4783 252 4846 pter
273 4782 630 4849 negationem.
660 4783 766 4837 Nos
809 4784 988 4834 autem
1018 4794 1124 4833 non
1164 4793 1346 4834 sumus
1384 4780 1764 4836 subtractionis

144 4871 239 4937 filii
254 4874 309 4927 in
319 4875 683 4945 perditionem
702 4874 915 4928 animae.
934 4873 1158 4942 Propter
1173 4872 1318 4942 quod
1334 4876 1590 4928 assumite
1608 4890 1766 4930 arma

145 4966 249 5029 Dei,
274 4973 334 5022 ut
367 4968 592 5038 possitis
641 4964 883 5022 resistere
921 4968 981 5021 in
1016 4966 1104 5021 die
1134 4967 1276 5021 malo
1304 4959 1561 5022 advei’sus
1589 4983 1767 5023 omnes

147 5060 370 5116 inimicos
406 5064 610 5116 sanctae
636 5062 733 5116 Dei
754 5061 1000 5117 Ecclesiae
1040 5064 1091 5115 et
1114 5064 1335 5123 vestros,
1364 5065 1416 5115 et
1444 5061 1655 5117 induite
1685 5062 1764 5117 lo-

146 5154 304 5209 ricam
316 5154 567 5224 justitiav,
601 5155 825 5210 calceati
842 5155 1007 5226 pedes
1038 5156 1097 5209 in
1119 5156 1574 5225 przparationem
1603 5170 1764 5211 evan-

149 5249 267 5315 gelii
300 5252 474 5319 pacis,
518 5251 578 5303 in
621 5250 865 5305 omnibus
901 5251 1226 5304 assumentes
1266 5252 1477 5303 scutum
1520 5249 1667 5318 ﬁdei,
1709 5252 1770 5304 in

151 5357 245 5410 quo
265 5346 480 5413 possitis
502 5345 683 5398 omnia
694 5342 886 5413 jacula
910 5344 1223 5412 nequissimi
1239 5344 1397 5412 ignea
1421 5345 1766 5413 emtinguere:

150 5439 196 5489 et
220 5436 428 5505 galeam
454 5433 647 5493 salutis
684 5439 928 5508 accipite,
969 5441 1021 5491 et
1059 5436 1309 5505 gladium
1336 5437 1595 5507 Spiritus,
1625 5438 1771 5506 quod

150 5533 219 5583 est
246 5531 477 5587 Verbum
504 5532 623 5594 Dei,
664 5545 765 5601 per
805 5545 1010 5585 omnem
1032 5532 1327 5584 orationem
1371 5534 1423 5585 et
1450 5530 1768 5585 obsecratio-

150 5636 259 5676 nem
280 5625 521 5679 radicati
545 5629 596 5679 et
617 5624 847 5692 fundati
869 5626 929 5678 in
954 5624 1149 5679 solatio
1173 5624 1416 5692 fratrum
1435 5640 1539 5695 pro
1565 5624 1772 5682 Christo

150 5716 263 5770 Iesu
283 5719 506 5775 Domino
534 5722 716 5774 nostro
745 5718 925 5789 (Hebr.
946 5734 1016 5787 x;
1043 5718 1238 5788 Ephes.
1260 5718 1360 5789 vi).

217 5811 318 5868 Sed
344 5816 394 5869 et
422 5828 584 5881 nunc,
619 5814 844 5882 fratres,
890 5811 1321 5868 commendamus
1346 5826 1439 5868 vos
1465 5798 1642 5868 omnes
1665 5814 1771 5868 Do-

1860 4598 2050 4665 verba,
2081 4597 2178 4651 sed
2223 4596 2344 4667 ipsa
2386 4593 2609 4649 Domini
2636 4590 2963 4658 Salvatoris,
3003 4607 3130 4661 quas
3157 4606 3260 4662 per
3285 4590 3496 4661 prmdi-

1862 4697 2018 4747 ctum
2043 4691 2318 4758 Joannem
2358 4687 2417 4741 in
2438 4688 2561 4758 jam
2590 4686 2739 4740 dicto
2768 4684 2910 4738 libro
2932 4684 3153 4739 locutus
3180 4686 3284 4755 est,
3319 4683 3495 4755 repli-

1864 4705 2018 4747 ctum
2043 4705 2255 4744 Joanne
2358 4705 2417 4741 1n
2438 4705 2561 4758 Jam
2590 4705 2739 4740 (110w
2768 4705 2910 4738 ιωΓο
2932 4705 3153 4739 locutus
3180 4705 3284 4755 εει,
3319 4705 3495 4755 repu-

1864 4800 2020 4852 cans,
2055 4781 2145 4837 aio
2178 4798 2191 4837 :
2229 4705 2458 4839 Vadam
2490 4784 2540 4835 et
2577 4778 2790 4834 movebo
2828 4777 3213 4833 candelabrum
3254 4782 3406 4833 tuum
3433 4775 3499 4834 de

1866 4879 1975 4933 loco
1997 4892 2113 4939 suo,
2145 4878 2257 4931 nisi
2273 4874 2646 4946 paenitentiam
2666 4874 2834 4941 egeris
2862 4871 3047 4943 (Apoc.
3078 4872 3158 4941 ll).
3187 4873 3312 4944 lpse
3343 4872 3499 4927 enim

1864 4971 2047 5043 magis
2088 4974 2244 5025 tenet
2286 4966 2600 5023 doctrinam
2644 4965 2893 5034 Balaam,
2937 4966 3038 5038 qui
3080 4966 3313 5021 docebat
3338 4966 3502 5021 Balac

1866 5065 2091 5119 mittere
2116 5062 2441 5118 scandalum
2461 5075 2651 5114 coram
2676 5058 2811 5113 filiis
2832 5060 3021 5126 Israel,
3054 5058 3198 5115 sicut
3214 5060 3316 5115 iste
3336 5059 3503 5115 docet

1865 5174 1964 5214 vos
1992 5157 2366 5212 scandalizare
2394 5157 2645 5209 sanctam
2670 5156 2911 5207 matrem
2951 5151 3273 5220 Ecclesiam,
3298 5157 3355 5207 et
3377 5152 3503 5207 uni-

1867 5267 2093 5306 versum
2119 5255 2326 5305 emtum
2352 5252 2468 5303 tam
2499 5245 2874 5313 sacerdotum,
2906 5261 3078 5316 quam
3104 5243 3501 5316 religiosorum

1867 5345 2317 5402 Christianorum
2340 5347 2511 5414 atque
2534 5339 2807 5395 ﬁdelium.
2825 5338 2983 5394 Unde
3009 5342 3066 5392 et
3092 5337 3152 5392 in
3181 5336 3501 5408 supradicto

1868 5439 2014 5494 libro
2039 5436 2365 5493 continetur
2396 5432 2473 5491 ita
2505 5435 2749 5506 (semper
2773 5428 2927 5487 enim
2964 5430 3151 5503 potius
3185 5446 3282 5485 vos
3314 5430 3501 5487 verbis

1870 5529 2098 5588 Domini
2117 5529 2416 5587 Salvatoris
2435 5527 2605 5585 ferire
2622 5531 2679 5584 et
2702 5525 2903 5582 instrui
2923 5524 3111 5598 cupio,
3137 5540 3308 5597 quam
3337 5524 3500 5595 meis,

1870 5626 2004 5681 licet
2032 5631 2090 5681 et
2122 5626 2244 5698 ipsa
2280 5623 2598 5697 apostolica
2635 5619 2985 5677 auctoritatis
3023 5619 3135 5674 sint
3158 5618 3505 5690 ponderibus

1872 5719 2063 5791 plena)
2099 5736 2112 5773 :
2159 5721 2299 5779 Novi
2327 5733 2489 5789 opera
2532 5721 2627 5771 tua
2674 5716 2963 5771 novissima
2999 5713 3167 5785 plura
3205 5711 3507 5783 prioribus.

1873 5813 1979 5874 Sed
2015 5813 2179 5871 habeo
2222 5812 2481 5868 adversus
2520 5814 2571 5867 te
2602 5825 2786 5882 pauca
2828 5806 2913 5882 [In
2948 5805 3096 5864 Edit.
3127 5806 3295 5864 Rom.
3347 5804 3506 5861 deest
