4016 6240
481 301 583 361 743

1817 297 2080 355 PELAGII
2116 295 2310 354 PAPIE
2345 297 2393 352 Il

3742 292 3846 347 344

463 405 691 479 pauca],
717 407 849 477 quia
864 407 1138 479 permittis
1168 406 1444 462 mulierem
1466 408 1678 462 Iezabel
1696 448 1712 471 ,
1744 423 1863 477 quae
1886 424 1940 462 se
1967 409 2101 463 dicit
2120 420 2179 493 Α
2199 405 2468 460 fratribus
2525 404 2884 473 insidiantur,
2940 402 3118 459 libere
3164 401 3322 474 loqui
3358 399 3709 469 conceditur,
3749 405 3849 453 aut

467 502 781 573 propheten,
812 501 1014 565 docere,
1049 506 1101 556 et
1138 501 1382 556 seducere
1418 516 1594 555 servos
1628 516 1790 564 meos,
1832 503 2098 568 fornicari

474 600 525 652 et
551 595 878 650 manducare
927 596 992 649 de
1029 595 1363 663 idolothytis.
1403 597 1472 650 Et
1496 594 1627 648 dedi
1664 595 1754 648 illi
1790 599 2014 665 tempus,
2038 598 2099 648 ut

467 690 841 760 paenitentiam
866 693 1068 756 ageret,
1091 692 1140 742 et
1158 703 1267 741 non
1283 688 1403 741 vult
1420 689 1677 757 poenitere
1695 703 1730 742 a
1742 689 2102 755 fornicatione

471 797 592 838 sua.
620 785 751 838 Ecce
771 797 864 851 ego
902 783 1056 835 mitto
1082 796 1198 835 eam
1228 783 1287 834 in
1328 781 1538 849 lectum,
1569 784 1620 835 et
1655 783 1750 851 qui
1773 782 2104 836 mmchantur

473 890 591 931 cum
615 891 707 938 ea,
733 878 791 929 in
831 874 1230 928 tribulationem
1258 876 1576 938 maximam,
1600 876 1711 929 nisi
1730 877 2104 946 paenitentiam

474 971 678 1037 egerint
706 968 774 1021 ab
810 967 1056 1036 operibus
1093 970 1237 1031 suis,
1279 972 1330 1021 et
1366 968 1508 1036 ﬁlios
1545 967 1656 1037 ejus
1690 970 2009 1037 interﬁciam
2046 970 2106 1021 in

473 1065 659 1115 morte.
687 1062 759 1115 Et
794 1063 959 1114 scient
983 1075 1159 1115 omnes
1196 1061 1476 1128 Ecclesia,
1506 1064 1638 1130 quia
1663 1077 1756 1131 ego
1793 1077 1911 1116 sum
1953 1076 2104 1116 scru-

474 1158 595 1208 tans
620 1152 785 1207 corda
822 1157 873 1207 et
901 1169 1069 1217 renes,
1101 1159 1153 1208 et
1175 1154 1314 1209 dabo
1340 1156 1628 1224 unicuique
1654 1159 1890 1209 vestrum
1918 1170 2105 1209 secun-

469 1246 600 1301 dum
634 1261 797 1316 Opera
820 1251 999 1301 vestra
1042 1248 1226 1318 (Apoc.
1261 1252 1339 1317 ιι).
1370 1248 1519 1315 Haec,
1550 1248 1748 1303 fratres
1769 1290 1786 1315 ,
1818 1246 1982 1301 valde
2021 1264 2107 1301 ca-

472 1336 656 1391 venda
681 1342 833 1407 sunt,
863 1342 919 1392 et
946 1343 1227 1409 praecepta
1252 1338 1500 1406 Domini,
1534 1343 1704 1411 atque
1735 1341 1941 1392 sanctae
1964 1338 2111 1393 sedis

474 1430 829 1501 apostolicae,
884 1446 1012 1502 quae
1053 1431 1168 1486 vice
1208 1432 1435 1486 Domini
1484 1432 1785 1487 Salvatoris
1831 1432 2110 1503 legatione

474 1523 754 1594 fungitur,
783 1524 998 1578 monita
1023 1523 1267 1579 ﬁdeliter
1288 1526 1680 1597 amplectenda
1695 1530 1752 1580 et
1767 1524 2108 1597 peragenda.

474 1617 553 1671 De
582 1621 806 1684 caetero,
836 1617 1055 1687 fratres,
1096 1635 1269 1689 super
1304 1618 1608 1690 provincia:
1645 1635 1808 1673 causa
1837 1618 1990 1673 unde
2033 1634 2114 1672 se-

477 1711 607 1765 dem
641 1711 1002 1781 apostolicam
1034 1712 1251 1766 dudum
1277 1714 1568 1768 consulere
1598 1712 1852 1766 voluistis
1879 1711 2108 1781 [Hincm.

477 1820 565 1873 Lv,
612 1820 662 1858 c.
713 1804 821 1874 13],
876 1805 1097 1859 videtur
1138 1805 1301 1861 nobis
1338 1806 1683 1861 sufﬁcienter
1721 1809 2025 1860 tractatum
2079 1786 2187 1858 aB

478 1897 685 1951 sanctis
713 1898 1221 1968 praedecessoribus
1252 1900 1477 1955 nostris.
1510 1900 1615 1955 Sed
1644 1900 1777 1971 quia
1807 1900 1994 1953 denuo
2018 1914 2115 1952 no-

481 1994 656 2045 stram
669 1990 1113 2046 mediocritatem
1131 1992 1200 2047 de
1214 1994 1415 2048 eadem
1432 2010 1493 2048 re
1513 1993 1863 2064 interrogare
1875 1992 2114 2063 dignum

480 2083 737 2153 duxistis,
766 2084 958 2138 scitote
982 2090 1195 2139 certam
1230 2087 1581 2158 provinciam
1610 2103 1764 2156 esse,
1793 2102 1920 2157 quae
1946 2085 2117 2140 habet

481 2177 676 2232 decem
704 2177 791 2232 vel
816 2177 1084 2232 undecim
1102 2178 1373 2251 civitates,
1401 2185 1459 2236 et
1494 2196 1679 2234 unum
1706 2195 1924 2252 regem,
1953 2183 2009 2233 et
2034 2184 2116 2233 to-

478 2271 657 2326 tidem
681 2271 927 2325 minores
948 2276 1252 2343 potestates
1273 2274 1376 2327 sub
1392 2290 1473 2342 se,
1495 2278 1550 2328 et
1568 2289 1750 2328 unum
1765 2273 2113 2343 episcopum,

481 2363 732 2436 aliosque
756 2364 1153 2436 suifragatores
1174 2366 1393 2433 decem,
1415 2367 1504 2421 vel
1531 2366 1798 2421 undecim
1826 2366 2117 2437 episcopos

475 2456 713 2529 judices,
742 2458 811 2512 ad
831 2474 1079 2529 quorum
1098 2459 1379 2529 judicium
1398 2476 1592 2514 omnes
1612 2476 1793 2513 causae
1822 2459 2115 2530 episcopo-

482 2567 634 2619 rum,
658 2555 714 2605 et
737 2550 1090 2622 reliquorum
1110 2553 1482 2623 sacerdotum,
1521 2570 1585 2607 ac
1613 2553 1904 2607 civitatum
1933 2568 2116 2606 causae

484 2644 823 2713 referantur,
861 2649 923 2699 ut
964 2644 1033 2699 ab
1078 2645 1167 2699 his
1206 2646 1468 2700 omnibus
1505 2646 1659 2717 juste
1700 2662 1942 2700 consona
1984 2662 2118 2700 voce

486 2736 900 2807 discernantur,
944 2738 1053 2793 nisi
1097 2740 1169 2794 ad
1207 2740 1481 2810 majorem
1520 2740 1916 2794 auctoritatem
1948 2739 2119 2794 fuerit

485 2831 556 2885 ab
576 2831 665 2885 his
685 2831 782 2903 qui
796 2831 1086 2903 judicandi
1101 2838 1232 2888 sunt
1248 2834 1612 2905 appellatum.
1641 2834 1798 2889 Unde
1818 2850 1932 2887 non
1950 2850 2115 2905 opor-

485 2928 569 2980 tet
591 2930 656 2980 ut
676 2926 1037 2997 degradetur,
1067 2928 1153 2981 vel
1181 2927 1564 2982 dehonoretur
1591 2944 1949 2998 unaquaeque
1979 2944 2114 2999 pro-

486 3018 686 3086 vincia,
718 3018 815 3073 sed
857 3020 1007 3090 apud
1038 3021 1401 3092 semetipsam
1428 3020 1632 3076 habeat
1660 3021 1900 3092 judices,
1933 3036 2114 3075 sacer-

487 3111 645 3168 dotes
666 3154 681 3180 ,
711 3118 768 3167 et
807 3113 1101 3185 episcopos
1138 3114 1390 3186 singulos
1424 3114 1684 3169 videlicet
1700 3114 1867 3185 juxta
1892 3114 2118 3169 ordines

488 3222 640 3262 suos.
675 3207 741 3261 Et
772 3207 1099 3278 quicunque
1127 3224 1353 3261 causam
1388 3208 1668 3277 habuerit,
1699 3225 1733 3262 a
1758 3208 1873 3262 suis
1905 3208 2116 3279 judici-

486 3299 594 3355 bus
607 3299 897 3369 judicetur
920 3300 1011 3371 (α),
1031 3304 1088 3354 et
1105 3316 1221 3354 non
1244 3300 1314 3354 ab
1337 3301 1554 3369 alienis,
1572 3300 1628 3354 id
1653 3304 1756 3370 est,
1773 3318 1807 3354 a
1824 3318 1940 3355 suae
1950 3301 2119 3371 justis

480 3391 770 3463 judicibus
793 3392 1114 3463 provinciae,
1146 3397 1201 3447 et
1230 3409 1344 3446 non
1369 3393 1439 3447 ab
1462 3394 1729 3463 externis,
1758 3393 1867 3447 nisi
1900 3399 1980 3459 (ut
1998 3393 2121 3463 jam

488 3485 850 3558 praelibatum
872 3484 973 3558 est)
993 3503 1026 3540 a
1045 3486 1311 3557 judicatis
1335 3485 1507 3541 fuerit
1524 3487 1889 3559 appellatum.
1913 3487 1969 3542 Si
1988 3503 2120 3542 vero

489 3579 551 3637 in
579 3579 831 3651 qualibet
855 3580 1144 3651 provincia
1170 3585 1308 3635 ortae
1333 3580 1549 3636 fuerint
1574 3581 1932 3653 quaestiones,
1950 3585 2006 3635 et
2027 3580 2117 3634 in-

488 3678 578 3729 ter
618 3672 795 3745 ipsius
846 3673 1151 3745 provinciae
1191 3675 1482 3747 episcopos
1532 3675 1849 3746 discrepare
1891 3674 2123 3745 cmperit

489 3767 655 3834 ratio,
703 3773 873 3839 atque
912 3767 1063 3823 inter
1105 3768 1254 3840 ipsos
1285 3769 1618 3824 dissidentes
1642 3784 1761 3823 non
1803 3768 2117 3839 conveniat,

490 3863 562 3918 ad
592 3862 868 3933 majorem
897 3867 1032 3916 tunc
1058 3862 1250 3918 sedem
1276 3863 1614 3919 referantur.
1657 3863 1726 3916 Et
1752 3861 1796 3916 si
1825 3862 1934 3916 illa:
1957 3862 2121 3917 facile

490 3961 547 4012 et
562 3956 716 4028 juste
741 3972 857 4010 non
891 3955 1310 4027 discernuntur,
1345 3956 1445 4011 ubi
1478 3955 1651 4011 fuerit
1675 3955 1922 4027 synodus
1959 3972 2123 4027 regu-

488 4047 684 4105 lariter
712 4052 1076 4119 congregata,
1110 4049 1375 4103 canonice
1402 4053 1458 4103 et
1473 4049 1626 4120 juste
1645 4048 1996 4119 judicentur.
2018 4049 2123 4103 Ma-

483 4143 639 4214 jores
675 4156 808 4195 vero
842 4145 899 4195 et
935 4140 1189 4195 difﬁciles
1234 4142 1575 4213 quaestiones
1618 4142 1819 4213 [Innoc.
1850 4141 2012 4212 epist.
2042 4143 2118 4212 2],

492 4234 578 4307 (ut
607 4238 798 4288 sancta
836 4233 1079 4304 synodus
1104 4234 1301 4289 statuit
1318 4276 1332 4304 ,
1362 4240 1419 4290 et
1440 4236 1601 4290 beata
1627 4235 1976 4290 consuetudo
2012 4236 2125 4289 exi-

493 4327 591 4399 git)
619 4327 690 4381 ad
718 4327 910 4381 sedem
938 4327 1300 4398 apostolicam
1326 4344 1550 4400 semper
1572 4329 1909 4384 referantur.
1941 4332 2121 4387 Caete-

491 4438 621 4477 rum
645 4426 968 4476 sanctorum
1006 4422 1237 4476 Patrum
1279 4427 1485 4476 statuta
1518 4428 1837 4494 sequentes,
1868 4424 2122 4496 synodali

2138 3160 2193 3234 C

2197 516 2302 571 pro
2339 500 2625 554 voluntate
2664 514 2852 553 sermo
2904 497 3147 569 proferri
3201 496 3590 569 permittatur.
3644 494 3822 565 Lique

2198 592 2435 647 omnino
2474 592 2626 663 quod
2662 591 2997 647 conniveant
3052 591 3160 645 illis
3207 590 3308 661 qui
3355 590 3489 644 talia
3540 604 3636 643 eos
3688 584 3848 658 loqui

2198 685 2571 757 permittunt;
2614 685 2886 756 quoniam
2923 697 3245 739 occurreret
3268 683 3492 751 veritas,
3534 681 3581 735 si
3628 680 3842 734 falsitas
3926 695 3931 699 ’

2202 784 2259 834 et
2297 778 2578 833 calumnia
2639 778 2959 850 displiceret
2994 778 3083 832 vel
3132 777 3348 832 odium.
3404 775 3631 830 Desinat
3671 774 3849 844 igitur

2202 872 2418 927 falsitas
2454 872 2729 926 incessere
2766 871 3094 940 veritatem;
3148 871 3368 925 desinat
3404 868 3645 940 suspicio
3665 909 3678 935 ,
3718 882 3849 937 quae

2197 966 2351 1037 juste
2390 965 2705 1036 repellitur,
2746 964 3036 1032 insidiari;
3077 964 3300 1019 desinat
3336 963 3531 1018 odium
3575 967 3631 1015 et
3658 959 3851 1015 inimi-

2206 1059 2336 1114 citia
2376 1057 2643 1131 persequi
2683 1061 2871 1128 patres
2901 1057 2990 1112 vel
3032 1058 3268 1127 fratres;
3309 1057 3529 1111 desinat
3565 1055 3852 1126 conspira-

2206 1152 2307 1223 tio,
2336 1169 2464 1225 quae
2484 1152 2555 1206 ab
2577 1151 2839 1206 omnibus
2869 1154 2954 1206 est
2975 1150 3343 1221 repudianda,
3376 1149 3644 1204 infestare
3670 1147 3853 1218 magi-

2209 1251 2371 1301 stros.
2396 1248 2611 1300 Horum
2630 1244 2808 1315 igitur
2833 1244 3102 1298 vitiorum
3124 1248 3383 1297 auctores
3402 1243 3489 1297 vel
3505 1246 3847 1313 patratores,

2208 1356 2323 1396 non
2354 1323 2503 1394 sunt
2539 1339 2601 1393 in
2629 1338 2981 1393 accusatione
3009 1337 3345 1409 pontiﬁcum
3382 1335 3715 1407 recipiendi,
3749 1335 3851 1390 sed

2209 1434 2434 1506 penitus
2460 1432 2803 1504 repellendi:
2826 1409 3096 1503 quoniam
3108 1430 3317 1502 jubent
3335 1429 3601 1484 canonica
3621 1429 3851 1484 decreta

2212 1530 2462 1595 Patrum,
2504 1531 2566 1581 ut
2611 1525 2888 1581 accusatio
2935 1525 3025 1579 vel
3084 1524 3473 1578 testimonium
3503 1539 3703 1577 eorum
3749 1521 3853 1594 qui

2212 1620 2339 1675 odio
2377 1619 2658 1692 quoslibet
2693 1620 3090 1690 insequuntur,
3119 1617 3207 1672 vel
3245 1617 3344 1689 qui
3380 1616 3593 1671 inimici
3624 1622 3725 1671 aut
3750 1632 3851 1669 su-

2213 1715 2390 1785 specti
2427 1713 2727 1781 habentur,
2768 1712 2926 1767 nullo
2983 1711 3152 1765 modo
3189 1710 3556 1782 recipiantur.
3595 1712 3855 1774 Quorum

2211 1812 2419 1862 statuta
2454 1810 2509 1862 et
2551 1824 2654 1862 nos
2680 1807 2989 1873 ﬁrmantes,
3021 1804 3218 1859 eadem
3246 1805 3510 1859 omnibus
3548 1805 3855 1859 inviolabi-

2213 1901 2343 1956 liter
2377 1900 2584 1955 futuris
2619 1892 2969 1972 temperibus
2995 1902 3189 1956 tenere
3221 1915 3535 1954 censemus.
3564 1899 3853 1970 Quidquid

2212 1999 2405 2049 autem
2453 2011 2558 2065 per
2604 1995 2708 2049 hac
2744 2010 2911 2049 causa
2968 2000 3154 2065 patres
3197 1991 3377 2047 nostri
3426 1993 3855 2047 decernendum

2214 2088 2427 2143 duxere
2451 2087 2710 2159 dignum,
2740 2093 2805 2143 ut
2829 2088 3116 2158 condecet,
3150 2102 3376 2142 necesse
3400 2091 3503 2155 est,
3532 2101 3664 2141 cum
3694 2086 3854 2141 labe-

2213 2182 2408 2237 factari
2427 2183 2515 2236 vel
2531 2182 2809 2237 inﬁrmari
2827 2182 3079 2254 cmperit,
3102 2181 3407 2253 apostolica
3435 2181 3623 2235 denuo
3652 2185 3856 2235 aucto-

2214 2275 2381 2331 ritate
2423 2275 2640 2330 firmari
2689 2292 2753 2330 ac
2796 2276 3076 2350 renovari,
3111 2275 3492 2346 fratribusque
3524 2274 3670 2329 dari.
3718 2276 3861 2330 Data

2215 2368 2479 2424 Kalendis
2502 2368 2682 2423 Martii
2708 2385 2858 2423 anno
2887 2370 2956 2438 (d)
2990 2368 3213 2423 Domini
3241 2371 3365 2437 587,
3393 2367 3705 2422 indictione
3738 2372 3791 2422 5.

2457 2497 2845 2543 OBSERVATIO
2888 2498 3150 2542 PHILIPPI
3193 2498 3409 2555 LABBE,
3460 2498 3513 2542 S.
3559 2498 3609 2541 J.

2277 2578 2485 2627 Tomol
2525 2578 2860 2627 Bibliotheca:
2893 2590 3043 2627 nova:
3086 2591 3207 2626 mss.
3236 2577 3487 2626 librorum
3521 2577 3862 2628 exhibuimus

2215 2654 2480 2703 nunquam
2499 2642 2718 2689 antehae
2734 2640 3046 2702 publicatam
3062 2641 3427 2703 episcoporum
3440 2641 3866 2690 Autissiodoren—

2217 2702 2634 2752 sium’historiam
2659 2703 2808 2762 cujus
2836 2717 2951 2764 cap.
2980 2706 3038 2750 l9
3060 2702 3170 2751 haec
3193 2702 3256 2750 de
3282 2703 3525 2763 Aunario,
3550 2703 3660 2750 sive
3682 2706 3862 2753 Anna-

2218 2765 2397 2813 chario
2419 2765 2678 2813 habentur
2701 2765 2834 2813 inter
2850 2768 3037 2813 caetera
3058 2778 3070 2812 :
3096 2781 3122 2809 ‹‹
3148 2764 3360 2813 Exstant
3381 2778 3589 2826 quoque
3620 2766 3861 2826 epistolas

2218 2827 2413 2891 Pelagii
2427 2840 2570 2891 papae
2590 2828 2653 2875 ad
2672 2826 2914 2891 eumdem
2929 2826 3278 2891 beatissimum
3295 2825 3863 2891 pontiﬁcem,_quarum

2217 2888 2374 2939 uuam
2400 2888 2559 2937 nimia
2583 2893 2838 2938 vetustate
2872 2888 3122 2937 fuscatam
3153 2888 3218 2937 ab
3247 2888 3556 2937 authenticis
3594 2888 3861 2940 librorum

2216 2965 2543 3014 nequaquam
2577 2951 2800 3014 pleniter
2835 2949 3107 3014 extrahere
3152 2951 3414 3014 voluimus
3457 2951 3587 3013 (haec
3622 2951 3755 3014 forte
3781 2956 3866 3002 est

2218 3012 2370 3079 quam
2408 3012 2860 3079 'supra’edidimus
2883 3012 3066 3079 ordine
3095 3012 3525 3079 qu_artan_1_[Sup..
3546 3013 3663 3079 _col.
3695 3014 3866 3079 705]),

2217 3074 2430 3146 alterum
2455 3074 2581 3146 vero
2607 3075 2726 3146 huic
2755 3074 2901 3146 operi
2928 3074 3257 3146 inserendam
3287 3074 3501 3146 dignum
3530 3074 3794 3146 duximus.

2281 3138 2431 3186 Plura
2456 3137 2520 3186 ab
2542 3138 2728 3185 eodem
2761 3135 2983 3186 A‘unario
3010 3137 3329 3186 sanctissime
3351 3135 3586 3186 instituta
3607 3138 3750 3186 circa
3768 3151 3861 3187 ro-

2218 3201 2470 3261 gationes,
2500 3199 2717 3253 litanias.
2741 3200 3045 3261 vigiliasque
3073 3199 3262 3247 deinde
3284 3199 3504 3259 recitat;
3536 3206 3645 3248 tum
3680 3200 3746 3248 de
3774 3215 3867 3261 sy-

2217 3252 2378 3322 nodo,
2402 3252 2554 3323 quam
2583 3252 2761 3324 postea
2780 3252 3032 3323 integram
3055 3252 3538 3323 repraesentabimus
3557 3261 3671 3311 haec
3697 3252 3867 3324 subji-

2220 3325 2289 3373 eit
2318 3339 2331 3373 :
2371 3324 2600 3386 Denique
2622 3324 2960 3387 congregavit
2986 3324 3337 3372 venerabilem
3359 3324 3618 3387 synodum
3644 3324 3699 3372 in
3726 3324 3865 3374 urbe

2219 3385 2681 3450 Autissiodorensi,
2713 3385 2804 3450 ubi
2832 3385 3406 3450 plurimagpertractans
3450 3386 3529 3450 de,
3549 3389 3861 3450 saluteng-

2218 3449 2329 3511 puli
2362 3448 2460 3512 sibi
2489 3448 2775 3512 commissi,
2814 3448 3108 3512 necessaria
3136 3462 3352 3512 quaeque
3377 3452 3429 3498 et
3453 3449 3604 3499 valde
3637 3448 3783 3500 utilia
3806 3450 3866 3499 in

2222 3509 2279 3560 lit
2315 3509 2551 3575 capitulis
2575 3509 2895 3574 perstrinxit,
2921 3514 3023 3559 etc.

2797 3651 3119 3709 EPISTOLA
3161 3652 3269 3708 VII.

2223 3775 2504 3816 EXEHPLAR
2549 3776 2884 3816 LITTERARUM
2933 3777 3145 3817 PELAGII
3192 3777 3340 3817 PAPJE
3388 3776 3545 3818 URBIS
3584 3776 3749 3821 ROILB
3788 3781 3864 3821 AD

2424 3848 2709 3889 AUNARIUM
2746 3847 3286 3889 ANTISSIODORENSEM
3323 3848 3653 3891 EPISCOPUM.

2293 3955 2661 4013 Dilectissimo
2687 3958 2847 4013 fratri
2871 3958 3120 4013 Aunario
3146 3958 3423 4029 Pelagius.

2289 4050 2575 4115 Quantum
2615 4052 2726 4106 Deo
2775 4052 3009 4123 placitos
3062 4052 3227 4106 sedis'
3260 4052 3578 4123 apostolicm
3626 4068 3868 4109 venem-

2220 4143 2374 4199 tione
2404 4161 2500 4199 vos
2526 4145 2758 4200 redditis
2777 4188 2791 4215 ,
2820 4149 2979 4200 tanto
3016 4145 3423 4200 commodatior
3447 4146 3550 4213 illi,
3588 4147 3751 4217 cujus
3780 4164 3866 4202 se-

2222 4236 2319 4292 des
2338 4243 2441 4305 est,
2462 4238 2527 4293 ﬁt
2551 4244 2750 4294 vestrae
2778 4238 2982 4294 ﬁducia
3008 4239 3294 4293 charitatis
3310 4257 3326 4308 ;
3359 4256 3463 4294 nec
3492 4239 3658 4294 aliter
3686 4257 3859 4296 unam

2222 4331 2517 4403 solamque
2543 4332 2640 4387 Dei
2673 4332 3011 4387 conﬁtemur
3034 4332 3338 4387 Ecclesium
3363 4375 3377 4403 ,
3418 4333 3527 4386 nisi
3564 4350 3764 4389 omnes
3791 4335 3862 4389 ad

2221 4430 2441 4495 petram
2481 4442 2652 4497 super
2687 4443 2858 4497 quam
2886 4426 3115 4481 fundata
3144 4430 3227 4480 est
3251 4425 3390 4480 ﬁdes
3432 4427 3710 4481 catholica
3733 4444 3864 4482 con-

489 4515 819 4572 auctoritate
845 4531 1043 4570 omnes
1067 4516 1167 4587 qui
1192 4516 1458 4570 adversus
1483 4517 1676 4570 Patres
1708 4523 2003 4572 armantur
2031 4519 2118 4588 (b),
2141 4530 2200 4602 D
2224 4521 2511 4573 struamur
2542 4535 2556 4573 :
2585 4524 2820 4591 propter
2852 4519 3004 4590 quod
3046 4518 3366 4572 Dilectionis
3406 4523 3517 4574 tua:
3563 4521 3861 4575 desideriis

490 4615 555 4665 ut
574 4611 804 4665 Patrum
822 4610 1109 4665 invasores
1126 4614 1182 4664 et
1207 4614 1563 4681 mactatores,
1586 4610 1827 4666 infames
1852 4627 1971 4666 esse
1996 4628 2124 4666 cen—

488 4719 677 4760 semus
709 4721 722 4758 :
752 4704 1021 4776 quoniam
1048 4720 1113 4758 ea
1137 4704 1408 4774 vulnera,
1440 4720 1569 4775 qua:
1595 4704 1862 4776 feruentis
1900 4721 2015 4759 non
2042 4722 2123 4759 sa-

489 4721 677 4760 semus
709 4721 722 4758 :
752 4721 1021 4776 quoniam
1048 4721 1113 4758 ea
1137 4721 1408 4774 vulnera,
1440 4721 1569 4775 qua:
1595 4721 1651 4759 ιο
1718 4721 1862 4760 enus
1900 4721 2015 4759 non
2042 4722 2118 4759 sa-

489 4804 719 4868 nantur,
740 4798 891 4853 ferro
905 4797 1156 4853 abscindi
1176 4797 1263 4852 vel
1284 4798 1469 4852 curari
1486 4721 1813 4853 necesgest
1829 4796 1912 4869 (c).
1941 4798 2118 4865 Unde,

490 4893 711 4962 fratres,
746 4896 965 4947 cessent
1005 4892 1233 4963 injustas
1280 4891 1693 4961 aemulationes,
1730 4895 1947 4945 cessent
1990 4890 2124 4945 insi-

491 4986 620 5055 diae,
649 4990 866 5040 cessent
888 4987 1046 5041 falsae
1090 4985 1510 5041 criminationes
1538 5027 1553 5054 ,
1582 5001 1656 5040 ne
1696 4984 1953 5038 inﬁrmus
1977 4984 2123 5055 quis-

490 5096 684 5154 quam,
716 5085 948 5152 propter
996 5096 1170 5152 quem
1201 5079 1460 5136 Christus
1503 5084 1761 5134 mortuus
1787 5082 1891 5147 est,
1919 5078 2122 5132 talibus

487 5173 767 5233 laceretur
792 5174 1010 5229 insidiis
1038 5190 1052 5229 :
1083 5189 1155 5228 ne
1182 5173 1320 5242 ovis,
1350 5173 1533 5245 pretio
1557 5170 1767 5228 Christi
1791 5171 2117 5245 redempta,

488 5269 700 5343 lupinis
751 5285 785 5323 a
832 5268 1009 5323 fratre
1057 5267 1336 5323 saucietur
1380 5267 1682 5322 morsibus.
1736 5266 1930 5321 Merito
1985 5282 2121 5338 ergo

489 5382 657 5422 causa
702 5380 808 5419 nos
851 5361 1082 5433 respicit
1124 5361 1200 5431 [S.
1247 5362 1475 5424 Calcat”
1516 5364 1675 5431 epist.
1722 5360 1794 5429 l],
1837 5359 1883 5414 si
1919 5359 2122 5415 talibus

488 5461 678 5515 favere
731 5456 1088 5528 cmperimus.
1133 5454 1527 5527 Corripiantur
1563 5469 1790 5525 semper
1825 5452 1977 5521 talia,
2017 5469 2121 5508 nec

486 5552 615 5623 illis,
655 5550 753 5623 qui
791 5550 913 5606 haec
951 5564 1212 5605 exercere
1249 5551 1545 5617 conantur,
1594 5552 1694 5602 aut
1740 5546 1999 5617 patribus
2036 5547 2123 5601 vel

565 5691 637 5764 (α)
668 5687 830 5744 Hadr.
863 5688 1049 5764 1,_col.
1081 5690 1146 5764 μ)
1174 5692 1230 5743 et
1258 5691 1343 5757 l7,
1389 5702 1460 5740 ex
1485 5684 1620 5741 Cod.
1649 5682 1888 5754 Theod.,
1916 5683 2014 5739 lib.
2044 5700 2119 5754 ιχ,

488 5759 579 5818 tit.
614 5759 666 5830 ἰ,
695 5764 875 5815 const.
910 5761 975 5814 10
1002 5765 1059 5814 et
1086 5761 1171 5814 16.

562 5831 632 5905 (b)
653 5825 911 5901 'Proclus,
937 5831 1235 5902 episcopus
1259 5825 1929 5900 Constantinopolitanus,
1957 5827 2118 5901 epist.

2220 4612 2483 4666 successit
2517 4611 2767 4679 effectus,
2809 4615 2865 4666 et
2912 4612 3163 4667 celeritas
3206 4611 3423 4682 facilis;
3483 4614 3616 4685 quia
3660 4630 3861 4669 eorum

2222 4705 2539 4759 sanctuaria
2563 4710 2921 4777 quaeruntur,
2947 4722 2979 4760 a
3005 4706 3211 4778 quibus
3236 4706 3592 4779 principibus
3616 4709 3863 4780 sumpsit

2222 4797 2544 4868 praedicatio
2580 4800 2829 4854 veritatis
2870 4800 3188 4855 exordium.
3228 4800 3387 4864 Quod
3413 4817 3546 4855 vero
3575 4802 3634 4855 in
3661 4801 3862 4857 vestris

2221 4891 2551 4962 regionibus
2591 4892 2880 4948 abundare
2920 4893 3176 4948 indicatis
3215 4895 3478 4950 ecclesias
3502 4912 3698 4963 novas,
3738 4912 3863 4967 gra-

2220 4984 2470 5040 tulanter
2524 4986 2865 5057 suscipimus
2890 5029 2904 5057 ,
2962 4991 3157 5042 tamen
3209 4988 3255 5041 si
3303 4988 3547 5044 scienter
3592 4994 3861 5060 expetere

2222 5078 2473 5133 studium
2510 5080 2858 5151 prophetiam
2894 5080 3044 5135 vocis
3081 5081 3457 5152 amplecteris,
3498 5083 3745 5153 quaerite
3775 5083 3860 5137 fa-

2222 5172 2364 5227 ciem
2393 5172 2514 5243 ejus
2540 5188 2785 5244 semper.
2816 5174 3102 5238 Quantum
3127 5190 3377 5246 namque
3403 5175 3671 5230 humanis
3698 5176 3865 5231 intel-

2220 5265 2458 5320 lectibus
2473 5265 2880 5322 incarnationis
2897 5267 3123 5322 Domini
3146 5268 3327 5322 nostri
3345 5268 3550 5323 veritas
3579 5271 3861 5341 aperitur,

2220 5362 2375 5415 tanto
2400 5360 2646 5431 amplius
2672 5364 2728 5415 et
2757 5360 3071 5416 honoratur
3108 5365 3165 5416 et
3213 5362 3436 5417 colitur.
3478 5362 3636 5418 Sicut
3668 5369 3865 5419 autem

2219 5469 2317 5508 vos
2344 5454 2548 5525 cupitis
2572 5455 2689 5509 Deo
2711 5456 2919 5510 nostris
2947 5456 3296 5511 orationibus
3325 5456 3741 5524 commendari,
3769 5474 3865 5512 vos

2221 5547 2393 5602 etiam
2416 5548 2622 5603 nostris
2654 5548 3080 5605 necessitatibus
3104 5554 3161 5605 et
3184 5549 3461 5621 angustiis
3477 5592 3491 5621 ,
3532 5550 3747 5622 quibus
3773 5552 3861 5607 in-

2219 5685 2291 5742 ad
2317 5684 2605 5742 Domnum
2635 5691 2760 5743 Ant.

2297 5758 2355 5832 (ο)
2384 5759 2593 5832 Concil.
2623 5760 2786 5815 Rom.
2810 5775 2884 5832 vr,
2906 5759 3009 5816 sub
3041 5759 3396 5832 Symmacho.

2296 5828 2368 5900 (α)
2399 5831 2459 5883 ln
2489 5830 2633 5885 Edit.
2666 5832 2828 5887 Rom.
2858 5831 3012 5887 deest
3035 5828 3170 5888 anni
3196 5831 3493 5905 ascriptio,
3523 5838 3583 5891 et
3612 5840 3788 5893 recte.
