4016 6240
157 317 253 371 745

1421 328 1760 388 EPISTOLE
1797 331 1881 388 ET
1918 327 2248 388 DECRETA.

3411 331 3512 385 ’746

153 423 489 480 cessabiliter
556 443 896 500 oneramur,
966 431 1384 492 intercessionis
1445 441 1779 497 continuum
1802 440 2116 529 Ascientes
2158 456 2216 494 se
2233 439 2302 493 ad
2343 436 2726 507 episcopatum
2762 451 2866 490 nec
2911 439 3096 504 (etate,
3125 450 3230 490 nec
3258 441 3512 504 scientia,

152 517 287 572 ferte
315 520 576 575 solatium
618 526 862 595 orantes,
893 531 949 581 et
979 528 1411 603 quibuscumque
1459 534 1652 590 valetis
1692 537 1776 589 vi-

150 610 298 664 ribus
332 611 391 666 id
420 620 671 685 agentes,
714 623 991 688 quatenus
1036 623 1180 677 sicut
1224 626 1606 696 praedicationi
1637 630 1779 684 sedis

151 705 459 774 apostolicae
486 712 821 779 consonatis,
851 713 927 768 ita
956 715 1077 784 ejus
1103 718 1226 787 paci
1249 723 1431 773 vestra
1458 722 1779 792 impetratio

148 799 490 868 congaudeat
515 804 573 854 et
599 804 794 874 quieti.
825 807 972 861 Deus
1002 813 1055 862 te
1085 810 1429 867 incolumem
1467 815 1773 884 custodiat,

148 889 313 944 frater
362 892 709 952 charissime.
767 900 970 954 Datum
1016 904 1199 974 pridie
1246 907 1477 960 Kalend.
1535 909 1775 963 Novem-

146 982 345 1053 brium,
375 985 692 1057 imperante
741 992 974 1047 domino
1003 997 1264 1052 Mauricio
1308 999 1526 1054 Tiberio
1566 1003 1774 1074 imper.

145 1078 413 1146 Augusto,
449 1096 598 1136 anno
625 1086 677 1150 5,
711 1084 1017 1143 indictione
1045 1093 1096 1144 5.

632 1218 944 1276 DECRETA
982 1223 1269 1280 PELAGII.

366 1347 433 1385 EX
460 1347 730 1390 GRATIANO
761 1353 880 1398 ρυλε
909 1356 1149 1396 SECUNDO
1174 1358 1534 1400 TRIBUUNTUR.

891 1450 1029 1505 VIII.

203 1533 460 1605 Pelagius
486 1553 633 1607 papa
651 1541 955 1596 Antonium
982 1545 1250 1615 patriciae,
1285 1553 1341 1602 et
1371 1551 1568 1605 Deciaa.

212 1625 285 1681 De
335 1631 707 1698 prtesentium
753 1637 1052 1707 portitore,
1109 1641 1260 1710 quod
1297 1641 1556 1698 defensor
1592 1645 1772 1700 factus

144 1735 251 1773 non
275 1726 375 1788 est,
422 1723 581 1776 nulla
620 1725 776 1780 vobis
825 1729 1001 1784 animi
1045 1734 1300 1788 molestia
1337 1736 1426 1803 sit,
1471 1738 1605 1808 quia
1643 1755 1771 1794 vere

1879 552 1982 588 nec
2012 535 2140 588 vitae
2170 531 2388 587 meritis
2413 547 2573 601 posse
2601 530 2856 601 perduci,
2893 530 2963 583 ad
2986 530 3092 583 hoc
3121 531 3514 584 tantummodo

1880 628 2191 699 inquietare
2219 625 2523 680 Ecclesiam
2551 625 2766 692 volunt,
2795 628 2860 678 ut
2903 623 3008 676 sibi
3032 623 3101 678 de
3150 623 3258 692 his,
3292 641 3420 694 quae
3445 640 3516 678 ex

1881 722 2000 792 ipsa
2027 723 2375 791 praesumpta
2396 724 2546 786 sunt,
2563 717 2958 789 impunitatem
2975 717 3203 771 futurus
3221 717 3517 787 promittat

1881 816 2191 885 episcopus,
2226 819 2280 867 et
2309 813 2405 866 ﬁat
2447 812 2660 882 rapinze
2690 811 2979 880 securitas,
3011 811 3369 881 episcopatus
3399 828 3514 866 am-

1877 907 2051 978 bitio;
2082 909 2187 961 hoc
2215 906 2384 961 etiam
2414 922 2507 959 vos
2541 905 2805 959 duximus
2831 905 3293 974 commonendos,
3323 911 3386 959 ut
3415 905 3508 959 de-

1879 1007 2099 1056 cretum
2144 1001 2203 1054 in
2230 999 2512 1070 Elpidium
2559 999 2862 1052 diaconum
2912 999 3144 1066 factum,
3172 1002 3228 1052 et
3263 998 3508 1052 subscri-

1877 1100 2041 1166 ptum
2067 1095 2136 1148 ab
2163 1093 2444 1160 omnibus,
2473 1109 2612 1163 quos
2641 1098 2819 1146 vestra
2845 1091 3045 1147 relatio
3071 1091 3408 1162 designavit,
3439 1093 3511 1146 ad

1877 1206 1984 1244 nos
2011 1205 2142 1243 cum
2170 1186 2424 1259 praedicti
2450 1186 2751 1240 visitatoris
2778 1185 3032 1256 epistola,
3067 1189 3124 1240 et
3148 1202 3279 1240 cum
3312 1186 3510 1240 eodem

1877 1282 2112 1337 diacono
2158 1280 2472 1349 maturetis,
2504 1281 2617 1333 Deo
2664 1278 3024 1349 propitiante,
3057 1279 3383 1348 perducere.
3440 1282 3511 1333 Et

1876 1382 1996 1445 post
2009 1393 2208 1446 pauca.
2237 1377 2378 1429 Cum
2416 1374 2593 1444 igitur
2620 1373 2730 1426 huc
2766 1372 2915 1426 ﬁlius
2947 1376 3137 1426 noster
3169 1372 3506 1442 magniﬁcus

1874 1469 1960 1523 vir
1995 1470 2100 1524 Leo
2147 1474 2356 1539 praetor
2398 1467 2658 1534 venisset,
2708 1466 2902 1520 retulit
2939 1466 3100 1519 nobis
3155 1466 3223 1519 de
3268 1465 3506 1536 singulis

1873 1579 2001 1633 quae
2025 1563 2103 1616 ibi
2134 1567 2286 1616 mota
2306 1565 2458 1627 sunt,
2488 1564 2543 1614 et
2571 1559 2856 1630 quomodo
2885 1561 3012 1612 vota
3037 1574 3213 1629 prope
3239 1559 3408 1612 totius
3435 1558 3508 1612 ci-

1872 1656 2060 1709 vitatis
2087 1655 2146 1708 in
2194 1653 2408 1724 Elpidio
2440 1653 2676 1707 diacono
2724 1652 3154 1706 concordarent.
3188 1651 3342 1704 Unde
3371 1651 3506 1720 quia

1873 1749 1941 1802 de
1989 1748 2285 1802 memorati
2311 1747 2415 1800 viri
2461 1745 2781 1800 testimonio
2813 1745 3072 1799 dubitare
3111 1743 3342 1797 omnino
3386 1760 3506 1797 non

143 1813 263 1867 satis
288 1816 708 1872 amariSSimum
748 1821 929 1876 habeo
969 1825 1037 1878 de
1065 1825 1170 1880 isto
1214 1830 1502 1898 ΡΓοΡοείῗο
1529 1832 1598 1886 ad
1626 1832 1767 1886 illUd
1789 1830 1844 1901 B
1868 1859 2188 1912 possumus,
2219 1840 2447 1905 idcirco,
2477 1839 2621 1892 sicut
2663 1839 2876 1892 dictum
2922 1842 3024 1903 est,
3056 1837 3336 1907 Elpidium
3382 1836 3501 1890 dia-

144 1905 271 1972 [Al.,
299 1908 475 1978 aliud]
521 1911 771 1967 ofﬁcium
822 1915 1082 1971 homines
1129 1920 1349 1989 deduci,
1381 1923 1440 1976 in
1469 1941 1582 1994 quo
1607 1926 1765 1980 nullo

142 2000 298 2053 modo
335 2018 464 2072 quae
494 2021 527 2057 a
551 2007 842 2062 monachis
892 2010 1005 2064 Deo
1055 2013 1334 2082 promissa
1379 2023 1511 2070 sunt
1547 2019 1766 2074 valeant

141 2091 449 2164 adimpleri.
513 2097 852 2154 Omnimoda
897 2104 1051 2157 enim
1096 2110 1181 2160 est
1227 2107 1377 2161 illius
1430 2109 1654 2165 habitus
1709 2116 1765 2167 et

141 2187 288 2240 istius
316 2188 488 2243 ofﬁcii
534 2191 845 2248 diversitas.
880 2196 993 2250 Illic
1023 2198 1174 2253 enim
1215 2202 1394 2270 quies,
1426 2204 1625 2272 oratio,
1678 2207 1759 2260 la-

140 2278 233 2333 bor
256 2297 536 2336 manuum
565 2302 580 2352 ;
611 2291 668 2339 at
694 2287 785 2340 hic
814 2305 1111 2345 causarum
1137 2294 1403 2364 cognitio,
1433 2300 1759 2352 conventio-

138 2388 245 2440 nes,
274 2379 448 2443 actus,
483 2378 704 2447 publica
733 2380 931 2451 litigia,
963 2389 1018 2437 et
1069 2402 1422 2458 quaecunque
1450 2392 1537 2444 vel
1582 2394 1758 2447 eccle-

139 2466 348 2521 siastica
377 2470 654 2539 instituta,
696 2475 782 2528 vel
813 2477 1255 2547 supplicantium
1303 2485 1602 2538 necessitas
1628 2503 1756 2556 pos-

138 2560 218 2614 sit.
253 2561 431 2616 Faciat
461 2569 655 2618 autem
695 2567 839 2621 Deus
869 2575 932 2624 ut
959 2571 1096 2625 tales
1127 2573 1241 2627 sint
1266 2575 1326 2628 hi
1349 2577 1446 2647 qui
1477 2579 1561 2632 vel
1591 2597 1623 2631 a
1653 2597 1759 2635 no-

138 2652 214 2706 bis
255 2654 311 2708 in
362 2656 470 2710 isto
510 2658 709 2713 habitu
756 2661 1117 2735 nutriuntur,
1165 2668 1249 2721 vel
1297 2668 1355 2722 in
1408 2674 1760 2727 monasteriis

139 2755 401 2821 crescunt,
443 2757 508 2805 ut
554 2759 815 2822 provecta
845 2758 1008 2811 aetate
1035 2764 1091 2812 et
1117 2760 1227 2814 vita
1266 2763 1504 2832 probata
1533 2782 1646 2820 non
1690 2768 1760 2821 ad

137 2839 438 2912 litigiorum
462 2846 665 2912 ofﬁcia,
699 2847 798 2902 sed
826 2849 897 2903 ad
938 2853 1316 2909 sacerdotium
1353 2858 1574 2914 valeant
1621 2877 1756 2931 pro-

138 2937 356 2991 moveri.
915 3016 974 3070 Ix

198 3113 453 3186 Pelagius
481 3133 628 3188 papa
657 3119 978 3176 Florentino
1005 3123 1287 3197 episcopo.
1313 3128 1418 3192 Qui
1447 3133 1572 3199 post
1600 3147 1753 3185 mor-

136 3208 260 3275 tem,
288 3214 393 3263 etc.

195 3299 581 3358 Fraternitatis
607 3309 720 3360 tuae
749 3309 1017 3365 relatione
1048 3319 1321 3385 suscepta,
1357 3316 1476 3387 ejus
1511 3317 1752 3373 latorem

137 3395 390 3450 secundas
416 3399 650 3470 quidem
678 3403 922 3474 nuptias,
949 3410 1248 3476 expertum
1275 3425 1390 3463 non
1418 3411 1587 3466 fuisse
1614 3413 1752 3466 didi-

135 3485 301 3542 cimus
329 3507 346 3558 ;
378 3492 693 3548 castitatem
712 3500 900 3551 tamen
924 3515 1055 3552 eum
1087 3501 1226 3570 [Al.,
1255 3504 1405 3573 cum]
1435 3505 1608 3574 priori
1637 3523 1752 3561 non

134 3595 383 3652 servasse,
418 3586 689 3658 conjugio
716 3589 1041 3661 designasti.
1073 3595 1137 3648 Et
1165 3598 1421 3666 quamvis
1444 3600 1621 3654 multa
1641 3601 1753 3656 sint

132 3688 246 3743 qua:
269 3677 326 3730 in
354 3679 684 3750 hujusmodi
714 3684 930 3739 casibus
956 3686 1241 3743 observari
1269 3693 1534 3748 canonice
1553 3694 1752 3764 jubeat

131 3769 476 3827 sublimitatis
509 3774 644 3845 [Al.,
673 3777 1015 3850 subtilitatis]
1042 3785 1361 3852 auctoritas,
1395 3791 1586 3842 tamen
1619 3790 1751 3859 quia

131 3860 362 3919 defectus
405 3872 735 3924 nostrorum
775 3877 1120 3945 temporum,
1167 3879 1374 3949 quibus
1421 3898 1536 3934 non
1567 3883 1748 3936 solum

130 3958 336 4028 merita,
365 3961 462 4016 sed
489 3979 724 4035 corpora
766 3965 892 4036 ipsa
933 3968 1231 4025 hominum
1281 3973 1627 4042 defecerunt,
1659 3975 1745 4030 di-

129 4050 414 4108 strictionis
440 4054 588 4109 illius
609 4073 723 4112 non
743 4060 958 4130 patitur
985 4062 1043 4117 in
1068 4065 1332 4119 omnibus
1362 4083 1591 4123 manere
1622 4086 1748 4124 cen-

129 4157 323 4216 suram,
354 4152 412 4202 et
439 4153 577 4204 aetas
601 4151 784 4221 istius,
816 4154 883 4208 de
903 4172 1015 4226 quo
1043 4159 1253 4229 agitur,
1275 4160 1483 4216 futurze
1510 4162 1745 4218 inconti-

126 4240 319 4294 nentise
338 4241 715 4314 suspicionem
741 4247 962 4303 auferre
989 4250 1368 4324 dignoscitur;
1387 4259 1452 4310 ut
1473 4255 1545 4310 ad
1567 4257 1744 4312 diaco-

126 4337 306 4387 natum
355 4337 534 4406 possit
576 4340 834 4411 provehi,
876 4344 1219 4415 temporum,
1262 4352 1328 4402 ut
1371 4349 1583 4404 dictum
1640 4357 1741 4422 est,

125 4426 622 4486 condescendentes
676 4434 919 4490 defectui
970 4440 1302 4496 concessisse
1354 4459 1456 4497 nos
1498 4446 1740 4500 noveris.

125 4519 186 4572 Et
213 4521 382 4588 infra.
431 4524 729 4581 Miscenam
779 4529 915 4597 [Al.,
967 4531 1246 4604 Micinam]
1301 4552 1434 4590 vero
1481 4539 1743 4592 ancillam

126 4611 254 4682 ejus,
281 4616 348 4671 de
373 4635 486 4689 qua
511 4626 639 4690 post
664 4623 965 4679 transitum
991 4627 1182 4682 uxoris
1209 4628 1352 4684 ﬁlios
1382 4631 1590 4687 habere
1618 4650 1746 4687 con-

127 4703 287 4762 fessus
314 4717 416 4781 est,
436 4713 730 4786 jubemus,
764 4723 824 4772 ut
843 4723 938 4773 tua
957 4719 1327 4792 dispositione
1353 4724 1616 4797 cuiquam
1632 4744 1749 4782 mo-

127 4802 354 4858 nasterio
380 4807 796 4865 continentium
821 4814 1141 4884 professura
1171 4818 1447 4873 tradatur.

899 4937 958 4990 Χ.

188 5026 436 5103 Pelagius
464 5049 609 5106 papa
633 5037 782 5092 clero
813 5038 1118 5096 Catinensi.
1171 5043 1279 5108 Qui
1317 5044 1377 5099 in
1415 5046 1742 5118 episcopum

127 5119 356 5194 eligitur,
397 5132 504 5182 etc.

186 5216 328 5274 Talia
343 5223 572 5292 quidem
580 5225 930 5295 jamdudum
943 5228 1013 5283 ad
1028 5231 1262 5287 fratrem
1275 5237 1330 5287 et
1346 5233 1744 5306 coepiscopum

124 5315 362 5367 nostrum
395 5316 713 5388 Eucarpum
739 5321 808 5376 de
835 5322 1151 5378 visitatione
1186 5327 1501 5382 Carmensis
1550 5329 1740 5383 Eccle-

125 5400 210 5455 size
234 5407 437 5478 scripta
466 5410 795 5483 direximus,
815 5416 947 5470 utin
963 5418 1043 5471 eis
1055 5419 1335 5489 judicium
1356 5427 1616 5476 nostrum
1647 5440 1743 5494 p0-

125 5496 355 5554 tuissetis
380 5518 706 5574 agnoscere.
736 5510 1160 5581 Verumtamen,
1184 5515 1318 5585 quia
1344 5516 1618 5587 quosdam
1661 5516 1741 5570 ibi

123 5601 225 5644 non
249 5610 380 5649 sana
406 5597 738 5672 intentione,
770 5605 866 5658 sed
907 5607 1092 5676 pravis
1140 5609 1337 5663 studiis
1366 5611 1740 5665 dissensiones

125 5685 395 5760 suscitare,
439 5698 618 5748 vestra
665 5696 835 5752 etiam
886 5700 1158 5758 relatione
1206 5704 1593 5776 cognovimus,
1639 5704 1737 5777 qui

187 5857 209 5888 ·
235 5849 570 5912 Emendatus
591 5863 676 5914 est
686 5858 776 5914 hic
789 5861 944 5916 locus
965 5865 1312 5922 exAnselmo
1335 5873 1391 5924 et
1406 5869 1732 5940 Polycarpo.

470 5956 746 6024 PATROL.
794 5961 1030 6027 LXXII.

1777 3199 1831 3273 C

1867 1952 2072 1989 conum
2098 1935 2168 1988 ad
2194 1952 2299 1988 nos
2324 1933 2489 1987 facite
2516 1948 2845 2003 properare,
2878 1947 2979 1984 nec
3019 1930 3320 2000 expectetis
3356 1931 3501 1985 ulte-

1863 2030 2000 2097 rius,
2038 2032 2097 2081 ut
2124 2027 2435 2082 admonitio
2462 2026 2531 2079 ad
2571 2043 2702 2079 eum
2753 2027 2946 2078 nostra
2985 2024 3188 2077 debeat
3236 2023 3502 2077 destinari

1865 2123 2002 2192 [Al.,
2036 2122 2332 2190 iterariaj.
2385 2119 2566 2182 Quem
2607 2123 2798 2172 tamen
2849 2117 2953 2170 hoc
2993 2132 3095 2186 per
3135 2121 3379 2170 vestram
3425 2117 3504 2170 di-

1862 2214 2158 2268 lectionem
2185 2213 2242 2266 in
2269 2212 2537 2283 praesenti
2579 2210 2832 2282 jussione
2865 2209 3180 2280 specialiter
3228 2208 3499 2263 admone-

1861 2325 2009 2375 mus,
2040 2324 2111 2362 ne
2141 2307 2228 2360 cui
2260 2324 2316 2360 se
2343 2305 2553 2376 aliquid
2586 2305 2740 2370 dare,
2771 2304 2857 2357 vel
2905 2303 3173 2356 daturum
3215 2318 3333 2356 esse
3361 2319 3497 2373 pro-

1862 2401 2082 2455 mittat:
2115 2401 2211 2455 sed
2250 2416 2433 2470 neque
2464 2400 2532 2452 de
2563 2396 2945 2451 ecclesiasticis
2991 2395 3293 2466 praeteritis
3320 2397 3500 2450 causis

1861 2495 2107 2566 aliquam
2156 2493 2513 2548 securitatem
2563 2491 2829 2562 cuiquam
2883 2490 3085 2543 audeat
3132 2490 3336 2559 facere,
3381 2490 3496 2544 sive

1861 2588 2211 2658 promittere,
2244 2589 2342 2640 aut
2368 2584 2531 2657 quasi
2550 2585 2732 2638 factus
2762 2583 3059 2654 episcopus
3086 2598 3154 2636 ea
3194 2599 3323 2653 quae
3356 2583 3500 2638 dire-

1861 2686 1955 2752 pta
1981 2684 2113 2735 sunt
2137 2697 2250 2734 non
2276 2682 2512 2750 repetat,
2543 2679 2639 2732 sed
2668 2678 2820 2748 apud
2847 2694 2941 2731 eos
2967 2693 2999 2729 a
3033 2676 3237 2746 quibus
3279 2677 3501 2747 direpta

1861 2780 1995 2829 sunt
2021 2790 2354 2846 permanere
2382 2773 2555 2826 libere
2581 2771 2828 2842 patiatur
2853 2787 2865 2824 :
2910 2770 3088 2824 sciens
3132 2770 3286 2840 quod
3315 2770 3360 2822 si
3386 2771 3498 2824 tale

1859 2868 2075 2939 aliquid
2105 2868 2254 2934 fecit,
2297 2867 2382 2920 vel
2429 2864 2645 2930 fecerit,
2694 2880 2798 2918 nec
2821 2881 2854 2916 a
2888 2863 3049 2917 nobis
3100 2863 3336 2917 omnino
3362 2879 3494 2934 per-

1859 2962 2106 3016 mittitur
2135 2961 2322 3015 valere
2346 2959 2466 3030 ipsa
2490 2957 2810 3028 promissio,
2841 2960 2896 3011 et
2921 2973 3050 3010 cum
3069 2956 3272 3026 judicii
3292 2956 3493 3024 nostri,

1858 3055 2010 3127 quod
2054 3055 2122 3109 de
2172 3054 2293 3125 ipso
2340 3051 2661 3117 habuimus,
2704 3051 2932 3119 damno,
2981 3050 3276 3120 pastoralis
3303 3065 3496 3105 conse-

1859 3149 2121 3204 crationis
2150 3147 2409 3202 ordinem
2437 3143 2749 3217 promereri
2775 3139 2904 3198 non
2930 3144 3156 3214 poterit.

2646 3275 2731 3330 XI.

1925 3382 2184 3453 Pelagius
2225 3396 2371 3451 papa
2396 3377 2695 3433 Cresconio
2731 3376 2956 3432 illustri.
2988 3378 3063 3431 De
3108 3376 3492 3433 exactionibus

1853 3477 2266 3548 episcoporum.

1923 3570 2064 3624 Illud
2094 3574 2148 3623 te
2177 3569 2432 3622 volumus
2461 3565 2643 3620 modis
2674 3565 2939 3619 omnibus
2965 3566 3262 3633 custodire,
3292 3581 3364 3620 ne
3391 3567 3491 3637 qui

1851 3663 2243 3734 episcoporum
2269 3660 2473 3715 Sicilire
2500 3659 2568 3713 de
2582 3659 2862 3729 parochiis
2889 3659 2959 3713 ad
2987 3675 3044 3712 se
3069 3659 3487 3730 pertinentibus

1851 3758 2079 3812 nomine
2106 3754 2469 3810 cathedratici
2489 3753 2735 3823 amplius
2765 3769 2938 3824 quam
2959 3753 3097 3806 duos
3124 3752 3329 3806 solidos
3345 3769 3487 3823 prte-

1850 3849 2376 3920 sumant'accipere,
2406 3863 2591 3918 neque
2619 3847 2956 3916 compellere
2985 3845 3359 3917 presbyteros,
3388 3850 3488 3901 aut

1849 3945 2065 4000 clerum
2118 3941 2515 4015 parochiarum
2563 3956 2794 3995 suarum
2836 3957 3004 4012 supra
3028 3940 3173 3994 vires
3232 3956 3360 3994 suas
3404 3940 3485 3995 eis

1848 4038 2098 4094 convivia
2128 4052 2471 4108 praeparare.

1918 4253 2174 4325 Pelagius
2203 4269 2352 4324 papa
2379 4251 2688 4323 Benegesto
2716 4249 3017 4306 defensori.
3058 4252 3205 4305 Ante
3229 4249 3482 4320 judicem

1847 4349 2068 4403 civilem
2096 4346 2282 4402 clerici
2300 4362 2416 4400 non
2443 4350 2799 4400 accusentur.

1917 4441 2290 4514 Experientiae
2315 4445 2426 4495 ιιιω
2453 4439 2723 4511 praesenti
2759 4438 3089 4492 auctoritate
3119 4437 3477 4509 mandamus,

1847 4543 1909 4592 ut
1933 4539 1992 4592 in
2019 4536 2217 4603 causis,
2248 4535 2307 4588 in
2358 4534 2564 4605 quibus
2603 4532 2868 4603 quaelibet
2914 4529 3267 4585 ecclesiastici
3310 4530 3478 4585 ofﬁcii

1847 4648 2087 4705 persona
2105 4631 2225 4684 loco
2241 4627 2497 4698 petitoris
2524 4625 2730 4693 existit,
2749 4640 3092 4695 quemquam
3122 4623 3329 4677 laicum
3357 4625 3480 4694 pul-

1847 4733 2032 4781 satura
2054 4722 2204 4794 apud
2229 4737 2347 4774 suae
2383 4718 2686 4790 provinciae
2722 4717 2978 4788 judicem
3005 4733 3131 4770 suas
3159 4733 3478 4788 proponere

1848 4820 2092 4874 actiones
2120 4831 2233 4869 non
2268 4813 2510 4867 deserat.
2543 4815 2604 4866 In
2630 4812 2698 4865 iis
2723 4827 2852 4865 vere
2879 4809 3145 4881 negotiis,
3179 4811 3238 4864 in
3273 4811 3479 4883 quibus

1846 4909 2202 4969 ecclesiastici
2256 4907 2425 4961 ofﬁcii
2478 4922 2719 4977 persona
2781 4905 3071 4976 pulsatur,
3125 4905 3296 4959 totius
3345 4905 3474 4959 sub-

1845 5013 1998 5062 moto
2022 5001 2354 5077 pulsationis
2385 4999 2694 5067 obstaculo,
2723 4999 2793 5053 ad
2815 4997 3080 5070 episcopi,
3109 4999 3196 5053 vel
3240 4999 3474 5070 presby-

1843 5108 2094 5158 terorum
2122 5099 2181 5152 in
2205 5098 2344 5163 loco,
2365 5094 2464 5149 ubi
2485 5092 2722 5165 quzestio
2750 5093 3008 5160 vertitur,
3040 5091 3476 5146 constitutorum

1845 5198 2102 5252 occurrat
2129 5189 2518 5246 indifferenter
2543 5203 2800 5243 examen.

2607 5311 2741 5366 XIII.

1915 5419 2056 5471 Item
2078 5412 2274 5485 Sergio
2304 5409 2653 5468 cancellario.
2834 5499 2844 5508 -
3033 5497 3043 5508 Α
3173 5499 3183 5508 Ι
3238 5497 3258 5508 Α
3321 5496 3332 5508 ⁸
3408 5496 3419 5508 θ

1913 5511 1968 5566 Si
1994 5511 2293 5582 quisquam
2322 5507 2458 5578 [Al.,
2490 5504 2663 5574 idem]
2714 5499 2969 5569 clericus,
3002 5497 3115 5554 sive
3169 5497 3472 5602 inferioris,

1843 5607 1955 5661 sive
1979 5604 2213 5676 potioris
2252 5601 2460 5674 gradus
2489 5599 2699 5670 petitor
2727 5596 2947 5662 cxistat,
2966 5599 3022 5649 et
3047 5596 3245 5695 contra
3273 5593 3476 5695 laicam

1839 5716 2140 5774 personam
2167 5714 2295 5753 suas
2324 5696 2532 5766 dirigat
2555 5692 2825 5759 actiones,
2853 5689 2958 5745 iste
2995 5686 3176 5743 modis
3209 5684 3474 5741 omnibus

3080 5959 3159 6022 24
