4016 6240
464 336 568 392 ’747

1426 333 1690 391 PELAGII
1726 332 1917 391 ΡΑΡᾸΕ
1952 332 2001 389 II
2038 330 2377 390 EPISTOLjE
2413 332 2499 389 ET
2534 332 2860 392 DECRETA.

3728 329 3833 384 ’748

466 461 584 499 non
611 440 766 511 alibi,
797 459 975 515 quam
1004 441 1157 515 apud
1187 442 1494 515 provinciae
1508 442 1765 514 judicem
1793 441 2095 513 negotium
2118 455 2177 529 Α
2197 447 2309 515 tur,
2336 448 2399 500 ut
2437 443 2770 499 diaconatus
2796 442 2976 514 possit
3015 437 3281 497 ordinem
3304 436 3565 509 provehi,
3602 439 3833 509 tempo-

466 554 635 592 suum
668 538 923 593 dicturus
951 541 1230 593 occurrat.
1263 537 1322 591 Si
1354 536 1480 607 quis
1508 541 1703 591 autem
1728 535 1905 591 laicus
1932 535 2093 591 cleri-

467 648 598 685 cum
614 631 1001 702 cujuscunque
1026 630 1237 701 gradus
1255 629 1478 683 duxerit
1497 646 1621 683 esse
1642 629 2008 700 pulsandum,
2024 629 2097 684 ad

468 724 867 795 episcoporum
889 724 1172 795 judicium
1194 722 1253 776 in
1282 722 1487 777 eadem
1512 722 1735 778 civitate
1764 724 1848 777 vel
1878 723 2099 777 territo-

466 817 554 872 rio
587 817 1026 872 constitutorum
1056 818 1344 886 pr0ponat
1369 832 1466 870 eas
1492 833 1634 886 quas
1656 833 1715 870 se
1747 816 1961 871 habere
1984 815 2099 871 exi-

467 912 664 966 stimat
689 910 963 966 actiones.
994 909 1177 973 Quem
1201 908 1468 964 ordinem
1508 909 1733 980 legibus
1762 926 1867 981 per
1902 909 2099 964 omnia

468 1004 926 1069 convenientem,
943 1006 1115 1073 atque
1133 1005 1588 1057 consentaneum
1602 1002 1988 1058 demonstrari
2004 1002 2099 1056 illa

467 1098 671 1167 regula
682 1095 1035 1161 manifestat,
1052 1112 1177 1166 quae
1190 1096 1465 1167 praecepit
1485 1101 1741 1151 actorem
1753 1097 1945 1151 forum
1958 1112 2100 1150 sem-

467 1206 572 1261 per
597 1190 760 1261 sequi
782 1189 1014 1260 pulsati.
1032 1189 1263 1244 Clericis
1284 1206 1419 1245 vero
1450 1189 1688 1261 pulsatis
1707 1190 1767 1244 in
1790 1188 2099 1261 episcopali

459 1283 679 1354 judicio
706 1284 897 1339 forum
924 1289 1270 1353 competere,
1290 1283 1693 1355 principalium
1720 1299 1949 1355 quoque
1967 1299 2097 1337 san-

463 1376 723 1432 ctionum
757 1376 1024 1449 designat
1052 1376 1377 1431 auctoritas.

624 1489 898 1543 PELAGII
927 1489 970 1542 II
999 1487 1477 1543 EPISTOLARUM
1504 1487 1938 1543 FRAGMENTA.

540 1582 907 1653 Synodorum
949 1581 1491 1653 congregandarum
1522 1581 1835 1636 auctoritas
1862 1581 2097 1651 Aposto-

469 1676 592 1730 lica:
614 1675 735 1729 sedi
760 1675 983 1746 privata
1007 1674 1319 1729 commissa
1347 1677 1434 1729 est
1456 1676 1762 1745 potestate,
1797 1690 1912 1737 nec,
1925 1674 2100 1727 ullam

2197 557 2326 594 rum
2358 538 2905 604 condescendentes,
2928 539 2991 590 ut
3011 535 3226 590 dictum
3254 535 3357 601 est,
3390 531 3663 599 defectui,
3693 547 3833 585 con-

2198 634 2430 690 cessisse
2462 650 2568 688 nos
2612 632 2874 697 noveris;
2924 629 3007 684 ita
3034 632 3253 694 tamen,
3295 630 3358 681 ut
3386 627 3457 681 de
3483 626 3747 681 moribus
3778 627 3837 678 et

2197 728 2309 782 vita
2338 728 2423 781 vel
2453 730 2581 781 actu
2625 724 2799 797 ipsius
2841 727 2901 778 tu
2929 723 2991 777 in
3036 722 3127 777 die
3147 720 3353 793 judicii
3398 723 3533 774 ante
3578 718 3834 773 tribunal

2197 820 2338 876 illud
2367 819 2621 875 terribile
2646 818 2857 873 reddas
2890 815 3187 872 communi
3216 813 3464 868 Domino
3492 812 3787 867 rationem
3818 828 3833 864 ε

2200 915 2336 986 quia
2363 914 2440 968 sic
2456 912 2747 984 praeterita
2760 928 2876 983 prie
2903 909 3171 980 angustia
3185 906 3461 978 temporis
3471 905 3839 977 mitigamus,

2199 1011 2263 1063 ut
2292 1011 2455 1062 caute
2487 1011 2660 1076 atque
2689 1004 2923 1060 sollicite
2942 1001 3146 1058 futuris
3172 1000 3491 1056 excessibus
3511 998 3836 1054 obviemus.

2198 1103 2437 1172 Propter
2459 1099 2613 1171 quod
2629 1099 2903 1170 jubemus
2926 1097 3189 1152 Micinam
3218 1094 3507 1162 ancillam,
3532 1092 3604 1147 de
3634 1108 3753 1163 qua
3780 1107 3841 1144 se

2199 1198 2330 1267 post
2376 1194 2563 1248 uxoris
2592 1192 2896 1246 transitum
2935 1190 3150 1245 habere
3194 1188 3487 1243 confessus
3535 1189 3623 1240 est
3665 1184 3841 1249 ﬁlios,

2200 1304 2390 1358 neque
2418 1303 2548 1341 cum
2584 1286 2710 1357 ipso
2747 1300 2986 1339 manere
3031 1283 3219 1349 liceat,
3256 1286 3313 1335 et
3337 1280 3669 1352 quicunque
3696 1279 3840 1349 [AI.,

2200 1381 2542 1452 cuicunque]
2564 1379 2918 1434 monasterio
2937 1374 3352 1432 continentiam
3370 1374 3724 1445 professura,
3738 1376 3843 1426 tua

2203 1474 2573 1545 dispositione
2600 1472 2882 1539 tradatur,
2906 1473 2970 1524 ut
2992 1468 3222 1525 meliori
3247 1471 3399 1523 sorte
3422 1467 3496 1521 ad
3527 1465 3684 1538 quod
3713 1481 3845 1537 pro-

2202 1570 2468 1622 movetur
2518 1566 2772 1622 ofﬁcium
2820 1564 2924 1618 sub
2966 1563 3136 1617 bonae
3175 1560 3356 1633 possit
3400 1561 3575 1615 famae
3625 1558 3841 1614 merito

2199 1659 2550 1727 ministrare,
2594 1675 2701 1713 nec
2738 1658 2929 1730 aliqua
2970 1655 3258 1729 opinionis
3303 1655 3425 1725 ejus
3471 1652 3842 1707 maculanda

470 1769 756 1840 synodum
778 1769 1113 1840 generalem
1143 1772 1330 1822 ratam
1358 1784 1480 1822 esse
1512 1766 1780 1839 legimus,
1819 1783 1947 1838 qua:
1978 1767 2174 1840 ejus“
2200 1754 2560 1825 relinquatur
2611 1752 2834 1808 occasio
2890 1751 3219 1821 (Gratianus
3259 1751 3397 1804 Dist.
3426 1748 3514 1815 34-,
3540 1763 3662 1819 cap.
3710 1746 3845 1800 Fra-

469 1820 588 1918 nJon
612 1820 1141 1916 fueritoauctoritate
1169 1856 1523 1932 congregata
1547 1820 1635 1915 v21
1648 1820 1808 1915 fulta.
1836 1820 1969 1914 ilice
1994 1820 2097 1914 ξιι-
2118 1820 2176 1893 Β
2199 1820 2525 1920 temit—atisb

470 1955 703 2010 ctoritas
726 1958 973 2009 testatur
992 1954 1291 2020 canonica,
1315 1955 1436 2008 haec
1460 1952 1701 2008 historia
1721 1953 2102 2008 ecclesiastica

470 2049 724 2117 roborat,
759 2048 881 2103 haec
907 2048 1087 2103 sancti
1115 2049 1311 2102 Patres
1343 2047 1692 2102 confirmant
1715 2058 1758 2100 δ.

1229 2158 1358 2212 XIV.

538 2252 805 2324 Pelagius
822 2253 1082 2323 Eucarpo
1106 2251 1374 2322 episcopo
1394 2250 1761 2305 Messanensi.

539 2346 891 2402 Charitatem
919 2344 1095 2413 illam,
1127 2360 1242 2415 qua
1267 2343 1641 2398 Dilectionem
1669 2346 1828 2398 tuam
1875 2357 2105 2413 semper

470 2441 810 2506 amavimus,
860 2438 1059 2493 omnia
1102 2454 1375 2509 superare
1419 2436 1739 2493 secundum
1766 2436 2104 2507 Apostolum

470 2534 778 2600 credimus,
801 2536 859 2585 et
890 2532 1113 2585 nullum
1145 2530 1432 2585 sanctitati
1462 2534 1571 2585 tuae
1594 2530 1856 2585 laborem
1880 2546 1985 2601 pro
2017 2546 2105 2584 ec-

469 2626 788 2681 clesiastico
814 2627 964 2679 statu
992 2641 1299 2679 onerosum
1319 2623 1578 2679 existere.
1614 2624 1733 2678 Scit
1758 2623 2105 2678 Fraternitas

470 2724 589 2787 tua,
622 2720 758 2791 quia
784 2735 888 2790 pro
918 2718 1166 2788 peccatis
1198 2717 1407 2773 nostris
1433 2734 1637 2773 omnes
1663 2734 1790 2788 quae
1820 2734 1920 2772 sua
1947 2733 2101 2788 quaa-

468 2817 625 2881 runt,
651 2830 766 2868 non
789 2828 917 2884 quae
942 2814 1072 2867 Jesu
1094 2810 1319 2867 Christi.
1351 2813 1479 2866 Haec
1505 2811 1637 2866 ideo
1661 2811 2103 2883 preelibavimus,

470 2907 607 2979 quia
628 2906 727 2961 tibi
758 2923 953 2960 rursus
970 2905 1289 2961 Catinensis
1316 2904 1452 2975 [Al.,
1471 2904 1812 2975 Cathenisis]
1838 2905 2106 2959 Ecclesiae

468 3001 856 3056 visitationem
904 2999 1282 3069 injungimus,
1348 2997 1511 3069 cujus
1555 2997 1855 3069 episcopus
1900 2997 1969 3051 de
2000 2997 2107 3051 hac

466 3096 595 3149 luce
634 3093 905 3148 transisse
953 3096 1217 3163 suscepta
1266 3091 1406 3145 cleri
1452 3091 1734 3146 relatione
1779 3090 2104 3145 didicimus.

2572 1957 2895 2014 PELAGII
2954 1958 3009 2013 ΙΙ
3061 1956 3451 2012 DECRETA.

2679 2043 2767 2107 Em
2793 2052 3058 2109 Gratiano
3084 2052 3332 2120 aliisque.

2653 2162 2948 2200 ADMONITIO
3008 2158 3361 2199 COLLECTORIS
3371 2184 3383 2196 .

2262 2238 2456 2303 Pelagii
2480 2252 2627 2302 papae
2656 2240 2700 2288 II
2729 2238 2941 2288 decreta
2969 2236 3207 2301 quaedam
3234 2250 3298 2286 ex
3330 2234 3575 2285 Gratiano
3604 2232 3849 2283 Labbeus

2202 2310 2365 2369 dedit,
2394 2310 2486 2360 sed
2512 2309 2582 2359 ita
2600 2310 2823 2360 collecta
2840 2313 2898 2359 ut
2921 2308 3174 2359 nonnulla
3196 2307 3443 2356 omiserit.
3468 2306 3543 2354 Ne
3570 2304 3698 2368 quid
3715 2317 3848 2367 ergo

2202 2381 2266 2431 ad
2285 2382 2492 2444 plenam
2510 2380 2813 2430 eorumdem
2827 2380 3159 2430 decretorum
3172 2377 3539 2428 collectionem
3551 2374 3705 2436 desit,
3726 2388 3849 2438 qum

2202 2452 2341 2502 illius
2364 2452 2683 2515 diligentiam
2708 2451 2970 2515 fugerunt,
3006 2449 3297 2514 supplenda
3322 2447 3408 2498 hic
3437 2446 3713 2510 assumpsi.

2274 2629 2539 2701 Pelagius
2563 2646 2715 2701 papa
2743 2629 2895 2684 clero
2934 2546 3257 2683 Narniensi.

2279 2723 2423 2788 Quia
2448 2724 2627 2778 frater
2645 2727 2701 2777 et
2741 2721 3111 2794 coepiscopus
3137 2723 3333 2775 noster
3357 2720 3629 2786 Joannes,
3661 2719 3847 2771 eccle-

2208 2817 2447 2873 siasticas
2498 2816 2759 2871 utilitatis
2809 2815 2997 2870 studio
3047 2814 3346 2880 suadente,
3380 2816 3439 2867 et
3474 2815 3697 2866 naturai
3728 2828 3851 2864 suae

2207 2911 2569 2982 simplicitate
2591 2909 2864 2964 laudabili
2881 2908 3344 2963 consideratione
3360 2908 3623 2972 tractata,
3644 2904 3719 2960 ob
3734 2904 3855 2959 hoc

2208 3004 2363 3076 quod
2390 3021 2449 3058 se
2471 3003 2528 3057 in
2552 3002 2810 3075 gerenda
2827 3002 3165 3074 patrimonii
3188 2998 3554 3073 gubernandi
3578 3015 3738 3065 cura,
3759 2999 3853 3053 vel

2208 3098 2268 3153 in
2288 3096 2588 3168 disciplina
2615 3096 2999 3151 ecclesiastica
3020 3093 3415 3151 conservanda
3434 3092 3679 3147 minime
3705 3092 3859 3146 fate-

475 3187 854 3259 (lmPOSsibile
883 3189 969 3240 est
1004 3185 1159 3239 enim
1194 3189 1256 3239 ut
1286 3202 1391 3239 nos
1416 3185 1475 3239 in
1506 3184 1800 3256 provincia
1837 3184 1935 3238 illa
1960 3184 2103 3238 dun-
2129 3194 2183 3268 C
2209 3194 2302 3245 tur
2327 3189 2634 3257 idoneum;
2654 3190 2961 3245 Constituti
2992 3187 3309 3260 presbyteri
3330 3186 3403 3241 ad
3419 3186 3544 3241 haec
3563 3184 3889 3256 explenda'

467 3284 625 3335 taxat
663 3280 723 3333 in
774 3278 1144 3349 Syracusanis
1188 3277 1439 3348 partibus
1470 3278 1568 3331 alii
1611 3278 1846 3332 cuilibet
1888 3294 2104 3344 causas,

473 3390 603 3445 quae
628 3373 701 3427 ad
714 3374 898 3427 Deum
914 3372 1227 3443 pertinent,
1252 3371 1703 3440 committamus,
1727 3371 1837 3425 nisi
1860 3372 2007 3426 forte
2030 3374 2110 3425 ta-

473 3467 591 3521 lem
617 3482 724 3537 per
753 3469 807 3520 te
828 3466 978 3519 Deus
998 3481 1151 3519 nunc
1176 3464 1235 3518 in
1254 3464 1545 3520 Catinensi
1598 3464 1814 3535 eligere
1843 3464 2107 3530 voluerit,

476 3561 548 3615 de
577 3560 735 3631 cujus
770 3558 1120 3614 conscientia
1166 3558 1452 3629 possimus
1484 3574 1605 3612 esse
1656 3557 1863 3626 securi,
1898 3560 1960 3611 ut
1989 3574 2022 3610 a
2051 3560 2108 3611 te

474 3654 703 3710 labores
727 3653 865 3708 istos
877 3653 1172 3724 paululum
1186 3666 1484 3706 removere
1499 3652 1825 3723 possimus.)
1836 3652 1957 3706 Mox
1971 3667 2109 3722 ergo

474 3747 711 3804 Dilectio
734 3750 833 3801 tua
867 3746 941 3801 ad
988 3745 1374 3818 supradictam
1407 3745 1777 3801 Catinensem
1806 3744 2110 3799 ecclesiam

475 3845 702 3915 pergat,
729 3843 789 3894 et
811 3839 1108 3895 hominem
1140 3839 1210 3893 de
1245 3840 1419 3907 clero,
1458 3839 1555 3910 qui
1582 3855 1690 3893 nec
1727 3855 1964 3893 uxorem
2005 3839 2108 3893 ha-

476 3936 633 4004 beat,
662 3951 768 3989 nec
793 3934 962 4001 ﬁlios,
998 3950 1103 3987 nec
1128 3931 1347 3987 crimen
1378 3932 1615 4003 aliquod
1652 3932 1970 3988 canonibus
2001 3931 2107 3986 ini-

477 4030 713 4096 micum,
738 4028 870 4099 eligi
912 4044 1042 4081 cum
1068 4026 1276 4081 auxilio
1302 4026 1405 4081 Dei
1435 4027 1744 4097 compellat
1781 4028 1955 4096 atque
1982 4043 2109 4080 sua-

482 4122 637 4189 deat,
671 4125 728 4175 et
748 4121 941 4175 statim
972 4136 1104 4175 eum
1131 4119 1204 4174 ad
1227 4120 1427 4174 urbem
1444 4121 1689 4173 Romam
1722 4135 1850 4173 cuin
1880 4119 2112 4174 decreto

483 4219 541 4270 et
566 4215 967 4270 testificatione
994 4212 1285 4269 relationis
1306 4218 1418 4267 tuae
1447 4212 1768 4266 transmitte
1798 4209 1843 4267 ι’.

1228 4319 1376 4357 lDEM.

554 4399 575 4421 ⁶
591 4394 981 4452 Fraternitatis
1001 4398 1114 4449 tua:
1128 4393 1406 4448 relatione
1423 4395 1703 4464 suscepta,
1728 4394 1851 4465 ejus
1868 4394 2114 4449 latorem

482 4492 762 4547 secundas
780 4489 1013 4562 quidem
1045 4487 1275 4559 nuptias
1301 4490 1599 4558 expertum
1626 4503 1743 4541 non
1770 4487 1945 4543 fuisse
1966 4488 2111 4543 didi-

2209 3283 2312 3338 sibi
2359 3282 2613 3354 exposcit
2653 3282 2914 3337 adhiberi
2960 3298 3307 3354 personam:
3356 3282 3419 3334 ut
3447 3296 3511 3333 ea
3552 3295 3681 3350 quae
3717 3283 3861 3332 sunt

2209 3376 2549 3445 necessaria,
2567 3376 2921 3447 competenti
2936 3375 3274 3446 disponente
3290 3372 3675 3428 sollicitudine
3687 3371 3857 3438 ﬁant,

2210 3470 2352 3524 nihil
2383 3469 2655 3524 indecens
2683 3469 2828 3538 ﬁeri,
2849 3469 2935 3523 vel
2961 3468 3160 3523 inutile
3183 3466 3570 3539 permittatur.
3593 3464 3858 3536 Ideoque

2210 3563 2480 3636 praesenti
2539 3563 2696 3617 vobis
2741 3561 2998 3634 jussione
3048 3560 3455 3633 praecipimus,
3512 3561 3576 3613 ut
3624 3562 3861 3613 servata

2210 3657 2399 3729 primo
2421 3656 2480 3710 in
2506 3655 2631 3711 loco
2660 3655 2923 3728 episcopo
2952 3657 3279 3710 memorato
3296 3651 3643 3720 reverentia,
3668 3668 3855 3723 quam

2210 3767 2309 3805 vos
2340 3750 2499 3820 [Cod.
2537 3752 2687 3807 Vat..
2716 3750 2851 3820 nos]
2898 3748 3168 3804 convenit
3219 3746 3644 3818 inculpabiliter
3689 3744 3857 3799 exhi-

2211 3844 2370 3912 bere,
2403 3844 2461 3897 in
2496 3843 2781 3911 omnibus,
2815 3860 2943 3915 quae
2968 3842 3043 3897 ad
3069 3841 3248 3896 divini
3291 3842 3476 3896 cultus
3506 3838 3859 3911 obsequium

2213 3937 2525 4009 pertinent,
2553 3937 2640 3991 vel
2671 3953 2797 4007 quae
2830 3936 3226 3992 ecclesiasticae
3253 3933 3516 3989 utilitatis
3564 3948 3859 4005 peragere

2213 4048 2350 4086 cura
2398 4030 2668 4097 suaserit,
2720 4030 3023 4102 praebeatis
3078 4027 3472 4084 obedientiam
3526 4025 3859 4082 Constituto

2215 4124 2558 4195 [Constituto
2584 4124 2733 4180 abest
2757 4141 2793 4180 a
2822 4125 2948 4183 Cod.
2988 4126 3114 4180 Vat.
3146 4124 3363 4194 ubique]
3394 4124 3855 4193 competentem,

2214 4217 2274 4273 in
2297 4219 2455 4274 nullo
2478 4218 2946 4290 dispositionibus
2967 4217 3090 4288 ejus
3107 4216 3306 4288 spiritu
3328 4213 3656 4270 contumaci
3676 4215 3861 4269 resul-

2216 4315 2404 4367 tantes
2444 4312 2664 4384 (Forsan
2693 4312 3083 4381 reluctantes),
3133 4310 3271 4377 imo,
3305 4308 3661 4380 competenti
3708 4307 3855 4379 vigi-

2214 4406 2408 4461 lantiae
2424 4409 2626 4461 vestrae
2658 4405 2868 4475 studio,
2897 4421 3025 4477 quae
3058 4420 3163 4476 pro
3192 4402 3578 4458 ecclesiastica
3604 4400 3859 4456 utilitate

2216 4499 2476 4571 gerenda
2502 4500 2853 4555 Constitutus
2895 4499 3208 4566 monuerit,
3237 4496 3621 4569 adimplentes
3645 4513 3660 4562 ;
3683 4498 3753 4549 ut
3771 4495 3863 4550 his

482 4587 685 4653 Cimus’
720 4584 1044 4638 castitatem
1078 4585 1276 4635 tamen
1307 4597 1440 4635 cum
1482 4581 1658 4652 ΡΓίοΓί
1704 4598 1821 4636 non
1863 4598 2113 4637 servasse
2133 4567 2193 4641 D
2221 4594 2302 4649 ita
2328 4592 2636 4666 dispositis,
2661 4597 2721 4649 et
2746 4597 3021 4649 consueta
3041 4592 3198 4648 vobis
3219 4590 3509 4663 stipendia
3530 4590 3869 4644 ministren-

482 4678 754 4750 conjugio
783 4675 1119 4747 designasti.
1149 4677 1219 4730 Et
1243 4672 1500 4746 quamvis
1535 4666 1717 4729 multa
1755 4675 1870 4730 sint
1902 4692 2029 4747 qua:
2061 4676 2119 4731 in

483 4771 815 4843 hujusmodi
860 4769 1083 4825 casibus
1112 4769 1405 4825 observari
1436 4767 1641 4839 jubeat
1669 4769 2001 4825 subtilitatis
2027 4787 2122 4825 au-

485 4866 738 4935 ctoritas,
764 4868 963 4921 tamen
985 4864 1121 4937 quia
1142 4864 1399 4919 defectus
1420 4867 1751 4935 temporum
1769 4866 2118 4931 nostrorum,

487 4960 691 5034 quibus
713 4976 827 5014 non
846 4960 1030 5015 solum
1052 4957 1280 5026 merita,
1301 4957 1401 5012 sed
1414 4974 1656 5029 corpora
1674 4957 1797 5029 ipsa
1818 4957 2121 5012 hominum

488 5055 845 5121 defecerunt,
867 5051 1238 5107 districtionis
1250 5051 1400 5106 illius
1412 5069 1531 5107 non
1543 5051 1759 5123 patitur
1777 5051 1835 5106 in
1855 5050 2122 5107 omnibus

486 5166 726 5205 manere
781 5162 1108 5215 censuram,
1151 5148 1209 5200 et
1246 5149 1384 5200 aetas
1427 5146 1608 5213 istius,
1641 5145 1712 5200 de
1761 5162 1876 5217 quo
1908 5145 2118 5217 agitur,

485 5244 693 5299 futura
717 5240 1155 5297 incontinentiae
1172 5239 1556 5311 suspicionem
1585 5239 1809 5294 auferre
1840 5238 2124 5311 dignosci-

558 5368 584 5398 ⁸
623 5371 754 5424 Haec
789 5384 919 5423 cum
970 5364 1343 5438 sequentibus
1389 5367 1587 5420 extant
1625 5366 1777 5437 apud
1830 5366 2120 5421 Baluzium

486 5441 714 5498 Miscell.
746 5444 787 5494 t.
821 5441 884 5507 V,
908 5456 1044 5510 pag.
1073 5440 1199 5493 467.

560 5520 589 5559 b
622 5512 795 5583 Hujus
809 5508 1065 5591 epistola:
1090 5510 1488 5591 fragmentum
1508 5508 1688 5591 refert
1699 5508 1879 5591 etiam
1908 5509 2125 5565 Gratia-

489 5602 618 5650 nus,
651 5580 860 5664 eiquo
883 5582 1014 5662 dedi
1034 5580 1335 5652 periodum
1362 5581 1519 5635 illam
1542 5580 1925 5661 in'teijcctain,
1946 5597 2121 5651 quam

491 5655 652 5709 uncis
678 5654 927 5719 distinxi,
957 5669 1201 5723 quaeque
1231 5651 1384 5723 apud
1419 5651 1711 5706 Baluzmm
1742 5649 2120 5706 deSideratur.

487 5726 1036 5863 MAcmiii‘agmentum
1086 5793 1238 5847 istud
1277 5792 1379 5847 sub
1423 5791 1637 5862 Pelagii
1681 5808 1844 5863 papie
1889 5792 2123 5847 nomine

496 5863 675 5918 edidit
704 5860 1028 5928 Gratianus,
1061 5880 1165 5918 nec
1195 5864 1412 5918 indicat
1447 5880 1519 5917 an
1548 5860 1859 5933 primi—vel
1888 5863 2118 5918 secundi

2220 4691 2333 4757 tur,
2364 4692 2422 4742 et
2442 4704 2797 4760 quaecunque
2826 4688 2884 4741 in
2912 4687 3169 4759 praefatae
3198 4684 3453 4740 ecclesia:
3479 4683 3865 4756 patrimonio,

2220 4782 2310 4837 vel
2340 4782 2411 4836 de
2442 4782 2614 4837 rebus
2636 4781 2709 4836 ad
2749 4798 2879 4836 eam
2904 4779 3332 4852 pertinentibus
3374 4777 3716 4850 repetendis
3736 4780 3870 4832 sunt

2222 4875 2562 4945 necessaria,
2591 4875 3010 4946 compleantur.

2983 4968 3112 5023 XVI.

2293 5053 2556 5125 Pelagius
2604 5070 2755 5125 papa
2804 5055 2850 5110 ll
2875 5046 2901 5088 ί¹
2944 5053 3171 5127 Oplioni
3219 5055 3354 5126 [Αι.,
3391 5054 3726 5127 Apollonio]
3766 5053 3864 5110 de-

2222 5146 2457 5204 fensori.

2294 5243 2519 5297 Nullam
2547 5244 2896 5313 potestatem
2934 5242 3005 5298 de
3045 5249 3273 5313 czetero,
3305 5242 3525 5298 nullam
3557 5244 3859 5301 licentiam

2222 5368 2455 5437 Pelagii.
2494 5368 2760 5423 Secundo
2803 5371 3001 5424 tamen
3033 5367 3165 5423 ideo
3209 5367 3587 5423 tribuendum
3629 5386 3863 5437 censeo,

2222 5440 2379 5512 quod
2406 5440 2510 5495 sub
2530 5440 2710 5511 priori
2733 5440 2964 5511 Pelagio
2991 5440 3401 5512 Narniensibus
3427 5445 3683 5511 praeerat
3699 5444 3864 5498 Juve-

2224 5510 2369 5568 nalis
2388 5514 2453 5581 ll,
2486 5510 2549 5566 ut
2566 5529 2628 5567 ex
2664 5510 3149 5582 tabulis'Ughellii
3179 5510 3468 5567 discimus.
3497 5514 3656 5568 Ini-zu.

2296 5585 2323 5625 ά
2350 5585 2521 5639 Deest
2551 5586 2596 5639 ΙΙ
2640 5583 2697 5637 in
2750 5582 2936 5652 editis,
2966 5583 3068 5637 sed
3112 5584 3340 5655 supplet
3379 5583 3520 5640 Cod.
3549 5600 3723 5639 meus
3757 5599 3864 5638 ms.

2285 5798 2307 5821 θ
2334 5798 2446 5847 Hoc
2470 5796 2815 5860 fragmentum
2838 5796 2925 5845 vix
2951 5793 3124 5845 differt
3144 5808 3175 5846 a
3206 5794 3417 5846 decreto
3451 5796 3597 5860 quod
3628 5796 3863 5864 superius

2221 5868 2410 5933 legitur
2441 5868 2538 5918 sub
2566 5881 2710 5919 num.
2738 5868 2803 5918 IX
2837 5867 2982 5919 EDIT.
