4016 6240
208 332 317 389 749

997 334 1086 393 ΑΙ)
1121 333 1331 394 EPIST.
1372 334 1457 393 ΕΤ
1492 332 1801 393 DECRETA
1839 333 1855 390 l

1959 332 2103 390 .AGII
2142 333 2334 391 ΡΑΡιΕ
2371 333 2418 391 ll
2455 333 2808 393 APPENDIX.

3481 343 3584 395 730

210 439 518 496 monachis
536 440 917 514 relinquimus
945 459 1050 515 pro
1071 444 1308 499 arbitrio
1329 461 1429 500 suo
1449 448 1549 500 aut
1577 443 1846 500 abbatem
1870 461 1930 534 Α
1950 424 2333 498 reverentiam
2386 445 2473 498 vel
2513 444 2587 499 ad
2630 444 2957 514 utilitatem.
2981 443 3243 515 ejusdem
3288 444 3472 515 [Deest
3520 449 3577 500 in

208 535 496 605 expellere
524 539 625 590 aut
648 535 877 593 sibimet
910 537 1053 592 alios
1087 538 1371 606 ordinare,
1402 538 1538 610 quia
1568 539 1725 592 nulla
1754 554 1850 592 au-

1956 538 2158 609 Vatic.)
2200 538 2538 593 monasterii
2563 538 2876 610 pertinent,
2900 538 3123 593 abbatis
3162 538 3483 595 sollicitudo
3510 539 3583 594 ad

208 629 446 683 ctoritas
462 630 789 685 remanebit
807 630 1022 697 abbati,
1045 632 1089 685 si
1126 632 1545 687 monachorum
1579 631 1851 702 potestati
1952 647 2128 702 quem
2158 635 2411 702 potestas
2441 635 2565 686 tota
2595 633 2884 703 pertinere
2924 632 3209 699 convenit,
3253 632 3464 688 debeat
3490 632 3585 687 ad-

210 721 453 793 cceperit
482 723 800 794 subjacere,
829 729 892 779 ut
919 725 990 780 de
1020 728 1229 780 caetero
1258 725 1506 780 fideliter
1525 727 1676 796 [ναι.
1698 725 1848 789 Cod.,

210 814 478 889 discreta]
516 822 574 872 et
598 817 852 873 studiose
899 818 1167 873 universa
1197 834 1324 890 quae
1351 819 1425 874 ad
1450 818 1628 873 divini
1670 819 1854 874 cultus

1951 722 2214 795 implere.
2264 726 2533 791 (Gratian.
2563 742 2719 793 XVIII,
2750 743 2806 797 q.
2837 730 2890 798 2,
2920 743 3042 798 cap.
3071 727 3339 797 Nullam.)

1411 1152 2360 1269 APPENDIX

398 1343 564 1439 AD
643 1343 1317 1444 EPISTOLAS
1397 1347 1550 1442 ET
1625 1345 1855 1444 DEC

1959 1346 2185 1443 ETA
2261 1348 2753 1447 PELAGII
2845 1351 3201 1447 PAP/E
3297 1355 3414 1450 ΙΙ.

720 1631 1050 1687 EPISTOLA
1077 1633 1261 1703 (Olim.
1296 1633 1359 1704 1].

583 1740 652 1778 AD
678 1740 953 1779 BENIGNUM
978 1742 1433 1781 ARCHIEPISCOPUM
1463 1726 1509 1780 '.

1957 1637 2162 1705 sponte
2192 1651 2295 1689 sua
2320 1635 2643 1706 prosiliunt,
2673 1640 2731 1690 et
2747 1636 2937 1706 potius
2956 1634 3253 1690 ambitioni
3279 1652 3455 1706 quam
3486 1638 3588 1691 uti-

1956 1728 2101 1782 litati
2127 1728 2390 1783 Ecclesiee
2411 1729 2641 1797 servire,
2662 1732 2720 1783 et
2737 1732 2799 1783 ut
2824 1728 3286 1784 dominationem
3305 1730 3588 1799 agant,in-

212 1820 492 1913 Bepiobat
519 1823 884 1913 episcoporum
898 1823 1095 1913 detrita
1119 1824 1195 1878 ad
1214 1824 1681 1913 aliam‘ecclesiam
1710 1830 1856 1879 tran—
1875 1841 1931 1913 B
1957 1819 2155 1875 sistere
2194 1822 2433 1892 cupiunt
2458 1824 2484 1863 δ
2512 1864 2525 1877 .
2581 1823 2739 1877 Unde
2778 1825 2835 1876 et
2870 1822 2928 1875 in
2960 1821 3231 1892 subjectis
3272 1822 3588 1877 canonibus

292 1894 451 1954 situs,
482 1893 709 1947 ecclesiae
734 1894 972 1949 utilitate
998 1895 1059 1949 id
1083 1910 1189 1949 non
1215 1897 1603 1966 expostulante.

294 2007 670 2064 Dilectissimo
688 2008 851 2064 fratri
872 2008 1129 2082 Benigno
1145 2010 1575 2082 archiepiscopo
1592 2009 1857 2081 Pelagius

214 2099 540 2172 episcopus.

290 2194 475 2249 Lectis
514 2195 907 2250 Fraternitatis
947 2198 1059 2251 tua;
1100 2196 1305 2251 litteris
1337 2197 1408 2268 (S.
1437 2199 1561 2259 Leo,
1593 2199 1748 2267 epist.
1780 2199 1853 2267 3),

214 2287 482 2359 vigorem
499 2288 635 2343 ﬁdei
651 2292 783 2357 tuae,
802 2306 975 2360 quem
997 2289 1216 2344 dudum
1238 2306 1602 2357 noveramus,
1625 2290 1858 2361 agnovi-

216 2398 369 2449 mus,
398 2381 872 2453 congratulantes
892 2382 1196 2438 Dilectioni
1221 2387 1356 2450 tute,
1388 2383 1543 2455 quod
1570 2383 1645 2438 ad
1667 2389 1853 2439 custo-

220 2474 498 2530 diendum
510 2491 750 2546 gregem
762 2476 969 2530 Christi
980 2478 1329 2548 pastoralem
1343 2493 1541 2531 curam
1552 2476 1858 2547 vigilanter

218 2568 534 2639 impendis,
567 2572 626 2622 et
663 2586 767 2640 pro
801 2568 902 2623 tibi
931 2569 1171 2624 subditis
1215 2570 1487 2625 sollicitus
1530 2569 1739 2625 existis.
1771 2569 1857 2624 Ad

222 2669 481 2716 nostram
501 2661 657 2716 enim
682 2662 944 2716 laetitiam
973 2666 1031 2717 et
1054 2663 1360 2718 benefacta
1384 2663 1748 2734 perveniunt.
1782 2664 1854 2730 (S.

222 2756 456 2819 σωθείη
487 2759 643 2827 epist.
676 2758 759 2826 2);
816 2761 874 2810 et
903 2756 950 2810 si
994 2757 1189 2827 aliqua
1228 2773 1389 2812 secus
1421 2773 1596 2828 quam
1632 2759 1861 2828 oportet

214 2849 615 2921 provenerint,
645 2865 764 2903 non
791 2848 1020 2905 modico
1048 2867 1154 2905 nos
1194 2866 1443 2907 maerore
1490 2850 1855 2904 conturbant.

215 2942 488 3013 Magnam
516 2942 672 2997 enim
698 2943 1147 3013 gratulationem
1170 2944 1363 2998 divina
1384 2943 1650 2999 concedit
1675 2942 1858 3015 gratia

221 3039 403 3105 (Cone.
440 3037 604 3091 Tolet.
631 3039 706 3107 x),
732 3036 961 3108 quando
983 3037 1183 3091 tribuit
1208 3037 1359 3091 inter
1383 3054 1489 3092 nos
1516 3040 1574 3091 et
1598 3036 1859 3091 salutaris

219 3129 539 3201 disciplina:
568 3116 839 3185 normam
863 3130 1069 3186 litteris
1097 3133 1361 3186 conferre
1384 3131 1521 3201 [Al.,
1549 3130 1855 3203 proferre],

1958 1914 2319 1970 continetur:
2349 1916 2409 1970 Si
2455 1915 2659 1987 aliquis
2709 1914 2987 1971 exstiterit
3032 1915 3375 1970 temerarius
3412 1916 3588 1987 (Cone.

1956 2008 2143 2071 Sard.,
2170 2024 2213 2062 c.
2243 2010 2317 2079 2),
2341 2009 2438 2080 qui
2469 2009 2709 2063 forsitan
2732 2008 3158 2065 excusationem
3186 2009 3408 2076 afferat,
3434 2010 3589 2080 quod

1955 2101 2151 2172 populi
2166 2102 2386 2157 litteras
2414 2102 2717 2174 acceperit,
2749 2108 2806 2157 et
2830 2102 2961 2156 ideo
2989 2101 3278 2172 migravit,
3309 2102 3448 2157 dum
3472 2119 3592 2157 nia-

1957 2192 2229 2249 nifestum
2259 2196 2329 2249 sit
2348 2196 2586 2267 praemio
2617 2200 2675 2249 et
2718 2195 2987 2250 mercede
3027 2212 3259 2266 paucos,
3290 2195 3387 2267 qui
3414 2196 3592 2250 since-

1957 2304 2084 2341 ram
2115 2288 2290 2343 tidem
2307 2306 2424 2343 non
2451 2290 2687 2357 habent,
2703 2289 2954 2360 potuisse
2977 2289 3286 2360 corrumpi,
3304 2292 3365 2342 ut
3384 2290 3591 2344 clama-

1956 2384 2089 2435 rent
2114 2382 2172 2436 in
2201 2382 2459 2451 ecclesia,
2480 2386 2539 2437 et
2565 2383 2751 2453 ipsum
2770 2386 2967 2453 petere
2985 2382 3337 2450 viderentur,
3353 2383 3590 2437 omnino

1957 2474 2062 2529 has
2091 2476 2323 2530 fraudes
2338 2476 2721 2531 removendas
2742 2492 2865 2529 esse
2879 2492 3197 2530 censemus.
3226 2475 3321 2529 His
3332 2476 3518 2530 verbis
3535 2479 3595 2530 et

1959 2568 2083 2622 aliis
2133 2570 2328 2623 multis
2368 2569 2645 2641 exemplis
2673 2569 2855 2640 liquet
2895 2586 3014 2624 non
3062 2569 3131 2622 de
3165 2568 3253 2622 his
3276 2569 3464 2623 dicere
3510 2568 3594 2641 (ut

1956 2662 2129 2733 paulo
2161 2662 2421 2734 superius
2439 2663 2804 2735 praelibatum
2823 2662 2927 2734 est)
2954 2662 3050 2734 qui
3082 2663 3250 2734 pulsi,
3275 2665 3340 2716 ut
3358 2678 3477 2716 non
3501 2678 3591 2717 re-

1958 2754 2110 2826 cepti
2140 2772 2174 2810 a
2204 2755 2440 2824 civibus,
2466 2756 2555 2810 vel
2585 2772 2619 2810 a
2652 2755 3106 2827 quibuscunque,
3132 2759 3230 2810 aut
3256 2754 3593 2810 necessitate

1958 2851 2222 2919 cogente,
2244 2850 2331 2902 vel
2361 2848 2705 2904 auctoritate
2730 2848 3023 2919 majorum
3044 2852 3349 2903 transeunt
3372 2848 3445 2902 de
3466 2847 3594 2902 civi-

1958 2943 2076 2996 tate
2107 2942 2177 2997 ad
2199 2941 2487 2997 civitatem
2516 2960 2534 3012 ;
2564 2941 2667 2996 sed
2694 2942 2765 2995 de
2796 2941 2884 2995 his
2912 2942 3009 3012 qui
3031 2945 3235 3013 sponte
3263 2941 3588 3013 prosiliunt,

1958 3038 2058 3089 aut
2082 3036 2444 3105 temeritatis,
2487 3039 2587 3090 aut
2616 3035 2945 3089 ambitionis
2983 3052 3155 3089 causa
3197 3035 3307 3089 hoc
3354 3035 3589 3090 faciunt.

1957 3129 2101 3184 Nam
2126 3130 2284 3184 aliud
2328 3132 2414 3184 est
2459 3132 2663 3201 sponte
2692 3128 2959 3197 transire,
2988 3133 3046 3183 et
3090 3128 3246 3183 aliud
3285 3131 3372 3183 est
3399 3131 3593 3183 coacte

220 3226 283 3279 et
312 3223 614 3295 provenire
644 3223 718 3278 ad
741 3224 1112 3295 paciﬁcorum
1147 3225 1336 3279 studia
1356 3224 1493 3278 facit
1514 3227 1855 3296 prmoptata.
1879 3226 1934 3299 ί]
1960 3226 2059 3277 aut
2086 3222 2423 3279 necessitate
2447 3222 2662 3278 venire.
2693 3222 2855 3277 Unde
2876 3239 2994 3277 non
3023 3222 3117 3276 isti
3148 3226 3382 3277 mutant
3405 3223 3594 3277 civita-

219 3317 414 3388 Exigit
440 3334 578 3389 ergo
617 3317 855 3373 Dilectio
914 3321 1014 3372 tua
1062 3318 1367 3389 [Hosimus]
1410 3318 1672 3373 consulta
1710 3316 1859 3372 sedis

219 3411 576 3482 apostolicae,
613 3412 658 3465 si
682 3411 905 3467 licitum
930 3414 1080 3467 foret
1107 3412 1439 3483 episcopum
1460 3411 1726 3478 transire,
1762 3414 1861 3465 aut

220 3508 453 3560 mutare
485 3505 555 3560 de
585 3506 814 3560 civitate
840 3505 915 3559 ad
935 3505 1243 3573 civitatem,
1267 3506 1405 3560 dum
1428 3505 1666 3577 quidam
1695 3522 1860 3559 cano-

219 3614 331 3655 nes
354 3600 434 3669 (ut
451 3599 554 3653 tibi
577 3599 818 3671 videtur)
843 3599 951 3654 hoc
968 3599 1092 3654 fieri
1121 3599 1491 3671 prohibeant.
1518 3598 1859 3670 Significasti

219 3692 404 3748 etiam
426 3692 627 3748 litteris
642 3693 775 3761 tuis,
796 3692 1112 3764 quemdam
1123 3695 1384 3762 fratrem,
1400 3693 1635 3748 nomine
1657 3698 1713 3747 et
1730 3695 1858 3747 actu

218 3786 328 3841 Dei
356 3786 614 3855 Servum,
629 3803 803 3841 causa
821 3786 1085 3842 utilitatis
1103 3793 1329 3842 mutare
1350 3791 1407 3842 te
1423 3787 1568 3841 velle
1593 3786 1653 3840 in
1669 3787 1857 3841 locum

217 3884 284 3936 et
323 3880 611 3935 civitatem
643 3880 931 3949 defuncti,
960 3881 1095 3937 licet
1114 3881 1351 3953 quidam
1377 3881 1573 3935 dicant
1598 3880 1704 3935 hoc
1732 3879 1859 3933 ﬁeri

218 3990 343 4030 non
373 3975 569 4042 licere,
592 3974 700 4029 nisi
714 3975 985 4046 [etiamsi]
999 3991 1343 4031 consensum
1362 3974 1687 4046 apostolicae
1708 3973 1859 4028 sedis

215 4068 912 4141 habuisses.Quapropter
928 4069 1277 4138 scias,frater
1293 4068 1680 4136 dilectissime,
1703 4067 1857 4121 aliud

218 4178 345 4217 esse
387 4179 619 4218 causam
650 4163 1005 4218 necessitatis
1034 4167 1092 4218 et
1133 4162 1411 4230 utilitatis,
1446 4165 1504 4216 et
1539 4161 1693 4216 aliud
1724 4178 1856 4216 cau-

218 4272 349 4310 sam
376 4257 838 4328 praasumptionis
864 4262 922 4311 et
945 4256 1192 4328 propria:
1212 4256 1543 4311 voluntatis.
1566 4257 1691 4310 Non
1719 4271 1857 4326 ergo

213 4352 407 4405 mutat
423 4349 644 4419 sedem,
659 4350 757 4421 qui
777 4367 895 4405 non
912 4354 1101 4405 mutat
1118 4354 1403 4418 mentem,
1418 4350 1478 4404 id
1497 4353 1601 4417 est,
1625 4349 1725 4421 qui
1740 4365 1857 4403 non

216 4460 397 4499 causa
421 4444 693 4512 avaritiae,
714 4448 815 4499 aut
834 4444 1268 4513 dominationis,
1283 4446 1384 4498 aut
1393 4444 1641 4515 propriae
1658 4444 1855 4498 volun-

215 4542 370 4611 tatis,
399 4542 489 4597 vel
511 4558 627 4597 suae
655 4541 951 4597 electionis
977 4542 1195 4615 migrat
1214 4542 1283 4597 de
1309 4541 1534 4597 civitate
1563 4542 1635 4596 ad
1658 4542 1855 4597 civita-

216 4639 363 4705 tem,
392 4635 495 4691 sed
546 4653 719 4691 causa
750 4635 1106 4691 necessitatis
1151 4640 1252 4690 aut
1282 4635 1541 4691 utilitatis
1578 4639 1853 4691 mutatur.

215 4730 367 4785 Nam
380 4734 435 4785 et
446 4730 834 4801 plurimorum
856 4731 1069 4785 utilitas
1088 4730 1255 4785 unius
1275 4729 1510 4784 utilitati
1537 4733 1636 4785 aut
1656 4731 1854 4785 volun-

214 4824 325 4879 tati
349 4824 719 4895 praeferenda
748 4827 851 4880 est.
874 4825 1043 4880 Aliud
1060 4828 1147 4880 est
1163 4825 1318 4880 enim
1342 4828 1589 4893 mutare,
1621 4830 1678 4879 et
1701 4824 1857 4879 aliud

216 4919 439 4975 mutari
467 4936 485 4989 ;
509 4919 652 4974 sicut
676 4919 833 4974 aliud
862 4919 1213 4987 ministrare,
1244 4923 1301 4975 et
1335 4919 1490 4975 aliud
1517 4917 1853 4973 ministrari.

218 5012 382 5069 Unde
411 5013 688 5068 Dominus
731 5013 793 5069 in
821 5013 1435 5087 Evangelio_loquitur,
1465 5012 1662 5068 dicens
1691 5030 1704 5067 :
1736 5016 1857 5072 Non

214 5110 345 5164 veni
364 5109 690 5172 ministrari,
707 5109 802 5164 sed
819 5111 1131 5164 ministrare
1160 5110 1373 5179 (Matth.
1386 5109 1496 5177 xx).
1520 5106 1687 5171 Quod
1699 5105 1854 5160 enim

215 5200 280 5257 in
312 5201 630 5257 canonibus
656 5201 885 5273 legitur,
917 5219 1035 5258 non
1061 5202 1274 5258 debere
1317 5202 1652 5274 episcopum
1677 5199 1749 5254 de
1776 5199 1853 5253 ci-

215 5296 396 5351 vitate
414 5295 489 5351 ad
510 5295 799 5351 civitatem
819 5297 1064 5351 transire
1085 5296 1305 5368 (Concil.
1321 5297 1593 5359 Antioch,
1606 5310 1725 5350 can.
1743 5296 1804 5348 2i
1817 5293 1852 5366 ),

215 5391 308 5445 vel
338 5389 661 5458 transferri,
695 5407 813 5445 non
843 5390 914 5445 de
944 5390 1030 5445 his
1056 5391 1278 5459 dicitur,
1300 5390 1400 5462 qui
1415 5392 1517 5444 aut
1535 5389 1587 5443 vi
1617 5387 1853 5459 expulsi,

217 5489 322 5539 aut
346 5484 685 5539 necessitate
707 5485 909 5553 coacti,
939 5488 1039 5539 aut
1064 5485 1405 5541 auctoritate
1434 5484 1723 5555 majorum
1748 5482 1858 5535 hoc

217 5581 405 5651 agunt
434 5596 447 5634 :
478 5578 580 5633 sed
601 5579 672 5632 de
700 5578 808 5651 his,
838 5578 934 5652 qui
964 5580 1215 5635 avaritiae
1254 5578 1461 5634 ardore
1487 5575 1853 5643 inﬂammati,

290 5757 317 5784 ⁸
362 5749 515 5816 Quin
558 5749 683 5805 haec
724 5749 805 5824 _sit
831 5767 923 5824 per
953 5748 1526 5824 Asuppositisulsidori
1569 5743 1857 5802 mercibus

219 5838 395 5878 nemo
421 5838 682 5894 unquam
708 5822 994 5877 dubitabit
1012 5820 1354 5893 iii—legendis
1372 5824 1629 5876 veterum
1654 5833 1857 5873 monu-

221 5893 437 5950 mentis
462 5893 818 5950 exercitatus.

1957 3320 2066 3388 tes,
2100 3317 2201 3372 sed
2231 3319 2564 3372 mutantur:
2595 3316 2729 3389 quia
2754 3333 2872 3371 non
2894 3322 3119 3388 sponte,
3152 3318 3249 3373 sed
3270 3320 3463 3372 coacte
3486 3316 3595 3371 hoc

1960 3415 2161 3483 agunt.
2186 3411 2321 3476 Quis
2349 3411 2506 3467 enim
2521 3427 2777 3483 unquam
2797 3411 2971 3465 audet
2996 3410 3206 3480 dicere,
3222 3414 3484 3466 sanctum
3496 3412 3595 3465 Pe-

1961 3508 2116 3560 trum
2143 3506 2535 3576 apostolorum
2548 3505 2870 3577 principem
2892 3521 3010 3559 non
3020 3505 3170 3559 bene
3188 3505 3392 3575 egisse,
3411 3522 3591 3576 quan-

1961 3597 2036 3653 do
2066 3599 2309 3653 mutavit
2329 3598 2528 3653 sedem
2542 3598 2613 3652 de
2634 3598 2939 3653 Antiochia
2963 3597 3022 3651 in
3040 3598 3326 3652 Romam?
3340 3600 3452 3653 Aut
3468 3600 3596 3669 quis

1961 3708 2095 3747 eum
2113 3695 2291 3764 negat
2310 3692 2382 3746 ob
2404 3692 2462 3745 id
2484 3695 2744 3746 sanctum
2764 3709 2879 3746 non
2906 3708 3049 3761 esse,
3074 3694 3172 3745 aut
3187 3691 3460 3745 meritum
3487 3709 3594 3746 un-

1960 3802 2135 3858 quam
2167 3785 2517 3857 apostolatus
2543 3788 2663 3839 tam
2694 3785 2753 3839 in
2778 3785 2947 3853 caelis,
2981 3800 3157 3857 quam
3185 3783 3244 3838 in
3271 3784 3439 3838 terris
3468 3801 3596 3856 per-

1962 3883 2168 3937 didisse
2182 3883 2209 3938 ?
2226 3886 2339 3937 Aut
2349 3884 2475 3955 quis
2489 3886 2667 3954 negat
2687 3889 2913 3938 sanctos
2934 3899 3053 3937 non
3079 3899 3201 3936 esse
3223 3883 3435 3936 multos
3451 3883 3594 3939 alios

1960 3978 2274 4049 episcopos,
2305 3977 2403 4049 qui
2435 3977 2507 4031 de
2551 3976 2875 4032 civitatibus
2923 3977 2997 4031 ad
3045 3977 3299 4033 civitates
3332 3976 3592 4031 translati

1958 4074 2111 4140 sunt,
2142 4076 2240 4126 aut
2259 4071 2532 4126 meritum
2558 4071 2927 4143 pontificatus
2947 4072 3265 4143 perdidisse
3296 4089 3309 4127 :
3345 4088 3591 4143 quorum

1960 4166 2200 4221 nomina
2211 4165 2258 4220 si
2270 4166 2543 4238 coeperim
2554 4182 2917 4234 enumerare,
2934 4169 3067 4221 ante
3085 4166 3206 4220 dies
3217 4165 3597 4238 pertransiret

1960 4276 2136 4331 quam
2158 4260 2280 4315 haec
2298 4260 2497 4315 omnia
2516 4260 2869 4332 perscribere
2890 4277 3116 4331 possem
3135 4258 3276 4332 [Αι.,
3290 4260 3600 4331 scribipos-

1960 4354 2103 4428 sent]
2118 4396 2131 4421 ,
2156 4359 2213 4409 et
2238 4355 2510 4426 prolixior
2521 4356 2630 4410 erit
2644 4356 2885 4427 epistola
2904 4371 3078 4427 quam
3097 4371 3328 4409 necesse
3352 4354 3463 4409 sit?
3482 4357 3595 4409 Aut

1960 4448 2087 4519 quis
2113 4465 2369 4520 unquam
2396 4451 2589 4520 potest
2631 4448 2970 4519 approbare,
3012 4450 3274 4502 sanctum
3324 4464 3441 4502 non
3469 4464 3592 4502 esse

1957 4541 2347 4596 Alexandrum
2404 4542 2501 4612 qui
2551 4541 3011 4612 Hierosolymam
3044 4541 3115 4594 de
3155 4541 3333 4596 altera
3363 4540 3590 4595 civitate

1959 4636 2269 4689 translatus
2301 4639 2386 4688 est
2406 4636 2539 4704 (Sac.
2563 4651 2664 4702 vn,
2693 4651 2739 4689 c.
2769 4633 2856 4704 36)
2884 4633 2911 4687 ?
2942 4639 3041 4689 aut
3081 4638 3341 4688 sanctum
3373 4634 3587 4705 Grego-

1957 4728 2108 4782 rium
2138 4727 2581 4794 Nazianzenum,
2604 4727 2701 4799 qui
2720 4727 2783 4781 in
2800 4726 3079 4782 Nazianzo
3101 4727 3442 4782 constitutus
3464 4727 3590 4782 est?

1959 4828 2058 4876 aut
2086 4824 2347 4875 sanctum
2378 4821 2667 4888 Proclum,
2709 4821 2808 4893 qui
2838 4821 2909 4876 de
2938 4821 3135 4893 Cyzico
3173 4823 3503 4892 translatus,
3533 4828 3591 4879 et

1958 4912 2513 4985 Constantinopolim
2540 4913 2960 4988 inthronizatus
2981 4916 3104 4971 est?
3133 4917 3257 4971 Non
3274 4932 3413 4989 ergo
3440 4917 3587 4972 bene

1957 5008 2287 5079 intelligunt
2330 5006 2742 5062 ecclesiasticas
2778 5010 3028 5080 regulas,
3063 5010 3161 5082 qui
3214 5011 3321 5066 hoc
3367 5015 3588 5083 negant

1957 5119 2128 5158 causa
2152 5101 2412 5158 utilitatis
2438 5106 2537 5157 aut
2556 5101 2909 5157 necessitatis
2932 5104 3059 5157 ﬁeri
3086 5121 3205 5159 non
3234 5121 3423 5178 posse,
3453 5120 3589 5176 quo-

1957 5196 2062 5251 ties
2117 5196 2441 5251 communis
2476 5195 2688 5250 utilitas
2733 5201 2831 5250 aut
2860 5197 3169 5252 necessitas
3216 5198 3583 5268 persuaserit.

1955 5291 2151 5346 Nullus
2181 5289 2335 5345 enim
2363 5307 2429 5345 ex
2456 5290 2562 5359 his,
2594 5294 2693 5345 aut
2712 5307 2783 5344 ex
2813 5289 2957 5359 aliis,
2986 5290 3083 5362 qui
3107 5291 3329 5346 meliori
3349 5292 3586 5347 consilio

1956 5388 2323 5440 mutaverunt
2333 5384 2586 5441 civitates
2597 5384 2935 5439 necessitate
2954 5384 3225 5455 quadam,
3239 5386 3324 5440 vel
3338 5385 3583 5442 utilitate

1959 5478 2354 5546 ecclesiastica,
2402 5482 2501 5533 aut
2528 5477 2673 5533 laica
2698 5477 3105 5534 communione
3132 5494 3327 5533 carere
3367 5479 3581 5551 reperi-

1956 5589 2105 5642 mus,
2139 5589 2245 5627 nec
2269 5574 2553 5629 ullatenus
2596 5589 2851 5644 unquam
2881 5571 3007 5627 ﬁeri
3052 5571 3242 5629 debet.
3285 5573 3585 5629 Sententia

2027 5739 2225 5816 P_Bar.
2273 5760 2427 5799 anno
2454 5745 2577 5812 590,
2605 5749 2751 5816 n.7,
2791 5746 2963 5816 atque
2993 5760 3060 5799 ex
3103 5760 3171 5800 eo
3224 5744 3416 5799 Binius
3465 5743 3587 5816 haec

1957 5813 2258 5888 ediderant
2308 5818 2585 5887 tanquam
2653 5813 2937 5873 decima—m
3000 5816 3215 5888 Pelagii
3280 5815 3583 5887 epistolam

1954 5885 2151 5961 ejusve
2177 5885 2594 5958 fragmentum.
