4016 6240
462 338 556 396 751

1367 340 1456 397 ΑΙ)
1496 339 1856 398 EPISTOLAS
1892 341 1977 398 ET
2014 340 2322 401 DECRETA
2359 340 2622 400 PELAGII
2657 340 2849 399 ΡΛΡᾸΞ
2889 336 2936 399 Π

3733 343 3843 400 75'2

461 463 597 502 vero
624 464 753 519 quae
774 445 833 503 in
862 447 1217 505 Antiocheno
1249 449 1491 505 concilio
1524 450 1772 505 habetur
1805 452 1954 519 (Can.
1984 454 2094 523 2t),
2119 466 2177 539 Α
2199 453 2269 507 de
2290 453 2414 508 loco
2442 451 2516 507 ad
2543 453 2755 520 locum,
2780 455 2837 507 et
2868 451 2938 506 de
2983 450 3211 507 civitate
3238 450 3311 507 ad
3347 448 3657 521 civitatem,
3694 453 3845 507 tales

461 544 523 595 ut
543 542 842 613 episcopus
869 544 939 597 ab
968 543 1079 598 alia
1103 542 1378 615 parochia
1400 560 1767 616 nequaquam
1790 545 2002 617 migret
2021 546 2096 601 ad
2199 563 2568 619 nequaquam
2583 546 2884 617 reciperet,
2907 562 3015 601 nec
3032 561 3227 603 secum
3245 549 3493 613 teneret,
3510 563 3617 601 nec
3634 545 3695 600 in
3714 546 3844 600 aliis

462 635 655 702 aliam,
684 640 823 703 tota,
860 642 1030 708 atque
1060 654 1264 691 omnes
1305 637 1607 690 sententias
1631 638 1701 691 de
1746 655 1814 693 ea
1844 640 2094 710 [eadem]

459 744 521 781 re
535 728 648 782 vim
666 730 923 800 superius
936 730 1414 800 comprehensam
1436 731 1705 800 retinent,
1727 735 1785 785 et
1802 732 1941 787 nihil
1957 750 2096 805 prte-

459 824 650 876 taxato
678 823 850 877 modo
884 823 1358 878 translationibus
1384 824 1785 896 episcoporum
1825 826 1966 881 actis
1997 830 2096 881 aut

461 915 697 985 agendis
728 920 956 984 nocent,
986 914 1085 969 sed
1114 916 1301 987 magis
1328 917 1507 971 robur
1528 918 1610 972 eis
1638 936 1703 973 ac
1723 919 1959 974 Domini
1982 920 2097 976 Sal-

457 1011 667 1066 vatoris
693 1028 820 1082 qua:
864 1029 1065 1067 omnes
1112 1013 1420 1069 canonicos
1469 1017 1859 1086 superexaltat
1895 1017 2090 1087 libros,

459 1104 860 1159 auctoritatem
890 1110 1183 1177 praestant.
1217 1108 1378 1162 Tales
1393 1114 1585 1164 autem
1604 1109 1946 1181 quaestiones
1965 1127 2091 1166 ma-

459 1197 545 1268 gis
557 1214 621 1251 ex
644 1197 857 1253 invidia
879 1216 1054 1270 quam
1070 1216 1139 1255 ex
1165 1201 1442 1257 charitate
1456 1207 1555 1257 aut
1570 1203 1811 1257 utilitate
1840 1204 1998 1259 nasci
2018 1204 2093 1258 vi-

457 1290 685 1358 dentur,
728 1308 859 1346 cum
891 1292 1014 1363 ipsa
1045 1311 1151 1365 per
1179 1310 1237 1349 se
1265 1294 1485 1349 Veritas
1514 1296 1690 1351 dicat:
1720 1300 1783 1354 Si
1798 1314 1890 1351 vos
1913 1313 2089 1368 perse-

452 1386 565 1437 cuti
581 1386 788 1451 fuerint
806 1388 863 1440 in
888 1402 1053 1441 unam
1074 1390 1364 1451 civitatem,
1386 1390 1565 1457 fugite
1592 1392 1652 1444 in
1671 1391 1842 1445 aliam
1869 1391 2089 1462 (Matth.

2196 640 2518 695 civitatibus
2555 657 2653 695 eos
2697 641 3021 695 collocaret.
3068 639 3174 705 Qui
3205 638 3365 694 enim
3404 643 3843 711 persequuntur

2196 734 2425 789 Domini
2446 733 2763 805 episcopos,
2792 749 3005 805 eosque
3033 733 3105 788 de
3131 732 3453 788 civitatibus
3481 733 3555 788 ad
3577 732 3841 787 civitates

2193 828 2439 882 transire
2471 828 2842 898 compellunt,
2866 843 2983 882 non
3013 843 3111 882 eos
3133 830 3359 881 tantum
3383 830 3835 898 persequuntur,

2196 924 2475 993 quantum
2498 921 2809 976 Dominum
2837 924 3100 976 nostrum
3118 922 3312 976 Iesum
3331 920 3640 987 Christum,
3671 920 3839 990 cujus

2194 1015 2484 1086 legatione
2529 1016 2867 1086 funguntur.
2902 1015 3013 1069 Nec
3043 1013 3149 1085 ipsi
3180 1013 3239 1068 in
3277 1014 3387 1069 hoc
3421 1017 3666 1085 peccant
3709 1011 3833 1084 epi-

2194 1109 2369 1179 scopi,
2403 1108 2678 1180 quoniam
2701 1125 2817 1163 non
2848 1110 3073 1179 sponte,
3106 1107 3208 1162 sed
3239 1111 3435 1163 eoacte
3470 1108 3580 1162 hoc
3609 1110 3835 1178 agunt:

2194 1202 2295 1256 sed
2323 1201 2404 1255 illi
2434 1219 2469 1255 a
2498 1202 2702 1273 quibus
2731 1203 3191 1273 persequuntur;
3238 1218 3345 1255 nec
3371 1200 3510 1272 ipsis
3548 1199 3839 1271 episcopis

2192 1295 2303 1349 hoc
2333 1294 2604 1366 imputari
2638 1297 2846 1365 potest,
2882 1295 2981 1348 sed
3009 1294 3119 1348 illis
3146 1294 3243 1366 qui
3269 1311 3368 1348 eos
3397 1295 3504 1348 hoc
3526 1310 3703 1365 agere
3734 1309 3835 1347 co-

2193 1391 2355 1459 gunt.
2384 1388 2625 1443 Sanctus
2654 1388 2812 1442 enim
2845 1391 3235 1459 protomartyr
3260 1387 3590 1459 Stephanus
3612 1386 3837 1457 lapida-

452 1477 527 1547 x),
562 1480 619 1531 et
643 1478 882 1550 reliqua.
915 1480 1053 1534 Huic
1082 1497 1220 1550 ergo
1253 1482 1555 1537 sententiae
1573 1484 1763 1537 nullus
1786 1484 2092 1539 catholico—
2189 1482 2379 1549 batur,
2412 1482 2511 1535 sed
2530 1484 2690 1537 Jesus
2719 1481 3065 1553 suscipiebat
3089 1482 3307 1552 plagas.
3338 1480 3588 1552 Ideoque
3610 1480 3835 1534 unicui-

453 1586 585 1624 rum
600 1588 839 1642 usquam
874 1573 1267 1629 contradicere
1296 1577 1499 1645 potest,
1527 1593 1656 1647 quae
1690 1593 1805 1631 non
1833 1577 2088 1647 alterius,
2192 1591 2302 1646 que
2330 1574 2762 1645 praevidendum
2809 1578 2895 1628 est
2925 1575 3144 1646 (Hadr.,
3177 1575 3303 1637 σοι,
3324 1590 3443 1645 cap.
3476 1576 3567 1646 66)
3617 1590 3691 1628 ne
3724 1572 3832 1627 ali-

454 1664 556 1718 sed
578 1663 753 1735 ipsius
777 1666 1007 1737 proprio
1026 1667 1253 1721 Domini
1280 1685 1376 1723 ore
1391 1669 1946 1740 prolata,etfirmata
1968 1688 2091 1725 esse
2191 1684 2366 1739 quem
2392 1668 2603 1739 injuste
2653 1670 3052 1739 persequatur,
3078 1667 3320 1738 judicet,
3358 1667 3445 1721 vel
3483 1666 3709 1739 puniat,
3755 1683 3830 1720 ne

454 1758 826 1828 dignoscitur.
862 1760 961 1815 Cui
993 1760 1039 1813 si
1066 1760 1273 1832 aliquis
1297 1762 1728 1829 contradixerit,
1762 1781 1876 1819 non
1903 1765 2090 1819 solum
2188 1764 2381 1817 Jesum
2412 1764 2813 1832 persequatur,
2838 1760 3078 1831 judicet,
3113 1763 3171 1814 et
3210 1760 3432 1831 puniat.
3485 1760 3593 1824 Qui
3626 1763 3830 1815 autem

454 1852 713 1921 extorris,
749 1851 850 1905 sed
878 1854 1051 1907 etiam
1078 1855 1593 1910 anathematizatus
1621 1857 1691 1910 ab
1718 1857 1957 1912 ecclesia
1977 1857 2090 1928 pel-
2110 1845 2165 1917 B
2191 1857 2409 1925 negant
2423 1854 2878 1909 misericordiam
2896 1853 3226 1908 faciendam
3247 1852 3622 1924 fugientibus,
3648 1870 3715 1909 ac
3734 1869 3835 1908 ne-

449 1944 603 2000 latur
630 1968 672 1999 a.
726 1945 794 1999 Et
818 1946 1095 2001 Dominus
1126 1948 1183 2001 in
1212 1949 1520 2019 Evangelio
1560 1949 1700 2003 alias
1729 1950 1863 2004 dicit
1893 1967 1906 2005 :
1935 1953 2091 2008 Beati
2191 1948 2515 2003 cessitatem
2543 1946 2913 2018 patientibus,
2942 1947 3129 2018 ipsum
3150 1946 3439 2002 Christum
3464 1950 3703 2017 negant,
3728 1947 3831 2018 qui

449 2041 545 2108 qui
562 2041 977 2109 persecutionem
999 2044 1294 2111 patiuntur
1331 2047 1556 2113 propter
1570 2043 1847 2112 justitiam
1868 2044 2085 2115 (Matth.

450 2133 523 2203 v).
554 2132 613 2187 Si
640 2149 736 2187 eos
761 2133 1037 2188 Dominus
1071 2134 1273 2189 beatos
1300 2135 1455 2205 dicit,
1490 2136 1587 2206 qui
1624 2136 2088 2207 persecutionem

446 2225 747 2296 patiuntur
756 2228 993 2298 propter
995 2228 1017 2297 j
1029 2228 1301 2294 ustitiam,
1319 2228 1449 2299 quis
1463 2246 1558 2282 eos
1571 2229 1846 2284 damnare
1863 2229 2087 2301 potest?

444 2319 513 2372 Et
537 2319 583 2372 si
605 2318 725 2390 ipse
755 2320 825 2373 de
863 2321 1087 2374 civitate
1121 2320 1195 2375 ad
1235 2321 1519 2375 civitatem
1546 2326 1784 2393 propter
1812 2339 2082 2394 persecu-

442 2412 661 2466 tionem
675 2413 876 2483 fugere
904 2413 1071 2484 przeci
1079 2413 1179 2483 pit,
1201 2414 1328 2485 quis
1346 2431 1445 2469 eos
1459 2415 1784 2483 detrahere,
1804 2420 1906 2471 aut
1926 2416 2086 2470 dam-

444 2522 585 2567 nare
616 2509 921 2576 propterea
949 2506 1123 2560 audet
1152 2507 1238 2560 vel
1270 2510 1476 2577 potest,
1501 2508 1655 2579 quod
1685 2509 1873 2563 verbis
1902 2509 2085 2564 domi-

443 2598 584 2652 nicis
610 2598 1063 2669 obtemperant?
1108 2600 1368 2655 Profecto
1407 2601 1455 2654 is
1495 2602 1592 2671 qui
1618 2603 1961 2657 contradicit
1986 2606 2086 2657 aut

444 2690 675 2760 resistit,
695 2692 945 2762 seipsum
973 2692 1231 2762 damnat,
1255 2693 1388 2765 quia
1409 2694 1492 2748 ori
1512 2694 1743 2750 Domini
1772 2700 2083 2751 contumax

445 2788 503 2837 et
530 2784 868 2838 inobediens
897 2785 1105 2839 existit.
1129 2786 1291 2841 Unde
1319 2790 1376 2840 et
1402 2786 1523 2857 ipsa
1552 2805 1656 2859 per
1681 2805 1739 2842 se
1756 2789 1976 2866 veritas
1996 2790 2079 2844 di-

443 2877 519 2931 cit
542 2894 554 2932 :
585 2879 713 2945 Quis
740 2895 806 2933 ex
845 2880 994 2934 vobis
1022 2885 1213 2949 arguet
1238 2896 1320 2935 me
1345 2882 1409 2935 de
1426 2887 1643 2951 peccato
1665 2885 1693 2936 ?
1718 2884 1780 2938 Si
1802 2886 2083 2938 veritatem

442 2970 580 3035 dico,
605 2988 773 3041 quare
787 2988 876 3027 vos
902 2990 1008 3027 non
1028 2974 1245 3028 creditis
1260 2976 1435 3029 mihi?
1461 2977 1565 3041 Qui
1586 2991 1652 3030 ex
1675 2980 1778 3031 Deo
1795 2981 1891 3039 est,
1919 2977 2083 3032 verba

440 3066 540 3119 Dei
556 3065 732 3119 audit.
762 3067 1052 3135 Propterea
1078 3082 1170 3121 vos
1193 3082 1299 3121 non
1342 3068 1570 3132 auditis,
1602 3072 1734 3138 quia
1762 3085 1829 3123 ea:
1849 3074 1952 3125 Deo
1975 3086 2082 3125 non

438 3160 561 3212 estis
591 3162 761 3223 (Joan.
795 3158 935 3229 vm).
989 3159 1237 3214 Omnino
1289 3164 1512 3231 oportet
1542 3162 1661 3216 Deo
1690 3162 1920 3217 obedire
1950 3164 2080 3234 plus

442 3211 622 3321 quam
643 3211 976 3306 gannit...
1004 3211 1249 3324 {ili—{5.
1278 3211 1918 3326 austrinus};
1947 3211 2080 3310 Si);
2099 3211 2155 3285 C

439 3342 649 3410 (limus,
683 3347 741 3397 et
770 3344 838 3398 de
861 3344 1084 3401 civitate
1110 3346 1181 3400 ad
1208 3346 1493 3401 civitatem
1520 3347 1659 3418 (ipso
1682 3348 2072 3419 praecipiente)

438 3436 853 3507 persecutionis
884 3454 1072 3505 causa,
1106 3439 1162 3493 id
1186 3443 1291 3509 est,
1314 3441 1668 3494 necessitatis
1699 3442 2078 3496 aututilitatis

437 3529 769 3598 transimus,
802 3530 1118 3586 damnandi
1145 3534 1382 3588 sumus?
1406 3536 1529 3589 Non
1560 3534 1820 3598 omnino,
1845 3535 1945 3589 sed
1972 3552 2074 3607 po-

439 3623 552 3678 tius
572 3624 885 3679 venerandi
911 3628 1080 3695 atque
1106 3627 1397 3697 portandi,
1422 3627 1699 3699 quoniam
1718 3645 1790 3681 ne
1814 3628 1949 3699 ipsis
1964 3630 2078 3700 epi-

440 3718 624 3789 scopis
654 3719 761 3773 hoc
790 3718 1062 3789 imputari
1089 3722 1296 3789 potest.
1325 3720 1433 3785 Qui
1462 3720 1548 3775 his
1568 3721 1795 3789 resistit,
1820 3724 2075 3794 profecto

435 3811 537 3866 Dei
561 3811 912 3866 ordinationi
944 3811 1175 3879 resistit,
1205 3818 1261 3867 et
1287 3816 1374 3867 est
1398 3813 1621 3868 inﬁdeli
1644 3814 1923 3870 deterior:
1944 3816 2077 3887 quia

435 3907 645 3962 melius
665 3913 749 3961 est
779 3924 897 3962 non
911 3924 1260 3977 cognoscere
1283 3910 1436 3964 viam
1454 3910 1730 3978 veritatis,
1762 3927 1935 3982 quam
1952 3917 2078 3983 post

437 4000 799 4071 agnitionem
830 4004 1147 4056 retrorsum
1172 4002 1350 4058 abire.
1380 4005 1521 4058 Nam
1548 4007 1605 4058 et
1642 4004 1765 4075 ipse
1796 4005 2075 4060 Dominus

439 4093 510 4147 de
557 4094 680 4148 loco
712 4093 787 4147 ad
829 4094 1015 4148 locum
1052 4096 1302 4165 secessit,
1335 4096 1393 4150 id
1421 4100 1525 4165 est,
1553 4097 1832 4165 transivit,
1863 4098 2075 4153 Judaais

437 4187 602 4241 illum
631 4188 1037 4258 quierentibus.
1064 4189 1309 4261 Fugiens
1331 4190 1423 4245 ille
1452 4194 1773 4261 quaerentes
1803 4194 1861 4245 et
1886 4208 2076 4263 perse-

437 4286 677 4353 quentes
705 4297 783 4349 se,
814 4280 972 4337 dedit
997 4283 1164 4337 nobis
1191 4284 1520 4355 exemplum
1552 4284 1751 4355 fugere
1784 4301 1900 4340 non
1942 4302 2070 4357 per-

438 4378 763 4447 sequentes,
794 4375 948 4430 etde
995 4376 1217 4432 civitate
1255 4376 1329 4432 ad
1371 4376 1656 4432 civitatem
1690 4378 1954 4446 transire,
1987 4379 2069 4434 di-

437 4486 573 4524 cens
595 4487 608 4525 :
634 4471 695 4527 Si
712 4484 802 4525 vos
822 4473 1089 4540 persecuti
1113 4472 1324 4538 fuerint
1342 4474 1402 4525 in
1420 4474 1641 4527 civitate
1660 4474 1790 4536 ista,
1819 4475 1997 4544 fugite
2016 4476 2073 4529 in

434 4564 606 4619 aliam
637 4563 853 4635 (Matth.
883 4564 955 4635 Χ),
1006 4567 1064 4617 et
1101 4567 1310 4618 czetera
1338 4564 1426 4619 his
1453 4564 1678 4621 similia.
1718 4567 1860 4621 Nam
1910 4567 1952 4621 si
1981 4568 2071 4621 fu-
2090 4585 2151 4657 D

437 4674 594 4730 gere,
624 4658 843 4711 malum
875 4661 961 4711 est
984 4660 1142 4725 (Hist.
1188 4661 1361 4729 Trip.,
1405 4675 1455 4713 c.
1492 4662 1580 4729 22,
1615 4660 1708 4715 lib.
1744 4676 1818 4728 vI,
1846 4676 1913 4716 ea:
1938 4678 2070 4732 apo-

437 4752 583 4820 Iogia
606 4751 663 4806 S.
693 4750 826 4805 Ath.
844 4767 943 4821 pro
967 4754 1107 4821 fuga
1132 4751 1273 4822 sua),
1293 4753 1582 4823 persequi,
1599 4754 1781 4809 multo
1800 4754 2071 4810 deterius.

436 4843 533 4897 Hic
556 4844 870 4914 quidemne
887 4844 1168 4900 moriatur
1189 4846 1563 4901 absconditur
1585 4864 1599 4914 ;
1632 4848 1723 4903 hic
1742 4851 1935 4903 autem
1954 4865 2076 4920 per-

436 4938 696 5010 sequitur
719 4942 783 4993 ut
804 4940 1054 5007 occidat;
1087 4942 1144 4994 et
1172 4943 1233 4994 ut
1254 4941 1530 5011 fugiatur,
1558 4942 1917 5013 praecipitur:
1939 4943 2075 5014 quia

438 5032 534 5104 qui
563 5033 771 5103 quaerit
798 5033 1058 5087 occidere
1100 5034 1505 5104 praevaricatur
1544 5036 1758 5106 legem,
1790 5041 1848 5091 et
1888 5038 2075 5108 magis

433 5126 700 5197 fugiendi
726 5127 948 5197 praebet
964 5126 1341 5182 occasionem.
1364 5128 1422 5183 Si
1447 5130 1646 5200 fugam
1675 5130 2076 5203 improperant

431 5225 865 5292 persequentes,
881 5220 1224 5275 erubescant
1242 5222 1432 5292 potius
1465 5224 1826 5295 semetipsos,
1843 5229 1900 5279 et
1919 5225 2075 5297 quie-

433 5318 597 5369 scant
610 5312 886 5379 insidiari,
903 5318 960 5368 et
972 5314 1555 5384 quicsccntcontinuo
1570 5318 1875 5387 fugientes.
1890 5320 2071 5375 Nemo

433 5409 592 5463 enim
620 5408 826 5463 mitem
860 5407 1008 5479 fugit
1028 5408 1359 5479 aliquando,
1382 5410 1482 5464 sed
1512 5411 1698 5481 magis
1725 5412 1981 5467 ferocem
2006 5412 2073 5466 si-

432 5504 551 5557 mul
575 5506 631 5556 et
646 5501 939 5556 callidum.
961 5501 1160 5556 Omnis
1182 5503 1335 5557 enim
1359 5503 1455 5574 qui
1477 5505 1814 5575 gemebatet
1828 5505 2068 5560 vexaba-

431 5598 527 5651 tur
546 5613 580 5650 a
601 5596 757 5663 Saul,
789 5595 1046 5667 fugiebat
1061 5598 1118 5651 et
1129 5597 1396 5651 veniebat
1418 5597 1490 5652 ad
1512 5598 1689 5652 David
1711 5598 1759 5668 (Ι
1768 5603 1895 5670 Reg.
1915 5602 2066 5670 xxu).

431 5690 488 5745 Si
517 5706 656 5762 ergo
677 5689 968 5759 piissimus
986 5694 1159 5762 atque
1179 5690 1531 5761 justissimus
1545 5691 1723 5746 David
1744 5693 1916 5747 sciret
1942 5709 2072 5764 pec-

433 5786 627 5837 catum
657 5799 799 5849 esse,
824 5783 1281 5854 persecutionem
1304 5784 1614 5855 fugientes,
1639 5789 2072 5843 ettranseuntes

504 5918 528 5950 ι
578 5900 695 5953 Huc
738 5918 917 5971 usque
973 5904 1097 5957 Bar.
1150 5909 1208 5959 et
1256 5905 1471 5972 Binius,
1508 5923 1635 5978 qua:
1672 5909 1794 5980 jam
1847 5909 2069 5964 sublata

2190 2044 2276 2095 est
2294 2040 2709 2105 misericordia,
2725 2043 2781 2093 et
2798 2039 3028 2107 veritas,
3044 2042 3101 2093 et
3118 2039 3389 2094 omnibus
3414 2039 3827 2094 necessitatem

2188 2134 2538 2205 patientibus
2560 2132 2860 2187 subvenire
2876 2133 3061 2203 jubet.
3088 2134 3275 2187 Pauca
3297 2134 3449 2201 sunt,
3473 2132 3673 2201 frater,
3695 2148 3830 2204 quas

2188 2227 2435 2293 asserui;
2460 2226 2560 2280 sed
2582 2230 2801 2297 quanta
2818 2243 2885 2280 ex
2911 2226 2999 2279 his
3014 2226 3327 2297 pendeant,
3348 2229 3446 2279 tua
3462 2225 3832 2297 providentia

2186 2320 2401 2391 poteris
2430 2320 2735 2374 aestimare.
2764 2319 2952 2383 Quare
2980 2319 3128 2374 hanc
3164 2319 3507 2373 annituntur
3550 2319 3831 2374 malevoli

2186 2413 2511 2484 irrumpere
2532 2412 2988 2467 misericordiam
3027 2413 3325 2484 (Ennodius
3350 2415 3408 2466 in
3432 2414 3689 2483 apologia
3719 2429 3829 2483 pro

2182 2508 2500 2576 Symmacho
2530 2505 3145 2577 papa)?Curilludere
3189 2505 3349 2559 vanis
3400 2505 3830 2560 intentionibus

2184 2599 2520 2654 felicitatem
2541 2598 2569 2654 ‘?
2596 2598 3030 2653 Excusationem
3041 2598 3165 2669 jam
3187 2614 3304 2653 non
3327 2598 3503 2652 habet
3528 2599 3692 2653 furor
3713 2599 3827 2653 iste

2183 2693 2243 2747 in
2257 2693 2622 2747 credentibus
2638 2709 2650 2759 ;
2667 2709 2772 2747 nec
2783 2693 3024 2746 interest
3036 2692 3239 2763 quibus
3252 2691 3551 2746 itineribus
3568 2692 3643 2746 ad
3657 2709 3830 2747 mun-

2184 2787 2241 2840 di
2268 2786 2589 2858 principem
2616 2791 2826 2853 currat,
2842 2786 2942 2857 qui
2957 2803 2991 2840 a
3010 2785 3413 2841 benevolentia
3430 2786 3673 2840 fratrum
3697 2786 3830 2840 des-

2183 2880 2359 2947 ciscit,
2393 2884 2494 2934 aut
2536 2879 2937 2934 necessitatem
2967 2879 3319 2950 patientibus
3352 2879 3822 2933 misericordiam

2183 2975 2375 3043 negat.
2406 2974 2589 3043 Negat
2616 2971 3072 3027 misericordiam
3100 2971 3502 3026 necessitatem
3543 2971 3823 3043 patienti-

2180 3065 2305 3134 bus,
2320 3065 2417 3136 qui
2433 3066 2660 3137 populis
2678 3064 3073 3136 indigentibus
3086 3065 3291 3119 divinis
3305 3065 3610 3136 mysteriis,
3626 3069 3826 3121 etnon

2178 3158 2527 3214 habentibus
2570 3159 2869 3230 pr0prium
2920 3158 3252 3230 episcopum
3291 3158 3389 3229 qui
3419 3175 3517 3213 eos
3548 3159 3827 3227 instruat,

2179 3269 2350 3307 causa
2380 3252 2641 3306 utilitatis
2663 3255 2835 3324 atque
2858 3251 3233 3318 necessitatis,
3259 3268 3325 3305 ex
3346 3251 3459 3305 alia
3480 3252 3709 3306 civitate
3733 3252 3827 3323 (li-

2178 3349 2266 3401 cet
2287 3346 2481 3400 minor
2501 3345 2590 3416 sit)
2615 3346 2671 3399 in
2695 3362 2824 3399 eam
2842 3361 2953 3417 que
2976 3361 3093 3400 non
3114 3345 3292 3399 habet
3309 3345 3668 3417 episcopum,
3688 3345 3830 3401 doc-

2178 3440 2386 3495 tiorem
2407 3440 2492 3493 vel
2530 3439 2850 3508 utiliorum,
2887 3438 3113 3493 meliori
3160 3438 3419 3507 consilio,
3450 3456 3567 3494 non
3608 3444 3826 3510 sponte

2176 3536 2597 3601 transeuntem,
2618 3532 2720 3587 sed
2732 3532 3021 3603 majorum
3042 3531 3437 3587 exhortatione
3453 3536 3705 3599 mutare,
3722 3537 3830 3589 aut

2178 3626 2511 3697 episcopum
2524 3627 2773 3697 ejectum
2788 3628 2843 3680 et
2857 3626 3321 3697 persecutionem
3340 3626 3831 3697 patientem,cau-

2178 3737 2239 3774 sa
2260 3720 2520 3775 utilitatis
2541 3723 2641 3774 aut
2661 3718 3016 3773 necessitatis
3036 3719 3413 3774 inthronizari
3436 3736 3554 3774 non
3577 3720 3825 3791 permit-

2177 3813 2263 3867 tit.
2285 3813 2451 3885 Apud
2472 3815 2692 3868 veteres
2718 3813 2875 3867 enim
2909 3813 3066 3879 (Hist.
3097 3815 3270 3883 Trip.,
3289 3829 3407 3884 cap.
3430 3815 3484 3879 8,
3509 3814 3608 3868 lib.
3634 3829 3737 3881 xu,
3758 3830 3829 3870 ea:

2174 3909 2392 3964 Socrate
2419 3908 2557 3976 lib.),
2582 3907 2704 3961 sine
2736 3907 2850 3961 ulla
2878 3905 3206 3961 differentia
3232 3906 3303 3961 de
3332 3924 3448 3961 una
3477 3906 3710 3961 civitate
3746 3907 3824 3961 ad

2175 4001 2419 4055 alteram
2442 4000 2731 4072 migrabat
2753 4000 3071 4072 episcopus,
3098 4000 3237 4055 dum
3255 4000 3468 4055 utilitas
3495 4003 3597 4055 aut
3623 4017 3826 4056 neces-

2176 4093 2311 4149 sitas
2337 4097 2619 4150 evocaret.
2636 4093 3189 4166 Quapropteripsam
3207 4093 3382 4149 etiam
3397 4094 3665 4165 regulam
3682 4094 3823 4149 huic

2175 4188 2434 4259 epistola:
2462 4188 2677 4260 placuit
2701 4187 2897 4257 inseri,
2930 4191 2993 4242 ut
3031 4190 3385 4243 monstretur
3413 4204 3513 4243 eos
3539 4188 3823 4244 mentitos

2174 4297 2316 4349 esse,
2336 4281 2433 4353 qui
2457 4281 2790 4353 episcopum
2804 4298 2920 4337 non
2934 4297 3101 4353 posse
3121 4280 3499 4337 inthronizari
3523 4281 3817 4337 dixerunt.

2176 4376 2336 4432 Unde
2358 4379 2415 4431 et
2440 4375 2499 4430 in
2519 4374 2836 4431 canonibus
2865 4375 3080 4446 legitur
3100 4375 3182 4430 ita
3212 4376 3331 4447 (v11,
3356 4393 3403 4430 c.
3432 4378 3485 4443 6,
3511 4375 3821 4431 Antiochea

2174 4486 2318 4525 conc.
2348 4486 2469 4525 can.
2502 4470 2587 4542 18)
2616 4489 2633 4524 :
2677 4472 2737 4527 Si
2762 4471 2883 4540 quis
2909 4472 3185 4541 episcopus
3217 4470 3525 4533 ordinatus,
3553 4470 3634 4525 ad
3654 4486 3821 4550 paro-

2174 4566 2350 4619 chiam
2394 4566 2454 4619 in
2480 4580 2589 4635 qua
2616 4564 2901 4620 ordinatus
2927 4569 3023 4628 est,
3056 4565 3271 4619 minime
3292 4565 3679 4635 proﬁciscitur,
3709 4579 3817 4618 non

2172 4674 2272 4713 sua
2291 4660 2474 4728 culpa,
2502 4659 2598 4713 sed
2621 4662 2718 4712 aut
2736 4658 2939 4729 populo
2962 4661 3258 4729 respuente,
3286 4662 3385 4712 aut
3396 4662 3626 4729 propter
3644 4659 3819 4713 aliam

2174 4753 2469 4823 quamlibet
2494 4767 2711 4807 causam
2734 4754 3046 4807 necessitate
3072 4754 3305 4819 factam,
3332 4752 3473 4806 hunc
3496 4753 3697 4807 honore
3722 4752 3819 4806 mi-

2174 4849 2496 4917 nisterioque
2517 4847 2872 4917 participare,
2900 4861 2994 4899 nec
3022 4850 3199 4900 tamen
3229 4848 3440 4900 misceri
3466 4846 3624 4900 rebus
3648 4847 3815 4900 eccle~

2173 4944 2287 5003 sia’,
2316 4943 2374 4995 in
2414 4957 2524 5011 qua
2566 4940 2813 4995 collectas
2860 4939 3110 5002 celebrat,
3151 4939 3246 4994 sed
3296 4941 3562 4993 sustinere
3605 4956 3819 5011 quoque

2175 5035 2318 5106 quod
2361 5037 2654 5105 provincia:
2677 5034 2915 5104 synodus
2940 5049 3034 5089 suo
3047 5034 3257 5103 judicio
3287 5035 3684 5097 terminaverit,
3724 5036 3817 5090 de-

2174 5131 2455 5183 cernimus.
2486 5128 2625 5182 Huic
2652 5128 2868 5199 regulze
2918 5126 3314 5181 contradicere
3368 5128 3561 5181 nullus
3606 5132 3820 5199 potest,

2175 5239 2303 5294 quae
2337 5222 2511 5277 etiam
2543 5237 2711 5276 causa
2740 5221 3001 5275 utilitatis
3022 5224 3120 5275 aut
3143 5220 3495 5275 necessitatis
3520 5220 3816 5277 inthroni-

2174 5316 2287 5371 zari
2310 5316 2643 5387 episcopum
2669 5315 2855 5385 jubet,
2889 5317 2946 5368 et
2970 5314 3184 5385 mutari
3214 5331 3279 5368 ac
3307 5315 3553 5369 transire
3573 5333 3714 5370 eum
3747 5315 3817 5369 de

2173 5410 2397 5465 civitate
2424 5409 2497 5463 ad
2521 5408 2693 5463 aliam
2710 5409 3003 5463 civitatem
3016 5426 3133 5464 non
3160 5408 3461 5480 proprium
3490 5408 3813 5464 habentem

2174 5505 2505 5577 episcopum
2537 5503 2691 5558 sinit.
2738 5503 2985 5574 Pingues
3014 5502 3227 5557 hostias
3265 5502 3391 5557 litat
3420 5502 3657 5557 diabolo
3689 5506 3811 5567 (En-

2169 5600 2364 5654 nodius
2378 5598 2499 5668 jam
2523 5595 2761 5665 citatus),
2792 5597 2887 5668 qui
2918 5596 3006 5650 his
3030 5596 3299 5651 resistere
3320 5596 3545 5663 nititur,
3576 5601 3679 5651 aut
3706 5596 3809 5650 mi-

2172 5692 2541 5748 sericordiam
2556 5697 2613 5747 et
2638 5691 2948 5746 utilitatem
2975 5690 3238 5745 Ecclesia:
3258 5690 3385 5761 jam
3412 5688 3585 5743 dictis
3612 5692 3811 5762 negat,

2170 5784 2229 5842 id
2251 5790 2355 5855 est,
2380 5789 2438 5841 et
2463 5784 2745 5857 episcopis
2766 5788 2824 5840 et
2850 5784 3095 5857 populis.
3129 5787 3190 5840 In
3207 5798 3419 5839 vanum
3439 5799 3582 5855 ergo
3610 5787 3808 5839 contra

2169 5910 2405 5963 fuerunt
2424 5908 2483 5962 in
2506 5907 2641 5962 edit.
2671 5905 2851 5979 regia.
