4016 6240
186 404 282 460 753

1674 402 2027 463 APPENDIX.

3438 400 3538 464 7n

186 506 478 582 simplices,
494 507 594 581 qui
608 509 732 565 hac
748 511 887 566 olim
902 510 1150 568 dicentes
1170 527 1341 584 agere
1359 511 1806 584 prohibuerunt,
1830 527 1889 601 Α
1910 514 2052 568 riter
2073 512 2299 569 titulare
2325 519 2382 570 et
2410 514 2695 583 ordinare,
2723 515 2801 571 ita
2827 515 2910 585 (ut
2934 513 3268 587 pradictum
3287 514 3390 589 est)
3415 532 3543 573 cau-

186 603 456 661 tendicula
481 603 744 676 deinceps
768 605 1068 676 parabunt,
1098 623 1230 661 cum
1256 607 1345 661 his
1372 609 1430 660 et
1455 606 1580 661 aliis
1604 607 1808 662 armati

186 697 554 765 adminiculis,
588 698 849 753 noverint
882 699 1020 770 quid
1065 716 1235 771 super
1276 696 1366 755 his
1400 700 1473 755 sit
1496 701 1807 772 agendum,

185 795 239 845 et
260 790 393 861 quid
416 789 729 845 vitandum.
753 791 930 846 Nimis
956 791 1111 846 enim
1139 797 1387 848 armatus
1408 796 1491 848 est
1517 794 1680 864 (Idem
1703 796 1808 849 En-

184 884 391 945 nodius,
418 884 576 955 ibid.)
594 883 692 955 qui
713 884 830 951 illa,
856 901 985 956 qua
1009 886 1360 941 adversarius
1383 886 1804 957 misericordia,

182 975 427 1031 utilitatis
452 980 623 1047 atque
649 976 961 1033 concordia
979 977 1282 1048 ministrat,
1314 979 1424 1034 tela
1469 980 1804 1035 contemnit.

182 1069 390 1126 Sufﬁcit
442 1086 580 1141 ergo
622 1074 817 1125 contra
859 1070 1052 1126 omnia
1090 1071 1280 1142 jacula
1312 1072 1640 1143 jurgiorum
1674 1072 1807 1127 ﬁdei

180 1163 326 1219 nuda
352 1162 645 1233 oppositio.
677 1163 802 1218 Scio
832 1167 887 1218 te
917 1180 1032 1219 non
1054 1165 1336 1236 ignorare,
1366 1166 1558 1235 frater,
1582 1181 1803 1221 memo-

179 1259 317 1311 ratas
334 1272 615 1312 canonum
639 1257 945 1316 sententias
970 1262 1140 1330 atque
1171 1259 1521 1330 evangelicas
1559 1258 1803 1314 sanctio-

178 1366 289 1417 nes,
318 1366 488 1404 novas
519 1367 634 1405 non
663 1367 805 1417 esse,
837 1351 936 1406 sed
963 1354 1158 1407 nostro
1184 1368 1279 1407 eas
1307 1352 1562 1407 assensui
1598 1352 1806 1407 manci-

179 1444 311 1516 pari.
332 1444 444 1498 Cur
472 1444 561 1498 his
579 1444 1046 1511 contradicentes,
1076 1449 1133 1500 et
1152 1446 1562 1517 emigrationes
1585 1446 1799 1517 episco-

179 1553 372 1609 porum
400 1536 654 1593 utilitatis
668 1541 724 1592 et
733 1537 1076 1593 necessitatis
1089 1555 1256 1593 causa
1270 1538 1392 1593 ﬁeri
1410 1539 1800 1610 prohibentes,

178 1634 239 1685 ut
258 1646 403 1701 sape
435 1629 654 1685 dictum
682 1635 784 1698 est,
824 1634 883 1685 et
919 1631 1171 1687 avaritia
1218 1636 1316 1687 aut
1350 1632 1702 1700 temeritatis,
1742 1632 1804 1686 in

178 1723 481 1795 perniciem
521 1723 874 1779 sacerdotum
895 1740 959 1778 ac
984 1725 1348 1796 populorum,
1379 1725 1595 1780 ladunt
1618 1742 1802 1781 sacer-

1909 625 2029 662 sam
2059 608 2407 663 necessitatis
2430 612 2529 663 aut
2550 608 2805 664 utilitatis
2830 609 3002 664 habes
3026 614 3083 665 et
3110 613 3352 679 mutare,
3385 627 3449 665 ac
3470 611 3542 668 de

1908 700 2077 756 titulo
2118 702 2189 756 ad
2222 701 2452 756 titulum
2500 703 2830 757 translatare
2875 701 3220 774 (transferre,
3252 706 3334 759 ita
3375 710 3425 759 et
3476 704 3535 760 Ο.

1906 794 2093 867 Just],
2123 794 2256 849 licet
2281 795 2351 850 de
2380 795 2589 850 minori
2614 796 2685 850 ad
2709 796 2983 866 majorem
3003 797 3207 851 urbem
3232 798 3541 854 mutandus

1908 888 1997 942 sit.
2021 889 2132 942 Hoc
2144 892 2336 942 tamen
2347 905 2708 960 summopere
2718 889 3148 961 pravidendum
3164 893 3268 960 est,
3287 906 3358 946 ne
3371 907 3542 948 causa

1907 981 2247 1052 arrogantia
2263 987 2361 1035 aut
2383 982 2633 1036 avaritia
2659 998 2914 1054 unquam
2940 982 3067 1037 ﬁat:
3085 982 3217 1054 quia
3242 983 3303 1038 hi
3330 1000 3362 1037 a
3388 1001 3538 1055 pra-

1907 1074 2069 1129 dictis
2110 1074 2420 1128 canonibus
2446 1074 2806 1144 damnantur,
2836 1091 2952 1129 non
2976 1075 3058 1130 illi
3083 1076 3181 1146 qui
3210 1077 3540 1134 necessitate

1904 1172 2002 1223 aut
2024 1168 2285 1236 utilitate,
2308 1168 2593 1238 majorum
2616 1168 2868 1235 consilio,
2914 1172 2971 1223 et
3014 1185 3149 1223 sana
3184 1187 3248 1224 ae
3287 1186 3449 1241 pura,
3483 1172 3542 1225 et

1905 1262 2018 1315 Deo
2037 1260 2241 1332 placita
2270 1261 2582 1316 intentione
2608 1261 2714 1315 hoc
2742 1261 2973 1316 faciunt.
3002 1263 3104 1331 Tu,
3150 1262 3344 1330 frater,
3386 1280 3538 1319 sem-

1904 1371 2010 1426 per
2052 1360 2255 1409 sectare
2293 1339 2596 1423 justitiam,
2632 1357 2911 1424 pietatem,
2951 1356 3110 1423 ﬁdem
3126 1396 3143 1418 ,
3197 1358 3538 1420 charitatem,

1898 1449 2224 1517 patientiam
2249 1451 2300 1502 et
2322 1448 2795 1503 mansuetudinem
2823 1448 2871 1516 (Ι
2903 1450 3038 1503 Tim.
3065 1449 3158 1518 v1).
3195 1452 3350 1507 Certa
3375 1452 3540 1505 etiam

1907 1541 2103 1595 bonum
2129 1545 2395 1595 certamen
2423 1541 2571 1610 ﬁdei,
2605 1546 2655 1595 et
2669 1542 3012 1611 apprehende
3046 1544 3217 1595 vitam
3258 1547 3541 1605 atemam,

1902 1636 1962 1688 in
1993 1650 2102 1703 qua
2124 1638 2344 1688 vocatus
2374 1648 2429 1688 es
2461 1655 2480 1688 .·
2513 1633 2825 1704 quoniam'
2849 1636 3077 1704 spiritus
3104 1636 3404 1689 timentium
3430 1638 3540 1690 Do-

1902 1729 2127 1790 minum,
2150 1729 2415 1796 quaeritur
2440 1726 2509 1780 ab
2548 1727 2664 1790 illo,
2693 1730 2745 1782 et
2766 1728 2825 1780 in
2868 1730 3113 1796 respectu
3144 1728 3297 1781 illius
3334 1728 3545 1795 benedi-

178 1816 351 1874 dotale
381 1817 725 1874 consilium?
752 1818 865 1873 Cur
891 1818 1136 1873 lacerant
1164 1819 1524 1888 sententiam,
1570 1819 1629 1872 in
1664 1835 1798 1891 qua,
1824 1890 1855 1891 ί
1902 1823 2063 1874 citur.
2093 1820 2223 1889 Spes
2249 1821 2392 1874 enim
2419 1820 2639 1874 illorum
2683 1821 2743 1873 in
2788 1820 3092 1874 salvantem
3131 1820 3275 1883 illos,
3318 1824 3369 1874 et
3404 1821 3546 1876 oculi

177 1910 478 1982 inspirante
502 1910 741 1980 Christo,
770 1912 994 1965 oracula
1018 1927 1266 1983 superna
1290 1915 1619 1983 patuerunt,
1648 1890 1804 1968 etin-
1822 1890 1879 1962 B
1902 1916 1998 1970 Dei
2028 1915 2087 1967 in
2112 1913 2398 1981 diligentes
2422 1927 2495 1968 se.
2530 1913 2636 1978 Qui
2667 1914 2817 1967 timet
2857 1916 3163 1977 Dominum,
3200 1914 3339 1967 nihil
3373 1916 3540 1983 trepi-

176 2008 258 2059 ter
275 2005 448 2059 Deum
477 2010 533 2059 et
555 2004 813 2059 homines
836 2004 1116 2076 interpres
1157 2005 1371 2060 exstitit
1419 2004 1615 2077 lingua
1653 2022 1799 2077 pon—

173 2096 377 2152 tiﬁcum
395 2099 423 2153 ?
457 2098 557 2152 llla
580 2097 734 2153 enim
761 2097 883 2153 cali
908 2097 1065 2152 curia
1084 2099 1367 2155 variarum
1384 2099 1613 2154 dotibus
1638 2103 1805 2155 aucta

174 2191 472 2261 curulium,
504 2194 562 2245 et
590 2192 771 2248 multo
806 2191 1201 2264 Redemptoris
1241 2192 1417 2247 nostri
1450 2209 1588 2247 auro
1617 2196 1800 2247 ostro-

172 2300 275 2355 que
302 2285 582 2353 decorata,
614 2284 759 2339 nihil
789 2284 847 2339 in
871 2285 967 2339 illa
1000 2284 1281 2340 decisione
1314 2290 1542 2342 auctore
1574 2302 1633 2341 se
1665 2302 1799 2357 pro-

173 2377 312 2445 tulit,
350 2378 449 2433 sed
487 2394 591 2448 per
626 2378 895 2433 humana
929 2378 1143 2450 lingua
1186 2378 1569 2434 ministerium
1613 2379 1802 2435 divino

173 2470 420 2526 militavit
448 2470 708 2542 imperio.
735 2471 1016 2526 lntellexit
1032 2488 1146 2526 non
1168 2488 1287 2527 esse
1304 2489 1493 2540 suum,
1522 2473 1801 2545 quidquid

168 2563 406 2635 impulsa
451 2564 771 2633 constituit;
804 2564 951 2619 nihil
971 2582 1198 2636 quoque
1222 2565 1396 2621 habet
1424 2567 1487 2621 in
1530 2566 1625 2621 illa
1665 2582 1797 2621 sen-

172 2655 357 2723 tentia,
390 2653 505 2709 nisi
550 2654 699 2708 unde
728 2653 797 2707 de
828 2654 941 2708 sola
967 2653 1266 2709 devotione
1294 2655 1628 2726 gratuletur.
1660 2656 1801 2710 Nam

174 2748 302 2803 dum
327 2747 578 2820 profanis
603 2752 1052 2802 memoratorum
1076 2747 1260 2802 verbis
1285 2747 1552 2817 creditur,
1583 2753 1640 2803 et
1681 2765 1800 2803 sua

170 2841 399 2897 vesania
424 2840 707 2895 inscitiam
733 2840 999 2911 produnt,
1029 2844 1085 2895 et
1109 2841 1364 2895 livorem.
1406 2841 1539 2905 Quis
1576 2841 1670 2896 hic
1711 2842 1796 2895 lo-

171 2950 262 2990 cus
287 2934 513 3003 erroris,
543 2934 639 2989 ubi
678 2933 1053 3005 congruentia
1089 2934 1210 3005 pari
1240 2934 1412 2988 ductu
1450 2935 1696 3005 exempli
1742 2939 1800 2990 et

170 3028 413 3084 historia
438 3028 613 3083 verba
638 3028 1025 3082 concurrlmt‘l
1046 3027 1156 3082 Nec
1183 3026 1468 3082 diversum
1492 3032 1575 3083 est
1597 3028 1668 3082 ab
1700 3020 1811 3083 in:

169 3121 384 3176 tellectu
402 3120 679 3176 catholico
702 3124 758 3175 et
780 3120 1135 3188 lectionibus,
1158 3120 1310 3191 quod
1335 3121 1640 3191 profertur.
1656 3122 1797 3176 Nam

168 3230 277 3270 non
298 3215 442 3269 bene
470 3215 654 3269 nodus
686 3213 747 3268 in
794 3213 976 3284 scirpo
1031 3213 1326 3284 quatitur,
1375 3214 1514 3269 dum
1560 3214 1798 3268 involvit
1816 3254 1871 3330 Ο

172 3307 359 3330 --.1.--ι-
392 3307 712 3330 --..,1;--ι..
739 3307 877 3330 1---:-
908 3310 1159 3330 ..ι--.ιιιαΑ-
1208 3305 1367 3330 ΒΜΔ..
1398 3323 1614 3330 _.--_.--
1650 3324 1675 3330 -
1706 3307 1762 3330 ..ε

172 3307 367 3361 nebula
392 3307 714 3378 pradicata
739 3307 880 3361 lucis
906 3310 1182 3361 auctores.
1208 3305 1374 3361 Fada
1394 3323 1618 3378 quoque
1648 3324 1682 3361 a
1706 3307 1791 3361 ni-

1903 2008 2076 2069 dabit,
2106 2011 2159 2061 et
2178 2022 2285 2060 non
2304 2007 2543 2076 pavebit,
2568 2008 2826 2075 quoniam
2852 2008 2966 2075 ipse
2992 2012 3068 2060 est
3113 2021 3233 2076 spes
3258 2006 3396 2075 ejus.
3448 2009 3541 2061 Ti-

1901 2102 2092 2155 mentis
2119 2102 2403 2155 Dominum
2441 2099 2598 2153 beata
2634 2104 2711 2153 est
2757 2100 2965 2161 anima,
3001 2100 3076 2153 ad
3110 2115 3266 2168 quem
3300 2102 3539 2169 respicit,

1901 2198 1954 2248 et
1976 2195 2098 2263 quis
2117 2198 2196 2247 est
2217 2192 2485 2260 fortitudo
2507 2192 2622 2260 ejus
2641 2195 2670 2246 ?
2694 2193 2849 2249 Oculi
2868 2194 3083 2247 Domini
3105 2207 3268 2261 super
3295 2195 3541 2247 timentes

1901 2302 2021 2341 eum
2037 2301 2055 2335 :
2075 2288 2629 2356 protectorpotentia,
2661 2289 3060 2355 ﬁrmamentum
3077 2287 3319 2348 virtutis,
3335 2290 3542 2356 tegmen

1900 2380 2137 2442 ardoris,
2175 2384 2226 2434 et
2268 2380 2645 2433 umbraculum
2675 2379 2985 2441 meridiani,
3018 2383 3069 2433 et
3101 2378 3420 2448 praedicatio
3450 2383 3535 2448 of-

1898 2474 2181 2541 fensionis,
2227 2476 2278 2526 et
2315 2472 2657 2540 adjutorium
2695 2486 2874 2531 casus,
2907 2471 3158 2525 exultans
3192 2473 3451 2535 animam,
3490 2476 3542 2527 et

1898 2567 2218 2620 illuminans
2244 2566 2441 2631 oculos,
2485 2565 2625 2618 dans
2652 2567 2966 2627 sanitatem,
2996 2567 3047 2618 et
3083 2566 3273 2628 vitam,
3303 2569 3353 2619 et
3383 2567 3537 2620 bene-

1900 2658 2554 2714 dictionem.Immolantis
2580 2673 2648 2712 ea:
2677 2660 2867 2727 iniquo
2895 2658 3099 2712 oblatio
3123 2663 3202 2713 est
3240 2660 3540 2724 maculata,

1898 2757 1951 2808 et
1990 2768 2096 2806 non
2128 2757 2256 2807 sunt
2276 2752 2642 2821 .beneplacita
2684 2752 3136 2806 subsannationes
3192 2752 3537 2820 injustorum,

1897 2847 2153 2902 Dominus
2178 2846 2325 2899 solus
2349 2846 2743 2899 sustinentibus
2768 2860 2823 2900 se
2848 2846 2907 2898 in
2949 2846 3063 2898 vita
3095 2847 3340 2899 veritatis
3375 2850 3425 2899 et
3449 2846 3541 2915 ju-

1895 2940 2077 2992 παίω.
2120 2941 2272 2993 Dona
2315 2940 2629 3007 iniquorum
2672 2953 2781 2991 non
2822 2937 3022 3007 probat
3070 2938 3409 2999 Altissimus,
3443 2954 3539 2992 nec

1895 3033 2115 3101 respicit
2142 3032 2202 3085 in
2230 3031 2593 3085 oblationibus
2616 3031 2960 3100 injustorum,
2991 3045 3086 3084 nec
3098 3032 3157 3084 in
3182 3031 3538 3085 multitudine

1894 3126 2282 3195 sacriﬁciorum
2308 3140 2490 3178 eorum
2519 3124 2914 3194 propitiabitur
2943 3125 3199 3192 peccatis.
3243 3123 3348 3188 Qui
3381 3124 3540 3192 offert

1894 3220 2217 3287 sacriﬁcium
2231 3233 2298 3272 ea:
2315 3218 2626 3272 substantia
2640 3232 2971 3287 pauperum,
2994 3219 3155 3285 quasi
3171 3218 3268 3286 qui
3291 3218 3536 3271 victimat

1894 3314 2068 3381 ﬁlium
2083 3313 2142 3365 in
2160 3316 2445 3381 conspectu
2452 3312 2636 3380 patris
2654 3312 2759 3365 sui.
2788 3311 2957 3364 Panis
2973 3311 3242 3377 egentium
3262 3311 3378 3363 vita
3391 3325 3534 3378 pau-

168 3403 283 3455 tore
310 3399 536 3455 Domini
560 3401 648 3453 sui
669 3398 1011 3469 obligatione
1056 3398 1396 3468 dissolvitur,
1442 3400 1540 3471 qui
1569 3400 1796 3455 statutis
1888 3420 2085 3475 perum
2122 3410 2201 3458 est
2223 3423 2238 3458 :
2288 3406 2387 3473 qui
2412 3404 2716 3470 defraudat
2739 3403 2918 3466 illum,
2940 3404 3092 3456 homo
3109 3404 3394 3470 sanguinis
3421 3407 3535 3469 est;

169 3493 474 3548 caelestibus
499 3492 689 3547 minus
707 3508 863 3547 mera
888 3492 997 3547 ﬁde
1027 3491 1296 3563 dependit
1332 3492 1536 3547 ofﬁcia.
1578 3492 1797 3548 Talium

167 3601 295 3657 ergo
319 3586 597 3642 dictiones
615 3585 703 3640 vel
727 3585 1136 3657 prohibitiones
1160 3585 1412 3657 indigna
1441 3585 1610 3641 etiam
1651 3586 1798 3641 ﬁunt

167 3684 499 3735 memoratu.
536 3679 820 3734 Profunda
860 3683 945 3735 est
984 3694 1120 3750 ergo
1155 3678 1326 3733 nimis
1368 3679 1650 3750 imperitia
1696 3695 1792 3734 eo-

167 3789 307 3842 rum,
337 3779 388 3829 et
411 3774 722 3844 sepulcrum
754 3778 948 3843 patens
976 3777 1167 3843 guttur
1196 3788 1398 3837 eorum,
1432 3776 1563 3843 quia
1596 3775 1796 3842 linguis

166 3870 271 3922 suis
298 3868 478 3923 dolose
507 3872 678 3936 agunt
704 3866 865 3937 (Psal.
906 3883 960 3934 v,
1000 3869 1294 3937 interprete
1331 3868 1389 3922 S.
1438 3867 1635 3938 Hier.).
1669 3868 1794 3922 Non

166 3962 417 4035 estenim
445 3961 509 4015 in
534 3976 631 4015 ore
661 3976 860 4015 eorum
886 3964 1124 4027 rectum,
1156 3959 1431 4016 interiora
1454 3976 1653 4015 eorum
1704 3960 1791 4015 in-

167 4054 334 4124 sidia,
367 4054 558 4111 densis
584 4070 680 4108 cor
717 4069 916 4108 eorum
950 4053 1217 4125 vepribus
1261 4053 1566 4108 suffocatur
1594 4053 1796 4123 (Verba

165 4152 283 4203 sunt
306 4149 545 4217 ejusdem
568 4147 845 4218 Ennodii),
876 4151 933 4201 et
980 4147 1209 4201 interna
1248 4146 1382 4201 vitia
1417 4147 1542 4201 aliis
1580 4150 1797 4201 certant

165 4241 457 4296 ascribere.
486 4240 843 4295 Nobilitatem
872 4256 1008 4310 ergo
1057 4239 1154 4294 dat
1194 4239 1553 4305 facinoribus,
1596 4239 1695 4310 qui
1733 4240 1795 4294 in

164 4333 361 4388 talibus
379 4332 809 4389 ventilationem
836 4333 1093 4403 ipsorum
1123 4332 1184 4386 in
1232 4332 1561 4403 exemplum
1601 4332 1793 4402 sumit,

164 4432 257 4480 aut
295 4427 365 4481 ad
403 4441 571 4481 aures
617 4430 870 4496 posteras
912 4426 1084 4497 digna
1128 4425 1405 4480 relatione
1444 4425 1792 4480 transmittit.

56 4547 73 4566 -
165 4518 279 4573 Tibi
305 4524 501 4574 autem
527 4535 641 4573 non
664 4519 738 4573 sit
766 4535 901 4573 cura
926 4518 1125 4573 talium
1153 4518 1552 4589 quaestionum,
1581 4518 1681 4573 sed
1707 4534 1793 4573 se-

1896 3500 1992 3568 qui
2030 3500 2212 3565 aufert
2239 3500 2300 3551 in
2340 3497 2536 3551 sudore
2573 3512 2797 3566 panem,
2836 3500 2887 3551 et
2923 3496 3151 3550 sudanti
3185 3496 3346 3558 cibos,
3375 3497 3537 3565 quasi

1895 3594 1991 3662 qui
2016 3591 2209 3646 occidit
2225 3591 2539 3661 proximum
2566 3604 2742 3643 suum.
2775 3588 2881 3654 Qui
2919 3589 3155 3657 eﬂ'undit
3190 3590 3532 3656 sanguinem,

1895 3689 1947 3739 et
1970 3686 2067 3754 qui
2093 3685 2231 3751 facit
2268 3682 2527 3750 fraudem
2560 3683 2914 3743 mercenaria,
2959 3683 3164 3748 fratres
3199 3685 3344 3734 sunt.
3389 3683 3538 3736 Unus

1894 3778 2188 3847 adiﬁcans,
2220 3780 2271 3830 et
2293 3790 2435 3829 unus
2461 3775 2768 3840 destruens;
2796 3774 2932 3843 quid
2945 3774 3167 3844 prodest
3186 3774 3299 3828 illis
3314 3776 3425 3828 nisi
3453 3775 3535 3827 la-

1897 3871 2029 3925 bor?
2056 3871 2204 3925 Unus
2227 3884 2411 3931 orans,
2438 3882 2581 3922 unus
2606 3867 2972 3933 maledicens;
3025 3866 3182 3936 cujus
3218 3882 3395 3922 vocem
3439 3882 3536 3921 au-

1896 3964 2008 4018 diet
2035 3967 2173 4018 Deus
2194 3965 2221 4017 ?
2244 3963 2349 4028 Qui
2378 3962 2689 4031 baptizatur
2714 3976 2747 4014 a
2776 3965 3008 4024 mortuo,
3035 3964 3085 4014 et
3132 3961 3327 4014 iterum
3363 3963 3540 4031 tangit

1895 4073 2036 4120 eum,
2069 4056 2202 4126 quid
2224 4057 2441 4125 proﬁcit
2466 4056 2668 4109 lavatio
2683 4056 2856 4123 ipsius
2873 4056 2902 4107 7
2924 4053 3013 4108 Sic
3037 4054 3189 4108 homo
3207 4056 3303 4123 qui
3320 4054 3541 4124 jejunat

1895 4152 1955 4205 in
1974 4151 2211 4220 peccatis
2234 4150 2369 4216 suis,
2403 4153 2454 4203 et
2480 4150 2675 4202 iterum
2695 4148 2882 4202 eadem
2909 4149 3139 4215 faciens,
3162 4147 3297 4216 quid
3324 4150 3542 4218 proﬁcit

1896 4242 2236 4297 humiliando
2260 4258 2315 4296 se
2335 4243 2363 4296 ?
2384 4241 2690 4297 Orationem
2717 4241 2872 4295 illius
2893 4243 3013 4310 quis
3036 4241 3267 4295 audiet?
3293 4242 3399 4308 Qui
3412 4256 3539 4295 con-

1893 4341 2074 4392 servat
2103 4337 2288 4404 legem,
2310 4336 2637 4405 multiplicat
2662 4337 2977 4390 orationem.
3016 4334 3353 4404 Sacriﬁcium
3384 4336 3539 4389 salu-

1896 4434 2013 4484 tare
2043 4432 2123 4483 est
2151 4428 2428 4483 attendere
2452 4428 2753 4491 mandatis,
2782 4433 2832 4481 et
2857 4427 3130 4480 discedere
3169 4427 3237 4479 ab
3262 4429 3409 4480 omni
3438 4429 3543 4481 ini-

1896 4524 2143 4593 quitate:
2172 4526 2223 4576 et
2240 4524 2588 4591 propitiatio,
2620 4521 2782 4575 litare
2815 4522 3139 4588 sacriﬁcium
3177 4534 3341 4588 super
3386 4520 3539 4587 inju-

166 4629 330 4685 quere
351 4613 697 4668 sententiam
719 4612 866 4667 beati
893 4611 1047 4667 Pauli
1075 4612 1332 4683 apostoli,
1363 4612 1461 4683 qui
1490 4616 1683 4667 monet
1700 4628 1801 4683 per
1817 4622 1877 4694 D
1900 4618 2109 4679 stitias;
2137 4619 2189 4668 et
2213 4614 2518 4683 deprecatio
2536 4629 2639 4684 pro
2652 4614 2912 4684 peccatis,
2944 4612 3188 4666 recedere
3218 4612 3286 4665 ab
3312 4612 3538 4681 injusti-

166 4705 499 4777 discipulum
527 4709 783 4774 cunctos,
808 4709 864 4760 et
893 4706 1119 4774 clamat,
1151 4704 1341 4759 dicens
1370 4724 1383 4759 :
1413 4707 1611 4760 Inanes
1642 4720 1793 4775 qua-

166 4802 355 4855 stiones
396 4800 579 4855 devita
625 4800 673 4867 (Ι
722 4801 858 4853 Tim.
911 4799 1002 4868 iv).
1051 4800 1272 4867 Inanes,
1314 4813 1564 4869 namque
1623 4797 1804 4869 (juxta

168 4891 507 4962 Apostolum)
538 4892 883 4963 quastiones
913 4906 1138 4962 semper
1163 4890 1366 4959 devita,
1411 4894 1469 4944 et
1504 4906 1610 4961 age
1650 4890 1803 4962 quod

168 4985 378 5040 meliori
421 4985 673 5054 consilio,
722 5001 838 5039 non
886 4984 1137 5039 avaritia
1172 4984 1259 5039 vel
1301 4983 1655 5052 temeritatis,
1705 4983 1804 5038 sed

167 5076 415 5133 utilitatis
453 5085 510 5133 et
535 5078 881 5133 necessitatis
913 5080 995 5147 (ut
1038 5092 1189 5148 sape
1238 5077 1453 5131 dictum
1498 5076 1600 5148 est)
1639 5093 1805 5131 causa

167 5169 485 5227 faciendum
522 5171 736 5226 utiliter
768 5170 1142 5242 perspexeris.
1180 5170 1549 5241 Quapropter,
1589 5169 1802 5225 charis-

170 5263 326 5331 sime,
351 5265 441 5319 his
467 5265 786 5336 apostolicis
812 5264 986 5319 fultus
1012 5263 1459 5333 auctoritatibus,
1493 5267 1651 5318 muta
1680 5263 1802 5335 epi-

168 5372 396 5427 sc0pum
432 5374 597 5412 causa
634 5357 975 5412 necessitatis
1026 5360 1125 5410 aut
1165 5356 1438 5425 utilitatis,
1488 5372 1659 5428 super
1693 5373 1806 5428 quo

170 5451 456 5506 consulere
482 5467 585 5504 nos
611 5450 866 5519 voluisti;
898 5455 955 5505 et
982 5450 1122 5505 alios
1145 5449 1346 5506 fratres
1389 5453 1629 5520 nostros,
1675 5451 1803 5522 qui-

169 5541 272 5596 bus
317 5544 424 5599 hoc
466 5543 792 5600 faciendum
840 5547 1139 5602 necessitas
1173 5550 1274 5601 aut
1320 5544 1530 5599 utilitas
1577 5561 1809 5616 compu-

172 5634 315 5703 lerit,
346 5652 516 5708 agere
546 5637 681 5693 doce
712 5654 725 5693 :
759 5638 893 5710 quia
921 5639 1028 5694 hoc
1053 5639 1205 5712 quod
1226 5638 1328 5694 tibi
1350 5637 1451 5692 soli
1485 5636 1805 5709 scribimus,

175 5730 514 5798 generaliter
550 5731 814 5786 omnibus
850 5736 1045 5787 tenere
1084 5732 1444 5788 mandamus.
1484 5731 1628 5796 Quia
1666 5731 1809 5786 sicut

180 5826 506 5889 potestatem
533 5823 811 5880 habemus
834 5825 1123 5898 episcopos
1151 5831 1207 5881 et
1232 5825 1550 5881 sacerdotes
1580 5825 1807 5896 regula-

1900 4711 2010 4762 ria.
2033 4707 2303 4762 Retribuit
2327 4708 2585 4773 gratiam,
2608 4709 2707 4775 qui
2729 4706 2887 4775 offert
2910 4705 3298 4773 similaginem;
3346 4710 3397 4759 et
3448 4708 3545 4775 qui

1899 4802 2038 4868 facit
2061 4799 2507 4859 misericordiam,
2556 4799 2713 4867 offert
2750 4801 3093 4870 sacriﬁcium.
3135 4798 3545 4868 Beneplacitum

1901 4899 1977 4948 est
2003 4893 2224 4948 Domino
2249 4890 2493 4944 recedere
2519 4891 2585 4944 ab
2608 4892 2934 4959 iniquitate;
2958 4897 3008 4947 et
3038 4893 3367 4962 deprecatio,
3398 4907 3542 4945 rece-

1903 4986 2029 5041 dere
2053 4986 2120 5040 ab
2141 4984 2440 5052 injustitia.
2475 4985 2599 5039 Non
2617 4985 2907 5053 apparebis
2937 4990 3063 5040 ante
3092 4990 3430 5056 conspectum
3452 4986 3548 5039 Dei

1902 5095 2125 5135 vacuus.
2160 5081 2287 5133 Hac
2335 5081 2479 5133 enim
2515 5080 2697 5133 omnia
2731 5084 2959 5147 propter
2981 5081 3304 5135 mandatum
3332 5082 3550 5135 Domini

1903 5177 2060 5244 ﬁunt.
2093 5172 2303 5227 Oblatio
2307 5172 2454 5241 justi
2477 5172 2784 5241 impinguat
2810 5172 3008 5235 altare,
3038 5178 3090 5227 et
3114 5174 3549 5227 odorsuavitatis

1905 5269 2060 5321 estin
2089 5270 2372 5335 conspectu
2388 5266 2683 5320 Altissimi.
2726 5264 3061 5334 Sacriﬁcium
3087 5265 3234 5333 justi
3273 5270 3548 5335 acceptum

1906 5365 2005 5424 est,
2036 5365 2086 5415 et
2115 5361 2426 5414 memoriam
2444 5360 2561 5429 ejus
2590 5375 2697 5413 non
2718 5358 3059 5413 obliviscetur
3081 5360 3357 5413 Dominus.
3402 5362 3547 5414 Bono

1908 5456 2089 5509 animo
2140 5453 2371 5523 gloriam
2411 5453 2577 5508 redde
2618 5456 2744 5515 Deo,
2791 5456 2842 5506 et
2877 5467 2986 5505 non
3022 5453 3236 5506 minuas
3269 5453 3552 5521 primitias

1906 5550 2132 5617 frugum
2145 5552 2384 5602 tuarum.
2410 5549 2477 5602 In
2499 5547 2648 5601 omni
2664 5546 2791 5601 dato
2809 5548 2903 5613 fac
2923 5546 3153 5600 hilarem
3165 5547 3375 5601 vultum
3396 5552 3551 5602 tuum
3634 5536 3637 5539 ’

1909 5646 1960 5697 et
1984 5644 2041 5697 in
2079 5642 2406 5696 exultatione
2431 5642 2710 5710 sanctiﬁea
2731 5640 2965 5694 decimas
2991 5644 3134 5694 tuas.
3159 5642 3242 5695 Da
3266 5640 3550 5695 Altissimo

1910 5735 2201 5790 secundum
2228 5735 2419 5789 datum
2450 5735 2590 5803 ejus,
2609 5738 2661 5788 et
2680 5735 2739 5788 in
2764 5734 2915 5788 oculo
2951 5734 3083 5787 bono
3117 5732 3553 5787 adinventionem

1909 5828 2003 5893 fac
2020 5842 2281 5881 manuum
2304 5832 2546 5890 tuarum,
2577 5830 2831 5897 quoniam
2843 5828 3097 5883 Dominus
3120 5826 3420 5881 retribuens
3450 5827 3551 5885 est.

247 5935 271 5965 ⁸
306 5939 458 5997 Hanc
485 5957 556 6000 ex
579 5941 857 6018 capitibus
881 5943 1087 6004 Eccles.
1116 5959 1279 6004 κων
1306 5945 1365 6001 et
1388 5958 1533 6001 xxxv
1560 5942 1827 6003 laciniam
1855 5960 1971 6002 non
1994 5944 2109 6017 legi
2136 5944 2195 6002 in
2220 5945 2359 6003 Cod.
2386 5945 2527 6001 Just.
