4016 6240
427 424 532 480 755

1335 422 1423 475 AD
1460 420 1817 475 EPISTOLAS
1854 420 1937 476 ET
1975 419 2284 479 DECRETA
2321 423 2583 479 PELAGII
2621 424 2811 481 ΡΑΡᾹΞ
2846 424 2895 479 ll

3701 422 3811 476 756

432 535 484 585 et
512 532 707 600 septies
738 536 953 585 tantum
975 529 1164 583 reddet
1193 526 1309 581 tibi.
1332 528 1461 583 Noli
1474 528 1669 597 offerre
1698 543 1924 583 munera
1933 544 2069 598 pra-
2095 532 2346 613 Abitur,
2385 533 2525 588 dum
2548 536 2605 588 et
2631 530 2980 588 abundantia
3029 546 3227 587 eorum
3258 530 3320 586 in
3368 531 3702 600 egestatem,
3752 531 3815 583 et

430 639 532 690 va;
553 639 663 678 non
679 626 821 678 enim
839 625 1098 692 suscipiet
1119 622 1239 676 illa.
1262 622 1332 676 Et
1348 621 1460 674 noli
1470 622 1734 691 inspicere
1747 623 2074 691 sacriﬁcium

432 717 717 785 injustam,
741 717 997 787 quoniam
1020 716 1273 769 Dominus
1292 713 1474 781 judex
1488 717 1586 776 est,
1616 718 1667 768 et
1683 729 1791 768 non
1820 719 1901 769 est
1923 716 2075 785 apud

433 811 592 866 illum
616 812 792 879 gloria
814 822 1077 879 persona.
1105 808 1228 863 Non
1252 809 1478 877 accipiet
1503 809 1761 863 Dominus
1783 822 2075 877 personam

431 906 493 958 in
511 918 826 975 pauperem,
852 906 903 955 et
913 902 1274 970 precationem
1295 901 1408 955 laesi
1434 902 1706 956 exaudiet.
1741 903 1864 958 Non
1891 902 2071 972 despi-

432 1000 531 1052 ciet
551 1010 735 1067 preces
756 994 981 1065 pupilli,
1009 1008 1105 1047 nec
1128 994 1372 1056 viduam,
1416 996 1465 1048 si
1502 994 1754 1063 effundat
1808 996 2076 1064 loquelam

430 1093 674 1158 gemitus.
704 1090 895 1145 Nonne
933 1088 1184 1155 lacryma
1210 1088 1392 1141 vidua
1416 1087 1491 1141 ad
1527 1088 1813 1143 maxillam
1853 1089 2095 1144 descent

432 1183 590 1245 dunt,
638 1186 689 1237 et
729 1181 1050 1236 exclamatio
1081 1180 1198 1248 ejus
1241 1195 1404 1251 super
1446 1180 1797 1236 deducentem
1842 1185 1970 1236 eas?
2023 1183 2074 1237 A

431 1277 661 1331 maxilla
678 1277 820 1330 enim
844 1274 1144 1329 ascendunt
1172 1289 1342 1344 usque
1381 1274 1456 1328 ad
1481 1275 1670 1329 ccelum
1724 1279 1774 1328 et
1819 1278 2075 1330 Dominus

431 1370 718 1424 exauditor
741 1384 849 1423 non
878 1369 1233 1424 delectabitur
1262 1370 1322 1421 in
1348 1368 1481 1421 illis.
1517 1367 1621 1433 Qui
1645 1368 1846 1423 adorat
1884 1373 2071 1433 Deum,

428 1467 487 1518 in
506 1463 853 1518 oblectatione
878 1464 1221 1533 suscipietur,
1251 1466 1301 1516 et
1319 1464 1565 1531 precatio
1592 1462 1744 1516 illius
1781 1477 1950 1531 usque
2000 1464 2076 1518 ad

425 1557 592 1611 nubes
606 1557 1019 1627 propinquabit.
1053 1556 1237 1611 Oratio
1268 1555 1610 1610 humiliantis
1636 1570 1691 1609 se
1728 1556 1893 1609 nubes
1915 1571 2077 1626 pene-

428 1650 624 1716 trabit;
656 1654 707 1705 et
731 1651 897 1704 donec
928 1652 1279 1720 propinquet,
1302 1664 1410 1702 non
1440 1649 1828 1703 consolabitur.
1857 1652 1929 1703 Et
1967 1666 2087 1705 non

429 1744 684 1806 discedet,
714 1744 878 1798 donec
922 1745 1156 1812 aspiciat
1190 1742 1509 1797 Altissimus
1539 1754 1555 1789 .·
1592 1746 1643 1796 et
1676 1744 1937 1797 Dominus
1969 1759 2077 1798 non

2173 627 2439 698 superbia
2452 642 2650 682 eorum
2671 626 2959 682 transierit
2979 625 3039 681 in
3064 623 3644 681 confusionemJusto
3654 621 3813 676 enim

2166 721 2380 793 judicio
2392 721 2560 776 datur
2577 721 2910 792 plerumque
2934 724 3175 792 potestas
3200 717 3589 791 peccatoribus
3621 714 3814 786 (Ejus-

2173 816 2293 871 dem
2317 818 2456 870 sent.
2492 816 2581 883 23,
2610 830 2678 869 ex
2711 816 2767 872 S.
2806 816 2955 885 Aug.
2980 817 3042 870 in
3073 828 3160 884 ps.
3190 814 3397 883 cxvm),
3433 826 3548 882 qua
3583 812 3814 865 sanctos

2175 909 2290 979 sjus
2332 913 2765 981 persequantur,
2813 914 2879 963 ut
2906 907 3003 980 qui
3049 907 3279 979 spiritus
3312 905 3411 960 Dei
3439 904 3719 975 juvantur
3757 905 3817 958 et

2174 1008 2444 1075 aguntur,
2495 1002 2633 1058 fiant
2666 1019 2769 1074 per
2814 1002 3074 1057 laborum
3109 999 3376 1056 exercitia
3415 997 3698 1053 clariores.
3746 996 3815 1051 Et

2174 1112 2524 1168 quanquam,
2552 1096 2773 1165 fratres,
2801 1095 2924 1151 hac
2947 1095 3025 1150 ita
3050 1110 3109 1149 se
3146 1093 3413 1161 habeant,
3460 1107 3578 1146 non
3611 1093 3815 1145 tamen

2174 1192 2309 1244 sunt
2326 1189 2729 1257 consentiendi,
2757 1188 2853 1244 sed
2873 1187 3231 1259 reprobandi,
3263 1185 3362 1257 qui
3390 1184 3653 1256 pralatos
3677 1196 3815 1237 suos

2175 1283 2619 1353 reprehendunt,
2649 1282 2736 1337 vel
2763 1286 3046 1337 accusant.
3079 1280 3236 1336 Unde
3268 1278 3542 1335 canonica
3582 1281 3814 1332 sancto-

2174 1392 2306 1431 rum
2331 1378 2562 1431 Patrum
2592 1380 2799 1431 statuta
2827 1388 2869 1445 ο,
2901 1391 2974 1431 ne
3007 1375 3287 1429 columna
3316 1376 3525 1427 sancta
3558 1370 3817 1425 ecclesia

2175 1469 2456 1538 vacillent,
2493 1474 2790 1541 sequentes
2812 1485 2875 1523 ac
2917 1468 3263 1537 rohorantes,
3300 1481 3504 1520 omnes
3544 1463 3814 1533 infames,

2176 1566 2518 1634 cunctosque
2568 1567 2851 1634 suspectos
2887 1563 2975 1617 vel
3008 1561 3287 1629 inimicos,
3328 1563 3386 1615 et
3427 1574 3523 1614 eos
3564 1558 3665 1630 qui
3692 1572 3818 1612 non

2176 1663 2308 1711 sunt
2336 1673 2533 1712 eorum
2562 1657 2765 1729 gentis,
2792 1658 2880 1711 vel
2902 1672 3148 1728 quorum
3171 1654 3329 1720 ﬁdes,
3361 1653 3474 1708 vita
3501 1654 3559 1707 et
3581 1651 3816 1706 libertas

2176 1750 2448 1819 nescitur,
2474 1756 2551 1829 ,et
2568 1751 2668 1823 qui
2694 1766 2810 1805 non
2851 1754 2985 1805 sunt
3018 1750 3184 1804 bona
3218 1745 3674 1813 conversationis,
3726 1743 3818 1801 vel

437 1837 729 1905 elongabit,
750 1837 843 1891 sed
853 1837 1131 1905 judicabit
1157 1837 1413 1905 injustas,
1440 1840 1491 1889 et
1507 1837 1675 1903 faciet
1689 1836 1987 1904 judicium,
2025 1842 2077 1891 et

2176 1861 2422 1916 quorum
2461 1845 2575 1899 vita
2612 1849 2696 1899 est
2751 1843 3095 1912 accusabilis,
3138 1842 3209 1897 ab
3251 1840 3407 1895 omni
3456 1838 3816 1894 accusatione

428 1932 759 1998 Γονείεείπιυε
782 1945 889 1983 non
918 1930 1133 1984 Ῐιαδεδῖε
1156 1931 1217 1983 in
1244 1929 1358 1983 illis
1391 1930 1745 1998 Ραίίεηείαηι,
1780 1934 1844 1984 ιιι
1873 1932 2068 1984 οοηΐτὶ-
2092 1911 2149 1983 Β
2173 1911 2563 2010 episcoporum
2583 1937 2837 1993 funditus
2863 1911 3283 1992 submovemus.
3311 1933 3582 1991 Similiter
3604 1936 3661 1987 et
3687 1948 3811 1987 om-

432 2024 576 2078 bulet
612 2023 833 2077 dorsum
856 2025 1116 2093 ipsorum,
1149 2026 1199 2076 et
1238 2022 1487 2090 gentibus
1520 2022 1719 2077 reddat
1748 2024 2068 2088 vindictam,

428 2116 595 2171 donec
620 2117 776 2170 tollat
792 2116 1191 2185 plenitudinem
1226 2116 1599 2185 superborum,
1646 2120 1697 2170 et
1728 2120 1940 2185 sceptra
1958 2119 2067 2171 ini-

431 2224 659 2279 quorum
681 2210 1021 2271 contribulet,
1062 2209 1227 2263 donec
1267 2208 1465 2262 reddat
1499 2208 1745 2263 omnibus
1779 2210 2071 2265 secundum

435 2308 586 2357 actus
611 2318 754 2365 suos,
787 2307 838 2357 et
853 2303 1149 2357 secundum
1176 2317 1341 2372 opera
1355 2302 1515 2364 Adae,
1547 2306 1599 2355 et
1621 2302 1917 2357 secundum
1929 2318 2072 2372 pra-

429 2400 785 2466 sumptionem
812 2396 982 2458 illius,
1012 2397 1178 2450 donec
1191 2396 1405 2463 judicet
1423 2395 1699 2463 judicium
1727 2396 1905 2465 plebis
1938 2412 2067 2461 sua,

430 2495 483 2546 et
510 2490 794 2545 obiectabit
810 2490 995 2558 justos
1019 2489 1393 2543 misericordia
1413 2502 1536 2542 sua.
1566 2490 1709 2543 Deus
1728 2494 1919 2543 autem
1944 2489 2071 2559 (tra-

429 2589 517 2638 ter
539 2581 880 2651 charissime)
905 2581 1137 2652 impleat
1179 2580 1543 2650 desiderium,
1592 2586 1649 2636 et
1682 2581 2069 2639 ministerium

428 2676 530 2731 tibi
584 2674 850 2730 divinitus
889 2675 1176 2743 collatum,
1224 2674 1535 2729 secundum
1576 2674 1796 2731 divitias
1847 2692 1977 2731 suas
2009 2677 2071 2733 in

431 2768 611 2841 gloria
638 2768 697 2823 in
724 2768 945 2824 Christo
970 2769 1101 2822 Jesu
1131 2766 1370 2822 Domino
1398 2771 1616 2823 nostro.
1647 2769 1759 2824 Deo
1778 2773 1972 2826 autem
2014 2774 2071 2826 et

430 2862 579 2917 Patri
616 2866 807 2917 nostro
852 2860 1032 2934 gloria
1084 2861 1145 2916 in
1196 2861 1403 2916 saecula
1450 2862 1809 2919 saculorum.
1864 2866 2066 2920 Amen.

430 2956 567 3013 Data
598 2958 661 3012 13
688 2956 778 3012 die
802 2958 946 3028 Aug.
974 2954 1204 3026 mensis,
1233 2954 1538 3011 indictione
1567 2956 1655 3011 14.

884 3117 1212 3174 EPlSTOLA
1235 3116 1261 3146 ι
1306 3115 1474 3188 [Olim
1510 3115 1591 3187 II]

911 3241 980 3280 AD
1011 3238 1290 3279 anscoros
1319 3239 1510 3279 ruma:
1540 3222 1589 3276 δ.

432 3332 723 3401 Episcopos
748 3346 952 3387 summo
982 3333 1037 3385 in
1064 3333 1258 3385 honore
1284 3346 1394 3385 esse
1421 3330 1712 3395 habendos,
1741 3346 1835 3386 nec
1856 3346 2015 3402 posse
2034 3348 2069 3387 a

976 3402 1212 3472 quolibet
1237 3404 1503 3456 acmisari.

504 3520 886 3576 Dilectissimis
924 3526 1092 3594 atque
1122 3521 1442 3577 clarissimis
1482 3521 1751 3577 fratribus
1795 3522 2071 3579 universis

433 3614 728 3687 episcopis,
779 3620 836 3671 et
875 3616 1090 3670 cunctis
1141 3614 1459 3686 specialiter
1502 3632 1604 3686 per
1645 3616 1969 3687 Campania
2015 3621 2072 3672 et

432 3708 601 3763 Italia
620 3708 937 3780 provincias
972 3708 1343 3764 militantibus
1383 3708 1645 3779 Domino,
1684 3709 1943 3781 Pelagius
1978 3726 2066 3764 sa-

428 3802 627 3857 lutem.

501 3894 945 3951 Sollicitudinem
991 3895 1249 3950 omnium
1297 3894 1673 3950 Ecclesiarum
1718 3896 1896 3967 (juxta
1928 3900 2072 3968 Apo-

430 3990 655 4062 stolum)
673 3989 1151 4056 circumferentes,
1181 3987 1385 4044 divina
1407 3989 1553 4044 circa
1582 4005 1684 4044 nos
1713 3989 1907 4061 gratia
1944 4007 2067 4046 me-

431 4099 619 4139 mores
646 4099 764 4139 esse
790 4083 1063 4139 debemus
1107 4082 1357 4153 (Aeacius
1404 4085 1565 4154 episc.
1611 4083 1736 4148 CP.,
1788 4086 1941 4153 epist.
1996 4086 2073 4140 ad

427 4177 766 4247 Simplicium
797 4176 1049 4247 papam),
1077 4176 1228 4247 quod
1269 4191 1369 4230 nos
1407 4193 1511 4247 per
1539 4175 1926 4248 dignitationis
1953 4193 2071 4233 sua

433 4269 701 4324 Dominus
728 4269 1175 4325 misericordiam
1200 4270 1268 4325 ad
1293 4269 1399 4325 hoc
1418 4269 1712 4341 fastigium
1729 4270 2069 4327 sacerdotale

428 4363 705 4436 provexit,
733 4368 799 4419 ut
822 4362 1102 4419 mandatis
1128 4363 1305 4437 ipsius
1332 4364 1691 4430 inharentes,
1720 4363 1781 4417 in
1823 4365 2070 4436 quadam

432 4458 784 4513 sacerdotum
804 4457 926 4529 ejus
953 4459 1183 4529 specula
1209 4456 1495 4512 constituti
1534 4456 1935 4529 prohibeamus
1964 4458 2071 4513 illi-

427 4550 555 4620 cita,
588 4556 644 4606 et
667 4552 953 4624 sequenda
991 4552 1290 4606 doceamus
1333 4550 1558 4621 (Hilarii
1592 4566 1757 4623 papa
1796 4553 1952 4622 epist.
1992 4553 2070 4607 ad

2089 3278 2145 3352 C

2170 2048 2291 2099 nes,
2314 2048 2455 2104 quos
2489 2031 2694 2087 divina
2723 2032 2878 2104 leges
2915 2034 3169 2085 mortuos
3218 2028 3528 2101 appellant,
3576 2026 3811 2081 submo-

2169 2125 2377 2180 vendos
2406 2141 2524 2181 esse
2556 2125 2627 2180 ab
2658 2125 2858 2180 eadem
2883 2123 3259 2193 accusatione,
3289 2127 3346 2177 et
3372 2119 3614 2193 publica
3630 2118 3813 2191 pani-

2168 2218 2360 2274 tentia
2376 2218 2788 2274 submittendos
2799 2218 3140 2289 judicamus.
3167 2217 3362 2287 Neque
3391 2215 3530 2269 dum
3550 2212 3813 2268 Ecclesia

2170 2312 2408 2383 alicujus
2439 2312 2709 2384 episcopi,
2739 2315 2839 2366 aut
2859 2311 3260 2382 possessiones,
3279 2309 3366 2363 vel
3391 2324 3482 2363 res
3500 2308 3569 2362 ab
3584 2306 3812 2362 amulis

2170 2406 2312 2477 ejus,
2343 2406 2433 2461 vel
2458 2422 2489 2459 a
2515 2405 2951 2477 quibuscunque
2976 2404 3099 2458 aliis
3128 2419 3242 2457 non
3273 2418 3375 2456 sua
3413 2405 3616 2473 sponte
3658 2399 3812 2454 deti-

2168 2503 2398 2567 nentur,
2429 2498 2643 2570 aliquid
2668 2498 2745 2552 illi
2775 2497 2961 2567 debet,
2989 2502 3089 2552 aut
3106 2500 3290 2568 potest
3313 2511 3347 2549 a
3365 2509 3652 2566 quoquam
3674 2496 3814 2547 ante

2168 2593 2709 2665 redintegrationem
2730 2592 2990 2648 omnium
3008 2607 3199 2647 rerum
3228 2606 3460 2645 suarum
3485 2588 3680 2659 objici:
3711 2586 3814 2643 sed

2168 2688 2328 2759 prius
2347 2687 2427 2742 illi
2452 2687 2676 2759 legibus
2694 2685 3130 2757 redintegranda
3147 2689 3280 2739 sunt
3301 2682 3513 2750 omnia,
3533 2686 3589 2738 et
3613 2684 3815 2753 postea

2167 2786 2421 2853 tempore
2442 2798 2477 2836 a
2501 2780 2757 2835 Patribus
2774 2779 3054 2852 praﬁnito
3071 2782 3203 2833 sunt
3219 2777 3446 2849 negotia
3459 2775 3809 2831 ventilanda.

2168 2873 2473 2930 Refutandi
2493 2877 2625 2928 sunt
2649 2873 2822 2928 etiam
2842 2877 3116 2944 raptores,
3139 2871 3314 2941 fures,
3342 2868 3617 2940 sacrilegi,
3643 2868 3812 2923 adul-

2169 2968 2298 3035 teri,
2329 2970 2386 3022 et
2413 2967 2624 3021 horum
2654 2965 2885 3021 similes.
2922 2964 3278 3021 Manifestum
3320 2967 3405 3019 est
3455 2962 3610 3019 enim
3653 2960 3814 3034 quod

2169 3076 2393 3132 semper
2422 3059 2561 3115 tales
2584 3058 2767 3132 magis
2796 3059 3131 3115 discordiam
3165 3073 3340 3129 quam
3359 3072 3555 3128 pacem
3581 3060 3811 3111 sectan-

2168 3158 2281 3209 tur.
2312 3154 2507 3209 Nullus
2526 3169 2754 3225 quoque
2773 3153 3089 3207 monachus
3108 3151 3245 3207 talia
3262 3165 3515 3222 unquam
3543 3148 3804 3220 arripiat,

2167 3263 2272 3302 nec
2316 3245 2605 3303 sacularia
2651 3250 2750 3301 aut
2796 3245 3165 3301 ecclesiastica
3202 3243 3435 3316 negotia
3470 3242 3812 3315 perturbare

2167 3344 2493 3412 prasumat,
2540 3339 2675 3411 quia
2707 3342 2933 3394 mortua
2956 3339 3019 3393 in
3057 3337 3264 3393 talibus
3307 3353 3415 3392 vox
3457 3340 3541 3391 est
3577 3351 3811 3391 eorum.

2170 3432 2489 3488 lmmobiles
2514 3433 2668 3488 enim
2693 3432 2962 3487 Dominus
2988 3448 3118 3487 suos
3143 3446 3398 3485 summos
3425 3444 3654 3500 semper
3689 3429 3816 3483 vult

2170 3542 2399 3582 manere
2433 3524 2859 3598 pradicatores,’
2873 3530 2929 3581 et
2953 3542 3072 3580 non
3100 3542 3133 3579 a
3155 3523 3491 3596 quibusdam
3516 3521 3810 3589 temerari,

2168 3621 2265 3675 sed
2307 3620 2415 3675 sibi
2457 3619 2634 3675 libere
2677 3624 2733 3673 et
2785 3618 2974 3691 quiete
3002 3617 3264 3673 famulari
3288 3617 3335 3671 ἀ.
3372 3616 3533 3673 Unde
3577 3619 3635 3670 et
3687 3616 3812 3687 ipse

2167 3713 2280 3768 ait:
2310 3713 2416 3779 Qui
2438 3729 2530 3769 vos
2559 3714 2757 3781 tangit,
2800 3714 2978 3782 tangit
3004 3713 3281 3782 pupillam
3309 3711 3451 3765 oculi
3471 3711 3596 3765 mei.
3617 3712 3691 3765 Et
3714 3710 3815 3779 qui

2166 3823 2260 3862 vos
2289 3810 2589 3870 contristat,
2617 3822 2698 3861 me
2723 3808 3005 3861 contristat
3038 3806 3216 3876 (Zach.
3241 3821 3281 3859 ιι
3298 3822 3315 3873 ;
3350 3805 3550 3863 Coloss.
3582 3803 3683 3873 in).
3720 3804 3808 3871 Et,

2168 3905 2264 3972 qui
2276 3904 2469 3969 fecerit
2486 3902 2772 3970 injuriam,
2795 3902 3018 3970 recipiet
3031 3899 3178 3969 quod
3199 3900 3387 3968 inique
3404 3898 3568 3966 gessit
3585 3896 3806 3965 (Matth.

2170 3996 2241 4067 Χ).
2274 3996 2341 4050 Et
2369 3993 2502 4050 alibi
2528 4010 2540 4049 :
2572 3994 2677 4060 Qui
2703 4010 2795 4050 vos
2819 3995 3032 4063 recipit,
3058 4008 3141 4047 me
3168 3993 3392 4062 recipit;
3442 3995 3518 4060 et,
3569 3992 3669 4059 qui
3713 4004 3810 4044 vos

2165 4090 2394 4159 spernit,
2416 4104 2498 4144 me
2523 4089 2732 4159 spernit
2759 4086 2908 4158 (Luc.
2941 4086 3013 4157 x).
3040 4087 3118 4140 Ita
3144 4100 3373 4157 quoque
3398 4087 3455 4139 et
3483 4100 3515 4137 a
3543 4082 3809 4154 plebibus

2166 4183 2256 4238 vel
2284 4182 2498 4238 cateris
2528 4181 2867 4254 generaliter
2892 4178 3156 4235 omnibus
3176 4181 3311 4233 sunt
3333 4176 3571 4232 timendi
3612 4180 3671 4231 et
3720 4176 3806 4231 fe-

2168 4275 2329 4331 rendi
2355 4281 2523 4348 atque
2552 4274 2858 4331 venerandi
2877 4277 3128 4346 pastores
3175 4277 3232 4328 et
3264 4270 3661 4344 pradicatores
3700 4270 3806 4324 Ec-

2167 4370 2369 4439 clesia,
2398 4374 2462 4424 ut
2498 4369 2600 4424 sub
2641 4368 3038 4425 exercitatione
3080 4367 3245 4422 bona
3288 4364 3589 4420 voluntatis
3632 4362 3805 4418 susti-

2165 4467 2410 4518 neantur
2433 4462 2766 4534 temporalia
2804 4462 3008 4532 (Prosp.
3041 4465 3176 4515 sent.
3209 4460 3297 4527 34,
3329 4474 3397 4513 ex
3439 4460 3581 4527 Aug.
3622 4459 3685 4511 in
3714 4471 3802 4526 ps.

2165 4556 2363 4626 cxx1v),
2391 4560 2690 4628 sperentur
2713 4558 2946 4611 aterna.
2975 4557 3159 4627 Auget
3170 4551 3325 4608 enim
3340 4550 3544 4605 merita
3557 4548 3803 4618 virtutis,

426 4646 721 4701 Ascanium
756 4648 917 4715 episc.
960 4644 1453 4714 Tarraconensem).
1491 4644 1700 4710 Omnes,
1739 4644 2050 4700 charissimi
2092 4647 2152 4720 D
2174 4650 2273 4722 qui
2316 4649 2668 4721 propositum
2718 4665 2833 4703 non
2877 4648 3066 4715 violat,
3111 4646 3206 4701 sed
3250 4648 3442 4715 auget,
3488 4642 3804 4713 religionis.

426 4741 524 4809 qui
546 4740 735 4793 volunt
762 4742 821 4794 in
852 4739 1063 4794 Christo
1085 4742 1180 4809 pie
1202 4741 1378 4794 vivere
1404 4738 1480 4809 (II
1507 4741 1642 4794 Tim.
1686 4739 1785 4809 In),
1835 4755 2061 4794 necesse

425 4836 528 4901 est,
557 4837 623 4887 ut
648 4832 717 4888 ab
747 4832 941 4905 impiis
961 4840 1017 4889 et
1044 4832 1406 4888 dissimilibus
1445 4832 1734 4903 patiantur
1759 4832 2062 4903 Opprobria

423 4928 677 4999 Prosperi
697 4932 835 4983 sent.
864 4930 955 4997 32,
984 4944 1052 4982 ex
1078 4929 1133 4985 S.
1158 4928 1304 4996 Aug.
1337 4929 1397 4981 in
1434 4942 1524 4997 ps.
1560 4926 1744 4998 cxxu),
1777 4930 1832 4980 et
1871 4925 2058 4997 despi-

423 5022 647 5076 ciantur
678 5025 951 5094 tanquam
980 5020 1134 5076 stulti
1161 5024 1219 5075 et
1244 5019 1452 5087 insani,
1485 5018 1584 5092 qui
1607 5019 1734 5075 ideo
1759 5018 2061 5091 prasentia

422 5116 568 5170 bona
595 5116 863 5188 perdunt,
886 5118 952 5169 ut
980 5113 1283 5169 invisibilia
1305 5130 1369 5169 ac
1398 5113 1507 5168 sibi
1532 5114 1829 5186 profutura
1863 5112 2057 5185 acqui-

421 5214 568 5265 rant.
590 5210 697 5266 Sed
726 5210 847 5264 hac
876 5207 1159 5279 despectio
1189 5211 1245 5263 et
1264 5206 1450 5262 irrisio
1476 5206 1536 5263 in
1567 5207 1718 5280 ipsos
1762 5211 2054 5280 retorque-

490 5335 516 5364 ⁸
541 5339 687 5415 cum
711 5335 861 5415 bello
889 5333 1413 5415 Langobardorum,
1449 5349 1562 5405 quo
1597 5332 1882 5415 universa.
1906 5333 2060 5415 Italia

422 5407 715 5489 flagrabat,
762 5403 1229 5489 adhpqvigente,
1286 5403 1794 5489 cultus—episcopis
1850 5404 2061 5485 deferri

419 5474 615 5534 solitus
638 5474 901 5533 nunnihil
926 5474 1239 5531 diminutus
1268 5492 1387 5529 esse
1426 5474 1731 5543 videretur,
1774 5475 2057 5546 persuasi-

418 5567 530 5621 que
564 5551 842 5604 bellorum
877 5555 1135 5621 tempore
1167 5546 1302 5617 jura
1326 5546 1559 5621 _silere,_
1585 5546 1747 5621 bonis
1781 5545 2060 5621 Ecclesia

417 5616 531 5676 non
575 5625 892 5692 parcerent,
928 5616 1074 5692 hanc
1101 5616 1441 5692 decretalem
1474 5617 1766 5692 epistolam
1792 5616 1862 5670 de
1892 5630 2058 5692 accu-

417 5686 725 5747 sationibus
750 5709 811 5746 ac
843 5686 1069 5761 judiciis
1110 5686 1790 5761 episcoporum'pontifex
1823 5686 2061 5741 conscri-

416 5762 548 5818 bere
578 5763 793 5818 debuit.
825 5757 898 5816 Ea
927 5763 989 5818 in
1014 5757 1215 5834 primis
1239 5757 1701 5834 de_causa,_quod
1734 5757 2061 5834 frequenter

420 5834 690 5893 eveniret,
718 5840 783 5887 ut
811 5849 940 5887 cum
966 5828 1219 5904 episcopi
1241 5831 1391 5904 bona
1429 5828 1792 5904 ecclesiarum
1832 5828 1866 5882 a
1905 5828 2058 5904 laicis

424 5908 689 5970 usurpata
707 5898 1055 5970 repetebant,
1086 5898 1257 5970 atdue
1290 5902 1351 5956 in
1378 5916 1546 5956 usum
1572 5898 1880 5970 pristinum
1931 5900 2055 5953 vin-

422 5967 605 6023 dicare
627 5967 943 6040 studebant,
976 5967 1120 6029 inse
1144 5967 1373 6028 illorum
1399 5967 1623 6044 linguas
1663 5973 2054 6043 provocarent,

2159 4742 2410 4799 Charitas
2469 4759 2600 4797 vero
2652 4757 2879 4813 semper
2912 4740 3204 4796 hominem
3250 4738 3483 4793 innovat
3520 4734 3807 4807 (Ejusdem

2160 4843 2296 4893 sent.
2324 4840 2469 4907 273).
2515 4838 2583 4891 Et
2622 4835 2765 4891 sicut
2810 4833 3132 4905 malignitas
3174 4838 3412 4898 veteres,
3454 4830 3532 4885 ita
3571 4828 3802 4883 dilectio

2162 4948 2332 4987 novos
2379 4931 2528 4986 facit.
2582 4930 2745 4985 Fides
2793 4944 3024 4997 eorum,
3070 4925 3169 4998 qui
3217 4927 3396 4981 Deum
3439 4922 3613 4978 visuri
3670 4925 3806 4976 sunt

2161 5027 2441 5098 (Ejusdem
2465 5028 2602 5081 sent.
2635 5023 2779 5094 361),
2813 5023 2967 5095 quod
2998 5037 3116 5076 non
3144 5019 3319 5089 videt,
3347 5017 3544 5073 credit.
3587 5017 3732 5071 Nam
3757 5015 3804 5069 si

2160 5120 2332 5187 videt,
2378 5135 2493 5174 non
2536 5120 2621 5173 est
2662 5116 2821 5172 ﬁdes.
2868 5115 3134 5172 Credenti
3172 5112 3460 5184 colligitur
3502 5110 3801 5180 meritum,

2159 5213 2370 5270 videnti
2399 5212 2656 5269 redditur
2684 5209 3011 5283 pramium.
3041 5210 3195 5264 Tunc
3219 5207 3534 5280 pretiosum
3561 5204 3804 5277 pastoris

2160 5334 2259 5406 qui
2287 5349 2359 5388 ne
2384 5333 2539 5406 quod
2576 5332 2926 5406 abstulerant
2963 5330 3293 5406 redderent,
3334 5324 3657 5406 criminosis
3692 5322 3804 5406 pri-

2158 5395 2321 5461 mum
2345 5395 2603 5459 omnium
2627 5403 2923 5475 episcopos,
2938 5398 3383 5475 accusationibus
3427 5395 3798 5467 impetebant.

2161 5479 2377 5547 (Baron.
2402 5491 2544 5531 anno
2573 5473 2696 5543 582,
2726 5473 2875 5547 num.
2903 5473 2980 5547 8.)

2229 5548 2257 5588 δ
2286 5548 2415 5602 Hac
2445 5561 2670 5618 quoque
2694 5543 3012 5599 adulterina
3039 5544 3144 5618 est.

2229 5630 2253 5658 ο
2289 5620 2428 5682 Qua
2462 5608 2804 5688 sequuntur
2826 5628 3006 5685 usque
3057 5612 3128 5666 ad
3157 5609 3436 5688 Agrosperi
3480 5608 3799 5688 sententias

2160 5706 2227 5743 ex
2250 5679 2578 5744 adulterinis
2620 5679 2980 5757 imperiorum
3033 5679 3365 5753 pontiﬁcum
3405 5697 3434 5735 e.
3478 5680 3656 5734 istolis
3698 5679 3795 5733 de-

2160 5764 2382 5815 sumpta
2420 5762 2552 5812 sunt
2577 5757 2647 5811 ab
2677 5757 2871 5815 inepto
2919 5753 3388 5808 consarcinatore.
3436 5697 3619 5815 Suam
3663 5765 3795 5805 vero

2158 5764 2382 5830 sumpta
2420 5762 2552 5812 sunt
2577 5757 2647 5811 ab
2677 5756 2871 5827 inepto
2919 5756 3388 5808 consarcinatore.
3436 5756 3619 5815 Quam
3663 5765 3796 5805 vero

2158 5828 2444 5885 dissimilis
2474 5828 2602 5883 ﬂuis
2627 5828 2798 5897 hujus
2827 5824 3079 5898 epistola
3106 5841 3140 5878 a
3166 5820 3464 5897 principio!

2228 5901 2254 5941 ἀ
2284 5900 2520 5973 Reliqua
2546 5899 2753 5955 absunt
2769 5914 2804 5954 a
2827 5898 2889 5954 C.
2916 5897 3056 5952 Just.
