4016 6240
204 366 309 422 757

1707 372 2059 435 APPENDIX.

3468 385 3572 451 758

204 469 485 573 diadema
513 478 605 573 est
628 473 927 549 (Ennodius
1030 477 1160 535 dict.
1182 481 1346 552 incip.
1376 482 1581 553 opim),
1610 484 1843 556 quando
1864 498 1923 573 Α
1946 491 2118 561 ditur,
2149 493 2244 548 ubi
2292 509 2573 567 supernus
2608 496 2769 554 favor
2797 502 3030 571 praestat
3055 501 3375 559 exordium.
3418 502 3571 559 Deus

207 567 468 668 suasioni
489 569 616 640 ejus
635 586 779 642 grex
790 572 1222 642 ecclesiastin,
1238 574 1376 629 dum
1399 576 1470 630 ad
1491 576 1842 647 probitatem
1864 567 1923 573 ﬂ
1945 588 2546 659 omnipotensindulta
2558 567 3101 663 sempercustodiat,
3117 601 3440 668 augeatque
3453 613 3575 653 suc-

208 662 497 732 graditur,
532 679 651 719 non
677 669 983 736 repugnat.
1003 667 1098 721 Ille
1120 667 1243 722 sine
1263 669 1394 723 fuco
1420 670 1768 725 monitorem
1787 674 1845 725 et

208 755 465 810 veridico
492 772 594 811 ore
621 758 827 829 diligit,
852 758 953 829 qui
970 759 1093 830 ejus
1118 760 1379 817 instituta
1399 765 1665 818 sectatur.
1693 766 1841 819 Prm-

208 849 357 904 bent
385 851 734 919 hominibus,
757 857 973 907 naturae
1004 853 1413 923 institutiones,
1444 862 1501 912 et
1526 857 1846 912 monitare-

211 959 512 1015 sponsum.
547 945 717 999 Redit
728 946 802 1000 ad
818 948 1091 1003 mortales
1115 948 1441 1004 vicissitudo
1458 950 1721 1004 clamosa:
1734 952 1841 1004 sol-

210 1036 546 1106 licitudinis,
562 1039 699 1111 quia
718 1040 1108 1112 unusquisque
1134 1045 1305 1113 prout
1322 1043 1563 1112 gesserit
1582 1043 1839 1116 recipiet.

209 1131 360 1186 Nam
384 1133 554 1202 perit,
589 1134 743 1205 quod
769 1134 983 1206 linguae
1008 1138 1369 1205 acceperunt,
1388 1136 1599 1191 frustra
1625 1136 1842 1191 beneﬁ-

206 1225 369 1279 cium
397 1226 581 1296 (Idem,
605 1230 761 1297 epist.
787 1232 877 1295 22,
906 1229 1000 1283 lib.
1030 1240 1143 1297 vn),
1174 1228 1285 1283 nisi
1303 1228 1564 1301 legitime
1592 1237 1843 1302 emptum

210 1319 391 1373 fuerit
416 1320 736 1391 negotium,
771 1326 827 1375 et
864 1322 1137 1377 canonice
1168 1328 1484 1394 peractum.
1517 1327 1593 1379 De
1638 1324 1846 1379 ﬁducia

211 1412 374 1468 enim
414 1413 664 1483 partium
693 1418 1021 1470 nostrarum
1050 1416 1315 1485 mittitur,
1347 1417 1500 1489 quod
1533 1418 1845 1489 apostolica

212 1506 459 1560 mandat
475 1509 801 1562 auctoritas.
818 1510 927 1562 Vos
944 1511 1345 1565 tantummodo
1358 1512 1627 1582 praesules
1638 1511 1846 1567 Christi

208 1599 634 1671 benignitatem
660 1604 928 1670 vestram,
958 1604 1113 1657 salva
1144 1603 1370 1658 aurium
1398 1604 1845 1675 animorumque

211 1694 485 1765 equitate
518 1695 702 1766 (Idem,
724 1697 855 1751 dict.
884 1696 994 1767 2t),
1026 1699 1084 1751 et
1111 1697 1265 1753 bona
1294 1698 1587 1752 voluntate
1619 1714 1848 1769 semper

214 1791 508 1858 praastate.
528 1790 672 1844 Nam
686 1789 958 1844 adversus
971 1791 1222 1862 impetus
1234 1791 1455 1862 juvare,
1475 1791 1848 1862 peregrinan-

210 1886 336 1935 tem
360 1882 635 1937 reducere
660 1887 788 1953 post
812 1861 1131 1953 intervalla,
1147 1861 1491 1954 estjustitia;
1509 1884 1672 1939 Libat
1690 1883 1846 1939 enim
1866 1861 1923 1933 B

212 1974 460 2030 Domino
512 1992 807 2047 prospera,
859 1977 956 2048 qui
999 1977 1071 2032 ab
1126 1978 1353 2033 afflictis
1404 1977 1563 2049 pellit
1606 1977 1848 2033 adversa

207 2066 393 2135 (Cone.
425 2070 590 2124 Tolet.
619 2085 740 2137 VIII,
768 2086 815 2124 c.
850 2074 919 2141 l).
966 2070 1242 2137 Statutus,
1284 2070 1600 2126 venerandi
1630 2088 1844 2142 praesu-

206 2162 317 2227 les,
352 2161 654 2216 sudoribus
698 2164 914 2217 fructus
959 2168 1072 2231 est,
1106 2180 1236 2218 cum
1273 2164 1492 2235 judicio
1542 2164 1845 2236 purissime

205 2254 567 2322 reddendus,
592 2258 655 2308 ut
680 2255 739 2309 in
771 2259 1016 2327 utroque
1039 2273 1327 2328 congruus
1358 2256 1530 2325 nitor,
1554 2272 1659 2312 nec
1680 2257 1849 2311 susci-

206 2348 475 2419 pientem
502 2348 859 2433 devenustet,
890 2349 934 2403 si
965 2349 1207 2421 indigno
1249 2353 1482 2405 auctore
1520 2350 1851 2421 provenerit

206 2441 323 2511 (Ea:
351 2442 531 2496 eodem
559 2444 822 2505 Ennodio,
853 2444 981 2497 dict.
1010 2442 1133 2512 2t);
1160 2460 1286 2509 nec,
1316 2443 1361 2497 si
1387 2443 1719 2498 conferatur
1748 2443 1849 2497 im-

204 2530 445 2597 merito,
460 2531 709 2586 maculet
720 2531 1180 2603 largientem.Sit
1196 2548 1427 2604 semper
1437 2531 1708 2587 adversus
1724 2549 1849 2603 pra-

204 2639 314 2679 vos
340 2628 397 2678 et
420 2623 649 2695 impios,
685 2628 857 2696 atque
879 2640 1172 2679 servorum
1203 2624 1303 2679 Dei
1334 2629 1747 2696 persecutores,
1780 2626 1845 2680 li-

206 2718 357 2772 bera
383 2733 508 2785 vox,
543 2723 601 2773 et
629 2718 744 2773 oris
787 2718 980 2789 gladio
1009 2718 1292 2773 feriantur
1320 2722 1378 2773 et
1402 2718 1845 2790 redarguantur.

204 2813 642 2881 Persequantur
667 2815 726 2865 et
746 2812 1121 2882 repellantur,
1136 2811 1566 2866 confundantur
1581 2816 1638 2866 et
1653 2812 1850 2866 adver-

206 2907 431 2971 tantur,
463 2921 568 2959 nec
596 2905 847 2959 lmdendi
877 2905 970 2976 pie
990 2905 1243 2959 viventes
1274 2905 1448 2959 ullam
1476 2904 1732 2959 habeant
1759 2906 1846 2959 fa-

205 2998 508 3052 cultatem.
531 2999 880 3069 Plerumque
908 2997 1175 3069 periculis
1190 2999 1360 3069 plena
1385 3002 1518 3053 sunt
1537 2999 1643 3069 (Em
1670 2999 1849 3053 eodem

206 3094 268 3146 in
302 3093 432 3146 Vita
457 3092 688 3147 Antonii
710 3092 1009 3163 monachi);
1062 3108 1191 3163 quae
1226 3091 1494 3146 videntur
1532 3107 1653 3145 esse
1683 3091 1844 3145 tutis-

1944 681 2193 735 cessibus
2243 684 2542 753 profutura
2584 686 2770 757 (Idem,
2808 690 2966 757 epist.
2999 691 3083 756 19,
3126 690 3220 744 lib.
3256 691 3331 760 v).
3363 690 3574 746 Omnia

1944 774 2101 828 enim
2118 778 2305 831 vestra
2326 793 2573 848 semper,
2598 779 2821 847 fratres,
2851 780 2909 833 in
2932 782 3209 837 charitate
3226 783 3370 839 ﬁant
3386 784 3433 856 (I
3451 783 3571 840 Cor.

1944 867 2039 939 vr).
2068 868 2136 921 Et
2167 868 2600 925 detrahentibus
2622 872 2799 927 nolite
2827 873 3131 929 detrahere
3161 878 3439 947 quoniam
3471 878 3572 931 de-

1942 960 2304 1017 trahentibus
2332 964 2634 1019 detrahere
2663 983 2780 1021 non
2808 969 2893 1021 est
2908 968 3149 1035 bonnm,
3165 986 3238 1024 ne
3257 971 3329 1024 ad
3349 987 3418 1025 ea
3443 988 3573 1042 quae

1944 1055 2153 1126 scripta
2184 1060 2335 1123 sunt,
2369 1059 2642 1113 commoti
2692 1060 2932 1115 minime
2973 1067 3265 1117 certamen
3296 1064 3574 1119 faciamus

1949 1147 2256 1216 (Deusdedit
2305 1149 2653 1208 Caralitanus
2704 1156 2929 1209 consult.
2982 1157 3016 1210 4
3060 1172 3202 1211 conc.
3243 1160 3447 1220 Later.,
3475 1174 3567 1213 an.

1945 1243 2087 1311 649).
2111 1244 2235 1297 Non
2263 1244 2541 1300 debemus
2569 1246 2809 1301 omnino
2832 1247 3035 1303 timere
3063 1250 3437 1321 opprobrium
3464 1252 3569 1306 ho-

1948 1336 2194 1403 minum,
2224 1354 2410 1409 neque
2442 1355 2641 1394 eorum
2672 1342 3207 1412 exprobrationibus
3234 1343 3383 1398 vinci
3414 1347 3574 1405 (Mar-

1946 1431 2091 1484 tinus
2115 1432 2142 1485 1
2154 1447 2305 1501 papa
2332 1434 2559 1489 consult.
2583 1437 2613 1488 3
2640 1434 2875 1503 ejusdem
2892 1438 3142 1505 concilii),
3159 1438 3435 1507 quoniam
3461 1438 3572 1493 hoc

1948 1522 2108 1577 nobis
2139 1524 2414 1578 Dominus
2430 1526 2597 1596 jubet
2614 1544 2719 1598 per
2736 1528 2937 1583 Isaiam
2953 1530 3318 1600 prophetam,
3346 1530 3571 1586 dicens:

1946 1616 2149 1670 Audite
2170 1633 2269 1679 me,
2296 1621 2392 1688 qui
2416 1621 2566 1674 scitis
2598 1620 2889 1689 judicium,
2912 1623 3146 1692 populus
3172 1638 3339 1686 meus,
3368 1625 3425 1677 in
3449 1640 3575 1692 quo-

1945 1723 2068 1763 rum
2091 1710 2337 1765 cordibus
2386 1712 2474 1765 lex
2512 1728 2633 1767 mea
2676 1717 2773 1768 est.
2814 1715 2992 1771 Nolite
3018 1716 3202 1770 timere
3227 1716 3573 1786 opprobrium

1946 1802 2239 1866 hominum,
2295 1809 2344 1858 et
2398 1805 2756 1875 blasphemiae
2804 1823 2984 1862 eorum
3031 1824 3096 1863 ne
3143 1810 3377 1864 timeatis
3430 1809 3577 1877 (Isai.

1947 1897 2038 1966 1.1),
2070 1895 2500 1952 considerantes
2546 1898 2702 1968 quod
2753 1898 2812 1953 in
2854 1901 3076 1970 psalmo
3128 1901 3402 1972 scriptum
3453 1907 3575 1957 est:

1946 1994 2133 2048 Nonne
2176 1994 2310 2046 Deus
2356 1994 2593 2060 requiret
2640 1995 2748 2046 ista
2771 1994 2799 2045 ?
2838 1995 2955 2062 ipse
2997 1996 3140 2048 enim
3179 1998 3330 2049 novit
3376 1997 3581 2051 occulta

1946 2085 2143 2146 cordis,
2167 2088 2218 2138 et
2240 2086 2583 2152 cogitationes
2617 2085 2810 2139 talium
2829 2087 3120 2149 hominum,
3151 2090 3407 2156 quoniam
3434 2104 3582 2144 vana

1945 2182 2090 2232 sunt.
2128 2180 2286 2234 Vana
2312 2180 2492 2231 autem
2518 2178 2721 2233 locutus
2758 2182 2835 2233 est
2877 2182 3241 2249 unusquisque
3265 2181 3340 2235 ad
3379 2184 3575 2251 promi-

1946 2286 2091 2325 mum
2117 2285 2273 2325 suum
2305 2288 2321 2323 :
2344 2270 2493 2325 labia
2521 2270 2726 2333 dolosa,
2755 2273 2815 2325 in
2842 2273 2998 2326 corde
3024 2277 3073 2326 et
3097 2273 3252 2327 corde
3280 2274 3443 2328 locuti
3452 2278 3581 2329 sunt

1946 2365 2115 2418 mala.
2146 2364 2251 2421 Sed
2275 2364 2556 2434 disperdat
2584 2366 2840 2419 Dominus
2860 2367 3114 2419 universa
3142 2366 3291 2420 labia
3310 2366 3514 2431 dolosa,
3530 2371 3582 2423 et

1949 2457 2194 2526 linguam
2239 2458 2664 2525 magniloquam.
2712 2459 2819 2524 Qui
2842 2458 3135 2513 direrunt:
3190 2461 3457 2528 Linguam
3492 2476 3583 2516 no—

1946 2554 2116 2604 stram
2136 2550 2617 2618 magniﬁcabimus,
2665 2550 2814 2604 labia
2842 2556 3028 2605 nostra
3052 2567 3087 2605 a
3110 2552 3261 2606 nobis
3282 2556 3426 2616 sunt,
3457 2556 3580 2623 quis

1946 2647 2125 2697 noster
2172 2645 2426 2697 Dominus
2469 2648 2548 2697 est
2599 2644 2613 2711 (
2639 2644 2844 2698 Psalm.
2918 2660 3096 2710 XLIII;
3149 2646 3349 2715 psalm.
3404 2661 3576 2713 xcm;

1943 2737 2141 2806 psalm.
2175 2735 2248 2806 x1)
2272 2735 2301 2789 ‘?
2319 2721 2463 2790 Nam
2484 2735 2526 2789 si
2552 2736 2672 2789 haec
2699 2735 2757 2789 in
2787 2736 3074 2791 memoria
3101 2737 3439 2805 retinerent,
3468 2739 3576 2793 mi-

1948 2829 2106 2883 nime
2128 2828 2203 2883 ad
2233 2832 2457 2883 tantam
2484 2828 2815 2899 prosilirent
2839 2829 3224 2900 iniquitatem.
3266 2832 3389 2884 Non
3421 2831 3580 2886 enim

1948 2938 2054 2991 per
2081 2921 2439 2992 probabilem
2468 2925 2525 2975 et
2546 2925 2848 2993 paternam
2872 2921 3195 2977 doctrinam
3217 2923 3325 2977 hoc
3342 2923 3577 2991 faciunt,

1949 3015 2051 3069 sed
2094 3018 2157 3068 ut
2200 3031 2363 3069 suam
2424 3020 2725 3069 exerceant
2775 3015 2833 3069 in
2878 3031 3071 3070 servos
3121 3016 3221 3070 Dei
3264 3017 3580 3072 vindictam

1951 3110 2133 3178 (Idem,
2186 3111 2352 3164 Mart.
2401 3109 2580 3175 ibid).
2638 3107 2927 3180 Scriptum
2975 3114 3061 3164 est
3105 3126 3357 3180 namque
3400 3126 3413 3163 :
3475 3113 3583 3166 Via

206 3183 383 3239 sima.
411 3183 570 3251 Vide,
596 3185 827 3255 quantis
851 3185 1118 3239 laborent
1147 3186 1287 3239 tales
1312 3183 1563 3239 insidiis:
1593 3183 1725 3239 ideo
1755 3184 1848 3238 ab-

206 3277 536 3303 ---‘Jlanm
572 3294 822 3303 -....-_.._
866 3279 993 3303 ιε-,.ι
1046 3278 1192 3303 ..αλ-Ἰ
1238 3277 1497 3303 -.-Δί-..--
1556 3280 1671 3303 1......
1701 3277 1815 3303 1-1..

1951 3203 2104 3257 stulti
2122 3206 2266 3257 recta
2288 3204 2348 3255 in
2376 3203 2540 3256 oculis
2563 3203 2679 3270 ejus
2731 3203 2905 3269 (Prov.
2926 3204 3042 3266 x11).
3073 3204 3171 3257 Et:
3193 3204 3329 3260 Sunt
3344 3205 3447 3258 viae
3463 3219 3583 3273 quae

204 3277 541 3332 sconditum
569 3294 692 3332 esse
710 3295 827 3332 non
866 3279 1017 3346 licet,
1042 3278 1197 3350 quod
1234 3277 1520 3333 audimus.
1549 3280 1675 3333 lam
1701 3277 1843 3332 late-

203 3372 311 3425 bat
336 3375 530 3426 nostra
560 3372 881 3442 persecutio
933 3371 1276 3427 manifesta:
1310 3370 1707 3425 misericordia
1740 3374 1845 3439 est,

204 3464 363 3519 circa
405 3470 801 3535 persecutores
827 3471 885 3521 et
914 3465 1269 3520 facinorosos
1294 3468 1519 3520 servata
1548 3465 1843 3520 districtio.

204 3559 364 3627 Ergo
391 3558 582 3629 sopori
608 3558 865 3630 quietem
897 3558 1164 3615 tribuite:
1198 3558 1514 3614 mlestium
1539 3557 1844 3613 mandato-

205 3667 348 3705 rum
373 3652 599 3706 hostem
627 3668 857 3723 quoque
874 3650 1161 3723 depellite,
1186 3669 1258 3705 ne
1277 3651 1523 3706 candida
1543 3667 1844 3705 conversa-

207 3744 294 3799 tio
314 3744 604 3799 vobiscum
625 3744 1013 3800 habitantium
1042 3745 1200 3799 fusca
1226 3744 1683 3816 supervenientis
1708 3760 1843 3799 con-

202 3838 448 3908 tagione
478 3838 738 3893 violetur.
770 3840 915 3893 Ante
939 3838 1096 3892 enim
1119 3838 1477 3909 providenda
1499 3840 1634 3892 sunt
1657 3853 1845 3892 reme-

202 3931 327 3998 dia,
355 3948 532 4002 quam
582 3931 821 3986 morbus
871 3932 1168 3986 increscat.
1221 3932 1562 3987 Sanctorum
1618 3947 1847 4002 quoque

202 4024 609 4095 apostolorum
653 4030 712 4079 et
763 4025 1121 4095 reliquorum
1171 4025 1532 4079 sacerdotum
1583 4028 1849 4095 petamus

202 4118 548 4183 exercitum,
580 4121 639 4172 et
662 4117 1071 4188 praedictorum
1106 4120 1538 4189 persecutorum
1563 4133 1666 4172 ora
1693 4118 1844 4171 clau-

201 4213 435 4267 damus.
466 4210 667 4266 Seeculi
712 4211 1070 4266 conversatio
1119 4212 1315 4283 legum
1358 4214 1516 4266 metu
1570 4209 1851 4265 retinetur

204 4305 399 4374 (Idem,
426 4307 583 4374 epist.
611 4307 696 4372 13,
726 4305 764 4359 ι.
792 4304 880 4375 v):
927 4304 1311 4360 ecclesiastica
1341 4320 1569 4376 quoque
1592 4302 1851 4359 custodia

204 4399 549 4468 regularum
580 4397 758 4452 frenis
787 4402 1046 4452 servatur
1071 4402 1130 4453 et
1154 4398 1391 4469 regitur.
1441 4398 1607 4464 Deus,
1633 4397 1847 4452 charis-

206 4491 378 4555 sime,
412 4507 646 4562 semper
672 4492 869 4562 procul
907 4494 1128 4546 avertat
1172 4490 1446 4546 invidiam
1477 4491 1664 4563 (Idem,
1691 4494 1847 4561 epist.

1944 3296 2197 3350 videntur
2216 3296 2420 3350 homini
2437 3295 2623 3364 justz,
2649 3298 2940 3350 novissima
2981 3300 3162 3350 autem
3198 3311 3383 3350 earum
3408 3297 3580 3352 dedu-

1946 3394 2073 3445 cunt
2096 3390 2170 3443 ad
2188 3393 2409 3443 mortem
2431 3388 2609 3457 (Prov.
2640 3389 2772 3457 xxv).
2822 3390 2934 3443 Nos
2969 3390 3129 3443 enim
3155 3389 3255 3459 qui
3281 3390 3403 3443 haec
3430 3390 3579 3460 pati-

1946 3498 2095 3550 mur,
2118 3481 2337 3552 judicio
2363 3481 2460 3536 Dei
2483 3482 2605 3536 haec
2627 3497 2919 3536 reservare
2944 3482 3240 3550 debemus,
3262 3483 3359 3553 qui
3378 3483 3584 3538 reddet

1947 3575 2256 3645 unicuique
2277 3575 2439 3645 juxta
2460 3591 2637 3645 opera
2658 3592 2760 3629 sua
2790 3575 3005 3645 (Matth.
3022 3576 3153 3643 xvx).
3173 3576 3275 3639 Qui
3292 3576 3465 3630 etiam
3478 3592 3582 3646 per

1946 3668 2240 3722 ministros
2265 3684 2397 3722 suos
2423 3668 2694 3733 intonuit,
2728 3668 2952 3722 dicens:
2975 3668 3109 3722 Mihi
3128 3668 3441 3722 vindictam
3470 3685 3580 3739 ego

1947 3762 2263 3816 retribuam
2287 3761 2455 3831 (Rom.
2478 3764 2591 3829 xu).
2616 3762 2725 3815 Vos
2742 3761 2899 3814 enim
2922 3761 2981 3814 in
3009 3764 3167 3815 recta
3188 3760 3300 3814 ﬁde
3329 3777 3394 3815 ac
3415 3778 3579 3831 pura,

1947 3854 2005 3909 in
2033 3855 2188 3909 bona
2211 3855 2504 3909 voluntate
2546 3853 2857 3908 succurrite
2881 3853 3153 3919 vicissim,
3182 3870 3287 3908 nec
3312 3854 3518 3924 aliquis
3548 3870 3583 3909 a

1948 3948 2349 4019 supplemento
2375 3947 2566 4001 fratris
2594 3946 2895 4001 subtrahat
2919 3963 3190 4001 manum:
3221 3946 3497 4018 quoniam
3522 3950 3583 4001 in

1948 4043 2044 4095 hoc
2088 4040 2189 4111 (ait
2211 4040 2503 4107 Dominus)
2556 4044 2866 4110 cognoscent
2918 4055 3114 4104 omnes,
3148 4042 3281 4111 quia
3325 4042 3432 4094 mei
3453 4042 3581 4094 estis

1947 4135 2224 4205 discipuli,
2252 4135 2301 4188 si
2325 4135 2660 4189 dilectionem
2684 4134 2981 4189 habueritis
3030 4135 3106 4189 ad
3152 4136 3381 4189 invicem
3409 4134 3581 4203 (Joan.

1948 4227 2085 4297 xm).
2118 4230 2261 4282 Data
2288 4226 2561 4282 Kalendis
2599 4226 2928 4281 Decembris
2959 4226 3273 4283 indictione
3304 4230 3368 4282 15
3409 4224 3584 4298 (Anno

1947 4324 2165 4377 Domini
2193 4320 2334 4392 582).

2423 4409 2755 4464 EPISTOLA
2801 4408 2963 4480 [Olim
2999 4411 3083 4479 ιχ]

2217 4518 2285 4555 AD
2318 4517 2600 4557 EPISCOPOS
2626 4518 2912 4557 GERMANIJE
2938 4519 3000 4555 ET
3020 4513 3044 4542 ⁸
3068 4518 3293 4556 GALLIS.

211 4585 277 4639 14
297 4584 538 4653 ﬁlatim
575 4584 744 4655 m""il-
774 4586 884 4639 V03
913 4600 1053 4655 01‘80
1074 4584 1385 4640 armamini
1411 4584 1585 4655 (illita
1603 4586 1846 4655 Αροεῐο-
1869 4595 1928 4666 D
1951 4596 2521 4665 Novempraefationes,
2542 4597 2683 4650 inter
2706 4598 2998 4649 missarum
3019 4596 3275 4649 solemnia
3300 4595 3585 4650 decantan-

206 4678 346 4745 lum)
378 4676 572 4748 gladio
598 4677 851 4748 spiritus,
897 4677 1052 4748 quod
1080 4681 1168 4732 est
1207 4677 1445 4733 verbum
1472 4677 1595 4745 Dei,
1624 4682 1683 4732 et
1710 4694 1847 4748 apo-

205 4769 427 4825 stolica’.
472 4771 828 4825 auctoritatis
876 4772 1077 4842 clypeo
1111 4772 1321 4841 (Ephes.
1364 4773 1461 4837 v1),
1495 4776 1559 4825 ut
1587 4770 1849 4825 ecclesia-

206 4863 367 4919 stica:
398 4862 769 4918 fecunditatis
783 4863 916 4934 jura
944 4864 1103 4918 nulla
1133 4863 1414 4919 saevientis
1444 4864 1705 4935 procellis
1729 4880 1854 4935 pos-

207 4957 329 5011 sint
346 4956 696 5027 impulsione
726 4957 979 5013 subverti
1004 4956 1191 5027 (Idem,
1210 4958 1388 5027 ibid.).
1408 4958 1572 5012 Nullo
1594 4972 1854 5028 unquam

208 5044 548 5117 prmjudicio
570 5049 806 5116 gravate
821 5062 1199 5117 quemquam,
1218 5046 1322 5101 sed
1341 5045 1604 5117 inspicite
1626 5062 1857 5117 semper

212 5154 347 5209 quae
376 5138 709 5208 regularum
742 5139 1073 5194 testimonio
1120 5140 1504 5194 declarantur.
1559 5140 1852 5209 Superest,

211 5233 401 5287 salute
422 5231 676 5301 praelata,
706 5236 769 5286 ut
789 5231 864 5286 ad
891 5232 1101 5303 gaudia
1124 5249 1356 5304 semper
1373 5233 1620 5287 fratrum
1651 5216 1855 5286 devote

195 5300 563 5397 .properetis,
591 5324 726 5395 quia
775 5300 969 5379 divina
1016 5300 1299 5381 beneficia
1331 5325 1603 5397 gradibus
1630 5341 1859 5396 semper

214 5417 525 5484 accedunt,
554 5422 613 5472 et
642 5418 850 5488 quibus
876 5419 1030 5473 bona
1061 5420 1384 5485 conferunt,
1418 5418 1663 5473 meliora
1690 5418 1853 5489 polli-

214 5516 444 5566 centur.
479 5510 724 5582 Semper
753 5512 910 5566 enim
931 5511 1301 5567 incrementis
1322 5512 1395 5566 ad
1412 5513 1642 5567 culmen
1667 5528 1860 5566 ascen-

294 5696 319 5765 :
350 5682 547 5765 ljeque
574 5681 698 5765 haec
822 5682 1020 5737 lsidori
1044 5685 1188 5765 style
1216 5683 1520 5765 discrepat.

293 5751 323 5791 δ
350 5754 429 5808 De
454 5751 896 5823 praefationibus
935 5751 1255 5808 meminere
1294 5751 1599 5808 concilium
1628 5752 1858 5808 Milevit.

222 5841 353 5904 cap:
404 5823 1213 5904 12ηθιΑἰιςὶεᾶηιιηὶρερλ7ς).
1251 5826 1474 5904 Earum
1520 5840 1753 5904 novem,
1788 5823 1859 5904 de

226 5893 436 5968 quibus
456 5893 568 5964 hic,
588 5899 788 5950 auctor
798 5893 1061 5967 proditur
1080 5896 1333 5953 Gelasius
1349 5895 1494 5952 libro
1520 5894 1857 5951 Pontiﬁcali.

2294 4666 2398 4727 ἀπ,
2425 4681 2459 4719 a
2482 4668 2724 4721 Romana
2743 4667 2977 4720 Ecclesia
2996 4667 3164 4735 recipi
3189 4670 3235 4719 b.

2022 4760 2287 4832 Pelagius
2338 4761 2616 4817 Romanas
2668 4762 2918 4817 ecclesiae
2944 4765 3002 4817 et
3048 4763 3377 4834 apostolicae
3434 4763 3585 4819 sedis

1954 4856 2254 4928 episc0pus
2284 4853 2561 4908 universis
2592 4855 3033 4911 Germaniarum
3070 4873 3136 4912 ac
3162 4857 3470 4912 Galliarum
3500 4874 3586 4913 re-

1955 4950 2195 5021 gionum
2233 4946 2513 5019 episcopis
2545 4949 2616 5015 (S.
2648 4951 2748 5004 Leo
2774 4952 2938 5019 epist.
2960 4951 3069 5021 88).

2027 5043 2169 5098 Cum
2194 5040 2251 5095 in
2268 5040 2371 5095 Dei
2398 5039 2634 5095 nomine
2654 5040 2711 5094 iu
2739 5040 3000 5097 Romana
3028 5044 3276 5099 Ecclesia
3302 5044 3586 5114 synodum

1956 5135 2358 5207 episcoporum
2372 5133 2486 5188 sive
2504 5137 2846 5189 coeterorum
2856 5137 3264 5191 consacerdotu
3272 5153 3328 5190 m
3342 5136 3440 5192 Dei
3452 5137 3589 5191 iide-

1955 5228 2096 5286 lium
2122 5232 2538 5299 congregatam
2560 5226 2975 5295 habuissemus,
3009 5234 3067 5284 et
3094 5229 3164 5282 de
3197 5228 3588 5284 ecclesiasticis

1958 5322 2200 5389 statutis,
2236 5326 2297 5376 ut
2321 5324 2455 5377 sunt
2483 5322 2554 5377 ab
2581 5320 2851 5393 apostolis
2877 5324 2935 5375 et
2960 5322 3169 5376 sanctis
3199 5322 3459 5376 Patribus
3478 5325 3599 5380 tra-.

1959 5415 2097 5483 dita,
2127 5415 2459 5486 diligentius
2510 5419 2926 5481 tractaremus;
2970 5431 3350 5486 supervenere
3383 5414 3586 5477 litterae

1956 5514 2177 5578 vestrm,
2212 5514 2270 5564 et
2295 5513 2360 5564 ut
2384 5525 2614 5581 magnas
2636 5511 2828 5564 essent
2854 5507 3224 5576 auctoritatis,
3248 5508 3422 5562 etiam
3450 5507 3589 5562 vivas

1960 5662 2256 5717 Decimam
2286 5662 2358 5735 de
2377 5662 2787 5734 beataVirgine
2809 5660 2989 5717 edidit
3008 5660 3270 5717 Urbanus
3294 5663 3360 5727 Il,
3381 5660 3438 5714 in
3458 5676 3592 5713 con-

1961 5742 2090 5796 cilio
2110 5744 2412 5798 Placentiae
2441 5744 2657 5810 habito,
2687 5745 2748 5797 ut
2777 5742 2856 5797 ait
2885 5742 3186 5798 Gratianus
3216 5742 3289 5796 ad
3331 5741 3385 5794 d.
3417 5742 3503 5803 ‘70,
3533 5744 3591 5795 et

1962 5824 2077 5880 alii.
2110 5828 2234 5881 Ssv.
2270 5827 2386 5882 BIN.
