4016 6240
501 390 602 466 759

497 510 666 549 voces
693 493 1127 564 praecesserunt,
1155 491 1447 559 rogantes,
1465 490 1528 540 ut
1552 486 1814 542 ordinem
1842 484 2134 556 praefatio-

502 604 666 655 num,
699 602 872 658 quem
893 588 1090 639 sancta
1114 584 1376 637 Romana
1388 580 1638 634 Ecclesia
1663 580 1940 633 hactenus
1953 578 2127 633 habe-

499 685 608 747 ret,
650 680 859 736 nostris
907 678 1104 732 litteris
1134 674 1290 729 vobis
1341 673 1840 727 remandaremus.
1874 673 2028 726 Tunc
2060 673 2129 726 de

499 777 688 830 vestra
714 774 1004 827 voluntate
1036 774 1092 823 et
1117 767 1302 822 studio
1343 771 1464 821 tam
1492 767 1645 821 bono
1677 767 1924 820 multum
1952 766 2131 837 gavisi

502 885 716 934 sumus,
739 872 1032 919 etsacrum
1057 862 1318 916 ordinem
1337 861 1684 927 Romanum,
1707 876 1980 939 sacraque
2001 877 2131 914 con-

501 963 697 1016 stituta
729 963 1053 1012 nostrorum
1075 958 1499 1009 antecessorum
1521 941 1762 1008 solerter
1782 955 2128 1024 relegentes,

500 1053 826 1110 invenimus
843 1051 944 1103 has
967 1066 1173 1104 novem
1197 1048 1564 1119 praefationes
1591 1047 1650 1100 in
1678 1063 1838 1101 sacro
1868 1048 2130 1116 catalogo

501 1144 901 1202 tantummodo
924 1143 1299 1214 recipiendas,
1316 1159 1458 1213 quas
1484 1143 1659 1212 longa
1679 1145 1832 1194 retro
1852 1140 2129 1195 veritasin

1285 380 1580 435 SANCTUS
1617 377 1973 443 AUNARIUS,
2014 374 2644 433 ANTISSIODORENSIS
2681 375 3060 432 EPISCOPUS.

3775 384 3879 435 760

2234 483 2499 537 Romana
2526 483 2776 536 Ecclesia
2801 483 3080 536 hactenus
3107 482 3383 539 servavit:
3434 501 3613 540 unam
3640 485 3701 540 in
3721 487 3880 542 Albis

2233 576 2616 647 paschalibus,
2651 576 2819 632 aliam
2864 575 2932 629 de
2960 576 3305 632 Ascensione
3349 578 3600 645 Domini,
3641 580 3878 635 tertiam

2233 669 2304 723 de
2334 671 2690 734 Pentecoste,
2722 674 2989 739 quartam
3018 668 3088 722 de
3115 670 3300 724 Natali
3326 671 3579 737 Domini,
3605 673 3879 742 quintam

2234 762 2303 816 de
2322 763 2679 834 apparitione
2710 763 2963 830 Domini,
2996 766 3221 818 sextam
3268 764 3337 818 de
3367 765 3664 836 apostolis,
3698 767 3876 837 septi-

2233 871 2391 910 mam
2423 855 2493 909 de
2522 859 2717 909 sancta
2742 856 3038 923 Trinitate,
3065 860 3325 911 octavam
3347 858 3417 912 de
3435 875 3624 926 cruce,
3652 876 3877 914 nonam

2233 949 2289 1002 in
2306 949 2529 1020 jejunio
2559 953 2616 1003 et
2637 949 3095 1020 Quadragesima
3111 952 3514 1007 tantummodo
3539 952 3874 1008 dicendam.

2232 1043 2342 1097 Has
2369 1044 2738 1113 prmfationes
2751 1047 2910 1098 tenet
2939 1049 2995 1098 et
3015 1045 3262 1100 custodit
3278 1050 3473 1100 sancta
3493 1047 3766 1102 Romana
3777 1049 3879 1103 Ec-

2231 1141 2421 1195 clesia.
2455 1142 2565 1197 Has
2591 1141 2873 1197 tenendas
2905 1142 3063 1196 vobis
3092 1143 3457 1198 mandamus.

561 1273 900 1333 Oasaavnro.
930 1271 1200 1333 Lector-em
1223 1267 1309 1333 llic
1341 1280 1555 1316 monere
1572 1266 1738 1329 juvat,
1763 1269 1913 1316 notas
1937 1279 2051 1329 quas
2085 1264 2275 1328 Pelagii
2305 1266 2346 1313 ll
2375 1266 2626 1329 Opuscula
2656 1267 2914 1316 illustrant
2939 1266 3158 1317 Labbaao
3188 1281 3300 1317 esse
3327 1268 3633 1319 tribuendas
3665 1269 3878 1333 quoties

498 1335 644 1385 nullo
671 1332 885 1381 nomine
914 1331 1199 1395 signantur.
1232 1330 1376 1379 Enl'r.

1910 1551 2118 1594 EODEM
2161 1551 2284 1594 TEM
2292 1549 2469 1594 PORE.

886 1663 1941 1867 SANCTUS
2130 1662 3464 1889 AUNARIUS,

1120 1951 1850 2061 EPISCOPUS
1927 1947 3247 2062 AUTISSIODORENSIS.

1421 2244 1756 2372 N0llTll
1840 2243 1950 2369 EX
2031 2198 2328 2369 Glltll
2420 2240 2936 2369 cnmsmn.

567 2545 982 2612 Aunacharius,
1014 2544 1112 2614 qui
1131 2550 1187 2599 et
1201 2561 1304 2615 per
1329 2560 1640 2616 syncopem
1661 2543 1964 2611 Aunarius,
1980 2543 2129 2597 ﬁlius
2148 2554 2204 2626 B
2230 2539 2675 2595 celebrarentur.
2705 2539 2782 2592 Ex
2808 2538 3016 2610 quibus
3045 2538 3177 2592 satis
3205 2541 3448 2609 apparet
3473 2540 3606 2592 tunc
3629 2535 3868 2607 majoris

495 2638 876 2695 eratPastoris
893 2641 950 2691 et
977 2638 1642 2709 Ragnoaraa,germanus
1669 2640 1862 2692 autem
1875 2637 2128 2691 Austrini
2229 2633 2479 2688 ecclesiae
2502 2634 2716 2687 clerum
2753 2649 2868 2686 non
2900 2631 3218 2686 admodum
3267 2632 3637 2700 frequentem
3667 2630 3862 2683 fuisse.

496 2733 749 2804 episcopi
773 2731 1202 2785 Aurelianensis
1229 2735 1284 2786 et
1310 2731 1707 2802 Austregildis,
1733 2731 1932 2786 matris
1949 2731 2128 2785 sancti

495 2825 637 2896 Lupi
668 2824 1017 2879 Senonensis
1046 2825 1332 2892 antistitis,
1363 2828 1425 2878 ut
1449 2841 1515 2877 ex
1545 2825 1803 2895 ejusdem
1823 2825 1965 2895 Lupi
2002 2823 2128 2878 Vita

495 2919 784 2974 discimus.
816 2919 974 2972 Hunc
995 2919 1307 2988 aliquando
1328 2919 1680 2973 monachum
1694 2918 1866 2972 fuisse
1881 2918 2122 2972 etabba-

492 3018 613 3068 tem
640 3011 834 3067 Sancti
861 3011 1132 3066 Germani
1161 3012 1372 3082 vulgati
1411 3011 1627 3065 indices
1681 3016 1960 3078 asserunt,
1990 3010 2127 3081 quia

493 3107 642 3162 forte
670 3104 996 3160 coenobium
1026 3105 1747 3159 SanctiGermanivocatur
1773 3105 1894 3175 ejus
1919 3121 2122 3158 mona-

491 3199 728 3254 sterium
748 3199 807 3252 in
834 3199 986 3251 Actis
1012 3197 1194 3251 sancti
1221 3198 1501 3265 Walariei,
1533 3215 1632 3252 seu
1653 3197 2121 3269 quia,exHerico,

493 3293 681 3347 sancti
706 3290 978 3347 Germani
1009 3291 1306 3345 basilicam
1343 3291 1662 3361 magniﬁcis
1710 3291 1937 3362 prazdiis
1965 3292 2120 3346 locu-

491 3386 748 3458 pletavit.
779 3386 923 3438 Nam
955 3384 1162 3439 eodem
1191 3388 1422 3438 auctore
1473 3385 1688 3455 primos
1720 3383 2123 3440 adolescentiae

493 3495 679 3535 annos
711 3479 770 3532 in
810 3479 943 3532 aula
973 3478 1315 3532 Guntramni
1351 3478 1504 3549 regis
1533 3479 1739 3549 exegit,
1777 3495 1888 3549 quo
1925 3479 2122 3533 relicto

492 3571 938 3644 postpositisque
977 3571 1309 3642 parentibus
1348 3573 1602 3626 Turones
1639 3572 1881 3643 aufugit,
1914 3571 2008 3625 ubi
2052 3573 2125 3627 ad

492 3667 821 3736 sepulcrum
872 3665 1050 3718 sancti
1099 3665 1344 3732 Martini,
1401 3682 1566 3720 coma
1610 3665 1810 3736 capitis
1843 3647 2120 3734 'detonsa,

491 3759 740 3815 clericali
771 3760 1106 3813 saecularem
1164 3763 1378 3813 vestem
1426 3759 1685 3813 mutavit.
1718 3761 1858 3813 Tum
1899 3760 1971 3813 ad
1999 3760 2120 3815 Sia-

491 3855 684 3926 grium
703 3853 1284 3924 Augustodunensem
1312 3852 1643 3924 episcopum
1664 3852 1963 3920 adductus,
1995 3857 2119 3907 tan-

2226 2728 2424 2780 Tribus
2449 2726 2776 2797 subscripsit
2793 2725 3048 2779 conciliis
3062 2725 3475 2790 Aunacharius,
3491 2723 3794 2778 Parisiensi
3815 2740 3868 2776 ιν

2227 2837 2381 2874 anno
2427 2823 2525 2874 573
2567 2824 2624 2872 et
2648 2818 3156 2873 Matisconensibus
3193 2818 3415 2872 duobus
3446 2817 3614 2871 annis
3662 2819 3763 2872 583
3803 2819 3866 2870 et

2229 2916 2348 2979 585,
2366 2918 2423 2966 et
2449 2912 2955 2982 Augustodunensi
2973 2928 3066 2966 an.
3087 2914 3209 2979 589,
3239 2912 3398 2981 cujus
3419 2927 3548 2964 cum
3578 2910 3864 2980 episcopis

2226 3005 2450 3076 scripsit
2470 3006 2544 3060 ad
2573 3005 3008 3076 Gundegilisum
3033 3005 3522 3075 Burdegalensem
3556 3004 3870 3074 epistolam

2227 3117 2354 3170 quae
2393 3100 2641 3153 refertur
2668 3117 2701 3153 a
2733 3099 3009 3169 Gregorio
3054 3098 3372 3154 Turonensi
3397 3097 3497 3152 lib.
3528 3115 3602 3166 Ix,
3637 3114 3765 3168 cap.
3799 3099 3862 3152 41

2229 3201 2393 3266 (Tom.
2445 3198 2646 3253 Patrol.
2698 3199 2888 3264 LXXI,
2941 3198 3038 3251 col.
3089 3199 3189 3250 5l0
3225 3201 3276 3251 et
3319 3198 3507 3266 seqq.).
3563 3196 3873 3266 Synodum

2224 3291 2346 3362 ipse
2360 3290 2625 3344 habuitin
2646 3289 2785 3344 urbe
2814 3307 2914 3345 sua
2935 3306 3065 3344 cum
3087 3289 3345 3344 dioecesis
3367 3289 3691 3354 abbatibus,
3706 3307 3874 3360 pres-

2223 3383 2438 3453 byteris
2459 3387 2516 3437 et
2541 3383 2794 3438 diaconis
2814 3383 2872 3437 in
2901 3400 3013 3454 qua
3040 3381 3424 3452 plurimiediti
3453 3385 3586 3435 sunt
3607 3399 3872 3438 canones

2225 3477 2283 3530 in
2297 3477 2503 3546 quibus
2516 3477 2697 3530 multa
2708 3480 2841 3530 sunt
2854 3475 3252 3530 observatione
3267 3475 3461 3545 digna.
3479 3476 3616 3529 Duas
3636 3479 3874 3530 exstant

2224 3570 2440 3640 Pelagii
2459 3585 2625 3639 papae
2644 3569 2718 3624 ad
2746 3569 3175 3623 Aunacharium
3205 3567 3481 3639 epistolae,
3506 3569 3606 3639 qui
3632 3568 3705 3622 ab
3737 3569 3866 3640 ipso

2225 3662 2561 3729 sanctuaria,
2590 3661 2649 3716 id
2699 3665 2784 3716 est
2818 3661 3072 3717 brandea
3101 3678 3200 3715 seu
3253 3677 3476 3732 pannos
3505 3678 3572 3715 ex
3619 3663 3864 3716 tumulis

2226 3756 2617 3826 apostolorum
2659 3755 2904 3826 petierat
2930 3772 3031 3825 pro
3080 3754 3240 3808 novis
3287 3755 3536 3808 ecclesiis
3573 3772 3699 3825 qua:
3731 3760 3861 3810 tum

2223 3850 2544 3918 complures
2573 3849 2633 3902 in
2659 3849 2747 3903 his
2788 3849 3045 3919 partibus
3093 3848 3593 3903 construebantur.
3633 3849 3864 3904 Petenti

491 3951 613 4001 tum
648 3946 799 4017 apud
827 3962 961 3998 eum
991 3945 1313 4000 eruditione
1343 3949 1400 3999 et
1442 3946 1744 4017 disciplina
1768 3946 2032 4016 profecit,
2064 3951 2125 4001 ut
2144 3927 2198 4000 C
2226 3947 2428 4001 annuit
2465 3947 2722 4018 pontifex
2754 3965 2765 4001 :
2804 3951 2864 4000 at
2902 3946 3162 4018 queritur
3189 3946 3343 4017 quod
3371 3945 3658 4000 Aunarius
3683 3947 3862 4001 Italiae

492 4056 672 4110 usque
703 4038 775 4093 ad
790 4039 1019 4092 culmen
1042 4038 1348 4108 pontiﬁciae
1368 4039 1663 4110 dignitatis
1683 4039 1971 4110 gradatim
1988 4056 2120 4110 pro-

491 4133 816 4187 veheretur.
845 4130 1081 4184 Atherio
1110 4131 1303 4203 itaque
1324 4132 2060 4202 Autissiodorensiprzesule
2092 4149 2122 4186 θ

489 4225 628 4279 vivis
646 4225 931 4293 exempto,
953 4241 987 4277 a
1009 4225 1158 4279 clero
1179 4226 1348 4280 simul
1370 4230 1425 4280 et
1444 4227 1655 4296 populo
1679 4225 1940 4279 unanimi
1956 4242 2119 4279 voca-

493 4324 584 4372 tur
601 4316 1015 4385 Aunacharius,
1050 4319 1147 4389 qui
1168 4319 1350 4388 pridie
1378 4319 1664 4373 Kalendas
1689 4322 1833 4389 Aug.
1867 4318 2119 4373 officium

489 4412 851 4483 episcopatus
880 4413 1144 4482 suscepit.
1171 4413 1404 4466 Sextum
1427 4429 1559 4465 eum
1583 4429 1616 4466 a
1641 4411 1810 4466 beato
1834 4412 2120 4468 Germano

484 4505 862 4560 Autissiodori
892 4506 1224 4576 episcopum
1265 4504 1532 4559 nominat
1559 4505 1788 4559 Hericus
1816 4505 1970 4560 idem
1999 4507 2116 4578 epi-

486 4600 632 4654 stola
660 4598 733 4652 ad
755 4599 1022 4652 Carolum
1049 4599 1283 4653 Calvum
1332 4598 1763 4668 imperatorem,
1797 4599 1855 4653 in
1884 4617 1999 4669 qua
2027 4616 2115 4653 re-

482 4692 595 4746 fert
619 4692 857 4746 Aunarii
884 4692 1102 4746 litteras
1123 4691 1381 4762 rogantis
1403 4691 1757 4762 Stephanum
1783 4693 2118 4747 Africanum

483 4786 884 4857 presbyterum
918 4789 980 4839 ut
1005 4786 1192 4839 Vitam
1231 4785 1492 4856 ejusdem
1518 4785 1697 4839 sancti
1745 4785 1984 4840 metrice
2017 4785 2113 4840 de-

482 4878 756 4935 scriberet
782 4884 840 4933 et
865 4883 990 4934 acta
1016 4879 1196 4934 sancti
1220 4879 1508 4934 Amatoris
1539 4879 1797 4950 prosaice
1823 4896 1836 4933 :
1861 4883 1918 4934 at
1951 4879 2119 4934 libra-

480 4973 550 5026 rii
603 4973 979 5044 proculdubio
1031 4972 1314 5026 mendum
1371 4976 1474 5040 est,
1537 4990 1670 5027 nam
1730 4973 1848 5043 ipse
1887 4972 2117 5026 Hericus

479 5066 777 5138 episcopos
806 5066 958 5119 inter
977 5066 1198 5119 medios
1222 5069 1664 5121 commemorat.
1699 5067 1898 5120 Factus
1920 5069 2116 5120 autem

478 5161 777 5231 episcopos
802 5159 1199 5216 Aunacharius
1225 5160 1476 5230 plurima
1505 5160 1561 5215 in
1584 5159 1820 5214 ecclesia
1834 5159 2112 5214 Autissio-

2225 4039 2646 4094 calamitatibus
2689 4057 2806 4094 non
2829 4040 3215 4111 compatiatur
3241 4043 3297 4093 et
3319 4040 3475 4110 quod
3503 4040 3860 4094 Francorum

2224 4150 2389 4204 reges
2418 4134 2491 4187 ad
2521 4150 2692 4204 opem
2719 4135 2771 4188 ei
2800 4133 3102 4188 ferendam
3145 4150 3262 4186 non
3309 4133 3534 4187 excitet.
3581 4133 3861 4203 Superius

2225 4226 2470 4280 diximus
2495 4226 2633 4296 quid
2654 4227 3020 4281 decessorum
3047 4242 3280 4280 suorum
3303 4223 3576 4280 Germani
3608 4230 3664 4280 et
3689 4229 3859 4280 Ama-

2221 4321 2362 4374 toris
2386 4319 2445 4373 in
2473 4320 2718 4390 gratiam
2751 4320 2954 4390 egerit.
2986 4320 3208 4389 Lupum
3230 4323 3504 4389 nepotem
3533 4336 3701 4373 suum
3721 4336 3854 4374 cum

2220 4413 2490 4467 Austrino
2523 4430 2801 4483 germano
2843 4413 2915 4466 ad
2963 4413 3175 4467 insulas
3229 4413 3530 4466 educando
3575 4413 3852 4483 provexit.

2222 4507 2495 4561 Sanctum
2523 4506 2984 4575 Austregisilum,
3014 4507 3268 4560 futurum
3299 4506 3716 4559 Bituricensem
3735 4507 3850 4576 epi-

2222 4617 2458 4670 scopum
2471 4598 2740 4653 clericum
2756 4598 2890 4652 fecit
2903 4602 2960 4652 et
2973 4599 3390 4653 subdiaconum
3411 4598 3719 4652 ordinavit.
3737 4601 3855 4652 Wa-

2217 4693 2457 4747 laricum
2485 4692 2542 4746 in
2570 4692 2990 4747 monasterium
3018 4708 3188 4744 suum
3217 4691 3468 4757 admisit,
3498 4691 3651 4761 quod
3680 4691 3742 4745 in
3769 4709 3853 4746 su-

2217 4787 2422 4840 burbio
2452 4786 2694 4840 civitatis
2727 4788 3120 4840 constructum
3169 4785 3239 4839 de
3271 4783 3624 4839 monasterio
3672 4785 3857 4839 sancti

2219 4879 2486 4935 Germani
2513 4878 2979 4949 interpretamur.
3011 4877 3147 4932 Huic
3183 4877 3557 4943 monasterio,
3591 4878 3688 4932 ubi
3727 4895 3853 4933 cor-

2218 4989 2321 5043 pus
2346 4989 2510 5026 suum
2539 4973 2847 5042 sepultura:
2877 4970 3143 5025 mandari
3159 4971 3507 5037 decreverat,
3529 4972 3858 5026 etecclesiae

2216 5083 2332 5120 suae
2355 5081 2524 5136 agros
2546 5069 2603 5119 et
2622 5065 2782 5119 villas
2812 5064 3066 5131 donavit,
3096 5064 3416 5135 plenusque
3441 5063 3688 5132 dierum,
3724 5083 3854 5119 san-

2215 5159 2410 5213 ctitate
2451 5175 2680 5229 quoque
2721 5162 2777 5212 et
2817 5158 3229 5212 miraculorum
3283 5157 3466 5228 gloria
3505 5157 3856 5214 clarissimus

478 5253 708 5308 dorensi
741 5253 1035 5306 constituit
1063 5270 1206 5324 quae,
1249 5256 1311 5306 ut
1339 5254 1628 5324 praecipuo
1670 5255 2186 5324 observarentur“
2216 5253 2458 5307 decessit
2487 5269 2562 5307 vn
2592 5253 2714 5306 Kal.
2747 5251 2999 5319 Octobr.,
3026 5251 3147 5304 initi
3173 5252 3508 5322 praesulatus
3530 5253 3617 5316 44,
3651 5269 3854 5307 mense

473 5348 693 5418 vigore,
709 5348 748 5403 G
759 5351 988 5401 untram
998 5347 1053 5400 ni
1068 5347 1221 5418 regis
1235 5347 1575 5402 auctoritate
1591 5348 1908 5414 roboravit;
1931 5348 1988 5401 in
2003 5347 2109 5414 his,

478 5445 608 5494 l°ut
625 5441 997 5509 monasteria,
1017 5440 1266 5496 basilica:
1290 5441 1611 5495 etecclesiae
1634 5442 1967 5512 paroeciales
1989 5457 2109 5494 cer-

473 5535 545 5587 tis
568 5534 767 5588 diebus
789 5552 894 5606 per
923 5551 1183 5590 mensem
1213 5551 1343 5588 cum
1370 5536 1522 5588 clero
1542 5539 1599 5589 et
1622 5536 1834 5605 populo
1866 5533 2113 5604 rogatio-

476 5645 576 5681 nes
602 5628 897 5696 facerent;
931 5633 989 5684 2°
1031 5629 1235 5700 quibus
1257 5629 1416 5684 horis
1442 5629 1649 5699 vigilias
1691 5627 1892 5681 diebus
1917 5625 2106 5681 Domi-

2131 5302 2190 5374 D

2219 5351 2265 5412 l,
2298 5346 2498 5400 diebus
2519 5349 2604 5400 '23.
2622 5349 2838 5416 Corpus
2865 5345 2939 5400 ad
2960 5347 3222 5400 sanctum
3247 5346 3600 5400 Germanum
3625 5346 3854 5401 funebri

2213 5456 2428 5511 pompa
2455 5440 2825 5506 tumulatum,
2862 5439 2994 5492 inde
3028 5455 3197 5509 capsa
3225 5441 3502 5509 argentea
3541 5439 3852 5507 inclusum,

2211 5533 2638 5588 calvinistarum
2665 5537 2867 5603 postea
2887 5531 3084 5602 praeda
3104 5531 3230 5586 fuit.
3245 5532 3505 5602 Projecta
3525 5549 3661 5587 vero
3681 5551 3860 5589 ossaa

2211 5630 2516 5686 Catholicis
2543 5630 2781 5685 collecta
2807 5646 2940 5684 cum
2975 5629 3099 5683 aliis
3131 5629 3190 5682 in
3224 5632 3433 5700 cryptis
3461 5629 3535 5683 ad
3573 5631 3856 5685 meridio-

473 5721 613 5775 nicis
644 5738 709 5775 ac
753 5723 1263 5794 archipresbyteris
1309 5729 1366 5778 et
1417 5722 1723 5777 abbatibus
1768 5720 2010 5791 propriis
2049 5720 2109 5774 in
2211 5721 2404 5774 nalem
2437 5721 2751 5776 fenestram
2783 5719 3078 5775 recondita
3111 5720 3292 5774 fuere.
3353 5720 3567 5776 Colitur
3611 5738 3687 5776 vn
3727 5722 3855 5776 Kal.

473 5815 608 5868 locis
639 5814 877 5880 fierent;
919 5820 977 5870 3°
1024 5833 1056 5869 a
1082 5817 1286 5886 quibus
1315 5817 1522 5886 vigilia:
1569 5816 1626 5869 in
1668 5813 1901 5869 basilica
1929 5813 2109 5866 sancti
2211 5813 2438 5868 Octobr.

471 5904 750 5974 Stephani
769 5923 902 5963 cum
932 5907 1235 5965 abbatibus
1253 5909 1491 5982 singulis
1508 5906 1888 5965 hebdomadas
1908 5905 2108 5961 diebus
