4016 6240
332 513 1403 647 CONCILIUMa
1495 502 3294 654 ANTISSIODORENSEb.

1395 724 2243 846 SYNODUS

131 895 202 937 AB
273 895 676 941 AUNACHARIO
745 896 1042 944 EPISCOPO
1103 897 1676 956 ANTISSIODORENSI,
1745 902 1867 946 CUM
1932 900 2224 945 DICECESIS

2288 900 2417 946 SUE
2481 899 2858 956 ABBATIBUS,
2925 903 3002 946 ET
3069 901 3480 947 PRESBYTERIS

204 975 565 1020 CELEBRA'I‘A
637 977 694 1021 IC
763 978 874 1023 SUB
945 979 1160 1024 ANNUM
1235 981 1475 1026 CHRISTI
1546 982 1834 1028 DLXXVIII
1863 965 1878 995 ι
1911 979 1958 1037 ο,
2033 982 2093 1026 ID
2163 981 2298 1036 EST,
2373 981 2616 1026 PELAGII
2688 985 2729 1027 II
2799 982 2970 1026 PAPzE
3035 985 3076 1043 Ι,
3142 983 3487 1030 CHILPERICI

203 1056 379 1100 REGIS
422 1056 609 1101 XVIII.

1235 1240 1642 1335 TITULI
1745 1240 2364 1337 CANONUM.

125 1389 166 1477 ἒς
420 1385 1166 1477 29.5?33‘3932131’282332-..
1212 1448 1263 1477 ...
1303 1449 1575 1477 --.-..-.-
1618 1465 1723 1477 ω
1771 1404 1828 1477 Α
1848 1390 2022 1439 Πίη·
2151 1387 3076 1477 οθη.ξῖ;ξ³ξη.⁸¹ἰ¹ἶ.ἓί¹ζὲηὲξ¹.ἰ.ςιὲοηαοδί
3119 1389 3336 1452 Nam
3370 1399 3478 1436 που

126 1451 182 1500 II.
420 1449 484 1498 Ut
515 1448 929 1514 Quadragesimw
966 1448 1168 1498 initium
1211 1448 1266 1498 in
1302 1449 1580 1514 epiphania
1618 1465 1749 1504 nun-
1771 1448 1828 1477 η
2171 1448 2482 1514 νᾼξιῇεηᾱθι,
2507 1455 2596 1499 aut
2620 1448 2905 1514 denuntiat.

496 1511 669 1560 tietur.
727 1509 746 1511 “
1333 1509 1351 1513 ’
1389 1509 1407 1514 ’
1847 1514 2022 1564 XXIV.
2151 1511 2339 1561 Abbati
2363 1516 2450 1561 aut
2471 1509 2738 1562 monacho
2768 1513 2832 1560 ad
2861 1512 3066 1564 nuntias
3094 1511 3168 1560 ire
3201 1524 3310 1560 non
3335 1509 3478 1558 licet.

127 1574 205 1637 III.
419 1575 486 1623 Ut
509 1578 629 1622 vota
655 1575 705 1637 et
728 1571 919 1637 vigilite
944 1572 998 1637 in
1029 1572 1252 1622 ecclesia
1273 1575 1631 1637 exsolvantur.
1847 1576 1999 1627 XXV.
2153 1574 2338 1623 Abbati
2354 1578 2453 1637 aut
2479 1575 2737 1624 monacho
2760 1574 2895 1624 ﬁlios
2918 1571 2983 1623 de
3007 1573 3264 1637 baptismo
3284 1571 3478 1620 habere

124 1636 206 1686 IV.
418 1637 487 1686 Ut
515 1634 730 1698 auguria
757 1634 811 1698 et
838 1636 1098 1698 sortilegia
1123 1649 1229 1685 non
1258 1636 1396 1687 ﬁant.
2221 1651 2328 1686 non
2352 1636 2488 1685 licet.

126 1698 182 1745 V.
415 1696 811 1760 Vigiliésancti
836 1697 1041 1760 Martini
1066 1698 1374 1748 interdictae.
1849 1701 2020 1750 XXVI.
2151 1699 2224 1747 De
2267 1712 2422 1760 pinna
2449 1698 2650 1746 abbatis
2678 1698 2766 1760 qui
2804 1697 3078 1746 mulierem
3117 1696 3173 1746 in
3223 1698 3481 1745 monaste-

125 1760 203 1825 Ἦ.
415 1761 485 1810 Ut
500 1759 735 1825 chrisma
761 1774 792 1808 a
815 1759 984 1825 media
1007 1760 1410 1825 Quadragesima
1432 1765 1653 1825 petatur.
2223 1759 2356 1809 rium
2381 1761 2581 1825 ingredi
2606 1759 2918 1825 permiserit.

125 1822 226 1886 VII.
417 1825 497 1872 De
524 1821 735 1886 synodis
759 1822 1202 1886 presbyterorum,
1218 1820 1279 1871 et
1296 1820 1560 1873 abbatum.
1849 1825 2044 1874 XXVII.
2153 1820 2516 1871 Novercam’in
2543 1820 2760 1886 uxorem
2785 1821 3022 1886 accipere
3046 1833 3154 1870 non
3180 1820 3322 1870 licet.

123 1885 250 1935 VIII.
414 1884 578 1947 Quod
597 1885 821 1947 mulsum
847 1884 899 1931 in
923 1884 1071 1933 altari
1096 1884 1282 1934 offerre
1308 1899 1414 1935 non
1441 1886 1610 1936 liceat.
1849 1887 2067 1938 XXVIII.
2154 1885 2259 1933 Nec
2287 1885 2579 1947 privignam
2615 1885 2826 1935 ducere.

124 1947 200 1996 IX.
413 1949 509 2010 Ne,
540 1946 689 2010 chori
730 1949 782 2010 et
822 1946 1024 2010 cantica
1047 1948 1354 2010 puellarum,
1381 1963 1479 1998 nec
1513 1947 1750 1998 convivia
1847 1949 2019 1998 XXIX.
2155 1948 2261 1995 Nec
2287 1946 2577 2010 cognatam.

498 2009 551 2058 in
583 2008 807 2057 ecclesia
834 2008 1218 2060 permittantur.
1338 2008 1345 2010 “
1848 2011 1998 2060 ΧΧΧ.
2159 2009 2262 2058 Nec
2289 2008 2416 2057 duas
2439 2021 2662 2056 sorores.

127 2073 182 2120 Χ.
416 2074 508 2143 Ne_
537 2072 591 2143 in
632 2070 778 2143 altari
801 2067 891 2143 ubi
920 2071 1197 2143 episcopus
1217 2071 1402 2143 missas
1430 2072 1577 2134 dixit,
1605 2085 1748 2136 pres-
1848 2073 2026 2143 XXXI:
2153 2072 2260 2143 aee
2289 2070 2676 2143 consobrinam,
2701 2072 2790 2143 aut
2817 2067 3099 2118 sobrinam.

494 2133 761 2196 byterilla
786 2132 880 2196 diei
896 2130 1074 2181 missas
1097 2130 1250 2182 dicat.
1347 2195 1374 2196 η
1564 2130 1572 2134 ⁷
1605 2130 1624 2136 ’
1847 2135 2044 2183 XXXII.
2155 2134 2261 2182 Nec
2293 2133 2524 2196 relictam
2549 2130 2810 2196 avunculi.

127 2195 204 2244 XI.
418 2196 493 2244 De
523 2191 714 2258 vigiliis
738 2195 968 2256 Paschas,
999 2196 1199 2257 natalis,
1226 2198 1277 2244 et
1313 2195 1527 2245 aliarum
1561 2197 1749 2246 solem-
1849 2197 2066 2248 XXXIII.
2154 2195 2218 2244 Ut
2240 2194 2529 2258 presbyteri
2557 2199 2611 2243 et
2633 2191 2837 2243 diaconi
2861 2204 3070 2242 reorum
3093 2191 3350 2256 supplicia
3373 2205 3480 2241 non

492 2258 732 2306 uitatum.
2224 2260 2476 2306 spectent.

124 2320 225 2369 XII.
418 2273 752 2384 Nemmadi-ltlgis
794 2318 1104 2384 eucharistia
1132 2319 1300 2384 detur,
1325 2333 1425 2369 nec
1467 2320 1704 2370 osculum
1731 2337 1744 2370 :
1847 2321 2067 2370 XXXIV.
2154 2273 2516 2384 ριδξξὲεῗξξὲι·
2533 2316 2731 2384 judicio
2757 2316 2939 2384 capitis
2966 2330 3073 2384 non
3099 2315 3318 2384 intersit.

492 2386 547 2430 et
572 2395 637 2430 ne
663 2382 780 2429 velo
803 2382 887 2444 vel
913 2383 1049 2444 palla
1075 2379 1418 2430 involvantur.
1849 2384 2047 2433 XXXV.
2158 2381 2222 2430 Ut
2244 2379 2487 2444 'cleriéus
2525 2379 2777 2428 clericum
2815 2380 2880 2428 ad
2918 2379 3151 2442 judicem
3175 2379 3479 2428 scecularem

124 2445 249 2494 XIII.
418 2447 481 2496 Ut
506 2444 758 2492 diaconus
786 2443 935 2505 pullis
959 2445 1197 2506 scapulas
1225 2457 1332 2492 non
1356 2444 1602 2494 involvat.
2221 2457 2328 2492 non
2347 2443 2539 2506 trahat.

122 2507 245 2556 XIV.
414 2511 489 2557 Ne
518 2507 632 2568 quis
660 2507 713 2554 in
742 2501 1370 2568 baptisterio'sepeliatur.
1847 2507 2065 2555 XXXVI.
2156 2505 2419 2554 Utmulier
2435 2503 2795 2568 eucharistiam
2807 2503 2946 2568 nuda
2959 2517 3110 2552 manu
3123 2516 3226 2552 non
3240 2501 3476 2566 accipiat.

125 2569 223 2617 XV.
417 2573 492 2619 Ne
525 2565 757 2616 mortuus
785 2565 1500 2631 supraniortuummittatur.
1849 2569 2092 2617 XXXVII.
2155 2567 2227 2631 Ne
2255 2568 2442 2631 mulier
2465 2567 2630 2630 pallas
2658 2565 2946 2631 dominicas
2972 2569 3278 2615 contrectet.

124 2631 248 2696 XVI.
417 2634 492 2681 De
520 2625 881 2696 observatione
909 2630 1011 2678 diei
1043 2630 1341 2696 Dominicis.
1418 2694 1424 2696 _
1847 2630 2112 2696 XXXVIII.
2157 2630 2218 2696 Ut
2244 2630 2416 2696 nullus
2452 2625 2571 2678 cum
2612 2629 3062 2696 excommunicato
3109 2625 3481 2696 communicet.

125 2694 272 2742 XVII.
421 2696 493 2743 De
525 2692 586 2740 iis
610 2692 697 2754 qui
725 2692 822 2740 sibi
850 2695 1072 2741 mortem
1100 2692 1450 2741 consciscunt.
1542 2751 1569 2754 η
1684 2752 1715 2754 __
1847 2692 2063 2742 XXXIX.
2157 2693 2221 2741 Ut
2239 2692 2325 2754 qui
2347 2705 2464 2740 cum
2488 2689 2938 2740 excommunicato
2961 2689 3315 2740 communicat
3329 2687 3484 2738 simili

126 2755 296 2805 XVIII.
417 2758 481 2806 Ut
519 2751 806 2837 baptismus
839 2759 988 2837 extra
1036 2755 1231 2804 Pascha
1277 2753 1377 2802 nisi
1422 2751 1822 2837 moribundisB
1849 2817 1914 2837 Ἦ
2157 2817 2197 2837 υ
2222 2751 2490 2837 sententia:
2516 2753 2798 2837 subjaceat.

491 2813 603 2865 non
626 2816 936 2879 conferatur.
1021 2877 1030 2879 4
1103 2877 1110 2879 _
1154 2877 1161 2879 ξ
1340 2877 1352 2879 _
1766 2813 1822 2837 υ
1847 2817 1948 2865 XL.
2157 2817 2228 2865 Ne
2254 2817 2525 2879 presbyter
2550 2815 2684 2879 inter
2707 2813 2886 2876 epulas
2917 2816 3108 2872 cantet,
3140 2816 3226 2862 aut
3249 2813 3416 2879 saltet.

126 2879 243 2928 XIX.
420 2882 483 2930 Ut
512 2879 681 2942 missae
707 2893 737 2927 a
761 2877 954 2942 jejunis
989 2877 1192 2927 clericis
1225 2877 1556 2927 celebrentur
1582 2880 1632 2926 et
1659 2891 1746 2926 au-
1847 2879 1970 2942 XLI.
2154 2875 2480 2942 Presbytero,
2507 2879 2589 2942 vel
2624 2875 2845 2942 diacono
2871 2889 3116 2942 accusare
3142 2888 3249 2923 non
3277 2875 3412 2942 licet.

493 2941 718 2989 diantur.
761 2936 778 2942 ⁷
813 2936 830 2942 ⁷
1845 2941 1994 2988 XLII.
2155 2941 2217 2989 Ut
2262 2936 2448 2988 mulier
2491 2939 2601 2987 sine
2630 2937 2930 2986 dominicali
2965 2951 3072 2985 non
3109 2936 3480 2985 communicet.

126 3002 223 3052 XX.
422 3005 484 3054 Ut
530 3003 950 3074 archipresbyter
997 3001 1426 3074 denclericorum
1481 3001 1747 3074 adulteriis
1846 3002 2016 3051 XLIII.
2153 3003 2226 3051 De
2271 3001 2650 3074 pmua‘judic‘is
2686 2999 3065 3074 qui_clericum
3105 2999 3216 3047 sine
3247 2997 3479 3061 episcopi

492 3063 763 3137 episcopo,
792 3063 873 3138 vel
907 3064 1274 3137 archidiacono
1304 3064 1589 3136 denunt—iet.

421 3129 693 3199 [ἤμει-ιρι.
716 3131 981 3199 conjugati
1009 3127 1073 3199 ab
1098 3127 1348 3199 uxoribus
1373 3127 1680 3199 abstineant.

2219 3063 2482 3112 veluntate
2510 3063 2843 3110 distrinxerit.

1856 3126 2017 3175 XLIV.
2155 3126 2228 3175 De
2266 3139 2420 3188 pcena
2446 3124 2564 3199 laici
2592 3125 2680 3199 qui
2708 3123 3149 3187 archipresbyteri
3171 3120 3480 3172 admonitio-

127 3189 271 3238 XXII.
420 3189 629 3239 Relictis
647 3189 827 3253 clerici
852 3189 970 3253 pust
994 3190 1104 3252 ejus
1128 3195 1348 3239 mortem
1373 3189 1519 3238 alteri
1547 3189 1750 3247 nubere,
1847 3250 1912 3253 __
1932 3247 1975 3253 Δ
2155 3250 2181 3253 _
2219 3201 2343 3253 nem
2373 3189 2682 3253 contemnit.

494 3265 601 3300 non
625 3251 763 3301 licet.
852 3247 869 3253 ’
1020 3247 1038 3252 ⁷
1625 3287 1638 3292 -
1847 3247 1993 3298 XLV.
2155 3250 2228 3298 De
2255 3250 2616 3299 observatione
2647 3249 2833 3297 horum
2862 3260 3144 3297 canonum.

1348 3481 2219 3614 CANONES.

956 3667 996 3718 Ι.

193 3761 309 3814 Non
340 3759 515 3814 liceat
540 3757 1077 3814 KalendisJanuarii
1093 3759 1302 3827 vetula,
1319 3762 1417 3813 aut
1434 3759 1751 3814 cervolofa-

128 3868 246 3907 cere
267 3854 308 3920 ³,
335 3855 422 3907 vel
465 3855 660 3907 stenas
682 3852 993 3908 diabolicas
1024 3851 1329 3907 observare
1356 3870 1368 3918 ;
1403 3853 1506 3907 sed
1532 3853 1592 3906 in
1625 3853 1749 3923 ipsa

1855 3663 1947 3717 die
1977 3663 2057 3717 sic
2087 3662 2283 3718 omnia
2312 3659 2595 3717 beneﬁcia
2624 3661 2972 3727 tribuantur,
3004 3659 3148 3713 sicut
3167 3661 3226 3712 et
3247 3656 3486 3727 reliquis

1853 3757 2071 3814 diebus.
2160 3758 2171 3767 '

1274 3953 1473 4008 NOT/E
1510 3952 1747 4008 JACOBI
1786 3951 2141 4018 SIRMONDI,
2183 3950 2239 4005 S.
2280 3952 2327 4005 J.

196 4043 208 4074 ¹
237 4043 297 4095 In
326 4040 549 4112 synodo
576 4040 1055 4106 Antissiodorensi
1079 4040 1220 4095 nihil
1241 4045 1327 4095 est
1342 4041 1497 4112 quod
1527 4045 1753 4112 tempus

130 4111 373 4178 denotet,
428 4117 642 4182 prater
686 4129 901 4165 nomen
954 4113 1301 4166 Aunacharii
1352 4111 1605 4182 episcopi
1646 4111 1752 4182 qui

130 4183 361 4252 praefuit.
396 4185 531 4248 Nos,
575 4182 709 4254 quia
738 4183 1048 4236 verisimile
1092 4183 1394 4237 videbatur
1436 4183 1540 4236 sub
1590 4183 1753 4237 initia

130 4253 478 4324 episcopatus
519 4254 778 4307 habitam
833 4254 1027 4320 fuisse,
1057 4254 1230 4308 satius
1276 4255 1538 4308 duximus
1583 4254 1750 4323 paulo

129 4328 248 4392 post
272 4325 576 4378 concilium
609 4342 661 4377 IV
708 4324 1048 4391 Parisiense,
1073 4325 1160 4378 cui
1187 4326 1546 4390 interfuerat,
1577 4326 1749 4378 collo-

129 4410 270 4466 care,
305 4412 480 4466 quam
517 4395 590 4448 ad
628 4412 846 4448 annum
877 4395 1085 4466 Christi
1123 4398 1243 4461 590,
1276 4396 1427 4465 quod
1461 4395 1754 4449 nonnullis

129 4465 345 4534 placuit,
391 4467 650 4536 rejicere.
680 4465 994 4520 Absurdius
1034 4469 1228 4520 autem
1266 4467 1348 4519 illi
1376 4467 1611 4533 faciunt,
1655 4466 1753 4536 qui

133 4551 273 4607 anno
317 4539 421 4590 614
453 4537 756 4604 collocant,
785 4554 915 4590 cum
944 4538 1300 4607 exploratum
1347 4537 1420 4590 sit
1449 4538 1748 4590 Aunacha-

131 4606 267 4678 rium
293 4608 467 4661 vitam
500 4608 574 4662 ad
601 4625 670 4661 ea
697 4625 876 4677 usque
897 4606 1163 4678 tempora
1187 4625 1302 4662 non
1324 4608 1678 4678 produxisse.

195 4685 216 4724 2
242 4677 485 4742 Quidam
527 4678 655 4732 libri
686 4680 886 4740 vecola,
920 4677 1038 4732 alii’
1060 4681 1278 4741 vcecola,
1304 4677 1402 4733 aut
1438 4681 1634 4741 vecolo,
1667 4679 1748 4732 le-

133 4754 280 4819 gunt.
296 4749 486 4803 Lectio
507 4754 702 4803 nostra
718 4753 1011 4803 auctorem
1028 4751 1206 4804 habet
1225 4754 1487 4803 sanctum
1505 4750 1752 4819 Eligium

133 4817 180 4870 in
209 4836 470 4874 sermone
499 4820 572 4873 ad
595 4836 831 4874 omnem
863 4821 1122 4892 plebem:
1147 4822 1368 4875 «Nemo
1400 4821 1457 4874 in
1481 4817 1753 4874 Kalendis

1850 4039 2105 4095 Januarii
2127 4038 2382 4093 nefanda
2402 4043 2459 4093 et
2483 4039 2810 4104 ridiculosa,
2837 4039 3055 4091 vetulas
3085 4039 3186 4090 aut
3209 4036 3484 4102 cervolos,

1852 4113 1938 4164 vel
1962 4110 2202 4181 jocticos
2233 4110 2423 4165 faciat.
2449 4131 2476 4159 ››
2523 4111 2713 4165 Exstat
2741 4110 2832 4164 hic
2857 4125 3048 4181 sermo
3075 4108 3134 4161 in
3163 4106 3481 4181 appendice

1851 4177 1997 4235 torni
2045 4199 2098 4236 IX
2150 4198 2392 4252 operum
2435 4182 2617 4235 sancti
2660 4179 2986 4252 Augustini,
3034 4177 3486 4252 tract.'20,_s_in_e

1854 4252 2090 4306 nomine
2145 4247 2426 4317 auctoris;
2461 4269 2660 4306 revera
2696 4247 2890 4307 autem
2948 4253 3034 4304 est
3084 4249 3264 4304 sancti
3318 4247 3484 4318 Eligii

1854 4323 2105 4394 episcopi
2154 4324 2550 4378 Noviomensis
2588 4329 2851 4377 veterum
2901 4321 3486 4394 exemplarium_con-

1854 4389 2065 4461 sensu;
2091 4398 2149 4448 et
2177 4395 2441 4449 Audoeni
2471 4394 2802 4448 testimonio
2837 4394 2895 4446 in
2923 4393 3047 4446 Vita
3068 4389 3255 4444 sancti
3296 4389 3484 4461 Eligii.

1852 4466 2009 4519 Hanc
2031 4459 2229 4519 autem
2256 4466 2563 4520 lectionem
2591 4465 2912 4528 conﬁrmat,
2941 4462 3224 4530 simulque
3253 4459 3490 4530 quidsit

1853 4537 2042 4590 vetula
2071 4540 2167 4590 aut
2187 4537 2413 4589 cervolo
2440 4536 2629 4589 facere
2654 4535 2820 4588 docet
2836 4536 2995 4586 vetus
3015 4529 3484 4602 poenitentialein

1852 4607 2057 4662 Codice
2103 4606 2525 4675 Andegavensi.
2565 4627 2593 4653 ‹‹
2625 4604 2682 4658 Si
2710 4604 2856 4674 quis,
2894 4599 3100 4675 inquit,
3130 4603 3200 4675 in_
3219 4599 3486 4675 Kalendis

1851 4675 2134 4732 Ianuariis
2157 4677 2213 4728 in
2253 4670 2478 4728 cervulo
2511 4680 2566 4728 et
2592 4675 2651 4727 in
2683 4670 2868 4728 vetula
2896 4670 3083 4740 vadet,
3112 4672 3292 4726 tribus
3322 4670 3488 4724 annis

1851 4747 2149 4818 paeniteat,
2176 4746 2312 4816 quia
2334 4747 2441 4799 hoc
2454 4745 2783 4818 daemonum
2811 4749 2914 4798 cst.
2931 4767 2956 4793 ››
2982 4743 3294 4818 Utrobique
3312 4757 3486 4814 porro

1851 4816 2034 4873 uetula
2061 4817 2247 4887 prisco
2269 4833 2430 4870 more
2460 4816 2736 4887 scriptum
2769 4832 2872 4887 pro
2904 4817 3095 4870 vitula.

1410 4920 1611 4974 ΝΟΤᾸΞ
1652 4917 1971 4973 SEVERINI
2012 4916 2192 4970 BINII.

195 5016 216 5044 ³
239 5007 322 5061 Ad
352 5008 792 5062 ecclesiasticam
843 5007 1206 5079 disciplinam
1251 5025 1357 5063 nec
1400 5027 1516 5064 non
1547 5025 1748 5063 mona-

135 5076 320 5132 sticam
368 5080 796 5134 observantiam
841 5076 1228 5146 retinendam,
1265 5081 1324 5134 in
1355 5081 1461 5136 hoc
1510 5079 1750 5134 concilio

134 5149 320 5202 sanciti
348 5151 720 5231 reperiuntur
742 5151 1129 5231 quadraginta
1179 5152 1431 5231 quinque
1464 5167 1748 5231 canones;

133 5233 362 5287 quorum
383 5223 644 5276 nonnulli
673 5222 778 5274 etsi
807 5223 864 5276 in
895 5238 994 5274 usu
1027 5239 1148 5275 esse
1183 5222 1476 5289 desierint,
1507 5222 1753 5289 antiqui-

132 5290 253 5342 tatis
300 5295 498 5346 tamen
551 5293 770 5347 indices
821 5297 1248 5347 remanserunt.
1279 5294 1597 5349 Concilium
1643 5290 1753 5346 fuit

133 5375 237 5413 non
283 5364 649 5432 provinciale,
711 5364 810 5417 sed
871 5363 1256 5418 dimcesanum
1304 5365 1617 5430 duntaxat,
1659 5364 1752 5418 cui

133 5431 271 5506 solus
290 5431 691 5506 Aunacharius
708 5505 717 5506 η
736 5433 996 5504 ejusdem
1016 5435 1262 5506 rcivitatis
1290 5436 1589 5506 episcopus
1621 5451 1752 5488 cum

131 5501 419 5577 abbatibus
474 5511 529 5560 et
572 5501 920 5577 presbyteris
974 5505 1235 5576 ejusdem
1295 5501 1554 5561 dimcesis
1604 5523 1749 5577 pI‘EB-

131 5571 246 5626 fuit.
290 5576 457 5629 Plura
502 5571 590 5630 ex'
610 5577 697 5644 iis,
726 5571 853 5647 quae
897 5576 954 5630 in
993 5571 1391 5632 Matisconensi
1434 5595 1472 5632 ιι
1512 5571 1751 5631 concilio

133 5648 329 5718 statuta
359 5647 605 5715 fuerant,
639 5647 842 5718 cuique
885 5647 1006 5718 ipse
1044 5649 1441 5703 Aunacharius
1473 5648 1750 5715 interfuit,

135 5716 186 5764 et
211 5718 360 5796 sexto
397 5719 520 5796 loco
567 5716 925 5789 subscripsit,
959 5719 1175 5789 pariter
1213 5719 1306 5774 hic
1345 5719 1590 5792 repetita
1630 5735 1752 5773 esse

134 5793 500 5842 reperiuntur.

259 5859 734 5929 Autissiodorum,
792 5860 976 5934 inquit
1007 5860 1273 5930 Ortelius,
1309 5883 1335 5911 «
1367 5860 1520 5917 urbis
1568 5863 1651 5916 est
1695 5860 1754 5915 in

1854 5004 2379 5076 Burgundionibus,
2407 5003 2559 5076 vino,
2575 5003 2740 5076 quod
2762 5002 2898 5057 inde
2922 4999 3489 5076 nromenihabetmiuo

1854 5070 2412 5149 rimumnobilitata.
2445 5070 2623 5128 Hodie
2636 5077 2903 5149 _Aua:erre_
2910 5075 3115 5149 dicitur
3136 5074 3272 5149 [Hoc
3292 5070 3486 5149 certis-

1853 5146 2081 5218 simum]
2115 5147 2430 5218 secundum
2471 5145 2775 5218 quosdam.
2806 5146 2969 5218 »‘lta
3005 5141 3321 5218 Hort’elius;
3363 5141 3487 5192 aliis

1854 5223 1940 5273 est
1995 5213 2191 5290 civitas
2246 5215 2438 5290 Galliae
2487 5213 2901 5290 lugdunensis
2941 5215 3106 5290 juxta
3161 5213 3490 5290 Sequanam

1855 5287 2196 5361 [icaunam],
2214 5289 2340 5353 sita,
2375 5305 2509 5361 quae
2530 5305 2562 5340 a
2588 5284 2898 5361 Ptolemaeo
2923 5284 3219 5361 Autricum
3250 5284 3482 5335 dicitur:

1854 5355 2122 5415 meminit
2146 5355 2274 5430 ejus
2299 5355 2625 5414 Antoninus
2652 5357 2710 5411 in
2745 5355 3062 5410 Itinerario.

1923 5517 1944 5542 ο
1971 5505 2145 5558 Paulo
2167 5506 2297 5574 post
2318 5503 2624 5558 concilium
2642 5501 3062 5574 Matisconense
3082 5513 3120 5551 ιι
3147 5497 3297 5551 hanc
3323 5510 3490 5574 syno-

1854 5575 1990 5649 dum
2021 5567 2478 5649 habifan1_f11isse
2512 5576 2620 5649 hoc
2641 5572 2850 5649 indicio
2874 5569 3180 5649 colligitur,
3199 5567 3354 5649 quod
3375 5570 3484 5620 Au-

1855 5646 2157 5701 nacharius
2187 5646 2414 5718 utrique
2445 5645 2789 5712 interfuerit,
2822 5657 3061 5715 quaeque
3089 5641 3187 5718 illo
3226 5641 3484 5718 Matisco-

1855 5717 2022 5789 nensi
2042 5734 2079 5772 ιι
2107 5710 2399 5772 communi
2428 5710 3210 5789 Patrumrconsénsu—sancita
3236 5710 3485 5789 fuerant,

1854 5788 1961 5843 hac
1979 5789 2199 5859 synodo
2241 5789 2565 5845 dioecesana
2597 5788 2712 5844 suis
2734 5787 2972 5844 subditis
3005 5783 3374 5840 intimaverit.
