4016 6240
449 350 549 407 763

1345 349 1575 407 SANCTI
1613 351 1911 417 AUNARII,
1952 350 2580 414 ANTISSIODORENSIS
2615 361 2934 429 EPISCOPI,

3728 364 3837 420 764

1242 458 1303 512 ll.
2112 468 2171 542 Α
2190 477 2537 535 praeparare,
2585 466 2717 539 quia
2742 467 3016 539 scriptum
3046 472 3132 523 est
3160 485 3172 525 :
3232 428 3432 527 hamus
3464 484 3606 533 mea,
3641 470 3835 526 domus

524 552 596 606 Ut
625 568 826 607 omnes
845 552 1165 623 presbyteri
1190 554 1325 606 ante
1345 550 1720 622 epiphaniam
1734 551 1938 606 missos
1958 568 2089 606 suos

457 644 729 716 dirigant,
761 645 859 717 qui
896 645 978 699 eis
1004 645 1074 699 de
1107 644 1388 716 principio
1438 644 1913 717 Quadragesimae
1940 663 2085 701 nun-

455 737 617 808 tient,
650 742 709 795 et
732 738 793 793 in
826 738 949 810 ipsa
968 737 1287 809 Epiphania
1318 738 1392 792 ad
1411 739 1688 810 populum
1718 738 1995 795 indicent.

1226 834 1315 887 IlI.

526 927 651 980 Non
697 924 831 980 licet
879 941 1221 997 compensos
1260 925 1321 980 in
1359 925 1624 981 domibus
1671 925 1938 999 propriis,
1988 943 2094 982 nec

458 1017 783 1089 pervigilias
808 1018 869 1072 in
896 1017 1295 1073 festivitatibus
1322 1024 1652 1075 sanctorum
1681 1020 1871 1076 facere
1899 1032 1922 1061 ει
1945 1038 1959 1087 ;
1988 1036 2094 1075 nec

458 1110 610 1165 inter
629 1114 839 1179 sentes,
880 1115 982 1167 aut
1006 1112 1082 1167 ad
1095 1113 1327 1168 arbores
1353 1114 1597 1169 sacrivos
1626 1126 1663 1182 ί,
1689 1115 1779 1168 vel
1810 1114 1884 1169 ad
1904 1114 2095 1168 fontes

458 1207 591 1258 vota
626 1205 924 1273 exolvere;
964 1206 1065 1260 sed
1109 1206 1438 1279 quicunque
1474 1211 1671 1263 votum
1714 1207 2001 1275 habuerit,
2033 1206 2094 1261 in

459 1296 698 1352 ecclesia
718 1298 939 1369 vigilet,
967 1303 1025 1353 et
1050 1300 1367 1355 matriculaa
1386 1301 1574 1373 ipsum
1594 1306 1810 1368 votum,
1844 1303 1943 1356 aut
1960 1317 2096 1371 pau-

458 1390 691 1461 peribus
742 1391 979 1447 reddat:
1026 1410 1133 1448 nec
1164 1394 1445 1466 sculptilia
1477 1394 1751 1466 [subtilia]
1789 1396 1886 1449 aut
1923 1392 2092 1465 pede,

461 1485 560 1539 aut
587 1483 825 1540 homine
851 1485 1007 1542 lineo
1034 1487 1161 1542 fieri
1184 1487 1413 1559 penitus
1437 1492 1768 1560 praesumat.

1261 1582 1346 1637 IV.

532 1672 659 1726 Non
686 1672 856 1727 liceat
875 1673 949 1728 ad
976 1674 1297 1745 sortilegos,
1315 1675 1404 1729 vel
1425 1674 1499 1729 ad
1520 1673 1761 1746 auguria
1786 1672 2095 1745 respicere,

464 1784 587 1834 non
616 1768 689 1823 ad
720 1769 980 1841 caragios
1000 1771 1053 1839 3,
1088 1787 1194 1825 nec
1232 1770 1307 1825 ad
1346 1772 1547 1840 sortes,
1579 1786 1723 1840 quas
1764 1772 2095 1824 sanctorum

2191 560 2453 615 orationis
2478 562 2759 617 vocabitur
2788 561 2967 633 (Matt.
2998 560 3132 633 xxi).

2993 656 3053 710 Χ.

2266 742 2391 796 Non
2418 741 2552 796 licet
2580 758 2753 813 super
2777 760 2891 798 uno
2907 744 3111 799 altario
3128 744 3190 799 in
3211 762 3328 800 una
3348 745 3443 801 die
3465 745 3609 800 duas
3630 746 3838 802 missas

2193 833 2404 902 dicere,
2434 851 2541 891 nec
2571 835 2774 891 altario
2802 836 2901 891 ubi
2930 836 3230 909 episcopus
3274 838 3481 895 missas
3519 838 3745 909 dixerit,
3775 844 3841 895 ut

2192 927 2494 1000 presbyter
2517 928 2578 983 in
2610 927 2707 984 illa
2734 927 2825 984 die
2847 928 3050 985 missas
3080 929 3251 985 dicat.

2956 1020 3095 1078 XI.’

2265 1112 2390 1166 Non
2419 1111 2552 1167 licet
2574 1111 2635 1166 in
2660 1111 2855 1184 vigilia
2879 1112 3112 1168 Pascha:
3132 1116 3265 1168 ante
3286 1113 3493 1169 horam
3521 1115 3847 1172 secundam

2195 1204 2612 1277 noctisvigilias
2630 1206 2986 1277 perexplere,
3011 1205 3146 1277 quia
3160 1205 3221 1260 in
3251 1205 3350 1261 illa
3364 1210 3532 1262 nocte
3564 1224 3683 1263 non
3704 1208 3848 1264 licet

2195 1299 2326 1368 post
2353 1297 2612 1353 mediam
2650 1301 2880 1355 noctem
2910 1298 3130 1366 bibere,
3162 1315 3268 1354 nec
3300 1296 3427 1371 [nec
3457 1301 3844 1373 manducare]

2198 1391 2257 1447 in
2284 1390 2463 1448 natali
2480 1391 2729 1461 Domini,
2768 1408 2875 1447 nec
2899 1391 2961 1447 in
2987 1391 3225 1465 reliquis
3251 1393 3733 1450 solemnitatibus.

2961 1486 3071 1541 XII.

2267 1580 2393 1634 Non
2418 1578 2552 1635 licet
2575 1578 2840 1647 mortuis,
2862 1577 3420 1647 necEucharistiam,
3454 1595 3561 1636 nec
3581 1583 3847 1639 osculum

2201 1672 2372 1741 tradi,
2402 1689 2509 1729 nec
2539 1674 2666 1729 velo
2697 1674 2786 1728 vel
2811 1672 2979 1746 pallis
3009 1689 3256 1745 corpora
3283 1689 3487 1729 eorum
3513 1673 3744 1731 involvi.

2956 1768 3092 1823 XIII.

463 1864 688 1929 vocant,
719 1863 809 1917 vel
829 1837 971 1933 quas
991 1837 1061 1918 de
1083 1863 1262 1935 ligno,
1288 1867 1387 1917 aut
1413 1864 1484 1917 de
1510 1837 1661 1934 pane
1690 1861 1930 1928 faciunt,
1954 1859 2099 1932 aspi-
2117 1837 2175 1908 B
2272 1858 2394 1912 Non
2426 1857 2560 1912 licet
2577 1856 2842 1927 diacono,
2861 1857 2988 1913 velo
3015 1856 3107 1912 vel
3125 1856 3282 1928 palla
3312 1858 3572 1931 scapulas
3592 1873 3728 1914 suas
3751 1857 3842 1914 in-

464 1971 628 2022 cere;
660 1955 761 2010 sed
816 1973 1174 2028 quascunque
1200 1957 1379 2012 homo
1414 1957 1604 2012 facere
1640 1957 1778 2024 vult,
1810 1954 2005 2011 omnia
2037 1953 2099 2009 in

466 2048 701 2104 nomine
728 2049 959 2105 Domini
986 2050 1177 2105 faciat.

1274 2145 1339 2199 V.

533 2236 784 2292 Omnino
806 2240 863 2292 et
884 2236 1037 2292 inter
1055 2236 1410 2309 supradictas
1437 2235 1816 2304 conditiones,
1846 2233 2096 2307 pervigi-

463 2328 587 2397 lias,
608 2346 749 2401 quas
774 2330 833 2385 in
854 2331 1077 2386 honore
1098 2330 1302 2387 domni
1320 2329 1546 2387 Martini
1571 2330 1896 2397 observant,
1918 2327 2101 2383 omni-

468 2423 656 2479 modis
682 2424 1006 2496 prohibete.

1239 2518 1326 2571 Vl.

538 2612 611 2665 Ut
662 2628 696 2666 a
732 2611 925 2666 media
982 2609 1438 2681 Quadragesima
1480 2606 1802 2681 presbyteri
1849 2606 2104 2663 chrisma

468 2707 709 2776 petant:
752 2708 812 2760 et
832 2705 877 2760 si
907 2705 1034 2776 quis
1075 2704 1414 2759 infirmitate
1446 2703 1718 2758 detentus
1757 2700 1955 2756 venire
1986 2718 2105 2756 non

468 2798 740 2869 potuerit,
791 2799 864 2853 ad
891 2797 1362 2853 archidiaconum
1384 2812 1571 2864 suum,
1599 2796 1687 2849 vel
1710 2794 2101 2849 archisubdia-

469 2907 681 2947 conum
710 2892 732 2927 ³
759 2891 1132 2959 transmittat,
1160 2891 1261 2947 sed
1290 2907 1424 2945 cum
1455 2887 1793 2944 chrismario
1822 2892 1879 2943 et
1902 2887 2103 2955 linteo,

470 2985 616 3040 sicut
645 2985 901 3057 reliquias
933 2989 1263 3040 sanctorum
1290 2981 1586 3055 deportari
1612 2983 1818 3037 solent.

1244 3077 1352 3131 VII.

543 3172 614 3227 Ut
640 3172 834 3251 medio
860 3171 1003 3227 Maio
1044 3187 1246 3227 omnes
1284 3168 1603 3243 presbyteri
1628 3168 1702 3223 ad
1724 3167 2008 3239 synodum
2046 3167 2105 3221 in

472 3265 762 3321 civitatem
788 3265 1044 3333 veniant,
1064 3263 1403 3320 etKalendis
1425 3262 1765 3319 Novembris
1786 3277 1989 3318 omnes
2010 3260 2107 3316 ab-

471 3365 635 3420 bates
654 3363 729 3418 ad
755 3362 1063 3419 concilium
1090 3362 1453 3418 conveniant.

1212 3455 1351 3508 VIII.

536 3552 661 3606 Non
696 3550 828 3605 licet
864 3549 924 3603 in
955 3548 1158 3604 altario
1197 3548 1258 3602 in
1287 3545 1509 3601 sacriﬁo
1555 3545 1746 3601 divino
1797 3545 2107 3613 mellitum,

475 3644 629 3717 quod
661 3645 914 3699 mulsum
945 3643 1258 3714 appellant,
1295 3656 1402 3695 nec
1427 3640 1609 3693 ullum
1650 3638 1806 3693 aliud
1841 3639 2111 3710 poculum

475 3742 634 3793 extra
685 3738 881 3791 vinum
926 3752 1058 3791 cum
1107 3750 1258 3805 aqua
1300 3732 1546 3787 mixtum
1599 3731 1828 3797 offerre,
1857 3731 1994 3802 quia
2037 3730 2112 3786 ad

474 3831 695 3904 grande
721 3833 947 3885 reatum
970 3832 1028 3883 et
1046 3830 1348 3899 peccatum
1372 3825 1626 3898 pertinet
1638 3824 1973 3896 presbytero
2004 3823 2108 3891 illi,

473 3925 798 3997 quicunque
826 3921 983 3977 aliud
1017 3921 1289 3993 poculum
1312 3923 1470 3975 extra
1490 3918 1691 3972 vinum
1722 3918 1782 3972 in
1812 3933 2110 3972 consecra-

473 4018 697 4073 tionem
722 4013 1019 4086 sanguinis
1040 4013 1248 4071 Christi
1271 4012 1476 4068 offerre
1507 4010 1961 4084 praesumpserit.
2038 4086 2041 4089 ἢ

1240 4108 1320 4162 lX.

544 4207 669 4261 Non
694 4203 827 4258 licet
849 4202 911 4257 in
936 4199 1176 4257 ecclesia
1196 4200 1403 4256 choros
1429 4195 1809 4264 saecularium,
1841 4197 1929 4251 vel
1957 4198 2116 4269 puel-

475 4301 665 4354 larum
711 4296 935 4353 cantica
982 4309 1248 4351 exercere
1273 4336 1287 4362 ,
1335 4309 1441 4348 nec
1484 4290 1743 4346 convivia
1781 4290 1843 4345 in
1875 4290 2114 4345 ecclesia

2201 1950 2367 2007 volvi.

2956 2022 3069 2077 XIV

2272 2112 2396 2167 Non
2427 2112 2561 2169 licet
2582 2112 2644 2168 in
2673 2110 3010 2185 baptisterio
3034 2127 3283 2185 corpora
3310 2111 3560 2184 sepeliri.

2274 2296 2398 2350 Non
2431 2295 2561 2351 licet
2584 2297 2882 2350 mortuum
2913 2206 3087 2365 313:;
3110 2297 3410 2350 mortuum
3442 2294 3617 2351 mitti.

2960 2388 3091 2443 XVI.

2274 2480 2400 2534 Non
2452 2476 2588 2533 licet
2622 2477 2716 2532 die
2755 2476 3055 2533 Dominico
3101 2476 3276 2533 boves
3299 2478 3574 2551 jungere,
3596 2482 3688 2536 vel
3738 2481 3851 2536 alia

2205 2588 2382 2645 opera
2412 2587 2699 2639 exercere,
2730 2570 2839 2626 nisi
2862 2587 2969 2643 pro
2992 2570 3178 2628 causis
3210 2572 3553 2628 constitutis.

2947 2666 3101 2721 XVII.

2274 2755 2606 2827 Quicunque
2652 2770 2712 2808 se
2739 2751 2976 2825 propria
3003 2754 3299 2810 voluntate
3339 2753 3401 2809 in
3438 2754 3581 2826 [aut]
3632 2771 3856 2827 aquam

2200 2848 2525 2921 jactaverit,
2554 2849 2653 2902 aut
2678 2846 2892 2901 collum
2929 2846 3212 2917 ligaverit,
3244 2849 3345 2902 aut
3370 2846 3443 2901 de
3473 2847 3683 2902 arbore
3703 2864 3857 2919 prae-

2206 2942 2543 3014 cipitaverit,
2567 2944 2667 2995 aut
2694 2940 2847 2995 ferro
2886 2939 3250 3011 percusserit,
3284 2942 3385 2995 aut
3408 2940 3671 3012 qualibet
3694 2957 3863 2997 occa-

2205 3035 2367 3091 sione
2390 3033 2730 3090 voluntariaa
2761 3049 2820 3087 se
2862 3033 3040 3088 morti
3063 3033 3389 3101 tradiderit,
3417 3033 3662 3089 istorum
3684 3034 3851 3090 obla-

2205 3130 2285 3185 tio
2314 3146 2432 3184 non
2456 3127 2790 3200 recipiatur.
2818 3125 3145 3198 (Capitular.
3175 3128 3213 3181 ι.
3236 3143 3334 3195 vn,
3365 3143 3410 3182 ο.
3435 3128 3557 3183 334.
3589 3131 3681 3185 Ivo
3692 3134 3860 3199 part.

2127 3206 2183 3280 C
2210 3226 2294 3295 lo,
2322 3239 2367 3278 ο.
2400 3226 2451 3292 5,
2485 3221 2561 3293 6.)

2279 3375 2405 3429 Non
2424 3372 2558 3427 licet
2576 3370 2792 3443 absque
2812 3291 3431 3426 Pascﬁllgolemnitate
3448 3371 3564 3426 ullo
3587 3373 3865 3443 tempore

2209 3466 2520 3539 baptizare,
2541 3464 2653 3520 nisi
2667 3464 2794 3519 illos
2815 3463 3022 3536 quibus
3039 3479 3197 3518 mors
3216 3462 3403 3519 vicina
3425 3469 3530 3531 est,
3553 3481 3700 3536 quos
3719 3481 3863 3537 gra-

2208 3560 2460 3615 batarios
2490 3558 2704 3613 dicunt.
2728 3556 2896 3622 Quod
2921 3556 2967 3611 si
2989 3556 3116 3627 quis
3136 3555 3195 3610 in
3214 3556 3327 3611 alio
3357 3574 3531 3629 pago,
3553 3562 3868 3614 contuma-

2211 3654 2299 3709 cia
2328 3653 2596 3721 faciente,
2628 3654 2760 3723 post
2786 3648 3162 3706 interdictum
3190 3650 3302 3704 hoc
3331 3650 3586 3705 infantes
3615 3668 3754 3706 suos
3785 3654 3867 3707 ad

2209 3746 2563 3818 baptismum
2605 3743 2877 3800 detulerit
2900 3743 2961 3797 in
2992 3741 3261 3797 ecclesias
3288 3748 3533 3812 nostras,
3559 3761 3681 3800 non
3706 3747 3861 3801 reci-

2210 3840 2444 3913 piantur
2464 3855 2644 3911 usque
2666 3838 2741 3893 ad
2768 3834 3239 3893 satisfactionem.
3264 3838 3333 3891 Et
3348 3837 3678 3909 quicunque
3703 3855 3867 3910 pres-

2210 3934 2374 4006 byter
2402 3933 2552 4005 ipsos
2576 3935 2736 3988 extra
2750 3937 3011 3988 nostrum
3037 3931 3385 4005 permissum
3414 3931 3669 4003 recipere
3702 3949 3861 4004 prae-

2211 4026 2537 4099 sumpserit,
2560 4025 2741 4081 tribus
2770 4027 3066 4082 mensibus
3094 4043 3129 4081 a
3157 4023 3571 4081 communione
3600 4026 3864 4082 ecclesia:

2215 4124 2606 4195 sequestratus
2635 4121 2725 4176 sit.

3007 4192 3134 4247 XIX.

2284 4285 2409 4339 Non
2430 4281 2563 4337 licet
2581 4280 2939 4354 presbytero,
2957 4285 3056 4336 aut
3071 4278 3337 4349 diacono,
3361 4281 3462 4335 aut
3481 4276 3855 4345 subdiacono,

1650 4454 1851 4510 NOTIE
1886 4454 2117 4513 JACOBI
2156 4448 2487 4509 SIRMONDI
2525 4447 2581 4503 S.
2621 4447 2670 4502 J.

549 4592 564 4625 ¹
598 4591 836 4646 Sanctus
863 4587 1078 4660 Eligius
1108 4586 1167 4640 in
1201 4584 1409 4660 eodem
1432 4600 1701 4660 sermone
1731 4601 1743 4639 :
1794 4584 2109 4660 «_Arbores,

477 4678 621 4733 quas
661 4660 906 4715 sacrivos
932 4654 1163 4733 vocant,
1194 4655 1499 4733 succidite;
1527 4656 1745 4733 pedum
1786 4654 2114 4733 similitudi-

479 4725 601 4799 nes,
635 4748 774 4812 quas
789 4748 907 4812 per
932 4729 1114 4784 bivios
1141 4731 1404 4812 ‘ponunt,
1434 4725 1559 4782 ﬁeri
1588 4730 1796 4795 vetate,
1829 4729 1887 4781 et
1906 4726 2005 4780 ubi
2035 4725 2118 4781 in-

480 4802 752 4884 veneritis
783 4802 920 4884 igne
939 4802 1214 4884 cremate.
1251 4819 1279 4848 »

544 4873 566 4907 ²
586 4868 839 4945 ναιεᾶᾷ
857 4874 1218 4945 characteres;
1269 4868 1371 4923 sed
1398 4870 1650 4945 caragios
1666 4868 1892 4945 habent
1917 4882 2121 4945 omnes

474 4939 1015 5017 antiquiITilianus,
1057 4940 1472 4997 Bellovacensis
1503 4956 1567 4994 ac
1594 4939 1943 4996 Pithoeanus.
1976 4940 2117 4993 Item

2216 4584 2274 4636 et
2318 4581 2547 4633 sanctus
2600 4575 2846 4648 Eligius;
2901 4596 2930 4624 «
2958 4575 3082 4629 Non
3122 4571 3385 4648 caragios
3428 4568 3855 4648 promittentes,

2219 4666 2344 4722 quas
2357 4650 2586 4722 explere
2617 4639 2736 4705 non
2759 4647 2972 4714 valent,
3002 4661 3118 4722 non
3143 4639 3515 4722 divinos,n_on_
3536 4639 3865 4722 sortilegos,

2219 4710 2351 4789 6a.,
2377 4710 2677 4775 consulere
2698 4710 3085 4789 praesumatis,
3104 4737 3132 4766 ››
3155 4719 3214 4771 et
3235 4716 3464 4769 sanctus
3488 4710 3863 4783 Augustinus,

2220 4808 2490 4847 sermone
2518 4792 2643 4856 241,
2679 4792 2750 4845 de
2783 4792 3062 4859 tempore.

2293 4865 2315 4899 ⁸
2335 4863 2687 4929 Pithoeanus,
2720 4859 3283 4915 subarchidiaconum.

1770 5085 1972 5141 ΝΟΤᾸΞ
2012 5084 2329 5140 SEVERINI
2372 5083 2555 5137 BINII.

600 5207 988 5263 Prohibentur
1009 5205 1224 5278 vigiliae
1257 5222 1385 5278 quae
1409 5221 1540 5278 cum
1567 5204 1822 5278 quadam
1847 5202 2118 5278 supersti-

476 5281 638 5336 tione
671 5294 846 5351 quam
867 5274 1183 5351 admixtam
1209 5274 1507 5351 habebant
1525 5274 1844 5351 inﬁ-privatis
1857 5274 2126 5351 domibus

476 5351 603 5407 fieri
631 5346 1051 5421 consueverant
1097 5348 1254 5421 (Cap.
1287 5351 1353 5402 3:
1387 5349 1516 5421 Quae
1552 5348 1762 5421 uigiliae
1801 5346 2128 5421 prohibeam

482 5423 613 5492 tur).
649 5422 790 5476 Cum
817 5420 975 5475 enim
1006 5417 1354 5492 immediate
1371 5420 1507 5492 ante
1537 5417 1771 5492 dixisset
1802 5417 1820 5492 ξ
1843 5421 1963 5476 Νοη
2008 5418 2129 5492 licet

478 5489 766 5549 conventus
793 5494 853 5546 in
884 5491 1133 5547 domibus
1159 5490 1405 5561 propriis
1442 5491 1646 5555 facere,
1689 5489 2128 5561 subjunxerunt,

474 5581 565 5620 nec
588 5565 806 5632 vigilias
835 5565 893 5617 in
918 5559 1313 5630 festivitatibus
1343 5565 1670 5632 sanctorum.
1694 5561 1762 5613 Et
1774 5559 1950 5632 Paulo
1967 5561 2126 5632 post:

474 5636 569 5691 sed
595 5631 900 5703 quicunque
926 5639 1108 5688 votum
1137 5633 1410 5694 habuerit,
1444 5632 1503 5684 in
1528 5631 1745 5703 ecclesia
1783 5631 1992 5703 vigilet.
2049 5631 2133 5684 Ita

478 5699 852 5775 intelligenda
903 5709 1037 5760 sunt
1075 5720 1203 5775 quae
1232 5703 1325 5775 de
1374 5699 1777 5775 superstitiosa
1806 5700 2133 5775 vigiliarum

481 5769 882 5830 observatione
900 5769 1127 5830 canone
1147 5774 1354 5844 quinto
1374 5769 1685 5844 habentur.
1709 5771 1838 5825 Hmc
1855 5769 2133 5844 expositio

485 5844 887 5914 confirmatur,
917 5862 986 5899 eo
1035 5840 1402 5914 argumento,
1455 5842 1611 5914 quod
1662 5843 1856 5914 Patres
1905 5840 2135 5896 concilii

486 5912 837 5966 Matisconen
847 5913 924 5967 sis
940 5930 1000 5982 ιι,
1028 5912 1350 5985 quemlibet
1365 5912 1522 5969 diem
1538 5913 1899 5969 Dominicum
1920 5927 2132 5986 praece-

2226 5199 2494 5255 dentibus
2524 5196 2819 5253 nocturnis
2844 5192 3052 5265 vigiliis
3072 5209 3106 5247 a
3136 5189 3407 5266 fidelibus
3432 5186 3713 5266 celebrari
3740 5183 3880 5240 con’

2226 5272 2534 5326 stituerint.
2564 5268 2731 5334 Quod
2759 5257 3058 5322 decrétum
3075 5259 3441 5335 provincialis
3467 5257 3713 5335 concilii,
3735 5273 3878 5311 cum

2224 5342 2346 5413 ipse
2394 5330 2791 5413 Aunacharius
2845 5330 3359 5413 Autissiodorcnsis
3414 5330 3717 5413 episcopus
3769 5344 3881 5413 sua

2226 5402 2538 5485 praesentia
2564 5417 2619 5466 et
2664 5407 3082 5485 subscriptione
3133 5402 3753 5485 conﬁrmaverit,q_non
3789 5402 3883 5485 est

2228 5468 2550 5561 probabile,
2593 5486 2657 5561 ut
2687 5468 2951 5561 pentina
3000 5468 3885 5561 dimcesanum_c2ncili_um__illi

2231 5544 2623 5611 Eonstitutioni
2651 5544 2867 5624 aliquid
2894 5549 3235 5624 derogatum
3258 5544 3522 5624 voluerit,
3555 5556 3691 5624 cum
3710 5556 3883 5624 prae-

2232 5610 2431 5682 sertim
2460 5641 2683 5681 canone
2715 5610 3020 5677 uhdecimo
3040 5610 3234 5692 :hujus
3268 5611 3513 5692 concilii,
3555 5610 3629 5666 de
3671 5610 3884 5692 vigiliis

2232 5699 2466 5754 Paschae
2512 5687 3116 5767 religioseAservandis
3141 5684 3569 5767 sanctissimam
3600 5684 3883 5767 constitu-

2234 5770 2455 5825 tionem
2487 5754 2751 5823 edidérit.
2783 5763 2970 5828 Quam
2998 5761 3271 5830 frequens
3292 5755 3465 5810 fuerit
3479 5754 3591 5832 hoc
3618 5756 3884 5832 tempore

2238 5824 2372 5911 usus
2398 5839 2723 5911 vigiliarum
2841 5833 3043 5911 Gallia,
3076 5824 3142 5884 ex
3165 5843 3389 5911 canone
3427 5825 3621 5898 primo
3653 5824 3884 5879 concilii

2237 5902 2666 5968 Matiscownensis
2691 5906 2826 5963 satis
2856 5903 3077 5979 liquido
3107 5902 3364 5975 apparet.
