4016 6240
106 391 196 442 765
1597 379 1918 434 CANONES.

103 499 214 566 post
240 493 529 562 acceptum
559 489 748 544 cibum
786 489 872 544 vel
908 489 1173 560 poculum
1212 488 1407 542 missas
1453 490 1710 555 tractare,
1737 497 1796 570 Α
1977 478 1979 480 ’

103 591 186 643 aut
212 587 268 642 in
287 584 514 640 ecclesia.
541 584 680 638 dum
706 583 892 637 missae
924 583 1192 637 dicuntur
1217 585 1383 636 stare.

844 678 945 731 XX.

161 773 306 838 Quod
334 772 377 826 si
407 773 719 843 presbyter,
753 770 906 842 quod
929 769 1081 824 nefas
1101 773 1186 824 est
1212 769 1418 837 dicere,
1468 771 1568 821 aut
1595 765 1715 820 dia-

104 883 276 933 conus,
305 871 402 921 aut
442 865 838 934 subdiaconus,
878 868 1004 935 post
1041 867 1329 933 acceptam
1364 860 1714 916 benedictio-

107 976 242 1029 nem,
270 960 508 1014 infantes
528 958 926 1030 procreaverit,
949 956 1396 1012 autadulterium
1419 953 1714 1009 commise-

3350 381 3449 434 766

2518 487 2730 545 XXXIV.

1888 583 2008 636 Non
2030 583 2158 636 licet
2185 582 2514 654 presbytero
2539 583 2597 636 in
2621 581 2836 653 judicio
2866 581 2962 636 illo
2983 584 3153 648 stare,
3173 580 3321 635 unde
3341 581 3445 636 ho-

1820 693 1913 731 mo
1944 677 2016 732 ad
2047 680 2288 732 mortem
2314 677 2586 732 tradatur.

2539 770 2733 826 XXXV.

1890 865 2010 918 Non
2055 863 2185 919 licet
2215 863 2561 935 presbytero,
2603 869 2702 919 aut
2748 863 3002 932 diacono,
3042 863 3128 918 vel
3182 863 3451 935 cuiquam

1819 957 2174 1025 clericorum,
2201 958 2270 1012 de
2297 957 2546 1028 qualibet
2582 973 2745 1012 causa
2770 956 3145 1012 conclericum
3171 973 3335 1012 suum
3375 956 3445 1011 ad

107 1055 186 1119 rit,
210 1059 262 1108 et
290 1053 742 1124 archipresbyter
769 1053 876 1106 hoc
906 1051 1166 1122 episcopo
1196 1054 1296 1104 aut
1323 1047 1717 1103 archidiacono
1811 1048 2062 1122 judicem
2093 1051 2419 1106 saecularem
2446 1051 2690 1105 trahere.

109 1163 206 1202 non
223 1147 534 1201 innotuerit
563 1147 608 1200 si
639 1146 760 1214 scit,
801 1146 1024 1216 integro
1057 1161 1208 1198 anno
1248 1159 1362 1197 non
1397 1141 1716 1196 communi-

110 1247 199 1307 cet,
224 1241 302 1295 illi
334 1257 459 1296 vero
491 1240 591 1311 qui
621 1241 726 1294 hoc
757 1238 1146 1293 commiserint
1173 1237 1545 1308 deponantur.

834 1334 961 1387 XXI.

169 1430 277 1482 Non
305 1428 433 1482 licet
449 1427 1222 1498 presbytero,postacceptam
1243 1422 1714 1488 benedictionem,

110 1522 159 1574 in
179 1537 281 1574 uno
296 1524 443 1575 tecto
457 1536 588 1574 cum
615 1520 943 1591 presbytera
969 1535 1069 1573 sua
1088 1518 1354 1586 dormire,
1382 1532 1486 1571 nec
1514 1515 1572 1569 in
1594 1531 1720 1586 pec-

109 1617 214 1669 cato
241 1614 445 1669 carnali
477 1613 722 1683 misceri,
754 1628 857 1668 nec
895 1613 1151 1679 diacono,
1209 1613 1309 1666 aut
1351 1609 1714 1665 subdiacono.

823 1707 972 1761 XXII.

171 1803 280 1856 Non
302 1803 428 1857 licet
455 1801 669 1856 relictae
698 1799 1033 1872 presbyteri,
1071 1815 1174 1853 nec
1221 1797 1430 1853 relicta:
1471 1797 1716 1864 diaconi,

111 1912 200 1952 nec
223 1896 562 1965 subdiaconi,
591 1898 719 1966 post
739 1895 861 1965 ejus
881 1896 1127 1948 mortem
1157 1893 1428 1948 maritum
1445 1891 1715 1963 accipere.
1741 1863 1795 1935 Β
1819 1913 1952 1951 cum
1984 1913 2050 1952 eo
2075 1897 2265 1952 cibum
2292 1913 2535 1952 sumere.

819 1989 992 2042 XXIII.

173 2085 222 2139 Si
265 2083 575 2138 monachus
602 2083 659 2137 in
685 2081 1027 2136 monasterio
1053 2079 1395 2135 adulterium
1430 2078 1720 2134 commise-

111 2179 188 2245 rit,
220 2182 311 2232 aut
332 2177 615 2249 peculiare
639 2176 849 2231 habere
870 2173 1320 2246 praesumpserit,
1354 2177 1452 2227 aut
1502 2173 1720 2226 furtum

111 2271 296 2338 fecerit,
339 2276 394 2327 et
424 2273 534 2326 hoc
578 2270 747 2324 abbas
791 2286 892 2340 per
933 2285 990 2322 se
1020 2284 1136 2322 non
1175 2266 1572 2335 emendaverit,
1623 2270 1722 2319 aut

111 2363 361 2435 episcopo,
390 2368 491 2417 aut
513 2362 906 2418 archidiacono
940 2378 1055 2416 non
1084 2359 1416 2428 innotuerit,
1448 2359 1518 2413 ad
1545 2358 1718 2429 poeni-

112 2457 321 2512 tentiam
349 2458 632 2529 agendam
669 2456 727 2511 in
753 2456 863 2510 alio
891 2454 1229 2510 monasterio
1256 2453 1600 2509 retrudatur.

814 2549 966 2604 XXIV
976 2590 988 2604 .

169 2645 276 2698 Non
303 2644 429 2700 licet
452 2643 661 2709 abbati,
693 2659 795 2697 nec
825 2643 1122 2709 monacho,
1149 2641 1219 2696 ad
1248 2639 1475 2713 nuptias
1517 2638 1716 2694 ambu-

110 2736 212 2792 lare
240 2736 328 2809 (De
347 2753 574 2800 consec.,
599 2738 728 2791 dist.
761 2737 836 2807 4).

835 2830 984 2884 XXV.

169 2925 278 2978 Non
323 2925 453 2980 licet
499 2923 688 2979 abbati
718 2924 863 2978 ﬁlios
915 2923 985 2978 de
1026 2922 1304 2995 baptismo
1357 2921 1588 2986 habere,
1612 2934 1716 2974 nec

109 3019 372 3074 monachis
399 3022 738 3074 commatres
766 3018 996 3072 habere.

815 3112 988 3166 XXVI.

170 3207 314 3269 Quod
340 3207 384 3260 si
408 3207 537 3278 quis
557 3206 728 3260 abbas
743 3204 1047 3259 mulierem
1070 3202 1128 3256 in
1149 3199 1489 3256 monasterio
1516 3215 1616 3253 suo
1636 3199 1720 3252 in-
1742 3228 1797 3302 Ο

113 3299 252 3368 gredi
285 3300 624 3371 permiserit,
652 3304 750 3353 aut
773 3297 1100 3353 festivitates
1129 3295 1345 3366 aliquas
1375 3293 1453 3348 ibi
1472 3297 1723 3364 spectare

117 3389 453 3466 [exspectare]
485 3392 839 3464 praeceperit,
868 3391 1048 3446 tribus
1072 3388 1362 3444 mensibus
1388 3386 1447 3442 in
1475 3386 1582 3442 alio
1597 3401 1720 3441 mo-

112 3486 330 3541 nasterio
348 3487 694 3555 re'trudatur,
728 3500 875 3557 pane
900 3489 956 3538 et
982 3499 1129 3554 aqua
1153 3484 1470 3537 contentus.

795 3579 998 3632 XXVII.

172 3673 283 3728 Non
296 3673 422 3729 licet
436 3677 504 3729 ut
517 3672 719 3744 aliquis
733 3688 891 3726 suam
904 3685 1204 3725 novercam
1217 3667 1452 3739 accipiat
1463 3683 1720 3722 uxorem.

789 3765 1009 3820 XXVIII.

172 3860 280 3914 Non
302 3860 428 3915 licet
450 3864 518 3914 ut
546 3859 724 3913 filiam
753 3857 945 3912 uxoris
975 3873 1089 3911 sua:
1111 3854 1238 3928 quis
1262 3853 1518 3924 accipiat.

812 3951 976 4005 XXIX.

173 4045 282 4098 Non
311 4046 439 4101 licet
464 4049 529 4100 ut
552 4043 812 4099 relictam
836 4042 1027 4099 fratris
1053 4040 1139 4095 sui
1170 4040 1298 4113 quis
1321 4040 1382 4094 in
1421 4038 1719 4094 matrimo-

113 4137 253 4193 nium
276 4139 457 4194 ducat.

836 4230 982 4284 XXX.

173 4325 282 4379 Non
310 4325 435 4381 licet
461 4325 600 4379 duas
625 4339 864 4392 sorores,
899 4323 945 4377 si
974 4337 1085 4376 una
1109 4324 1336 4375 mortua
1359 4318 1551 4386 fuerit,
1591 4318 1724 4374 alte-

115 4431 217 4470 ram
245 4418 302 4472 in
331 4417 664 4490 conjugium
691 4415 964 4487 accipere.

817 4509 985 4563 XXXI.

2506 1146 2716 1200 XXXVI.

1890 1240 2010 1294 Non
2036 1239 2168 1295 licet
2193 1239 2417 1295 mulieri
2444 1239 2598 1295 nuda
2636 1255 2811 1294 manu
2850 1237 3252 1294 Eucharistiam
3298 1239 3444 1293 acci-

1821 1350 1976 1404 pere.

2515 1429 2756 1484 XXXVII.

1890 1523 2013 1576 Non
2043 1521 2171 1576 licet
2195 1521 2417 1578 mulieri
2446 1538 2683 1577 manum
2703 1538 2866 1577 suam
2905 1521 2974 1576 ad
3017 1522 3226 1594 pallam
3265 1521 3446 1576 domi-

1818 1616 2004 1671 nicam
2031 1616 2280 1672 mittere.

2501 1711 2772 1766 XXXVIII.

1888 1804 2008 1857 Non
2036 1803 2169 1858 licet
2196 1819 2327 1857 cum
2354 1804 2844 1860 excommunicato
2873 1803 3316 1872 communicare,
3345 1819 3449 1858 nec

2523 1991 2748 2046 XXXIX.

1892 2084 1952 2138 Si
1981 2085 2106 2154 quis
2151 2084 2463 2155 presbyter,
2505 2088 2604 2138 aut
2649 2083 2884 2156 quilibet
2935 2085 3003 2138 de
3052 2084 3225 2151 clero,
3257 2088 3354 2138 aut
3380 2084 3451 2137 de

1820 2178 2052 2248 populo,
2085 2177 2635 2232 excommunicatum
2679 2178 2890 2249 absque
2920 2177 3204 2232 voluntate
3248 2176 3444 2247 ipsius,

1820 2271 1918 2341 qui
1944 2287 2076 2325 eum
2102 2271 2632 2340 excommunicavit,
2659 2271 2837 2325 sciens
2866 2270 3159 2342 receperit,
3190 2273 3289 2324 aut
3317 2285 3447 2324 cum

1819 2363 1915 2418 illo
1963 2381 2169 2436 panem
2221 2364 2662 2434 manducaverit,
2696 2365 2781 2419 vel
2835 2363 3183 2436 colloquium
3237 2363 3448 2418 habere

1821 2457 2148 2528 decreverit,
2178 2458 2348 2513 simili
2374 2458 2666 2515 sententiae
2692 2456 3020 2529 subjacebit.

2580 2552 2684 2606 XL.

1891 2647 2014 2701 Non
2069 2646 2199 2702 licet
2237 2646 2562 2718 presbytero
2606 2645 2753 2701 inter
2813 2644 3006 2716 epulas
3069 2645 3295 2699 cantare
3358 2641 3447 2696 vel

1820 2740 2041 2796 saltare.

2572 2835 2704 2890 XLI.

1893 2928 2014 2981 Non
2042 2925 2172 2982 licet
2199 2926 2546 2998 presbytero,
2575 2943 2680 2982 nec
2706 2927 2964 2992 diacono,
2985 2938 3334 2996 quemquam
3359 2920 3448 2975 in-

1821 3019 2094 3088 scribere;
2146 3020 2242 3074 sed
2282 3020 2343 3074 in
2384 3019 2503 3075 vice
2547 3037 2648 3075 sua
2691 3020 2738 3074 si
2783 3035 3012 3074 causam
3045 3015 3326 3084 habuerit,
3354 3017 3453 3069 aut

1818 3113 2076 3182 fratrem,
2103 3116 2203 3168 aut
2219 3129 2616 3185 quemcunque
2645 3113 2974 3169 saecularem
3002 3113 3184 3182 roget.

2557 3207 2711 3262 XLII.

1896 3299 1961 3352 Et
1985 3314 2337 3371 unaquaeque
2363 3299 2591 3370 mulier,
2634 3299 2860 3372 quando
2904 3294 3302 3362 communicat,
3347 3294 3449 3349 do-

1823 3391 2150 3447 minicalem
2193 3391 2348 3461 (Can.
2391 3391 2476 3461 42)
2526 3408 2694 3446 suum
2731 3390 3004 3446 habeat‘.
3046 3389 3205 3454 Quod
3252 3386 3297 3441 si
3341 3403 3454 3458 qua

1823 3499 1936 3538 non
1963 3483 2246 3555 habuerit,
2269 3501 2450 3556 usque
2479 3485 2538 3540 in
2563 3485 2741 3540 alium
2772 3484 2924 3539 diem
2951 3481 3306 3537 Dominicum
3338 3495 3453 3534 non

1823 3577 2222 3632 communicet.

2556 3672 2729 3726 XLIII.

1890 3763 2223 3834 Quicunque
2251 3763 2449 3834 judex,
2485 3769 2585 3818 aut
2626 3762 2932 3830 saecularis,
2981 3759 3328 3831 presbytero,
3355 3763 3456 3812 aut

1823 3855 2079 3923 diacono,
2096 3861 2195 3912 aut
2223 3857 2447 3912 cuilicet
2465 3858 2534 3912 de
2560 3858 2732 3926 clero,
2761 3859 2859 3910 aut
2888 3855 2957 3910 de
2977 3852 3300 3925 junioribus
3324 3851 3451 3905 abs-

1824 3965 1934 4020 que
1959 3951 2242 4004 voluntate
2271 3950 2536 4022 episcopi,
2566 3954 2664 4005 aut
2689 3946 3087 4016 archidiaconi,
3136 3945 3224 4000 vel
3265 3945 3452 4000 archi-

1823 4043 2157 4114 presbyteri,
2186 4043 2456 4114 injuriam
2482 4045 2692 4099 inferre
2715 4041 3160 4114 praesumpserit,
3198 4057 3346 4095 anno
3385 4040 3455 4093 ab

1826 4135 2085 4191 omnium
2096 4136 2544 4194 Christianorum
2557 4137 2835 4193 consortio
2847 4136 3122 4193 habeatur
3135 4139 3454 4190 extraneus.

2543 4232 2718 4288 XLIV.

1895 4323 1955 4378 Si
1981 4324 2109 4395 quis
2138 4341 2209 4379 ex
2238 4325 2601 4380 saecularibus
2638 4325 3052 4382 institutionem
3075 4325 3174 4376 aut
3195 4320 3453 4376 admoni-

1822 4415 2037 4472 tionem
2063 4417 2536 4490 archipresbyteri
2565 4419 2672 4489 sui,
2706 4417 3063 4475 contumacia
3081 4414 3340 4480 faciente,
3361 4429 3456 4467 au-

1822 4509 1944 4565 dire
1982 4511 2280 4581 distulerit,
2318 4512 2515 4567 tandiu
2565 4529 2598 4566 a
2630 4513 2923 4568 liminibus
2959 4513 3162 4564 sanctas
3210 4505 3456 4563 ecclesiae

175 4604 282 4658 Non
317 4606 447 4660 licet
481 4603 895 4671 consobrinam,
941 4601 1052 4656 hoc
1092 4605 1175 4655 est
1213 4615 1342 4671 quae
1389 4599 1458 4654 de
1502 4596 1799 4668 duohuSD
1822 4603 2095 4658 habeatur
2125 4609 2446 4673 extraneas,
2475 4605 2729 4676 quandiu
2758 4610 2872 4660 tam
2899 4602 3185 4658 salubrem
3227 4598 3452 4653 institu-

115 4694 374 4767 fratribus,
429 4703 529 4752 aut
563 4697 633 4752 de
675 4695 894 4750 duabus
939 4693 1223 4748 sororibus
1267 4695 1616 4764 procreatur,
1661 4691 1722 4744 in

115 4790 418 4861 conjugium
460 4790 746 4861 accipere:
786 4805 890 4843 nec
915 4787 1015 4858 qui
1053 4787 1121 4842 de
1154 4785 1290 4858 ipsis
1328 4785 1444 4840 nati
1488 4783 1719 4853 fuerint,

115 4878 162 4933 in
189 4885 442 4957 conjugio
473 4884 775 4939 socientur.

822 4975 1012 5030 XXXII.

175 5069 282 5125 Non
313 5071 441 5128 licet
464 5075 529 5126 ut
555 5085 733 5142 nepos
759 5067 1016 5123 avunculi
1043 5081 1281 5122 uxorem
1313 5063 1566 5135 accipiat.

790 5162 1008 5216 XXXIII.

174 5258 282 5313 Non
312 5259 438 5314 licet
463 5259 815 5332 presbytero,
855 5273 958 5312 nec
1001 5254 1253 5320 diacono,
1294 5253 1364 5308 ad
1395 5250 1723 5323 trepalium,

117 5348 196 5403 ubi
221 5352 298 5406 rei
327 5357 685 5424 torquentur,
719 5356 884 5405 stare.

1821 4696 2036 4750 tionem
2051 4695 2360 4767 adimplere
2389 4713 2504 4752 non
2523 4698 2824 4753 studuerit.
2843 4699 3073 4767 Insuper
3091 4698 3147 4748 et
3159 4692 3453 4762 muletam,

1821 4805 1995 4860 quam
2025 4788 2457 4859 gloriosissimus
2485 4791 2748 4847 dominus
2786 4807 2887 4846 rex
2925 4791 3202 4862 praecepto
3236 4802 3336 4842 suo
3363 4785 3453 4842 in-

1823 4881 2025 4948 stituit,
2055 4881 2346 4938 sustineat.

2558 4979 2708 5034 XLV.

1896 5063 1952 5119 Si
1979 5065 2106 5136 quis
2155 5065 2302 5120 hanc
2349 5065 2760 5136 deﬁnitionem,
2807 5084 2980 5140 quam
3020 5083 3090 5122 ex
3131 5063 3457 5120 auctoritate

1825 5157 2095 5212 canonica
2122 5161 2414 5215 communi
2439 5177 2718 5218 consensu
2747 5167 2803 5216 et
2817 5158 3204 5216 convenientia
3222 5155 3461 5211 conscri-

1825 5249 2041 5320 psimus
2069 5267 2134 5306 ac
2155 5251 2525 5325 instituimus,
2560 5259 2678 5310 tam
2705 5255 2776 5310 ad
2801 5255 3036 5321 clerum,
3065 5265 3237 5322 quam
3269 5249 3338 5302 ad
3365 5264 3460 5318 po-

1827 5342 2029 5412 pulum
2058 5348 2556 5418 commonendum,
2591 5350 2678 5405 vel
2708 5348 2781 5404 ad
2811 5347 2868 5403 id
2902 5345 3055 5419 quod
3089 5341 3460 5397 constitutum

1386 5515 1586 5570 ΝΟΤίΕ
1627 5513 1944 5573 SEVERINI
1985 5519 2162 5575 BINII.

173 5615 340 5682 'Quid
365 5637 467 5692 per
494 5615 1144 5692 dominicaleynintelligi
1175 5614 1393 5681 debeat,
1437 5611 1625 5692 accipe
1656 5627 1726 5666 ex

115 5695 286 5763 sancto
307 5682 639 5763 Aligustino,
671 5691 782 5763 qui!
799 5689 874 5763 de_
881 5689 990 5743 hoc
1010 5682 1129 5758 agit
1142 5701 1406 5763 sermone.
1421 5682 1725 5763 centesimo

115 5753 560 5834 QPinquagesimo
582 5753 825 5834 secundo
844 5760 913 5814 de
931 5753 1204 5834 tempore,
1227 5755 1321 5834 ubi
1338 5755 1416 5808 ait
1430 5771 1443 5807 :
1457 5776 1503 5834 ⁸‹‹
1517 5753 1727 5807 Omnes

115 5829 226 5894 viri,
247 5827 462 5902 quando
487 5832 903 5904 communicare
931 5827 1274 5904 desiderant,
1287 5827 1477 5904 lavent
1497 5840 1721 5904 manus,

117 5905 163 5952 et
189 5894 373 5958 omnes
402 5906 661 5962 mulieres
688 5902 863 5958 nitida
907 5899 1211 5955 exhibeant
1231 5895 1577 5963 linteamina,
1625 5894 1723 5951 ubi

1827 5630 2030 5687 corpus
2059 5618 2264 5673 Christi
2284 5619 2583 5690 accipiant,
2615 5643 2644 5671 »
2679 5626 2764 5676 etc
2791 5619 2886 5690 (α).

1888 5769 1956 5828 (α)
1991 5767 2177 5835 Errare
2206 5768 2291 5835 hic
2317 5769 2521 5821 videtur
2561 5772 2757 5835 Binius,
2798 5776 2855 5822 ut
2885 5771 2939 5822 in
2966 5767 3154 5821 nostris
3197 5763 3464 5818 Annotatis

1824 5828 2232 5881 observabimus.
2265 5832 2414 5882 LLBB.
