4016 6240
515 377 615 429 767

516 484 601 536 est
625 479 1091 548 conservandum,
1119 477 1417 549 negligens
1445 478 1709 532 inventus
1750 477 1936 546 fuerit,
1987 482 2043 532 et
2079 478 2150 531 ob
2173 492 2231 563 Α

513 574 621 628 hoc
649 575 944 628 observare
971 573 1270 638 distulerit,
1308 576 1406 624 aut
1437 587 1529 624 eos
1573 571 1670 642 qui
1718 571 1905 642 ipsum
1957 572 2152 625 audire

517 667 871 737 neglexerint
891 665 1155 720 celeravit
1172 669 1268 718 aut
1289 664 1682 734 suppresserit,
1723 668 1779 716 et
1803 664 1861 717 in
1888 664 2148 718 notitiam

516 759 765 831 episcopi
787 775 902 814 non
933 758 1272 828 deposuerit,
1321 773 1468 810 anno
1504 775 1537 810 a
1570 757 1850 811 consortio
1887 757 2148 823 fratrum,

516 853 603 907 vel
634 854 702 907 ab
731 852 985 907 omnium
1016 850 1464 906 Christianorum
1507 849 1907 905 communione
1950 849 2151 905 habea-

516 949 614 1001 tur
638 951 957 1001 extraneus.

1045 1037 1628 1094 SUBSCRIPTIONES.

587 1131 977 1187 Aunacharius
1005 1131 1065 1185 in
1095 1130 1190 1185 Dei
1216 1131 1446 1185 nomine
1477 1131 1770 1202 episcopus
1808 1129 2153 1185 constitutio-

515 1241 649 1282 nem
675 1226 820 1280 hanc
844 1223 1187 1297 [conﬁrmavi
1219 1225 1291 1298 et]
1324 1223 1646 1295 subscripsi.

585 1319 928 1374 Vinobaudis
957 1317 1371 1390 [Winebaudus]
1408 1317 1577 1372 abbas
1598 1316 1901 1387 subscripsi
1929 1301 1932 1304 ’

589 1412 909 1467 Baudonius
936 1411 1304 1483 [Baudoveus]
1331 1411 1504 1465 abbas
1530 1409 1851 1479 subscripsi.

589 1506 891 1560 Francolus
921 1504 1300 1577 [Frannulfusl
1336 1505 1507 1558 abbas
1536 1502 1858 1574 subscripsi.

587 1599 858 1655 Caasarius
884 1599 1054 1653 abbas
1081 1598 1404 1669 subscripsi.

587 1692 944 1749 Desideratus
975 1693 1145 1746 abbas
1173 1692 1497 1762 subscripsi.

589 1785 877 1841 Amandus
896 1785 1065 1839 abbas
1100 1785 1424 1857 subscripsi.

589 1879 877 1950 Tegredus
901 1879 1072 1933 abbas
1100 1879 1424 1948 subscripsi.

589 1972 829 2044 Vigilius
855 1972 1149 2043 presbyter
1178 1971 1503 2042 subscripsi.

589 2069 893 2140 Gregorius
923 2070 1216 2141 presbyter
1241 2068 1445 2140 [abbas]
1480 2068 1798 2140 subscripsi.

587 2163 853 2219 Claudius
881 2163 1178 2233 presbyter
1207 2161 1530 2233 subscripsi.

592 2256 840 2311 Anianus
871 2254 1147 2327 [Ananias]
1188 2255 1481 2326 presbyter
1507 2253 1830 2325 subscripsi.

593 2349 921 2420 Saupandus
946 2348 1240 2419 presbyter
1263 2347 1588 2418 subscripsi.

574 2441 930 2507 .Theodulfus
963 2441 1258 2511 presbyter
1283 2439 1607 2510 subscripsi.

589 2534 851 2589 Ruricius
875 2534 1170 2604 presbyter
1194 2533 1519 2603 subscripsi.

593 2625 894 2680 Niobaudis
920 2625 1214 2696 presbyter
1241 2625 1563 2697 subscripsi.

592 2719 868 2773 Antonius
890 2719 1180 2788 presbyter
1207 2718 1529 2788 subscripsi.

592 2812 865 2867 Sevardus
894 2811 1190 2882 presbyter
1217 2811 1544 2881 subscripsi.

589 2905 747 2959 Addo
772 2904 1064 2974 presbyter
1087 2903 1408 2974 subscripsi.

588 2996 871 3052 Sindulfus
902 2997 1196 3069 presbyter
1227 2995 1556 3066 subscripsi.

1268 370 1501 424 SANCTI
1539 369 1838 434 AUNARII,
1879 369 2508 425 ANTISSIODORENSIS
2546 369 2865 436 EPISCOPI,
2908 370 3112 424 EPIST.

3793 369 3900 422 768

2320 478 2602 534 Audovius
2630 478 2965 549 [Audoveus]
2993 477 3284 549 presbyter
3303 475 3632 550 subscripsi.

2320 571 2611 625 Medardus
2637 572 2931 642 presbyter
2960 570 3284 642 subscripsi.

2323 664 2623 718 Badericus
2652 665 2946 735 presbyter
2971 663 3294 734 subscripsi.

2319 757 2584 828 Syagrius
2605 758 2898 827 presbyter
2929 757 3253 828 subscripsi.

2323 851 2648 906 Friobaudis
2677 851 2974 922 presbyter
2999 850 3322 920 subscripsi.

2323 944 2591 998 Eominus
2619 944 2912 1015 presbyter
2937 943 3260 1014 subscripsi.

2321 1038 2566 1092 Elladius
2595 1038 2892 1108 presbyter
2918 1037 3242 1109 subscripsi.

2322 1131 2752 1186 Theodemodus
2783 1130 3080 1202 presbyter
3107 1129 3430 1201 subscripsi.

2325 1223 2637 1278 Launovius
2667 1223 2960 1294 presbyter
2985 1222 3308 1294 subscripsi.

2323 1315 2606 1370 Leonastis
2631 1316 2926 1387 presbyter
2954 1315 3282 1386 subscripsi.

2323 1409 2620 1465 Medardus
2649 1409 2941 1481 presbyter
2967 1408 3270 1480 subscripsi
3292 1425 3396 1480 per
3423 1407 3729 1464 diaconum
3756 1407 3899 1462 Leu-

2253 1502 2574 1574 degisilum.

2325 1595 2537 1651 Eunius
2567 1595 2862 1668 presbyter
2885 1595 3209 1667 subscripsi.

2323 1689 2614 1743 Filmatius
2641 1690 2939 1760 presbyter
2963 1689 3289 1760 subscripsi.

2325 1782 2650 1839 Nonnovius
2679 1783 2972 1854 presbyter
2995 1782 3319 1853 subscripsi.

2325 1877 2651 1931 Ballomeris
2680 1877 2976 1947 presbyter
3000 1875 3322 1946 subscripsi.

2321 1969 2725 2025 Romacharius
2749 1971 3045 2041 presbyter
3068 1968 3393 2040 subscripsi.

2321 2064 2617 2118 Medardus
2642 2063 2936 2134 presbyter
2961 2063 3282 2134 subscripsi.

2323 2156 2521 2212 Audila
2540 2157 2834 2227 presbyter
2862 2155 3185 2227 subscripsi.

2322 2250 2594 2305 Genulfus
2623 2249 2921 2320 presbyter
2949 2249 3273 2320 subscripsi.

2325 2342 2590 2414 Syagrius
2620 2341 2913 2414 presbyter
2938 2341 3262 2413 subscripsi.

2327 2435 2618 2492 Sindulfus
2642 2435 2939 2510 presbyter
2965 2435 3286 2506 subscripsi.

2325 2529 2663 2584 Vinobaudis
2691 2529 2988 2600 presbyter
3010 2527 3355 2600 subscripsi.‘

2325 2622 2590 2677 Barbario
2616 2622 2883 2677 diaconus
2914 2622 3238 2693 subscripsi.

2326 2716 2714 2787 Leudegisilus
2743 2715 3009 2770 diaconus
3033 2732 3138 2786 pro
3167 2715 3425 2770 Medardo
3446 2715 3771 2787 subscripsi.

2327 2812 2389 2864 In
2419 2811 2519 2863 hac
2547 2810 2752 2877 synodo
2778 2812 3006 2876 fuerunt
3049 2811 3360 2876 congregati
3406 2811 3688 2879 episcopus
3726 2826 3898 2872 unus,

2255 2903 2474 2957 abbates
2496 2907 2713 2971 septem,
2736 2904 3040 2972 presbyteri
3081 2903 3310 2971 triginta
3350 2907 3606 2971 quatuor,
3651 2903 3899 2965 diaconi,

2253 2997 2352 3065 qui
2378 2997 2436 3049 in
2461 2997 2574 3049 vice
2592 2997 3034 3064 presbyterorum
3044 2996 3499 3065 subscripserunt,
3525 3000 3630 3050 tres
3651 3001 3898 3051 tantum.

1234 3338 1518 3404 SANCTI
1560 3339 1918 3415 AUNARII,
1967 3339 2721 3406 AUTISSIODORENSIS
2765 3339 3158 3438 EPISCOPI,

680 3499 1466 3612 EPISTOLA
1563 3504 1768 3611 AD
1864 3502 2862 3613 STEPHANUM
2951 3503 3728 3612 ABBATEM

1610 3693 1750 3772 (Ea:
1791 3693 2124 3770 Bolland.,
2165 3694 2391 3775 prima
2433 3694 2539 3756 die
2582 3693 2804 3767 Maii.)

1204 3857 1366 3902 HUNC
1412 3856 1749 3903 HORTATUB
1792 3858 1872 3903 UT
1914 3857 2111 3903 VITAM
2157 3857 2377 3903 SANCTI
2421 3858 2736 3904 AMATORIS
2779 3857 3182 3904 CONSCRIBAT.

587 4101 959 4156 Dilectissimo
999 4106 1169 4174 atque
1214 4103 1600 4159 amantissimo
1643 4108 1700 4158 et
1742 4103 1964 4158 interno
2007 4103 2229 4192 mihic
2255 4104 2486 4176 quidam
2511 4107 2702 4160 autem
2732 4103 2991 4159 numeris
3021 4109 3092 4159 ’se
3134 4103 3490 4176 rhythmisve
3525 4120 3588 4158 ac
3631 4104 3896 4159 cantibus

513 4195 737 4249 vinculo
763 4195 1051 4250 charitatis
1076 4213 1332 4252 conuexo
1360 4198 1644 4268 Stephano
1675 4197 2025 4268 presbytero,
2044 4200 2156 4251 Au-

515 4292 706 4346 narius
731 4292 912 4363 gratia
939 4293 1033 4348 Dei
1065 4295 1380 4366 episcopus,
1413 4295 1473 4348 in
1507 4293 1748 4348 Domino
1776 4297 2052 4348 aeternam
2073 4310 2153 4348 sa-

513 4386 718 4440 lutem.

586 4481 719 4534 Tuae
742 4480 904 4534 nobis
931 4481 1202 4536 doctrinae
1223 4480 1416 4534 multis
1422 4480 1548 4551 jam
1578 4479 1981 4552 experimentis
2007 4496 2156 4535 com-

514 4573 748 4644 probata
797 4575 1103 4643 prudentia
1163 4573 1438 4644 compulit
1497 4591 1621 4643 nos,
1677 4574 1988 4645 quamdam
2043 4574 2155 4628 tuis

513 4665 767 4720 humeris
807 4666 1174 4745 imperiosam
1212 4683 1594 4738 superponere
1634 4667 2014 4736 sarcinulam;
2056 4667 2154 4720 sed

514 4775 639 4814 eam
664 4775 788 4829 qua:
809 4759 911 4814 tibi
939 4776 1053 4813 non
1095 4760 1166 4813 sit
1191 4760 1399 4827 oneris,
1429 4761 1526 4815 sed
1567 4760 1801 4816 honoris
1822 4778 1838 4830 ;
1884 4777 1989 4814 nec
2028 4775 2155 4830 qua:

517 4852 784 4906 deorsum
817 4852 1018 4924 iniquo
1065 4855 1314 4924 pondere
1363 4860 1604 4925 premat,
1658 4855 1757 4908 sed
1802 4871 1928 4925 quae
1966 4853 2155 4924 potius

513 4941 720 4995 coelum
743 4957 922 5012 usque
944 4943 1219 4997 sustollat.
1242 4943 1546 5014 Cognitum
1575 4942 1680 4998 tibi
1701 4946 1801 5011 est,
1824 4941 2151 4996 charissime

514 5032 706 5103 frater,
737 5037 794 5088 et
824 5051 953 5106 quae
984 5035 1056 5089 sit
1095 5036 1482 5090 humanarum
1525 5035 1808 5090 mentium
1841 5034 2152 5100 diversitas,

516 5131 571 5180 et
620 5127 1104 5198 quemadmodum
1145 5127 1204 5182 in
1266 5128 1450 5182 studia
1495 5128 1775 5182 contraria
1812 5144 1930 5181 non
1971 5127 2156 5181 solum

513 5219 686 5274 inane
713 5219 938 5291 vulgus,
972 5237 1168 5275 verum
1197 5221 1366 5275 etiam
1397 5221 1652 5275 universa
1681 5221 1971 5276 scindatur
1990 5221 2152 5276 nobi-

515 5311 664 5368 litas.
693 5315 762 5368 Et
793 5312 1026 5383 quidam
1053 5314 1283 5386 quidem
1313 5314 1567 5388 prosaico
1607 5314 1962 5370 oblectantur
1987 5315 2149 5386 stylo,

2253 4213 2520 4252 versuum
2551 4197 2814 4252 delectari
2843 4197 3110 4253 fatentur.
3141 4199 3308 4269 Ergo,
3353 4201 3419 4252 ut
3456 4197 3719 4251 omnium
3753 4199 3894 4252 votis

2253 4306 2630 4358 occurrerem,
2683 4295 2740 4345 et
2794 4291 2985 4345 nullus
3052 4307 3153 4344 suo
3201 4289 3478 4346 desiderio
3507 4291 3886 4358 fraudaretur,

2253 4383 2462 4453 placuit
2505 4383 2648 4436 mihi
2695 4387 2762 4437 ut
2812 4383 2952 4437 vitas
3000 4383 3458 4438 beatissimorum
3501 4383 3884 4438 confessorum

2254 4476 2528 4547 quasdam
2566 4476 2708 4547 pede
2749 4476 2927 4531 libero
2983 4477 3365 4546 describeres,
3425 4477 3706 4548 quasdam
3759 4494 3884 4532 vero

2253 4570 2377 4639 lege
2414 4569 2648 4623 metrica
2684 4569 2984 4640 impeditas
3030 4570 3356 4640 digereres:
3415 4569 3486 4623 ob
3539 4587 3713 4640 quam
3772 4587 3888 4624 rem

2255 4662 2485 4716 obsecro
2515 4661 2733 4716 unitam
2761 4663 2905 4716 mihi
2950 4667 3065 4717 tua;
3112 4663 3424 4717 dilectionis
3468 4663 3801 4730 amicitiam,
3838 4666 3899 4716 ut

2253 4755 2565 4809 beatissimi
2593 4756 2853 4810 Germani
2881 4755 3128 4827 episc0pi
3153 4756 3326 4811 vitam
3355 4756 3415 4810 in
3459 4773 3731 4811 versuum
3762 4773 3898 4828 qua-

2253 4847 2492 4918 litatem,
2516 4854 2864 4904 commutare
2890 4865 3006 4904 non
3036 4849 3298 4919 desistas;
3339 4850 3517 4905 sancti
3559 4867 3693 4905 vero
3729 4852 3902 4904 Ama-

2255 4941 2390 4997 toris
2419 4942 2669 5012 prosaica
2698 4942 3085 4997 modulatione
3135 4943 3448 5010 describas;
3498 4949 3564 4998 ut
3602 4947 3904 4999 sectatores

2254 5037 2574 5106 apostolica:
2627 5035 3047 5106 préedicatiouis
3089 5035 3301 5106 effecti,
3376 5037 3658 5092 omnibus
3709 5038 3904 5093 omnia

2258 5127 2592 5197 efﬁciamur,
2641 5132 2697 5183 et
2734 5129 2877 5182 nulli
2921 5129 3233 5201 quidquam
3287 5129 3622 5201 debeamus,
3675 5132 3788 5186 nisi
3844 5135 3904 5183 ut

2257 5221 2499 5276 invicem
2525 5222 2846 5293 diligamns.
2881 5222 3062 5278 Indivi
3087 5223 3408 5277 duammihi
3435 5224 3782 5280 charitatem
3810 5239 3899 5278 ve-

2256 5318 2433 5370 stram
2461 5314 2648 5370 divina
2673 5314 2950 5370 custodiat
2973 5316 3170 5388 pietas,
3199 5317 3536 5372 venerabilis
3561 5317 3761 5373 frater.
