4016 6240
107 439 3448 471 Mm

1381 575 1780 644 STEPHANI
1823 575 2165 644 ABBATIS
3066 601 3071 606 ·

116 757 981 889 EPISTOLA
1109 756 1343 887 AD
1472 757 2306 889 SANCTUM
2422 755 3446 914 AUNARIUM,

1262 985 1884 1031 AUTISSIODORENSEM
1923 972 2291 1032 EriscorUM.

166 1221 405 1277 Domino
431 1221 767 1277 beatissimo
795 1224 853 1276 et
876 1222 1198 1295 apostolicis
1227 1222 1422 1278 infulis
1448 1223 1721 1279 decorato
1743 1236 1803 1310 Α
1824 1224 2081 1280 assumit.
2100 1225 2302 1280 Nonne
2315 1223 2571 1277 ferarum
2594 1223 2924 1287 sectatores,
2943 1219 3194 1274 siminus
3207 1216 3457 1290 captiosa

106 1316 244 1370 Patri
268 1315 569 1388 spirituali,
596 1315 848 1371 Aunario
881 1316 1169 1388 episcopo,
1203 1316 1546 1389 Stephanus,
1595 1334 1719 1373 om-

108 1410 253 1465 nium
279 1425 579 1465 servorum
607 1409 814 1465 Christi
843 1410 1112 1465 famulus.

166 1509 418 1563 Decursis
456 1509 665 1563 litteris
706 1510 1062 1580 apostolatus
1117 1508 1308 1577 vestri,
1342 1509 1496 1581 quod
1544 1509 1724 1565 sancti

104 1602 355 1657 desiderii
384 1602 563 1658 ardor
610 1620 835 1658 summa
880 1604 1174 1659 alacritate
1224 1603 1551 1675 praetendit,
1599 1605 1722 1658 luce

104 1696 292 1750 clarius
328 1696 667 1768 approbavi.
714 1698 811 1752 Est
835 1713 975 1768 ergo
1004 1697 1326 1752 devotionis
1360 1703 1558 1752 vestras
1588 1714 1719 1768 pro-

102 1789 356 1860 positum,
372 1790 632 1845 virorum
650 1789 1181 1862 opinatissimorum
1201 1791 1475 1845 Germani
1491 1794 1723 1846 etAma-

100 1884 225 1937 toris
251 1883 474 1938 floridae
499 1883 629 1938 vitae
661 1884 883 1938 nobiles
917 1888 1076 1939 actus
1097 1884 1370 1952 describi;
1404 1884 1506 1939 sed
1528 1884 1602 1939 ad
1625 1901 1723 1939 eos

97 1974 410 2047 lepidissimi
444 1978 606 2032 callis
644 1978 815 2033 vestri
846 1977 1129 2050 dirigatur
1154 1978 1425 2046 intentio,
1459 1976 1557 2049 qui
1587 1994 1718 2049 pos-

105 2074 221 2123 sunt
244 2070 518 2125 virtutum
545 2071 764 2126 lumina
776 2071 1083 2143 mquiparis
1102 2071 1392 2126 afﬂatibus
1417 2071 1718 2143 inspicere.

105 2165 297 2218 Verum
328 2182 437 2236 ego
471 2164 655 2237 (cujus
704 2164 859 2219 iners
893 2164 1195 2237 ingenium
1245 2166 1479 2237 gemino
1528 2165 1720 2235 rigore

105 2258 373 2329 torpescit,
415 2261 476 2312 et
510 2258 709 2329 lingua
738 2258 1084 2326 balbutiens,
1118 2259 1388 2313 faucium.
1410 2259 1563 2313 inter
1587 2276 1718 2313 rau-

104 2349 301 2405 cidulos
328 2368 528 2406 cursus
567 2351 850 2422 squallido
899 2350 1018 2407 sitis
1045 2351 1324 2423 impedita
1356 2351 1566 2422 rigore,
1603 2367 1721 2406 non

105 2444 358 2515 loquitur,
397 2444 500 2499 sed
526 2444 717 2516 potius
759 2444 982 2516 stridet)
1012 2445 1307 2517 quomodo
1338 2450 1541 2518 potero
1588 2444 1724 2499 divi-

104 2537 239 2592 nitus
293 2538 575 2611 inspirata
615 2539 871 2594 virorum
927 2539 1419 2594 sanctissimorum
1472 2554 1720 2593 munera

1820 1318 2103 1373 industria
2118 1317 2476 1386 formaverit,
2496 1315 2686 1370 audax
2708 1314 3004 1368 temeritas
3019 1311 3456 1385 pessumdabit?

1822 1414 2128 1484 Nunquam
2150 1412 2259 1466 tiro
2286 1410 2538 1465 victoria:
2571 1410 2951 1463 monumenta
2969 1422 3196 1479 parma,
3220 1422 3346 1477 qua:
3373 1409 3459 1459 est

1822 1506 1993 1577 picta,
2026 1504 2287 1577 gestavit,
2318 1503 2364 1559 si
2391 1520 2527 1558 eum
2556 1502 2725 1558 docta
2750 1500 3006 1555 veterani
3051 1499 3300 1571 exempli
3342 1515 3457 1552 ma-

1823 1617 1930 1654 nus
1952 1617 2069 1655 non
2095 1597 2379 1653 instruxit.
2406 1598 2710 1667 Nunquam
2727 1593 2903 1649 etiam
2925 1593 3075 1649 aeris
3104 1592 3210 1648 sibi
3232 1606 3458 1647 conces-

1822 1712 1951 1749 sum
1996 1694 2256 1765 patulum
2310 1692 2420 1748 iter
2446 1692 2564 1745 ales
2584 1690 2761 1744 tutius
2790 1686 3085 1753 resecavit,
3116 1686 3207 1741 cui
3245 1684 3459 1757 praevia

1823 1787 1933 1841 dux
1961 1787 2247 1859 penniger
2296 1788 2486 1840 mater
2537 1800 2652 1838 non
2698 1781 2890 1837 fuerit.
2932 1779 3154 1836 Jacebit
3200 1779 3457 1851 profecto

1822 1881 2098 1951 ﬂuctuum
2126 1879 2365 1934 elisione
2387 1882 2703 1944 truncatus,
2733 1875 2991 1948 quisquis
3008 1891 3124 1929 suae
3151 1873 3459 1944 procacita-

1820 1975 1894 2029 tis
1911 1976 2047 2029 fisus
2072 1975 2528 2039 auctoramento,
2558 1969 2865 2025 indocilem
2891 1967 3031 2022 ratis
3058 1967 3355 2021 dexteram
3376 1966 3459 2020 in-

1824 2068 1975 2141 gerit
1998 2069 2190 2123 clavo:
2219 2068 2297 2121 sic
2342 2063 2729 2135 unusquisque
2751 2062 2809 2115 in
2842 2061 3125 2115 diversum
3153 2059 3456 2130 imperitiae

1822 2164 1998 2217 hamo
2045 2160 2405 2227 inscinditur,
2447 2159 2491 2213 si
2544 2157 2847 2212 doctorum
2884 2152 3175 2209 favoribus
3212 2152 3453 2207 minime

1821 2255 2140 2327 adjuvetur.
2173 2255 2311 2326 Ego,
2356 2251 2686 2307 beatissime
2724 2249 2828 2317 vir,
2860 2264 3056 2320 quasso
3097 2250 3158 2301 ut
3184 2246 3280 2301 illa
3309 2245 3453 2300 mihi

1822 2349 2050 2404 culmen
2075 2347 2250 2420 apicis
2273 2346 2356 2400 tui
2383 2346 2667 2416 imponat,
2688 2359 2815 2414 qua:
2834 2341 2998 2397 facile
3020 2357 3116 2395 me
3129 2356 3293 2411 posse
3322 2355 3451 2411 per-

1822 2443 1991 2498 ﬁcere
2022 2458 2139 2496 non
2168 2440 2424 2507 dubitat;
2456 2437 2502 2492 si
2522 2441 2719 2492 tamen
2753 2440 2809 2491 et
2842 2434 2901 2489 in
2926 2434 3037 2490 hoc
3064 2450 3259 2505 opere,
3288 2433 3451 2504 quid-

1824 2536 1965 2608 quid
1994 2534 2227 2606 illepide
2256 2538 2355 2588 aut
2398 2532 2646 2587 infacete
2674 2528 2885 2584 rustica
2930 2526 3236 2599 garrulitas
3264 2526 3450 2598 diges-

104 2630 266 2703 polito
298 2632 572 2705 expedire
617 2649 905 2701 sermone,
936 2633 1032 2705 qui
1071 2650 1177 2687 nec
1218 2632 1440 2705 privata
1488 2648 1722 2704 possum
1741 2608 1799 2679 B
1823 2629 1980 2698 serit,
2003 2626 2408 2700 mquanimiter
2432 2626 2605 2692 feras,
2637 2621 2975 2696 aggrediar;
3006 2626 3068 2705 et
3090 2619 3297 2676 faciam
3326 2635 3455 2692 quae

105 2725 341 2782 humano
371 2744 510 2782 casu
537 2733 812 2799 congesta
824 2727 1060 2799 negotia
1085 2725 1411 2800 explicare?
1437 2725 1717 2793 Ridiculo,

104 2819 156 2874 ni
188 2821 368 2891 fallor,
396 2838 463 2877 ac
509 2820 895 2893 inexplicabili
920 2820 1168 2876 ludibrio
1222 2823 1410 2875 semet
1434 2819 1722 2891 impendit

103 2913 341 2987 quisquis
370 2916 525 2970 ultra
553 2915 761 2970 virium
815 2931 1049 2970 suarum
1088 2913 1528 2986 possibilitatem
1575 2930 1719 2969 onus

1821 2698 2269 2796 paternawinfert
2295 2737 2360 2776 ac
2396 2719 2562 2791 jubet
2591 2717 2918 2772 auctoritas.
2954 2698 3089 2770 Vale
3116 2713 3176 2770 in
3210 2715 3453 2785 longum

1820 2822 2069 2889 tempus,
2096 2814 2331 2871 domine
2361 2829 2531 2886 papa.

102 3080 430 3127 ΞΞΞΞΞΞΞ
1871 3104 2740 3116 ————————————————————
3121 3082 3429 3089 “”““““-“

1462 3266 1673 3314 EODEM
1714 3265 2025 3312 TEMPOBE.

1102 3442 2451 3683 SEDATUS,
2646 3570 2653 3578 -

512 3912 533 3931 ‘
609 3756 1820 3879 BITERBENSIS
1927 3755 2953 3877 EPISGOPUS.

1390 4157 2185 4294 NOTITIA.

1059 4374 1226 4475 Ea:
1300 4372 1764 4475 Fabricii
1833 4374 2493 4515 Bibliotheca.

172 4701 427 4775 Sedatus,
452 4707 755 4779 episcopus
776 4706 1135 4776 Biterrensis,
1166 4708 1266 4779 qui
1298 4724 1393 4796 an.
1418 4711 1519 4764 589
1545 4708 1729 4764 conci-
1748 4722 1802 4796 ρ
1827 4707 2047 4763 mentio
2068 4706 2337 4762 facienda
2348 4710 2434 4761 est
2448 4707 2824 4779 epistolamm
2848 4703 3024 4758 trium
3041 4698 3238 4758 Sedati
3258 4697 3332 4754 ad
3344 4697 3457 4753 Ru-

109 4794 176 4850 lio
199 4798 470 4856 Toletano
506 4805 562 4855 et
590 4800 949 4857 Narbonensi
977 4801 1255 4869 interfuit,
1281 4790 1482 4857 auctor
1511 4806 1597 4857 est
1625 4804 1725 4858 ho-

109 4888 266 4945 miliae
294 4893 363 4947 de
387 4893 713 4965 Epiphania
737 4895 991 4967 primum
1011 4894 1274 4966 Lugduni
1293 4911 1424 4949 cum
1446 4896 1730 4967 opusculis

111 4986 479 5050 quorumdam
529 4989 763 5043 Patrum
795 4993 932 5045 1615
982 5006 1015 5043 a
1040 4990 1262 5044 Thoma
1291 4990 1505 5044 Galleto
1538 4990 1727 5056 editae,

110 5080 225 5143 post
246 5077 303 5132 in
335 5079 688 5136 Bibliotheca
722 5084 957 5137 Patrum
994 5082 1250 5138 Parisina
1304 5086 1362 5136 et
1403 5083 1727 5139 Coloniensi

109 5164 247 5224 inter
272 5174 456 5228 aetatis
476 5175 712 5230 incertze
737 5176 1040 5249 scriptores
1054 5176 1273 5248 positae,
1293 5176 1383 5231 cui
1408 5177 1646 5232 tandem
1667 5177 1729 5231 in

109 5259 485 5334 Lugdunensi,
515 5271 554 5322 t.
596 5270 684 5336 XI,
712 5287 769 5340 p.
805 5272 962 5338 1093,
994 5286 1208 5325 nomen
1260 5270 1513 5342 episcopi
1560 5270 1729 5325 Biter-

109 5358 277 5413 rensis
303 5365 716 5433 apposuerunt.
748 5363 902 5417 Inter
922 5362 1109 5434 Opera
1130 5364 1453 5435 Augustini,
1475 5366 1515 5417 t.
1531 5365 1573 5417 V
1587 5363 1724 5418 edit.

111 5446 332 5522 Bened.,
365 5455 640 5527 append.,
669 5473 725 5527 p.
754 5459 879 5524 735,
913 5459 1096 5511 exstat
1123 5473 1313 5511 sermo
1345 5456 1417 5510 de
1462 5457 1729 5511 Kalendis

106 5541 394 5617 Ianuariis,
419 5549 514 5621 qui
535 5549 596 5604 in
615 5550 713 5604 Ms.
729 5549 1100 5605 Floriacensis
1120 5549 1362 5606 abbatiae
1382 5549 1594 5605 Sedato
1616 5549 1732 5622 epi-

112 5652 270 5711 scopo
320 5642 609 5712 tribuitur,
639 5643 879 5700 dubium
925 5660 999 5700 an
1031 5643 1167 5700 huic
1193 5647 1411 5700 nostro.
1468 5643 1729 5717 Denique

174 5809 196 5888 ς
220 5808 322 5888 fias
351 5809 798 5888 S‘egatiepistolas
824 5812 1224 5888 videsis‘Patrql.
1249 5816 1376 5863 tom.
1413 5812 1586 5888 LVIII,
1608 5812 1730 5888 σεεμ.

112 5876 213 5933 866,
235 5877 344 5938 866,
368 5881 479 5939 867,
499 5874 603 5927 ubi
619 5891 651 5929 a
676 5876 972 5940 Μαι-εει·ωο
995 5875 1061 5926 de
1090 5877 1141 5926 Ia
1162 5876 1344 5941 Bigne,
1374 5890 1439 5927 ex
1472 5874 1621 5940 cujus
1653 5874 1732 5926 Bi-

1828 4802 2030 4856 ricium
2078 4800 2568 4869 Lemovicensem,
2600 4816 2741 4873 quas
2782 4797 3035 4854 Canisius
3060 4794 3239 4850 edidit
3262 4794 3460 4865 Antiq.

1827 4896 2165 4953 Lectionum
2191 4897 2233 4949 t.
2261 4896 2325 4963 V,
2348 4897 2497 4966 part.
2527 4911 2585 4962 ΙΙ,
2618 4911 2674 4965 p.
2713 4894 2837 4961 438,
2872 4890 3009 4946 edit.
3029 4906 3192 4945 novae
3217 4892 3359 4943 tom.
3392 4888 3459 4955 II,

1827 4992 1975 5060 part.
2017 5005 2078 5056 ιι,
2108 4990 2304 5059 p.360,
2338 4990 2460 5055 362,
2491 4990 2623 5055 367;
2658 4987 2818 5057 cujus
2838 5001 3068 5058 quoque
3096 4982 3172 5038 ad
3199 4986 3463 5038 nostrum

1828 5082 2049 5153 aliquot
2074 5082 2331 5153 epistola:
2363 5086 2603 5136 exstant.
2637 5081 2933 5135 Habentur
2964 5094 3193 5151 quoque
3230 5080 3389 5132 tomo
3416 5077 3464 5129 II

1829 5174 2217 5231 Conciliorum
2262 5172 2560 5241 Harduini,
2604 5176 2669 5227 ut
2698 5173 2840 5227 alias
2891 5172 3174 5228 editiones
3212 5173 3458 5224 taceam.

1830 5270 1939 5322 Has
1966 5268 2239 5339 epistolas
2260 5265 2497 5338 quidam
2523 5264 2734 5321 Sedato
2763 5262 3238 5321 Nemausensium
3250 5260 3468 5331 episco-

1829 5379 1902 5434 po
1933 5361 2212 5429 tribuunt,
2246 5360 2343 5433 qui
2381 5376 2475 5414 an.
2510 5361 2611 5413 506
2640 5355 2881 5412 concilio
2920 5353 3253 5426 Agathensi,
3286 5357 3343 5408 et
3364 5368 3460 5407 an.

1832 5459 1933 5511 507
1958 5457 2240 5512 Tolosano
2271 5452 2534 5510 interfuit
2559 5456 2602 5507 '.
2642 5452 2803 5508 Adde
2854 5453 2995 5508 Hist.
3029 5449 3291 5503 litteraire
3314 5447 3381 5502 de
3409 5446 3463 5500 la

1829 5553 2052 5620 France,
2081 5557 2222 5607 tom.
2254 5550 2343 5617 III,
2372 5564 2429 5621 p.
2460 5550 2584 5604 362.

1829 5811 2095 5888 bliotheca
2107 5811 2394 5888 desumpta
2404 5814 2542 5886 sunt,
2557 5808 3041 5888 Faustohlthegiensi
3049 5803 3464 5888 tribum-{turgenti

1831 5875 2009 5927 Sedati
2027 5871 2351 5940 supposititio
2379 5871 2612 5939 nomine,
2636 5873 2707 5926 ad
2732 5871 2999 5927 Ruricium
3025 5872 3288 5925 scribenti.
3322 5871 3465 5923 Em'r.
