4016 6240
1396 545 1673 610 SANCTI
1720 545 2025 622 SEDATI,
2073 545 2593 611 BITERRENSIS
2638 544 3031 622 EPISCOPI,

1065 685 1863 809 HOMILIA
1946 688 2189 807 DE
2286 686 3358 810 EPIPHANIA.

599 986 878 1052 Proxime,
910 985 1115 1040 fratres
1134 985 1476 1055 charissimi,
1504 986 1920 1058 redemptionis
1944 980 2156 1042 nostra
2179 999 2238 1071 Α
2257 987 2328 1043 sit
2350 987 2549 1043 vinum
2572 987 2726 1060 quod
2746 986 3010 1043 defecisse
3031 984 3255 1055 dicitur,
3284 989 3341 1039 et
3359 982 3512 1055 quod
3539 982 3613 1037 sit
3637 980 3797 1037 aliud
3813 980 3899 1035 vi-

530 1078 942 1134 celebravimus
954 1083 1379 1133 sacramentum
1390 1123 1403 1147 ,
1420 1096 1533 1151 quo
1550 1081 1699 1135 Deus
1712 1079 2008 1135 hominem
2026 1096 2156 1134 cum

527 1171 955 1227 inﬁrmitatibus
997 1172 1203 1226 induit.
1254 1173 1433 1227 Hodie
1494 1173 1631 1227 illud
1683 1174 1991 1228 excolimus
2046 1190 2159 1244 quo

530 1282 589 1319 se
616 1264 675 1319 in
715 1266 951 1320 homine
997 1267 1178 1320 Deum
1205 1265 1506 1321 virtutibus
1542 1266 1902 1321 declamavit.
1932 1268 2041 1321 Pro
2090 1282 2159 1321 eo

530 1358 683 1430 quod
712 1357 771 1412 in
791 1359 897 1413 hac
924 1359 1014 1413 die
1029 1360 1143 1413 sive
1171 1361 1311 1414 coelo
1341 1360 1567 1413 stellam
1604 1364 1761 1415 ortus
1782 1360 1865 1414 sui
1895 1359 2160 1414 nuntiam

527 1452 922 1524 prabuit,sive
945 1453 1102 1523 quod
1133 1453 1191 1506 in
1210 1454 1505 1508 Chanaam
1534 1453 1777 1509 Galilaa
1809 1453 1869 1507 in
1902 1453 2160 1508 convivio

526 1546 768 1618 nuptiali
792 1563 970 1617 aquas
996 1547 1056 1600 in
1080 1546 1213 1601 vina
1239 1548 1539 1615 convertit,
1564 1548 1680 1602 sive
1704 1547 1860 1618 quod
1890 1548 1946 1601 in
1966 1547 2163 1602 Jorda-

528 1640 617 1694 nis
640 1640 808 1694 undis
829 1657 1008 1711 aquas
1020 1640 1093 1695 ad
1117 1641 1541 1713 reparationem
1558 1641 1798 1695 humani
1819 1641 2047 1711 generis
2059 1658 2160 1695 suo

528 1737 817 1809 baptismo
844 1738 1215 1793 consecravit.
1250 1740 1307 1792 ln
1333 1738 1592 1809 quolibet
1621 1738 1828 1793 horum
1859 1738 2035 1792 trium
2072 1754 2158 1792 sa-

528 1831 663 1887 lutis
701 1834 911 1885 nostra
941 1832 1217 1902 mysteria
1243 1831 1614 1885 continentur
1644 1836 1701 1886 et
1730 1831 1960 1902 gaudia.
1994 1830 2163 1885 Nobis

531 1925 689 1978 enim
721 1941 786 1977 ex
814 1924 1045 1995 Virgine
1072 1927 1239 1979 natus
1279 1930 1382 1993 est,
1417 1924 1570 1995 quod
1593 1925 1756 1979 stella
1784 1923 2160 1979 monstravit:

532 2034 638 2072 nos
662 2017 719 2071 in
768 2017 973 2071 melius
1000 2034 1121 2071 esse
1170 2017 1480 2072 mutandos
1527 2018 1718 2089 operis
1764 2017 2062 2085 miraculo,
2108 2020 2165 2071 et

531 2126 811 2182 aquarum
824 2110 1195 2165 conversione
1210 2109 1472 2182 signavit.
1494 2109 1667 2165 Nobis
1688 2111 1952 2165 remedia
1976 2110 2163 2182 provi-

531 2203 671 2258 vidit
692 2221 757 2258 ex
784 2204 1071 2275 baptismo
1098 2204 1253 2275 quod
1281 2205 1338 2258 in
1371 2204 1637 2259 Jordanis
1671 2205 1829 2259 alveo
1859 2221 2035 2276 aquas
2062 2203 2159 2258 de-

533 2297 779 2364 dicavit;
814 2301 873 2351 et
917 2297 1069 2364 ideo,
1100 2298 1306 2352 fratres
1349 2297 1688 2365 charissimi,
1730 2297 1789 2351 in
1828 2298 1988 2353 omni
2034 2301 2163 2351 actu

534 2395 730 2446 nostro
758 2392 980 2445 stellam
998 2390 1130 2445 ﬁdei
1153 2391 1549 2461 praferamus,
1570 2396 1627 2445 et
1649 2391 1705 2444 in
1730 2391 1988 2445 custodia
2006 2390 2162 2463 puri-
2184 2368 2242 2439 B

531 2486 668 2539 tatis
719 2484 925 2539 Christi
978 2484 1334 2555 baptismum
1391 2485 1767 2538 celebremus.
1832 2484 1976 2549 Quia
2045 2485 2167 2539 hac

534 2578 743 2635 Christi
770 2578 1064 2648 generatio
1094 2580 1206 2631 tua
1233 2576 1366 2631 fidei
1405 2578 1764 2632 confirmatio
1793 2582 1896 2632 est.
1943 2579 2008 2632 Et
2034 2577 2169 2648 quia

536 2688 640 2743 per
668 2670 995 2725 universum
1040 2670 1323 2725 mundum
1349 2677 1712 2726 sacramento
1757 2671 2030 2743 baptismi
2061 2672 2165 2724 hu-

536 2786 708 2823 mano
736 2768 937 2839 generi
963 2785 1105 2839 opus
1132 2772 1274 2837 erat,
1304 2768 1468 2839 aquis
1497 2767 1966 2823 benedictionem
1989 2768 2166 2836 dedit,

539 2862 771 2933 quando
800 2861 857 2915 in
880 2860 1145 2917 Jordanis
1175 2863 1415 2928 alveum,
1439 2861 1627 2932 unica,
1652 2880 1717 2917 ac
1741 2862 2018 2934 singulari
2048 2862 2166 2933 pie-

538 2959 657 3010 tate
684 2955 995 3010 descendit.
1017 2955 1139 3009 Tibi
1159 2971 1296 3027 ergo
1320 2955 1631 3024 nascendo,
1646 2956 1901 3011 Christus
1918 2955 2167 3023 advenit,

540 3049 644 3105 tibi
668 3048 909 3106 vivendo
942 3048 1226 3118 militavit,
1255 3049 1357 3104 tibi
1389 3049 1696 3105 moriendo
1719 3050 1994 3117 conﬂixit,

613 3144 796 3208 Quem
826 3143 985 3198 vides
1010 3160 1113 3214 pro
1136 3147 1192 3197 te
1217 3146 1533 3213 mortuum,
1566 3147 1803 3215 propter
1830 3148 1887 3199 te
1914 3139 2171 3215 intellige

541 3238 911 3308 baptizatum.
946 3236 1681 3305 lllud,fratrescharissimi,
1712 3237 1866 3309 quod
1893 3237 1986 3291 die
2004 3237 2173 3292 tertia

544 3330 759 3401 nuptia
790 3330 955 3384 facta
985 3332 1136 3397 sunt,
1158 3329 1287 3397 hoc,
1316 3330 1471 3401 quod
1500 3347 1712 3401 aquam
1743 3330 1801 3385 in
1824 3331 2021 3385 vinum
2042 3347 2173 3385 con-

442 3426 455 3445 ‘
542 3440 766 3478 versam
787 3423 981 3489 fuisse,
1014 3423 1190 3478 modo
1204 3440 1333 3478 cum
1364 3424 2060 3497 Evangeliumlegeretur,
2080 3442 2175 3480 au-

545 3515 725 3572 distis.
747 3517 853 3573 Sex
874 3522 1068 3571 autem
1088 3517 1308 3588 hydria
1341 3523 1472 3572 sunt
1498 3534 1592 3572 sex
1613 3518 1818 3573 mundi
1845 3519 2015 3589 hujus
2042 3521 2175 3573 ata-

541 3617 649 3679 tes,
673 3628 777 3683 per
802 3627 943 3682 quas
950 3611 1089 3682 justi
1115 3612 1361 3682 ﬁguram
1384 3615 1442 3666 et
1466 3615 1669 3684 typum
1694 3612 1927 3666 Domini
1958 3616 2170 3684 pratu-

543 3705 751 3761 lerant.
770 3705 1013 3776 Capiunt
1040 3708 1317 3759 metretas
1358 3705 1544 3773 binas,
1578 3706 1666 3759 vel
1696 3710 1910 3774 ternas,
1954 3705 2088 3778 quia
2113 3706 2176 3760 ti-

544 3799 678 3855 dem
688 3798 839 3854 intra
852 3815 910 3853 se
924 3798 1225 3854 continent
1243 3798 1557 3854 Trinitatis.
1582 3798 1693 3856 Sed
1708 3799 2009 3854 videamus
2035 3799 2176 3872 quid

545 3893 683 3948 dicit
718 3910 909 3948 sermo
950 3893 1194 3959 divinus,
1224 3897 1281 3947 et
1306 3893 1429 3964 ipsa
1454 3893 1601 3947 sacri
1639 3894 1930 3965 Evangelii
1962 3897 2173 3949 tracte-

470 3974 479 3979 ’
544 4003 673 4042 mus
714 3988 962 4042 oracula.
989 3988 1053 4040 In
1072 3986 1228 4041 Cana
1256 3987 1504 4042 Galilaa
1544 4003 1724 4058 aquas
1770 3987 1830 4041 in
1877 3987 2011 4041 vina
2037 4003 2173 4042 con-

545 4080 734 4147 vertit,
750 4082 1098 4136 etlatentem
1119 4081 1222 4135 sub
1252 4081 1491 4137 homine
1518 4083 1700 4137 Deum
1714 4098 1956 4153 operum
1968 4081 2176 4136 virtute

548 4173 778 4229 detexit.
810 4176 882 4229 Et
923 4175 1031 4239 die,
1075 4174 1280 4245 inquit,
1329 4178 1491 4231 tertia
1541 4178 1746 4247 nuptiae
1785 4176 2002 4245 ﬁebant.
2038 4174 2175 4239 Qua

548 4267 813 4323 suntista
826 4267 1059 4339 nuptia,
1084 4269 1190 4323 nisi
1210 4268 1418 4340 gaudia
1439 4268 1635 4322 salutis
1659 4268 1970 4323 humana?
1996 4284 2174 4339 quare

549 4363 643 4418 die
658 4362 847 4429 tertia,
871 4361 981 4415 nisi
993 4362 1127 4433 quia
1146 4361 1238 4416 die
1260 4361 1433 4415 tertia
1458 4361 1804 4416 resurrexit?
1832 4364 2029 4433 Itaque
2047 4365 2172 4417 tan-

547 4473 722 4530 quam
744 4472 986 4528 sponsus
1009 4455 1331 4527 procedens
1358 4454 1428 4509 de
1456 4454 1710 4509 thalamo
1744 4472 1846 4510 suo
1880 4455 2177 4511 descendit

547 4552 622 4608 ad
642 4555 845 4620 terras,
863 4550 1128 4605 Ecclesia
1150 4567 1217 4603 ex
1244 4548 1511 4620 gentibus
1530 4548 1967 4621 congreganda,
1995 4548 2177 4604 incar-

547 4645 781 4701 natione
811 4644 1165 4716 jungendas.
1203 4642 1308 4698 Cui
1346 4642 1580 4715 quidem
1610 4645 1670 4696 et
1691 4642 1861 4713 hujus
1891 4643 2173 4713 Ecclesia,

547 4756 675 4812 qua
702 4739 897 4812 utique
937 4753 1132 4793 sumus
1159 4754 1285 4807 nos,
1315 4740 1373 4792 et
1416 4736 1638 4805 arrhas,
1668 4739 1726 4791 et
1752 4736 1949 4791 dotem
1992 4736 2171 4792 dedit.

543 4834 755 4891 Arrhas
804 4832 978 4901 dedit,
1027 4831 1259 4904 quando
1305 4831 1471 4886 nobis
1518 4834 1605 4885 est
1644 4846 1710 4885 ex
1752 4831 1882 4903 lege
1930 4830 2173 4902 promis-

544 4942 658 4986 sus.
695 4928 900 4984 Dotem
929 4926 1103 4995 dedit,
1134 4925 1366 4998 quando
1405 4942 1511 4998 pro
1538 4924 1705 4981 nobis
1725 4928 1812 4979 est
1828 4924 2173 4979 immolatus.

614 5026 684 5080 Et
709 5021 821 5079 alio
850 5016 1026 5077 modo
1072 5018 1181 5075 hoc
1210 5023 1401 5091 potest
1439 5018 1640 5091 accipi,
1673 5021 1737 5074 ut
1781 5019 1999 5087 arrhas,
2027 5035 2173 5090 pra-

2259 1097 2401 1137 num
2451 1082 2603 1154 quod
2663 1080 3001 1136 mirabiliter
3061 1082 3447 1151 praparatur,
3503 1076 3662 1148 quod
3718 1074 3904 1129 archi-

2258 1160 2517 1230 triclinus
2563 1174 2771 1229 melius
2833 1190 2952 1229 esse
3008 1170 3342 1245 pronuntiat
3386 1170 3603 1226 ibidem
3658 1168 3899 1223 dicens:

2262 1270 2443 1325 Omnis
2469 1270 2620 1323 homo
2661 1271 2903 1340 primum
2940 1269 3127 1321 vinum
3173 1266 3366 1320 bonum
3397 1266 3574 1334 ponit,
3603 1268 3798 1318 etcum
3824 1264 3904 1315 in-

2262 1363 2459 1416 ebriati
2479 1363 2710 1429 fuerint,
2738 1366 2865 1415 tunc
2893 1360 2954 1415 id
2972 1360 3115 1431 quod
3140 1359 3375 1413 deterius
3398 1363 3493 1412 est.
3528 1359 3607 1412 Tu
3632 1372 3760 1411 vero
3784 1371 3899 1410 ser-

2260 1458 2404 1510 vasti
2449 1458 2637 1510 vinum
2678 1455 2871 1509 bonum
2907 1469 3073 1523 usque
3098 1468 3260 1507 nunc.
3305 1451 3512 1505 Vinum
3543 1449 3741 1504 multis
3766 1448 3904 1503 locis

2262 1548 2582 1620 accepimus
2593 1548 2780 1603 divina
2800 1551 3078 1619 pracepta
3105 1550 3162 1601 et
3190 1545 3507 1615 Scripturas
3520 1548 3759 1610 sanctas,
3785 1558 3905 1597 me-

2262 1642 2616 1697 racissimum
2640 1641 2897 1713 vigorem
2925 1639 3162 1695 calestis
3192 1637 3481 1710 sapientia
3519 1637 3896 1702 continentes,

2262 1736 2469 1808 quibus
2499 1735 2569 1791 ad
2596 1735 2863 1790 timorem
2888 1734 2985 1789 Dei
3008 1733 3308 1788 incalescat
3328 1747 3547 1802 sensus,
3579 1735 3637 1786 et
3656 1729 3900 1785 inebrie-

2263 1834 2357 1884 tur
2376 1830 2629 1885 affectus.

2336 1926 2657 1982 Secundum
2684 1926 2845 1995 illud,
2878 1925 3028 1998 quod
3073 1924 3143 1979 de
3197 1923 3483 1996 Sapientia
3520 1921 3737 1977 dictum
3771 1925 3895 1977 est:

2262 2028 2492 2084 Paravit
2516 2041 2939 2087 mensamsuam,
2969 2026 3186 2079 miscuit
3197 2026 3385 2078 vinum
3411 2038 3566 2079 suum
3582 2024 3640 2076 in
3675 2025 3900 2076 cratere.

2264 2119 2688 2191 Scripturarum
2715 2135 2852 2191 ergo
2893 2118 3217 2173 divinarum
3239 2116 3438 2186 virtus,
3468 2115 3515 2169 si
3536 2114 3767 2187 quando
3796 2113 3902 2168 ali-

2264 2213 2425 2284 cujus
2471 2212 2741 2267 interiora
2780 2211 3097 2284 repleverit,
3130 2210 3315 2265 dicere
3353 2209 3559 2281 poterit
3603 2224 3737 2263 cum
3763 2209 3901 2262 Pro-

2263 2307 2436 2380 pheta
2462 2301 2681 2377 (Psalm.
2728 2306 2832 2377 LIX)
2862 2325 2878 2361 :
2929 2307 3142 2361 Potasti
3174 2320 3269 2360 nos
3294 2306 3421 2358 vino
3455 2303 3901 2373 compunctionis,

2265 2406 2315 2456 et
2339 2401 2601 2471 populum
2622 2405 2772 2454 tuum
2806 2400 3079 2454 inebrians
3103 2414 3267 2469 quam
3289 2398 3587 2469 paclarum
3613 2401 3691 2451 est
3712 2397 3731 2449 !
3755 2394 3900 2466 Ope-

2265 2499 2426 2549 rante
2456 2509 2591 2564 ergo
2620 2491 2840 2548 Christo
2877 2492 2938 2547 in
2990 2491 3143 2546 Cana
3179 2490 3423 2557 Galilea,
3449 2490 3649 2544 vinum
3679 2487 3903 2553 defecit,

2268 2593 2325 2642 et
2354 2587 2549 2642 vinum
2576 2586 2659 2656 fit,
2688 2587 2745 2641 id
2780 2589 2884 2655 est,
2917 2585 3139 2640 umbra
3193 2587 3575 2653 removentur,
3613 2586 3671 2637 et
3702 2580 3909 2637 veritas

2266 2684 2662 2753 prasentatur.
2707 2679 2941 2734 Recedit
2986 2679 3099 2746 lex,
3132 2678 3316 2750 gratia
3345 2676 3610 2731 succedit.
3648 2674 3910 2732 Carnalia

2266 2774 2328 2829 in
2352 2773 2665 2845 spiritualia
2688 2776 3133 2828 commutantur.
3165 2772 3225 2825 In
3245 2787 3457 2825 novum
3480 2771 3911 2824 Testamentum

2269 2867 2579 2922 observatio
2606 2870 2825 2922 vetusta
2867 2865 3318 2930 transfunditur;
3348 2864 3492 2917 sicut
3518 2863 3717 2917 beatus
3747 2863 3906 2932 Apo-

2269 2961 2442 3016 stolus
2467 2961 2601 3016 dicit
2617 2962 2681 3033 (ll
2708 2960 2827 3016 Cor.
2844 2960 2925 3031 ιιι)
2942 2976 2955 3014 :
2976 2962 3170 3017 Vetera
3186 2960 3536 3019 transierunt,
3556 2962 3607 3011 et
3622 2972 3737 3011 ecce
3754 2958 3913 3022 facta

2268 3066 2393 3116 sunt
2418 3076 2578 3116 nova.
2598 3058 2892 3124 Quomodo
2918 3061 3110 3112 autem
3123 3056 3341 3129 hydria
3358 3055 3469 3110 illa
3487 3054 3741 3126 impleta
3764 3070 3914 3125 aqua

2269 3154 2413 3209 nihil
2442 3154 2712 3209 minuunt
2736 3169 2805 3207 ex
2818 3169 2884 3208 eo
2904 3151 3057 3224 quod
3080 3156 3260 3217 erant,
3282 3150 3360 3204 ita
3383 3151 3474 3204 lex
3491 3165 3609 3203 non
3634 3148 3786 3219 perit
3810 3164 3918 3220 per

2271 3247 2577 3303 adventum
2606 3246 2815 3301 Christi
2859 3244 3153 3314 dissoluta,
3182 3244 3281 3299 sed
3317 3243 3563 3316 proficit.
3602 3241 3745 3297 Vino
3772 3257 3917 3312 ergo

2272 3341 2589 3410 deficiente,
2617 3340 2814 3394 vinum
2835 3339 2991 3393 aliud
3018 3338 3396 3393 ministratur.
3427 3337 3651 3391 Bonum
3676 3335 3919 3407 quidem

2272 3439 2357 3490 est
2382 3438 2543 3489 vetus
2571 3434 3016 3501 Testamentum,
3051 3432 3146 3487 sed
3198 3431 3318 3485 sine
3354 3429 3591 3501 spiritali
3621 3428 3917 3483 intellectu

2272 3527 2523 3583 vanescit
2546 3526 2607 3581 in
2647 3525 2831 3581 littera
2860 3525 2924 3598 (II
2963 3525 3083 3580 Cor.
3114 3530 3216 3593 ιιι).
3273 3525 3490 3579 Novum
3517 3538 3650 3577 vero
3676 3522 3919 3577 odorem

2270 3621 2399 3676 vita
2429 3619 2615 3676 reddit
2639 3620 2699 3674 in
2740 3619 2979 3691 gratiam
3010 3619 3209 3688 (llCor.
3240 3619 3321 3690 ιι).
3351 3618 3493 3673 Cum
3514 3617 3638 3671 hac
3659 3616 3741 3671 ita
3773 3616 3916 3679 sint,

2275 3714 2741 3769 Architriclinum
2791 3713 2981 3785 ipsum
3017 3712 3386 3785 prapositum
3411 3711 3472 3765 in
3501 3711 3672 3766 domo
3696 3710 3916 3781 sponsi,

2275 3809 2585 3878 videamus,
2630 3823 2803 3880 quem
2838 3807 3046 3862 sentire
3076 3806 3375 3879 possimus.
3405 3806 3471 3859 Et
3511 3819 3686 3875 quem
3712 3803 3915 3871 alium,

2275 3902 2386 3957 nisi
2412 3902 2641 3957 beatum
2668 3901 2908 3956 Paulum
2932 3900 3252 3971 intelligere
3272 3896 3681 3968 debemus,qui
3695 3901 3831 3967 post
3843 3895 3921 3951 le-

2278 3996 2363 4068 gis
2387 3996 2656 4065 litteram,
2686 3997 2979 4066 acceptum
3009 3992 3141 4049 novi
3200 3990 3542 4048 Testamenti
3570 3989 3915 4062 mysterium

2275 4088 2625 4157 suavissimo,
2653 4088 2742 4143 vel
2771 4088 2962 4157 odore,
2993 4087 3081 4143 vel
3112 4091 3302 4159 gustu,
3331 4090 3388 4140 et
3413 4083 3757 4157 spiritalium
3782 4099 3914 4138 sen-

2276 4199 2447 4239 suum
2484 4181 2785 4254 ﬂagrantia
2827 4181 3097 4253 repletus,
3130 4185 3186 4235 et
3209 4179 3524 4235 inebriatus
3554 4177 3839 4232 exclamat
3861 4181 3917 4231 et

2273 4277 2507 4332 laudat:
2567 4279 2645 4331 Tu
2696 4277 2928 4330 servasti
2982 4275 3174 4329 bonum
3225 4275 3411 4328 vinum
3457 4287 3623 4342 usque
3674 4270 3857 4326 adhuc
3884 4272 3912 4323 ?

2279 4371 2451 4440 (Joan.
2501 4368 2582 4442 ιι).
2628 4368 2928 4423 Videamus
2965 4371 3158 4422 tamen
3189 4364 3677 4438 quemadmodum
3726 4364 3903 4435 ipsum

2275 4464 2470 4519 vinum
2496 4462 2688 4517 laudat
2712 4463 2739 4516 ?
2759 4465 2865 4520 Nec
2885 4462 3092 4524 oculus,
3115 4459 3321 4531 inquit,
3349 4460 3507 4523 vidit,
3538 4474 3635 4513 nec
3657 4460 3909 4512 aurisau-

2275 4560 2435 4622 divit,
2465 4573 2587 4627 qua
2612 4558 2953 4627 praeparavit
2970 4558 3110 4611 Deus
3135 4553 3485 4624 diligentibus
3507 4567 3583 4607 se.
3601 4552 3739 4606 Ecce
3759 4566 3906 4619 vera,

2277 4667 2403 4707 ecce
2433 4649 2796 4722 pradicanda
2845 4648 3135 4717 miracula,
3164 4662 3292 4718 qua
3330 4646 3392 4700 in
3424 4644 3589 4699 nobis
3616 4649 3908 4716 operatur,

2278 4744 2507 4816 quando
2527 4744 2595 4797 de
2625 4741 2884 4815 pessimis
2908 4741 3089 4796 bonos
3100 4740 3335 4807 facit,de
3363 4737 3621 4812 superbis
3646 4737 3913 4805 humiles,

2277 4838 2346 4893 de
2370 4838 2684 4894 inhonestis
2713 4840 2911 4903 castos,
2944 4836 3014 4892 de
3044 4833 3411 4890 sectatoribus
3461 4831 3677 4901 saculi,
3703 4831 3916 4886 amicos

2277 4931 2399 4988 Dei.

2346 5026 2481 5090 Qua
2532 5028 2718 5097 potest
2768 5022 2985 5096 majora
3045 5036 3307 5078 exercere
3372 5018 3647 5076 miracula
3669 5062 3683 5088 ,
3737 5034 3915 5091 quam

541 5121 767 5176 sentem
786 5114 1052 5189 gratiam,
1068 5112 1858 5186 dotemintelligamusvitam
1878 5117 2172 5168 aternam.
2194 5115 2255 5188 Ι)
2277 5118 2504 5192 quando
2532 5118 2825 5175 hominem
2868 5133 3124 5173 vermem
3150 5120 3207 5171 et
3250 5115 3614 5188 putredinem
3639 5113 3914 5186 dignatur

540 5213 849 5270 Videamus
877 5208 1015 5280 quid
1064 5207 1184 5279 agit
1207 5207 1266 5262 in
1297 5208 1590 5263 Chanaam
1619 5206 1884 5263 Galilaa.
1920 5206 2019 5261 Hic
2049 5207 2175 5278 jam

538 5306 787 5381 prodant
812 5302 979 5359 nobis
1007 5303 1190 5357 Deum
1216 5301 1500 5373 stupenda
1522 5302 1815 5357 miracula.
1840 5301 2180 5358 Statuuntur

542 5401 764 5473 hydria
784 5398 1074 5470 capientes
1084 5399 1360 5451 metretas
1379 5396 1565 5463 binas,
1588 5397 1677 5450 vel
1695 5399 1908 5450 ternas.
1937 5396 2180 5468 Implen-

542 5499 639 5551 tur
656 5493 895 5567 hydria,
911 5494 1210 5547 mutantur
1234 5490 1420 5545 subito
1444 5506 1628 5562 aqua,
1644 5489 1912 5544 homines
1928 5493 2177 5560 postmo-

544 5589 684 5645 dum
710 5587 923 5643 maturi
950 5587 1086 5643 dum
1114 5586 1173 5640 in
1210 5584 1417 5640 melius
1446 5584 1858 5650 reformantur,
1883 5583 2038 5637 velut
2073 5582 2172 5637 ba-

542 5684 814 5759 ptismate
853 5681 970 5737 vini
1006 5682 1302 5752 liquantur
1354 5677 1821 5750 quodammodo;
1873 5675 2175 5731 deﬁciente

545 5796 685 5850 ergo
713 5778 869 5845 vino,
898 5774 1039 5831 dicit
1063 5774 1137 5830 ad
1161 5774 1356 5829 Jesum
1383 5774 1571 5827 mater
1593 5770 1715 5843 ejus
1746 5770 1920 5842 (Joan.
1944 5771 2000 5838 ιι)
2033 5787 2046 5826 :
2085 5772 2177 5828 Vi-

546 5887 675 5926 num
693 5886 803 5927 non
821 5868 1037 5929 habent.
1089 5868 1215 5924 Jam
1250 5866 1440 5938 primo
1466 5865 1592 5923 loco
1618 5862 1978 5936 requiramus
2021 5864 2176 5936 quod

2275 5211 2337 5268 in
2359 5217 2567 5268 statum
2587 5211 2908 5284 angelicum
2922 5223 3252 5283 promovere
3266 5210 3294 5264 ‘t
3313 5208 3383 5265 de
3398 5206 3708 5264 terrenisin
3726 5206 3914 5262 cales-

2276 5306 2427 5361 tibus
2452 5306 2743 5376 collocare,
2777 5305 2903 5361 etin
2931 5304 3112 5377 gratia
3130 5318 3249 5358 sua
3264 5300 3620 5374 adoptionis?
3644 5299 3914 5355 solemni-

2276 5402 2470 5468 tatem,
2501 5415 2630 5472 qua
2673 5400 2741 5455 de
2790 5397 3011 5453 Domini
3040 5396 3329 5452 nativitate
3366 5393 3677 5467 praecessit,
3706 5409 3777 5449 ea
3808 5392 3912 5448 tide

2276 5493 2701 5562 celebravimus,
2731 5509 2844 5564 qua
2869 5509 2939 5547 ex
2972 5491 3205 5546 homine
3250 5490 3395 5547 Deus
3419 5492 3587 5544 natus
3624 5492 3728 5557 est,
3764 5487 3909 5542 hanc

2275 5603 2408 5643 vero
2454 5603 2519 5642 ea
2559 5585 2943 5642 observatione
2993 5598 3355 5651 veneramur,
3386 5599 3502 5655 qua
3528 5582 3675 5637 Deus
3719 5580 3786 5636 in
3812 5581 3903 5636 bo-

2273 5677 2431 5733 mine
2460 5676 2778 5734 declaratus
2801 5679 2905 5732 est.
2934 5674 3053 5731 Illic
3078 5672 3503 5729 inﬁrmitatibus
3523 5670 3903 5737 absconditur,

2275 5771 2367 5828 hic
2386 5770 2688 5828 virtutibus
2700 5770 2999 5827 reveletur.
3022 5768 3195 5824 Hodie
3208 5767 3363 5824 enim
3377 5782 3576 5840 magos
3591 5766 3665 5821 ab
3684 5766 3901 5823 Oriente

2274 5866 2564 5923 venientes
2610 5881 2791 5938 usque
2842 5865 3049 5932 locum,
3081 5861 3343 5935 gentibus
3393 5860 3705 5918 Salvatoris
3753 5860 3897 5919 stella
