4016 6240
142 299 231 352 773
1507 284 1802 348 SANCTUS
1839 288 2124 349 ARIGIUS.
3379 288 3481 347 774

143 404 409 461 Christum
428 394 837 473 quaerentibus,
861 401 1249 455 monstratum
1268 399 1550 475 perduxit.
1572 402 1748 473 Expe-
1768 412 1827 486 Α
1847 402 2013 456 aliam
2043 403 2191 457 viam
2218 402 2289 457 ad
2326 401 2620 474 regionem
2649 401 2938 473 propriam
2980 403 3320 468 remearent,
3359 401 3480 455 haec

142 499 265 553 titur
286 496 383 551 sub
411 495 613 550 humili
635 494 868 566 tugurio
888 511 1050 549 sacra
1072 493 1354 549 nativitas.
1384 495 1662 549 Adoratur
1688 494 1747 548 in
1848 495 2017 550 etiam
2061 496 2224 551 nobis
2268 495 2597 567 spiritaliter
2638 494 3065 566 praecipiuntur.
3093 495 3161 549 Et
3184 509 3287 564 per
3311 493 3480 548 aliam

143 590 341 662 pannis,
368 588 425 643 id
454 592 556 655 est,
578 588 681 643 sub
710 588 956 643 tectione
983 587 1358 660 corruptionis
1384 587 1749 642 humanaein-
1849 589 2016 659 viam,
2048 590 2107 644 id
2135 593 2240 654 est,
2267 605 2372 661 per
2396 589 2566 644 aliam
2609 588 3093 643 conversationem
3134 592 3486 642 revertamur

144 684 312 739 voluta
338 682 596 753 majestas
621 683 923 751 revelatur.
957 682 1219 738 lnnuitur
1245 681 1517 754 mysterio
1544 680 1749 736 divina:
1848 681 1923 737 ad
1948 682 2212 753 patriam.
2243 683 2402 738 Forte
2431 683 2635 755 aliquis
2672 681 2912 753 requirit
2947 672 3233 753 quomodo
3268 681 3322 735 id
3362 680 3485 735 fieri

143 775 521 831 misericordiae
556 776 913 847 magnitudo,
964 775 1025 830 in
1055 792 1121 831 eo
1166 776 1319 848 quod
1359 775 1431 829 ad
1465 774 1753 829 Christum
1849 774 2068 846 possit?
2093 774 2198 840 Qui
2245 775 2351 830 hoc
2391 775 2533 830 scire
2578 774 2876 843 desiderat,
2918 775 3111 829 audiat
3145 773 3489 845 prophetam

142 870 370 941 primum
394 869 702 942 EthiOpes,
734 870 791 924 id
820 874 922 939 est,
951 874 1166 941 gentes,
1197 868 1623 940 ingrediuntur.
1852 867 2171 924 dicentem:
2204 872 2416 925 Diverte
2443 884 2476 922 α
2501 869 2666 931 malo,
2693 870 2785 937 fac
2811 868 3021 931 bonum,
3043 871 3257 938 inquire
3273 882 3487 937 pacem,

206 964 406 1018 Interea
433 962 598 1018 beata
622 963 955 1035 perductam
985 979 1043 1017 se
1071 962 1142 1017 ad
1169 978 1326 1016 sacra
1350 960 1629 1017 cunabula
1667 976 1752 1014 ra-
1856 966 1909 1016 et
1933 977 2151 1031 sequere
2178 978 2295 1017 eam
2326 962 2547 1033 (Psalm.
2577 964 2787 1032 XXXIII).
2816 962 2931 1016 Hoc
2958 962 3113 1017 enim
3150 961 3349 1017 ordine
3387 977 3492 1033 per

144 1056 224 1111 dio
248 1056 481 1127 desuper
504 1060 789 1124 currente,
832 1056 1075 1111 miratur
1116 1059 1369 1110 extrema
1407 1069 1567 1126 gens,
1604 1053 1755 1108 bono
1855 1054 2028 1110 aliam
2044 1054 2197 1110 viam
2223 1056 2540 1134 rediturpad
2564 1055 2828 1127 patriam.

145 1149 347 1221 publico
359 1149 547 1221 prima
559 1149 787 1206 fruitur.
807 1151 986 1214 Quam
1003 1149 1279 1221 stupenda
1297 1148 1549 1219 dignatio
1570 1147 1584 1200 l
1609 1148 1759 1201 Inter
1928 1150 2067 1203 Nam
2096 1149 2228 1221 quia
2249 1166 2354 1221 per
2377 1149 2702 1221 superbiam
2731 1148 3035 1205 cecidimus
3074 1148 3133 1203 in
3186 1148 3489 1218 mundum,

145 1243 413 1314 amplexus
434 1243 722 1315 genitricis
736 1242 1061 1312 includitur,
1086 1242 1184 1315 qui
1210 1242 1417 1297 coelum
1432 1246 1760 1312 terramque
1859 1246 2081 1312 oportet
2097 1247 2162 1297 ut
2185 1259 2288 1314 per
2311 1241 2695 1298 humilitatem
2721 1243 3020 1298 redeamus
3048 1242 3117 1297 ad
3144 1242 3488 1313 paradisum.

147 1336 532 1408 complectitur.
563 1338 626 1393 In
651 1336 779 1391 sinu
806 1336 1005 1391 matris
1026 1337 1183 1404 latet,
1203 1335 1559 1408 quiregnum
1584 1333 1762 1389 Patris
1859 1336 1966 1389 Per
1992 1335 2357 1407 cupiditatem
2386 1337 2455 1391 ad
2498 1336 2794 1392 servitium
2832 1335 3042 1390 diaboli
3085 1335 3361 1405 venimus,
3392 1351 3496 1406 per

147 1430 364 1485 excedit.
402 1431 510 1484 Per
540 1430 777 1501 simplex
809 1430 1059 1485 ofﬁcium
1086 1428 1337 1501 spiritale
1362 1428 1648 1483 revelatur
1666 1443 1759 1482 ar-
1861 1428 2303 1485 misericordiam
2324 1429 2392 1485 ad
2413 1429 2698 1485 Christum
2717 1430 3021 1484 Dominum
3046 1429 3359 1484 redeamus.
3390 1429 3497 1483 Per

148 1539 351 1578 canum.
390 1523 719 1577 Humanitas
765 1523 1036 1592 cernitur,
1083 1526 1141 1577 et
1180 1522 1440 1577 divinitas
1475 1522 1762 1579 adoratur.
1861 1522 2226 1593 voluptatem,
2252 1527 2422 1595 atque
2449 1523 2737 1578 luxuriam
2760 1522 3123 1577 durissimum
3147 1523 3357 1593 jugum
3384 1522 3496 1577 dia-

148 1616 409 1671 Exhibent
430 1632 657 1685 aurum,
679 1616 812 1671 thus
839 1621 895 1671 et
920 1616 1232 1687 myrrham.
1257 1616 1385 1670 Plus
1400 1615 1460 1670 in
1481 1616 1764 1686 mysteriis
1862 1616 1979 1670 boli
2003 1617 2394 1688 sustinuimus,
2422 1634 2525 1688 per
2551 1617 2905 1687 charitatem,
2933 1620 3102 1689 atque
3118 1616 3401 1687 iustitiam
3422 1615 3499 1670 le-

148 1726 305 1781 quam
339 1710 396 1763 in
428 1709 782 1765 conscientiis
812 1709 1128 1778 offerentes,
1160 1709 1219 1763 in
1244 1709 1369 1764 auri
1393 1725 1651 1778 munere,
1681 1725 1765 1763 re-
1783 1777 1827 1782 _
1865 1725 1930 1764 ve
1947 1709 2159 1782 jugum
2184 1710 2390 1765 Christi
2427 1710 2711 1781 suscipere
2736 1709 3089 1765 festinemus.
3130 1711 3236 1764 Per
3262 1710 3377 1764 vias
3410 1708 3495 1764 in-

152 1777 231 1875 gia
270 1803 535 1874 dignitas,
570 1804 630 1858 in
668 1802 855 1857 thuris
885 1819 1112 1874 vapore,
1151 1801 1342 1857 divina
1379 1777 1660 1872 majestas.
1702 1777 1842 1857 InB
1865 1777 2144 1859 ﬁdelitatis
2161 1807 2329 1876 atque
2343 1777 2611 1875 nequitiae
2623 1803 2843 1859 diabolo
2854 1803 3152 1859 infeliciter
3170 1803 3498 1870 servientes,

148 1897 380 1969 myrrhae
408 1897 594 1968 specie
625 1896 946 1969 sepelienda
972 1896 1390 1952 demonstratur
1416 1894 1763 1951 humanitas.
1865 1896 1936 1951 ab
1960 1897 2294 1968 angelorum
2314 1898 2577 1952 societate
2597 1897 2977 1966 discessimus,
3000 1897 3227 1968 pervias
3238 1896 3503 1951 bonitatis

150 1993 217 2045 Ac
245 1991 317 2044 sic
340 1990 673 2046 Trinitatem
701 1989 998 2045 oblationis
1025 2005 1302 2045 numerus
1329 1988 1603 2061 loquitur,
1634 1989 1767 2043 uni-
1867 2006 1930 2044 ac
1956 1989 2086 2044 ﬁdei
2104 1990 2285 2045 redire
2310 1990 2380 2045 ad
2406 1990 2716 2062 principale
2764 1974 3111 2046 studeamus.
3159 1990 3215 2045 Si
3259 1990 3366 2045 hoc
3407 2005 3500 2043 or-

148 2087 309 2139 tatem
337 2084 558 2139 devotio
588 2100 702 2139 una
733 2086 1002 2153 testatur;
1028 2100 1093 2138 ac
1118 2099 1221 2155 per
1245 2082 1377 2152 hoc,
1405 2082 1564 2155 vigili
1588 2082 1771 2137 inten—
1869 2086 2003 2142 dine
2032 2087 2147 2142 vias
2178 2088 2502 2143 mortiferas
2521 2087 2927 2159 relinquentes,
2980 2088 3097 2142 vias
3143 2087 3273 2142 vitae
3311 2091 3504 2141 tenere

147 2176 285 2232 tione
314 2177 499 2233 cordis
528 2177 733 2233 caelum
764 2178 1090 2233 studeamus
1116 2176 1388 2247 aspicere,
1411 2176 1457 2229 si
1487 2176 1559 2230 ad
1605 2175 1767 2231 Chri-
1871 2181 2237 2250 voluerimus,
2268 2182 2339 2236 de
2365 2181 2591 2236 sinistra
2617 2181 2873 2236 translati
2898 2181 2970 2235 ad
3002 2182 3280 2251 dextram,
3300 2196 3501 2252 mago-

149 2274 284 2325 stum
309 2270 571 2342 cupimus
596 2270 912 2343 pervenire.
946 2270 1161 2342 Dirigat
1194 2269 1355 2324 nobis
1400 2268 1631 2324 semitas
1668 2268 1772 2323 Vim
1871 2291 2002 2330 rum
2026 2274 2232 2330 itinera
2275 2275 2517 2330 fideliter
2553 2292 2617 2330 ac
2659 2275 2898 2330 feliciter
2938 2291 3236 2347 possumus
3275 2274 3502 2330 imitari.

148 2365 405 2435 perfectas
431 2365 594 2419 stella
609 2364 866 2436 justitiae.
892 2363 973 2433 Ei,
996 2364 1095 2436 qui
1122 2363 1263 2419 dixit
1289 2379 1303 2417 :
1333 2365 1456 2419 Non
1486 2363 1774 2433 apparebis
1871 2367 1976 2433 Qui
2005 2368 2164 2440 prius
2193 2369 2407 2424 solebat
2440 2385 2531 2424 res
2569 2368 2781 2424 alienas
2822 2369 3045 2437 tollere,
3097 2372 3155 2424 et
3181 2385 3333 2424 nunc
3380 2385 3508 2423 suas

147 2465 199 2515 in
224 2467 505 2534 conspectu
529 2478 642 2518 meo
689 2478 894 2518 vacuus
932 2462 1126 2532 (Exod.
1167 2461 1319 2533 χχιιι)
1358 2460 1682 2530 offeramus,
1722 2464 1777 2515 et
1874 2462 2107 2533 coeperit
2132 2462 2573 2518 misericorditer
2606 2479 2864 2535 erogare,
2893 2479 3009 2517 non
3034 2462 3137 2517 tibi
3160 2461 3382 2517 videtur
3408 2478 3511 2533 per

148 2576 244 2616 nos
269 2573 495 2616 'aurum
541 2559 694 2629 ﬁdei,
742 2558 963 2632 pietatis
996 2564 1270 2631 aromata,
1315 2558 1584 2614 castitatis
1624 2558 1777 2614 holo-
1875 2556 2050 2611 aliam
2074 2556 2225 2611 viam
2254 2556 2515 2612 incedere
2537 2574 2555 2628 ;
2584 2557 2684 2629 qui
2710 2556 2820 2612 fuit
2847 2556 3088 2627 adulter,
3118 2561 3174 2612 et
3201 2561 3287 2612 est
3304 2558 3507 2624 castus;

152 2659 347 2725 causta,
367 2655 680 2727 spiritalem
705 2669 932 2726 quoque
947 2653 1240 2726 myrrham
1266 2652 1577 2708 habeamus
1600 2652 1661 2707 in
1680 2669 1778 2707 no-
1876 2650 1976 2723 qui
2001 2650 2110 2704 fuit
2139 2650 2411 2719 ebriosus,
2440 2654 2497 2705 et
2524 2655 2607 2705 est
2637 2650 2887 2717 sobrius;
2917 2650 3016 2722 qui
3043 2650 3255 2705 solebat
3278 2649 3515 2706 maledi-

150 2746 246 2818 bis,
290 2766 415 2820 qua:
466 2748 546 2803 ita
599 2747 815 2803 animas
860 2751 1079 2802 nostras
1128 2746 1370 2815 condiat,
1410 2751 1476 2801 ut
1512 2746 1707 2801 illaesas
1744 2763 1780 2800 a
1877 2761 2023 2815 cere,
2070 2749 2127 2799 et
2164 2744 2476 2813 benedicit;
2521 2744 2622 2815 qui
2653 2744 2839 2799 fuerat
2868 2743 3112 2813 invidus,
3159 2748 3217 2799 et
3240 2746 3326 2798 est
3351 2742 3510 2797 beni-

151 2842 351 2912 peccati
376 2841 739 2914 corruptione
764 2841 1057 2897 custodiat.
1086 2841 1363 2896 Mutemus
1386 2840 1557 2911 viam,
1590 2840 1636 2894 si
1655 2856 1781 2911 per—
1878 2855 2025 2909 gnus
2053 2855 2065 2892 :
2100 2838 2145 2892 si
2172 2837 2326 2892 enim
2355 2836 2704 2892 orationibus
2728 2837 2898 2893 simul
2933 2842 2991 2892 et
3016 2836 3178 2892 bonis
3228 2836 3511 2909 operibus,

152 2935 333 2992 venire
361 2942 623 3008 Optamus
644 2935 714 2990 ad
735 2934 997 3007 patriam,
1027 2934 1098 2989 ad
1126 2934 1370 3007 patriam
1394 2933 1593 3006 utique
1620 2933 1778 2988 coele-
1879 2931 1990 2986 Deo
2019 2930 2347 3000 auxiliante,
2393 2931 2791 2986 contendimus
2828 2931 2935 2985 hoc
2965 2930 3163 2986 ordine
3192 2929 3509 2985 conversio-

154 3033 308 3084 stem.
340 3033 414 3085 Ac
444 3030 493 3084 si
533 3030 684 3084 inter
717 3033 1023 3101 utrumque
1062 3028 1488 3097 commercium,
1528 3032 1593 3082 ut
1630 3026 1782 3081 illius
1879 3041 2023 3080 num
2070 3030 2397 3080 nostrarum
2438 3024 2642 3079 itinera
2687 3025 2747 3079 in
2799 3024 3004 3080 melius
3042 3027 3414 3092 commutare,
3446 3023 3516 3079 ad

154 3123 306 3178 nobis
330 3123 738 3196 pmprietatem
765 3139 871 3177 usu
896 3122 1058 3176 istius
1094 3138 1521 3194 comparemus;
1553 3120 1631 3175 ita
1657 3121 1769 3175 ela-
1800 3152 1851 3196 ρ
1881 3123 2152 3174 aeternam
2163 3117 2573 3173 beatitudinem
2599 3118 2911 3190 poterimus
2928 3117 3171 3173 feliciter
3193 3116 3511 3189 pervenire.

152 3214 432 3287 boremus,
462 3221 529 3272 ut
558 3216 707 3272 illius
737 3215 840 3271 ista
862 3215 936 3269 sit
959 3215 1230 3287 pretium.
1806 3210 1855 3227 ν
1883 3213 2039 3278 Quod
2080 3216 2349 3283 praestare
2406 3211 2674 3284 dignetur
2725 3212 2822 3283 qui
2872 3228 3006 3267 cum
3068 3213 3230 3266 Patre
3296 3215 3353 3266 et
3403 3210 3521 3281 Spi-

224 3311 359 3367 Illud
385 3315 582 3367 autem
607 3310 759 3383 quod
785 3310 864 3365 ait
892 3308 1268 3380 Evangelista,
1299 3325 1498 3380 magos
1527 3307 1782 3363 admoni-
1886 3307 2001 3362 ritu
2043 3310 2234 3360 sancto
2283 3305 2421 3359 vivit
2456 3310 2512 3360 et
2554 3309 2759 3377 regnat
2797 3305 2857 3360 in
2900 3305 3107 3361 saecula
3162 3304 3517 3360 saeculorum.

156 3409 236 3459 tos
259 3422 376 3461 esse
403 3406 466 3461 in
499 3404 733 3474 somnis,
760 3419 833 3459 ne
863 3402 1114 3459 redirent
1135 3401 1207 3457 ad
1233 3402 1532 3473 Herodem,
1561 3402 1660 3457 sed
1687 3418 1790 3473 per
1889 3402 2091 3455 Amen.

1023 3723 1893 3881 SERMON
1903 3741 2148 3880 ES
2241 3739 2674 3881 DUO
2798 3896 2805 3899 ,

289 3977 725 4066 SANCTO
842 3977 1273 4064 SEDATO
1392 3975 2137 4062 BITTERRENSI
2245 3973 2794 4062 EPISCOPO
2908 3975 3397 4063 TRIBUTI.

407 4259 437 4341 (
434 4259 727 4324 Exstant
751 4260 869 4323 sub
896 4259 1161 4324 nomine
1188 4260 1402 4323 sancti
1427 4260 1819 4342 Augustini,
1850 4259 1993 4324 Pati

1707 4260 1819 4338 r'ni,
1850 4259 2102 4324 Patrol.
2135 4267 2289 4322 tom.
2337 4258 2407 4337 V,
2432 4268 2609 4342 part.
2643 4278 2706 4334 ιι,
2741 4257 2857 4322 col.
2893 4260 3293 4339 1001-1005.)

172 4425 3529 4475 ὢ

1550 4612 1718 4659 ΑΝΝο
1761 4613 1981 4659 DOMINI
2022 4613 2191 4657 DXCI.

504 4756 1761 4968 SANCTUS
1915 4752 3217 4996 AREGIUS,

1366 5072 1380 5087 ’
1463 5051 2229 5346 ARIIV)ELIUS,

898 5400 1506 5521 ansas
1595 5396 2834 5549 ATTANENSIS.

180 5735 448 5820 (Hujus
486 5738 699 5801 sancti
751 5736 965 5804 Vitam
1009 5748 1075 5803 et
1115 5746 1570 5805 testamentum
1614 5739 1823 5823 legere
1865 5747 1960 5823 est
1999 5739 2166 5803 inter
2206 5755 2431 5823 Opera,
2454 5735 2765 5823 Gregorio
2815 5737 3172 5803 Turonensi
3215 5737 3553 5819 attributa,

1272 5829 1427 5886 tom.
1472 5817 1781 5905 punctim,
1820 5820 1937 5885 col.
1985 5824 2143 5885 1119
2187 5817 2259 5882 ei
2289 5817 2496 5902 1143.)
