4016 6240
506 411 3865 450 Ἠ

1889 599 2099 646 EODEM
2141 600 2450 648 TEMPORE.

1353 757 2969 971 COGITOSUS.

1107 1065 1506 1185 Canis.,
1609 1069 2199 1171 Thesaurus
2283 1102 2739 1171 menum.
2821 1087 3058 1171 tam.
3146 1069 3230 1169 1.

1245 1397 1918 1555 NOTITIA,
1992 1401 2203 1525 EX
2298 1399 3104 1528 BASNAGIO.

553 1703 881 1774 Cogitosum
905 1704 999 1759 hic
1028 1705 1377 1776 reponimus,
1404 1706 1644 1761 aliorum
1682 1708 1934 1780 vestigiis
1977 1708 2114 1763 insi-
2139 1709 2437 1795 Amaticae
2468 1709 2623 1781 leges
2651 1712 2845 1780 peccat
2880 1709 3088 1780 saepius
3127 1707 3224 1763 ille
3273 1707 3530 1779 scriptor,
3576 1712 3633 1763 et
3678 1707 3858 1778 stylus

481 1800 692 1851 stentes
718 1798 1106 1869 potius,quam
1127 1804 1333 1854 nostras
1352 1801 1643 1855 sententiae
1663 1800 2118 1874 addicti.Quippe

480 1890 665 1944 multo
705 1892 1076 1946 recentiorem
1110 1893 1393 1948 credimus
1437 1894 1598 1947 illum
1629 1894 1981 1966 scriptorem.
2012 1897 2116 1951 Po-

479 1983 651 2037 stulat
677 1984 906 2054 quidem
928 1985 1246 2056 Cogitosus,
1274 1991 1340 2041 ut
1369 1992 1565 2042 oretur
1588 2004 1693 2058 pro
1720 2004 1778 2043 se
1793 1994 1979 2059 nepote
1998 1991 2115 2045 cul-

473 2081 672 2148 pabili.
695 2081 801 2135 Sed
826 2098 883 2136 se
914 2082 1158 2154 Brigida;
1199 2088 1441 2153 nepotem
1487 2101 1603 2139 non
1648 2085 1802 2153 dicit,
1848 2103 1951 2140 nec
1994 2102 2119 2141 rem

478 2173 587 2243 ipsi
614 2173 915 2244 gloriosam
948 2174 1208 2231 siluisset.
1241 2181 1326 2231 An
1346 2193 1416 2232 ex
1442 2176 1575 2247 filia,
1603 2193 1676 2233 an
1701 2195 1772 2233 ex
1812 2195 2001 2234 sorore
2031 2180 2117 2234 vel

477 2266 652 2320 fratre
674 2283 852 2337 nepos
864 2268 1047 2323 dictus
1063 2270 1174 2324 est?
1187 2270 1292 2325 Sed
1308 2271 1453 2325 nulli
1469 2276 1865 2326 memorantur
1876 2272 1965 2327 Bri
1973 2272 2119 2343 gidze

477 2359 566 2413 vel
594 2360 797 2414 fratres
835 2362 921 2415 vel
943 2378 1182 2431 sorores,
1215 2379 1319 2417 nec
1344 2363 1520 2418 tiliam
1544 2365 1728 2435 potuit
1756 2364 1963 2419 habere
1989 2381 2118 2437 quin

478 2452 640 2524 virgo
666 2455 994 2524 permansit.
1014 2456 1135 2518 Qua
1154 2456 1370 2510 ratione
1387 2457 1562 2528 igitur
1581 2474 1638 2511 se
1660 2463 1901 2529 nepotem
1922 2460 2117 2529 appel-

479 2546 865 2612 1averit,nobis
890 2564 1052 2618 aeque
1073 2564 1137 2601 ac
1156 2549 1375 2604 Canisio
1402 2550 1704 2605 incertum.
1728 2552 1820 2605 Ait
1844 2556 2121 2622 praeterea

480 2639 772 2709 Cogitosus
786 2643 1012 2696 virtutes
1022 2643 1263 2711 Brigida?
1278 2660 1384 2698 non
1398 2645 1570 2698 solum
1587 2645 1880 2707 audivisse,
1895 2646 1990 2699 sed
2001 2661 2120 2700 ocu-

483 2733 549 2787 lis
560 2735 674 2787 suis
686 2734 902 2788 vidisse.
928 2734 1034 2790 Sed
1048 2735 1140 2789 hic
1152 2752 1265 2790 non
1277 2753 1305 2789 a
1314 2737 1466 2807 gitur
1477 2736 1833 2791 demiraculis
1844 2754 1877 2791 a
1893 2738 1982 2791 Bri
1988 2738 2120 2810 gida

481 2826 620 2880 dum
639 2826 850 2881 viveret
866 2828 1120 2899 patratis.
1144 2829 1370 2884 Viderat
1383 2830 1675 2901 Cogitosus
1692 2836 1951 2901 portenta
1966 2848 2120 2903 quae-

481 2918 698 2987 dam,in
717 2921 764 2991 ej
775 2938 838 2975 us
850 2921 1059 2992 templo
1069 2923 1289 2992 operari
1304 2923 1486 2992 solita;
1502 2923 1654 2995 quod
1665 2923 1822 2978 illam
1827 2925 1949 2995 jam
1961 2925 2117 2995 prius

480 3012 804 3068 defunctam
818 3014 1367 3087 indicat,probatque
1387 3033 1504 3071 non
1522 3017 1898 3085 comvum,sed
1919 3034 2116 3072 recen-

2220 1803 2547 1858 Barbariem
2591 1803 2784 1857 saeculi
2824 1818 2937 1874 quo
2976 1801 3116 1857 vixit
3164 1801 3393 1856 indicat.
3442 1801 3561 1856 Vita
3607 1800 3858 1872 Brigidaa

2217 1913 2389 1969 quam
2416 1895 2714 1967 descripsit
2725 1900 2843 1951 tota
2857 1895 3145 1950 miraculis
3166 1898 3357 1965 scatet,
3379 1898 3578 1967 utpote
3597 1910 3751 1966 quas,
3775 1910 3858 1948 se-

2217 1990 2471 2044 cundum
2491 1990 2699 2062 ipsum,
2716 1994 2968 2060 potenter
2995 1992 3178 2044 omnia
3196 2004 3315 2059 qua
3342 1988 3691 2043 desiderabat
3726 2004 3855 2059 ope-

2216 2088 2454 2138 raretur.
2482 2083 2646 2139 Canis
2675 2100 2793 2137 non
2819 2100 2989 2138 ausus
3012 2088 3116 2151 est,
3144 2087 3208 2137 ut
3232 2082 3463 2154 quidem
3492 2082 3711 2151 asserit,
3754 2098 3853 2136 co-

2219 2177 2446 2231 medere
2477 2176 2797 2247 depositum
2818 2176 3000 2231 beatae
3027 2175 3280 2246 virginis,
3311 2176 3409 2231 sed
3434 2180 3619 2230 custos
3635 2178 3859 2245 patiens

2221 2270 2372 2324 lardi
2394 2269 2583 2324 divina
2606 2270 2922 2324 refrenatus
2951 2268 3159 2324 virtute
3200 2269 3430 2324 exstitit.
3468 2269 3669 2324 Mirare
3704 2267 3857 2340 quod

2218 2362 2318 2417 illa
2341 2363 2502 2434 virgo
2528 2363 2711 2417 virum
2742 2363 3100 2417 eremiticum
3125 2362 3531 2431 convocaverit,
3569 2365 3638 2416 ut
3673 2361 3855 2416 eccle-

2220 2456 2363 2511 siam
2386 2456 2445 2510 in
2472 2455 2773 2527 episcopali
2792 2455 3065 2527 dignitate
3102 2472 3234 2511 cum
3277 2472 3340 2510 ea
3386 2455 3762 2527 gubernaret;
3804 2459 3860 2509 et

2217 2555 2412 2621 postea
2438 2551 2513 2605 sic
2539 2554 2761 2604 unctum
2785 2555 2949 2620 caput
2968 2554 3018 2605 et
3044 2551 3349 2605 beatissima
3366 2551 3679 2619 puellarum
3698 2551 3861 2619 prin-

2219 2644 2414 2713 cipalis
2442 2642 2592 2697 felici
2617 2643 2908 2712 comitatu,
2938 2644 3313 2715 principalem
3335 2642 3631 2698 ecclesiam
3651 2641 3857 2697 erexit.

2218 2736 2571 2807 Stupendum
2620 2736 2810 2803 etiam,
2867 2736 3150 2808 virginem
3228 2737 3589 2791 saluberrima
3646 2738 3860 2790 semina

2215 2831 2367 2885 verbi
2395 2830 2653 2884 dominici
2682 2846 2748 2883 ea:
2790 2846 2935 2885 more
2975 2831 3377 2885 consuetudinis
3412 2829 3657 2885 omnibus
3693 2832 3858 2884 semi-

2216 2938 2396 2978 nasse.
2443 2924 2568 2977 Hzec
2613 2923 2767 2977 enim
2793 2923 3016 2995 legibus
3044 2924 3432 2979 adversantur.
3472 2923 3611 2978 Nata
3644 2920 3864 2977 dicitur

2217 3015 2442 3088 Brigida
2467 3032 2619 3071 anno
2641 3018 2764 3072 439.
2782 3015 2949 3086 Obiit,
2968 3017 3281 3072 secundum
3300 3016 3681 3088 Sigebertum,
3701 3031 3860 3070 anno

478 3105 864 3163 tioremfuisse
882 3085 1230 3179 Cogitosum,
1255 3085 1609 3181 quiBrigidae
1629 3110 1867 3165 viventis
1881 3110 2116 3166 virtutes
2136 3085 2193 3158 B
2217 3085 2342 3179 518,
2383 3109 2474 3164 vel
2508 3125 2658 3164 anno
2688 3113 2812 3180 521,
2855 3085 3169 3165 secundum
3208 3085 3509 3165 Martinum
3550 3109 3859 3177 Polonum,

480 3215 514 3254 a
550 3201 858 3271 majoribus
894 3206 1118 3256 tantum
1156 3202 1529 3271 inaudiverat,
1574 3220 1690 3258 non
1730 3203 1947 3258 viderat
1972 3204 2112 3275 ipse.

481 3293 752 3348 Describit
769 3294 1061 3365 Cogitosus
1087 3295 1329 3366 parietes
1366 3296 1654 3351 decoratos
1681 3297 1844 3368 pictis
1887 3297 2113 3365 tabulis,

482 3390 534 3440 et
569 3388 896 3454 imaginibus
934 3388 1183 3457 depictis,
1217 3405 1343 3460 quae
1378 3390 1689 3461 posteriora
1733 3390 1991 3445 redolent
2019 3406 2119 3444 sm-

482 3479 640 3547 cula;
671 3497 788 3535 non
816 3482 972 3536 enim
986 3482 1224 3537 ineunte
1249 3484 1457 3539 saeculo
1486 3500 1541 3538 v1
1561 3484 1946 3555 pingebantur
1970 3484 2115 3538 ima-

483 3572 643 3645 gines
673 3573 732 3629 in
755 3576 983 3647 templis
1008 3576 1406 3633 Hibernorum.
1435 3577 1687 3650 Denique
1708 3583 1902 3633 contra
1916 3578 2115 3633 Gram-

2214 3218 2386 3274 quem
2429 3202 2684 3275 sequitur
2716 3203 3007 3259 Baronius.
3060 3203 3342 3275 Distingui
3389 3203 3555 3258 debet
3581 3203 3653 3257 ab
3679 3202 3866 3257 altera

2217 3295 2472 3367 Brigitta,
2503 3313 2633 3368 quae
2658 3297 2861 3351 saeculo
2890 3313 2981 3353 x1v
3008 3296 3167 3368 vixit,
3194 3301 3250 3352 et
3275 3297 3414 3353 caslo
3457 3296 3707 3367 ascripta
3746 3294 3864 3349 fuit

2217 3407 2250 3443 a
2277 3389 2560 3445 Bonifacio
2586 3390 2853 3461 pontiﬁce
2878 3391 3134 3445 Romano
3163 3407 3257 3447 an.
3293 3393 3451 3446 1391.
3482 3391 3557 3444 De
3584 3388 3683 3443 illa
3711 3406 3858 3444 con-

2218 3483 2327 3537 suli
2350 3488 2534 3556 potest
2557 3484 2864 3539 Casimirus
2890 3484 3095 3554 Oudin,
3129 3485 3227 3556 qui
3256 3500 3385 3541 eam
3403 3501 3553 3540 anno
3581 3485 3685 3540 530
3712 3482 3861 3539 assi-

2220 3581 2377 3648 gnat.
2406 3578 2590 3649 suppl.
2619 3578 2689 3634 de
2718 3578 2896 3650 Scrip.
2921 3595 3014 3650 ep.
3047 3580 3168 3633 108.

490 3917 1309 4066 SANGTAE
1416 3920 2159 4075 BRIGIDz

2217 3920 2289 4067 Ε
2393 3921 3269 4074 VIRGINIS
3378 3923 3861 4073 VITA

1569 4181 1638 4260 A
1693 4179 2149 4262 COGITOSO
2206 4180 2765 4263 ADORNATA.

1940 4467 2398 4598 313111109115.

564 4757 775 4832 Cogisti
802 4775 915 4831 me,
938 4756 1159 4829 fratres,
1188 4763 1253 4814 ut
1277 4760 1485 4812 sanctae
1511 4759 1565 4811 et
1586 4753 1765 4811 beatas
1791 4754 2083 4811 memoria
2109 4756 2350 4827 Brigida:
2375 4755 2614 4827 virginis
2639 4754 2872 4811 virtutes
2895 4760 2953 4812 et
2976 4771 3166 4828 opera,
3195 4771 3357 4811 more
3385 4755 3705 4826 doctorum,
3736 4768 3857 4811 me-

482 4850 680 4906 moriae
698 4850 1014 4923 litterisque
1045 4851 1269 4905 tradere
1295 4846 1617 4921 aggrediar.
1642 4846 1801 4910 Quod
1827 4862 1970 4918 opus
1998 4845 2348 4917 impositum,
2378 4850 2436 4901 et
2462 4845 2715 4901 delicatae
2741 4846 2990 4901 materiae
3015 4846 3279 4917 arduum,
3296 4846 3589 4918 parvitatis
3613 4852 3669 4901 et
3694 4846 3858 4918 igno-

481 4941 679 4996 rantiae
705 4957 849 4995 meae
875 4942 932 4995 et
957 4940 1170 5012 linguae
1196 4938 1432 4994 minime
1458 4936 1739 4992 convenit.
1767 4936 1875 4991 Sed
1902 4940 2100 5007 potens
2122 4942 2206 4992 est
2231 4937 2376 4991 Deus
2402 4936 2470 4992 de
2490 4936 2744 4991 minimis
2768 4952 2979 5009 magna
3002 4936 3205 5008 facere,
3227 4942 3293 4994 ut
3320 4938 3389 4994 de
3413 4937 3623 5011 exiguo
3644 4937 3770 4993 oleo
3798 4941 3859 4993 et

480 5031 680 5087 farina:
705 5033 924 5104 pugillo
954 5032 1193 5086 domum
1218 5031 1478 5103 implevit
1504 5030 1865 5102 pauperculae
1890 5029 2075 5084 viduae
2108 5028 2212 5101 (III
2233 5032 2362 5099 Reg.
2388 5046 2500 5086 xvn
2515 5048 2532 5100 ;
2560 5032 2648 5087 IV
2661 5034 2791 5100 Reg.
2816 5031 2910 5102 Iv).

553 5144 745 5214 Itaque
762 5140 1114 5213 jussionibus
1140 5141 1337 5196 vestris
1353 5144 1599 5210 coactus,
1628 5139 1761 5194 satis
1793 5139 1973 5194 habeo
1999 5157 2189 5195 meam
2213 5157 2328 5195 non
2346 5140 2589 5195 defuisse
2610 5140 3016 5210 obedientiam,
3048 5145 3106 5196 et
3127 5140 3256 5197 ideo
3276 5158 3455 5214 pauca
3474 5143 3545 5198 de
3564 5142 3854 5214 pluribus,

482 5253 514 5290 a
538 5232 847 5305 majoribus
873 5236 928 5286 et
952 5231 1309 5302 peritissimis
1339 5231 1561 5299 tradita,
1587 5231 1707 5286 sine
1736 5231 1851 5285 ulla
1875 5230 2262 5304 ambiguitatis
2288 5231 2552 5304 caligine,
2584 5247 2657 5286 ne
2684 5231 3084 5287 inobedientiae
3110 5231 3327 5287 crimen
3347 5233 3657 5304 incurram,
3686 5238 3855 5305 pate-

479 5326 662 5381 facere
689 5339 913 5379 censeo.
947 5322 1026 5375 Ex
1054 5321 1261 5393 quibus
1289 5326 1505 5393 quanta
1531 5320 1826 5393 qualisque
1852 5321 2015 5393 virgo
2041 5321 2318 5377 virtutum
2341 5321 2621 5377 bonarum
2646 5321 2863 5391 ﬂorida,
2917 5326 3252 5377 cunctorum
3285 5323 3462 5378 oculis
3514 5324 3857 5380 innotescat.

478 5414 601 5469 Non
630 5415 780 5486 quod
804 5413 1104 5484 memoria,
1133 5416 1190 5467 et
1219 5410 1597 5481 mediocritas,
1627 5416 1681 5467 et
1708 5411 1949 5466 rusticus
1974 5428 2158 5466 sermo
2182 5411 2459 5483 ingenioli
2487 5412 2599 5466 mei
2626 5410 2769 5467 tanti
2796 5411 3048 5467 muneris
3093 5412 3342 5468 officium
3384 5413 3668 5484 explicare
3709 5415 3858 5469 vale-

478 5508 586 5574 ret,
611 5503 710 5558 sed
737 5503 868 5558 ﬁdei
887 5507 1088 5559 vestrae
1114 5499 1423 5570 beatitudo,
1451 5504 1507 5557 et
1534 5501 1861 5557 orationum
1888 5505 2203 5557 vestrarum
2230 5499 2571 5558 diuturnitas
2599 5504 2852 5556 meretur
2874 5501 3131 5573 accipere
3156 5503 3310 5575 quod
3347 5519 3464 5557 non
3500 5504 3648 5558 valet
3686 5503 3742 5558 in
3750 5519 3853 5576 ges

480 5594 644 5649 nium
664 5593 945 5649 dictantis.

553 5701 679 5755 Haec
705 5717 843 5771 ergo
871 5698 1117 5772 egregiis
1140 5717 1396 5758 crescens
1422 5695 1741 5771 virtutibus,
1771 5705 1828 5757 et
1856 5717 1958 5773 per
1983 5698 2195 5756 famam
2218 5701 2497 5758 bonarum
2521 5718 2717 5758 rerum
2743 5701 2815 5758 ad
2842 5718 2969 5758 eam
2992 5701 3063 5758 de
3090 5702 3357 5759 omnibus
3404 5702 3716 5775 provinciis
3764 5703 3856 5758 Hi-

482 5787 699 5842 berniae
723 5789 1164 5846 innumerabiles
1186 5790 1381 5862 populi
1404 5790 1473 5846 de
1499 5795 1747 5861 utroque
1772 5806 1911 5847 sexu
1931 5791 2300 5863 conﬂuentes,
2313 5795 2445 5848 vota
2470 5792 2577 5848 sibi
2601 5792 3215 5864 voventes,voluntarie
3239 5808 3407 5850 suum
3417 5792 3850 5864 monasterium,

488 5877 657 5942 caput
673 5892 817 5944 pene
839 5877 1099 5933 omnium
1118 5879 1573 5935 Hiberniensium
1590 5879 1990 5949 Ecclesiarum,
2024 5886 2081 5937 et
2107 5882 2333 5939 culmen
2361 5884 2687 5954 praecellens
2717 5884 2907 5939 omnia
2938 5884 3280 5941 monasteria
3318 5884 3638 5951 Scotorum,
3691 5883 3852 5955 cuius
