4016 6240
103 309 203 362 777
1375 310 1418 362 Α
1454 306 1772 363 COGITOSO
1809 305 2185 363 ADORNATA.
3368 316 3472 369 778

100 414 374 485 parochia
396 430 500 485 per
520 417 695 469 totam
727 414 1133 470 Hibernensem
1164 419 1375 470 terram
1405 415 1628 483 diffusa,
1658 432 1692 469 a
1716 415 1861 469 mari
1890 415 2162 491 usquead
2190 430 2352 469 mare
2384 419 2611 469 extensa
2631 419 2733 482 est,
2767 415 2823 471 in
2856 417 3260 488 campestribus
3290 420 3476 491 campi

109 503 351 570 Litfciin,
380 521 551 575 supra
576 504 1014 559 fundamentum
1046 505 1175 573 ﬁdei
1200 506 1432 560 ﬁrmum
1460 506 1794 574 construxit,
1818 508 1876 559 et
1903 479 2168 575 prude’nti
2191 506 2608 577 dispensatione
2630 506 2698 559 de
2717 506 3010 561 animabus
3025 523 3220 561 eorum
3245 479 3474 579 regula-

101 593 249 647 riter
275 594 335 647 in
360 594 625 648 omnibus
655 611 985 665 procurans,
1016 595 1159 649 etde
1189 593 1446 649 E‘cclesiis
1475 598 1785 650 multarum
1822 595 2247 665 provinciarum
2272 595 2377 649 sibi
2407 596 2824 649 adharentibus
2849 595 3172 664 sollicitans,
3203 601 3259 651 et
3283 613 3475 652 secum

103 683 419 749 revolvens,
450 683 602 753 quod
630 684 750 736 sine
778 699 1003 736 summo
1031 684 1339 747 sacerdote,
1375 684 1475 754 qui
1502 684 1760 737 ecclesias
1788 687 2159 751 consecraret,
2188 690 2245 737 et
2269 683 2672 738 ecclesiasticos
2693 684 2749 737 in
2777 684 2859 738 eis
2886 685 3094 755 gradus
3117 685 3471 757 subrogaret,

104 788 225 823 esse
254 788 368 825 non
395 777 619 841 posset;
650 772 933 826 illustrem
966 773 1152 826 virum
1179 779 1235 826 et
1257 773 1592 843 solitarium,
1626 773 1890 827 omnibus
1915 772 2168 826 moribus
2184 779 2470 839 ornatum,
2504 790 2608 843 per
2631 790 2804 844 quem
2838 774 2980 828 Deus
3009 773 3244 828 virtutes
3274 791 3475 845 opera-

104 866 197 913 tus
225 867 309 913 est
332 861 628 931 plurimas,
656 878 968 916 convocans
990 878 1124 916 eum
1151 863 1219 916 de
1250 878 1443 916 eremo
1471 868 1527 917 et
1551 863 1619 916 de
1651 879 1751 915 sua
1776 862 1890 915 vita
1916 861 2186 928 solitaria,
2219 867 2275 916 et
2301 862 2381 916 ibi
2408 861 2512 916 sibi
2541 863 2761 916 obviam
2791 879 3053 935 pergens,
3081 868 3147 917 ut
3174 864 3476 919 Ecclesiam

106 950 163 1001 in
196 950 502 1021 episcopali
536 950 811 1021 dignitate
858 968 989 1005 cum
1020 967 1085 1005 ea
1115 952 1477 1023 gubernaret,
1507 957 1677 1022 atque
1711 955 1771 1006 ut
1812 950 1957 1005 nihil
1985 951 2052 1005 de
2081 951 2276 1006 ordine
2325 951 2654 1006 sacerdotali
2679 952 2740 1006 in
2783 952 2898 1007 suis
2928 952 3143 1008 deesset
3196 952 3474 1022 Ecclesiis,

107 1038 419 1093 accersivit.

181 1147 248 1200 Et
273 1154 469 1218 postea
488 1149 565 1203 sic
593 1154 827 1203 unctum
851 1154 1020 1221 caput
1046 1155 1102 1205 et
1126 1150 1439 1222 principale
1465 1150 1725 1206 omnium
1751 1149 2145 1221 episcoporum
2176 1156 2232 1205 et
2258 1150 2578 1206 beatissima
2602 1151 2923 1223 puellarum
2950 1151 3298 1222 principalis,
3329 1151 3479 1207 felici

108 1236 385 1291 comitatu
414 1238 564 1292 inter
592 1256 649 1293 se
667 1244 722 1293 et
752 1240 1149 1309 gubernaculis
1174 1242 1436 1295 omnium
1458 1240 1735 1299 virtutum
1754 1255 1917 1294 suam
1940 1239 2121 1295 erexit
2134 1239 2507 1312 principalem
2524 1239 2834 1307 ecclesiam,
2862 1246 2918 1295 et
2934 1240 3235 1295 amborum
3262 1240 3480 1295 meritis

108 1342 209 1378 sua
239 1327 506 1381 cathedra
532 1328 862 1399 episcopalis
891 1336 947 1384 et
972 1330 1257 1401 puellaris,
1286 1348 1350 1384 ac
1376 1331 1424 1385 si
1450 1330 1578 1386 vitis
1603 1329 1877 1402 frugifera
1903 1328 2107 1384 diffusa
2135 1329 2388 1401 undique
2417 1330 2588 1385 ramis
2622 1330 3021 1399 crescentibus,
3050 1330 3113 1385 in
3138 1334 3253 1385 tota
3278 1329 3477 1385 Hiber-

108 1415 268 1468 nensi
289 1414 477 1470 insula
502 1417 755 1473 inolevit.

178 1523 359 1586 Quam
388 1540 615 1597 semper
638 1527 1106 1599 ArchiepiscOpus
1130 1528 1588 1583 Hiberniensium
1617 1529 2014 1601 episcoporum
2042 1532 2099 1582 et
2123 1528 2421 1597 abbatissa,
2442 1544 2618 1600 quam
2636 1543 2834 1582 omnes
2863 1527 3160 1581 abbatissa
3182 1527 3477 1582 Scotorum

104 1616 467 1682 venerantur,
498 1614 645 1668 felici
673 1618 1017 1671 successione
1043 1622 1100 1672 et
1128 1618 1242 1673 ritu
1270 1624 1544 1689 perpetuo
1572 1619 1958 1673 dominantur.
1992 1618 2205 1673 Exinde
2235 1634 2393 1689 ergo,
2430 1621 2492 1671 ut
2520 1633 2688 1688 supra
2716 1617 2856 1684 dixi,
2884 1632 2918 1670 a
2941 1616 3208 1671 fratribus
3232 1620 3477 1693 coactus,

105 1701 286 1756 beata
313 1703 487 1773 hujus
511 1704 750 1775 virginis
776 1707 1019 1778 Brigida
1044 1708 1276 1762 virtutes
1306 1713 1426 1762 tam
1445 1725 1535 1763 eas
1561 1726 1700 1780 quas
1720 1713 1850 1763 ante
1876 1708 2278 1779 principatum,
2307 1724 2480 1779 quam
2508 1707 2644 1761 alias
2671 1722 2811 1778 quas
2852 1706 2913 1759 in
2938 1705 3258 1777 principatu
3286 1704 3476 1775 gessit,

106 1793 286 1846 multo
306 1793 492 1848 studio
516 1794 824 1865 brevitatis,
847 1798 975 1852 licet
1000 1803 1347 1869 prapostero
1379 1800 1577 1854 ordine
1605 1798 1880 1854 virtutum
1909 1798 2311 1871 compendiose
2338 1797 2623 1870 explicare
2649 1796 2913 1852 conabor.

110 1967 383 1981 ~—

837 2138 1254 2232 INCIPIT
1320 2128 1599 2235 VITA
1669 2137 2141 2232 SANCTZE
2212 2136 2755 2232 BRIGIDIE.

181 2330 383 2385 Sancta
413 2329 604 2402 itaque
656 2332 904 2404 Brigida,
938 2350 1110 2405 quam
1149 2335 1293 2390 Deus
1340 2336 1636 2408 prascivit,
1677 2337 1748 2392 ad
1768 2336 2239 2421 Amonstrabant
2284 2352 2384 2389 sua
2433 2352 2604 2405 opera
2658 2334 2958 2405 completa,
2997 2331 3301 2404 quasitum
3340 2333 3422 2386 est
3448 2347 3482 2384 a

109 2439 273 2477 suam
301 2423 616 2496 imaginem
645 2432 701 2480 et
727 2427 1164 2498 praedestinavit,
1192 2446 1224 2483 a
1250 2431 1569 2485 Christianis
1593 2431 1748 2485 nobi-

107 2516 460 2588 lioribusque
513 2520 861 2590 parentibus,
892 2521 959 2574 de
1011 2522 1161 2576 bona
1210 2540 1272 2576 ac
1312 2519 1748 2594 prudentissima

110 2610 284 2664 Etech
312 2612 570 2683 prosapia
600 2613 659 2666 in
694 2613 874 2668 Scotia
920 2619 1060 2684 orta,
1094 2621 1254 2687 patre
1301 2618 1594 2672 Dubtoclio
1619 2630 1660 2685 ⁸,
1691 2624 1749 2673 et

110 2712 292 2758 matre
323 2707 523 2759 Brocca
552 2706 761 2777 genita,
791 2724 821 2760 a
852 2724 953 2761 sua
978 2709 1218 2779 pueritia
1244 2710 1524 2766 bonarum
1554 2728 1748 2766 rerum

108 2798 312 2852 studiis
336 2798 589 2854 inolevit.
622 2800 810 2855 Electa
852 2801 1007 2855 enim
1040 2819 1109 2856 ex
1140 2803 1249 2857 Deo
1276 2805 1463 2875 puclla
1492 2804 1747 2859 moribus

108 2892 319 2958 sobria,
351 2892 532 2946 atatis
562 2909 625 2946 ac
650 2893 936 2964 pudicitia
962 2895 1147 2965 plena,
1176 2897 1235 2950 in
1262 2897 1495 2951 meliora
1525 2915 1748 2970 semper

107 2985 416 3040 crescebat.

184 3080 249 3133 Et
275 3080 404 3149 quis
429 3095 530 3132 sua
554 3096 746 3151 opera,
776 3099 904 3154 qua
926 3082 1095 3137 etiam
1123 3083 1183 3137 in
1223 3084 1328 3138 hac
1358 3087 1523 3140 atate
1553 3085 1744 3157 gessit,

109 3171 279 3243 plene
303 3178 491 3243 potest
513 3189 775 3229 enarrare
804 3176 831 3229 ?
858 3176 955 3230 sed
978 3176 1100 3230 hac
1127 3194 1303 3247 pauca
1328 3179 1396 3232 de
1424 3179 1749 3234 innumera-

108 3265 317 3319 bilibus
342 3266 591 3336 exempli
623 3284 789 3322 causa
814 3269 991 3339 posita
1018 3270 1549 3327 demonstrabimus.

182 3359 397 3413 Exinde
428 3359 570 3427 hac,
600 3377 731 3414 cum
781 3364 1010 3433 tempus
1056 3367 1349 3418 maturum
1390 3366 1643 3436 advenit,
1686 3366 1748 3423 in

109 3468 251 3523 opus
272 3452 515 3523 coaguli,
543 3457 606 3506 ut
635 3454 702 3507 de
728 3454 952 3509 turbato
979 3472 1273 3510 vaccarum
1301 3458 1441 3512 lacte
1477 3458 1747 3530 butyrum

107 3551 472 3618 aggregaret,
504 3562 536 3599 a
561 3551 742 3600 matre
790 3548 1122 3603 transmissa
1149 3555 1231 3605 est
1260 3569 1275 3619 ;
1332 3555 1398 3605 ut
1442 3552 1586 3607 sicut
1625 3553 1748 3607 alia

107 3639 343 3693 femina
392 3639 500 3693 hoc
536 3656 678 3711 opus
719 3656 980 3696 exercere
1025 3642 1310 3713 solebant,
1356 3644 1476 3715 ipsa
1521 3662 1747 3718 quoque

112 3733 321 3804 aquati
366 3749 605 3787 munere
638 3739 974 3805 perageret;
1016 3738 1080 3788 ut
1104 3754 1235 3790 cum
1264 3738 1482 3792 cateris
1508 3738 1567 3792 in
1598 3744 1743 3794 tem-

111 3842 250 3897 pore
278 3825 522 3897 placido,
553 3842 847 3881 vaccarum
894 3828 1145 3882 fructum
1193 3847 1256 3882 ac
1310 3831 1553 3902 pondus,
1583 3849 1747 3887 men-

112 3927 488 3990 suratumque
508 3919 700 3991 butyri
729 3920 956 3975 solitum
981 3922 1307 3993 plenissime
1335 3925 1396 3978 in
1423 3940 1588 3980 usum
1617 3928 1747 3982 red-

112 4012 291 4068 deret.
325 4012 434 4067 Sed
468 4013 590 4067 hac
625 4014 879 4068 moribus
932 4016 1314 4086 pulcherrima
1364 4023 1420 4073 et
1460 4019 1751 4090 hospitalis

110 4106 294 4178 virgo,
325 4105 595 4160 obaudire
620 4107 806 4177 magis
835 4109 1025 4163 volens
1052 4110 1166 4164 Deo
1196 4127 1368 4181 quam
1397 4113 1747 4184 hominibus,

107 4199 456 4271 pauperibus
500 4204 558 4253 et
598 4200 915 4270 hospitibus
944 4202 1027 4256 lac
1070 4203 1331 4274 largitur,
1380 4211 1435 4260 et
1478 4206 1748 4278 butyrum

107 4292 419 4347 distribuit.
452 4294 519 4347 Et
560 4310 692 4347 cum
738 4296 1049 4350 secundum
1096 4304 1481 4369 opportunum
1525 4300 1751 4356 advenit

105 4392 362 4458 tempus,
392 4389 458 4440 ut
483 4403 677 4441 omnes
724 4388 1025 4445 redderent
1054 4390 1305 4446 fructum
1330 4409 1647 4464 vaccarum,
1678 4395 1749 4450 ad

106 4497 237 4536 eam
296 4483 633 4550 perventum
686 4487 789 4537 est.
835 4482 941 4538 Sed
986 4501 1118 4539 cum
1161 4488 1572 4557 coeperatrices
1630 4489 1752 4560 ejus

181 4610 452 4692 {Suriusn
497 4613 791 4692 qui_vitam
818 4619 1024 4670 sancta
1054 4616 1298 4692 Brigida
1328 4588 1751 4691 paraphrastice

109 4680 291 4752 dedit,
339 4680 559 4752 patrem
606 4685 941 4756 Uuptacum,
973 4680 1215 4742 matrem
1264 4680 1527 4745 Brotseéh
1568 4699 1748 4748 vocat.

190 4823 218 4862 ι)
238 4823 414 4904 ᾼρᾳά
451 4824 679 4904 sarium
723 4833 955 4904 vocatur
1008 4828 1293 4885 Machillus
1333 4764 1753 4889 sagalivbatritii

111 4895 447 4973 discipulps:
507 4897 750 4973 Fuerant
778 4904 978 4973 autem
1014 4905 1471 4973 Contemporanei
1520 4907 1753 4960 Patricio

1847 2429 2009 2484 beata
2063 2429 2384 2499 supradicta
2434 2424 2679 2499 virgine,
2698 2432 2764 2481 ut
2804 2430 2861 2481 et
2888 2427 3009 2497 ipsa
3054 2424 3312 2480 similiter
3348 2424 3482 2478 assi-

1850 2527 2050 2594 gnaret
2085 2539 2255 2577 suum
2296 2539 2458 2593 opus.
2499 2522 2564 2575 Et
2606 2520 2729 2592 ipsa
2768 2520 2962 2575 matris
3004 2519 3210 2574 timore
3256 2518 3476 2588 pavida,

1848 2633 1978 2670 cum
1998 2632 2111 2669 non
2133 2616 2365 2669 haberet
2391 2614 2541 2686 quod
2568 2618 2932 2682 monstraret,
2962 2613 3097 2684 quia
3124 2616 3306 2665 totum
3332 2627 3479 2682 pau-

1847 2709 2078 2780 peribus
2104 2709 2375 2779 erogavit,
2405 2708 2712 2763 crastinum
2740 2723 2854 2760 non
2892 2721 3199 2777 procurans
3228 2709 3475 2774 tempus,

1849 2809 1904 2857 et
1952 2800 2403 2873 inexstinguibili
2451 2800 2679 2855 ﬂamma
2707 2799 2840 2854 ﬁdei
2887 2815 3141 2865 accensa,
3183 2814 3248 2852 ac
3291 2797 3478 2866 ﬁrma,

1846 2897 1917 2951 ad
1951 2895 2255 2950 Dominum
2297 2912 2354 2949 se
2384 2899 2715 2949 convertens
2750 2893 2946 2947 oravit.
2988 2893 3097 2947 Nec
3138 2907 3317 2956 mora,
3370 2892 3477 2944 Do-

1846 2989 2035 3044 minus
2066 3006 2262 3044 vocem
2304 2987 2539 3059 virginis
2588 2987 2823 3041 audiens
2867 3003 2932 3040 ac
2971 3001 3186 3056 preces,
3217 2983 3478 3055 largitate

1846 3083 2021 3138 divini
2038 3082 2312 3151 Numinis,
2341 3081 2486 3135 sicut
2500 3085 2583 3135 est
2608 3079 2833 3151 adjutor
2859 3080 2920 3133 in
2936 3077 3477 3149 opportunitatibus,

1847 3177 2047 3243 adfuit,
2074 3181 2130 3230 et
2156 3192 2260 3248 pro
2289 3192 2389 3229 sua
2414 3174 2473 3229 in
2494 3190 2552 3229 se
2565 3174 2799 3245 virginis
2822 3172 3160 3253 conﬁdentia
3181 3171 3481 3225 affluenter

1847 3271 2117 3343 butyrum
2150 3268 2461 3324 constituit.
2497 3268 2696 3322 Mirum
2726 3267 2784 3320 in
2832 3266 3066 3321 modum
3108 3270 3164 3319 et
3204 3265 3301 3319 illa
3339 3264 3482 3317 hora

1848 3370 1974 3437 post
1998 3363 2313 3419 orationem
2339 3362 2501 3433 virgo
2522 3356 2888 3427 sanctissima,
2913 3359 3057 3413 nihil
3086 3359 3154 3413 de
3180 3375 3280 3412 suo
3311 3373 3482 3429 opere

1848 3458 2038 3512 deesse
2092 3456 2426 3525 ostendens,
2480 3454 2578 3509 sed
2608 3470 2778 3524 super
2828 3469 3024 3507 omnes
3075 3451 3485 3522 cooperatrices

1848 3550 2161 3605 abundasse
2189 3547 2523 3603 monstravit
2560 3546 2867 3617 complesse
2897 3562 3064 3598 suum
3110 3543 3385 3599 officium.
3418 3544 3485 3597 Et

1850 3661 1980 3699 cum
2009 3643 2333 3715 plenissime
2379 3641 2673 3695 inventum
2702 3640 2761 3693 in
2808 3637 3006 3705 oculis,
3038 3637 3298 3691 omnium
3342 3635 3484 3690 tanti

1848 3736 2447 3793 munerismiraculum
2474 3732 2739 3800 innotuit,
2758 3737 2816 3787 et
2838 3731 3131 3785 laudantes
3146 3729 3476 3797 Dominum,

1849 3832 1945 3904 qui
1964 3833 2067 3886 hoc
2097 3830 2245 3897 fecit,
2263 3833 2479 3883 tantam
2506 3826 2636 3881 tidei
2662 3826 2931 3881 virtutem
2950 3823 3213 3896 virginali
3240 3827 3473 3894 pectore

1848 3924 2159 3980 constitisse
2196 3920 2462 3976 admirati
2492 3925 2642 3974 sunt.

1921 4025 1997 4074 Ac
2034 4034 2153 4072 non
2199 4016 2380 4070 multo
2410 4020 2556 4087 post,
2586 4029 2717 4068 cum
2748 4027 2872 4065 eam
2894 4009 2983 4065 sui
3013 4013 3295 4081 parentes,
3324 4024 3483 4063 more

1849 4114 2123 4182 humano,
2152 4111 2275 4165 viro
2306 4110 2646 4181 desponsam
2688 4106 2912 4174 vellent,
2941 4104 3035 4158 illa
3064 4102 3280 4158 calitus
3305 4102 3480 4173 inspi-

1850 4212 1992 4276 rata,
2025 4222 2083 4261 se
2127 4205 2408 4277 virginem
2440 4207 2651 4258 castam
2694 4199 2962 4255 exhibere
2993 4198 3185 4252 volens
3228 4196 3364 4262 Deo,
3412 4195 3486 4250 ad

1851 4302 2179 4373 episcopum
2232 4297 2649 4353 sanctissimum
2693 4294 2872 4348 beata
2921 4290 3212 4347 memoria
3249 4289 3431 4345 Macca
3459 4288 3487 4330 δ

1850 4393 2120 4466 perrexit.
2171 4392 2279 4457 Qui
2314 4392 2536 4447 caleste
2584 4389 2812 4443 intuens
2850 4385 3192 4440 desiderium
3231 4387 3288 4437 et
3313 4381 3482 4452 pudi-

1853 4488 2065 4559 citiam,
2112 4492 2168 4542 et
2210 4490 2381 4540 tanta
2412 4482 2678 4539 castitatis
2715 4493 2968 4535 amorem
3026 4477 3088 4532 in
3114 4474 3211 4530 tali
3238 4474 3479 4545 virgine,

2057 4641 2117 4687 In
2142 4637 2308 4695 burgo
2337 4636 2508 4693 Duno,
2531 4631 2732 4682 tumulo
2756 4629 3077 4695 tumulantur
3099 4625 3154 4695 in
3178 4639 3284 4675 uno

2102 4689 2330 4760 Brigida,
2352 4689 2608 4756 Patritius,
2632 4697 2785 4756 atque
2815 4690 3065 4741 Columba
3087 4689 3224 4753 pius.

1928 4817 2054 4870 Hac
2096 4810 2375 4885 Giraldus,
2406 4807 2535 4885 qui,
2558 4805 2790 4885 ibidem,
2820 4806 3078 4885 cap._t7,_
3096 4802 3215 4857 hac
3238 4820 3256 4855 :
3280 4820 3307 4853 α

1852 4893 2044 4942 autem
2070 4886 2131 4938 Β.
2159 4874 2500 4936 Ρίιῑιιίῐίίιέθῐ
2522 4878 2579 4931 in
2607 4876 2846 4930 Domino
2875 4874 3106 4945 quievit,
3134 4889 3283 4945 anno
3304 4874 3484 4930 atatis

114 4944 632 5047 mansuem
649 4968 903 5047 οξωιαυε
923 4944 1756 5047 ραιηῑῖςῖιςςῖέῑέιτςῑιςοέξέςιῖῑξ
1854 4974 1972 5047 ses
2156 4953 2225 5035 ab
2272 4945 2936 5047 iniseriaspaerj
2962 4944 3483 5047 eaeaeae

112 5036 424 5119 Ilibernia,
472 5037 1085 5119 distinctione_3,_cap.
1137 5047 1233 5112 £8;
1264 5046 1357 5098 cui
1401 5036 1567 5117 capiti
1597 5036 1750 5102 liunc

107 5109 353 5183 titulum
380 5109 663 5183 praiigit:
694 5112 848 5178 Quod
876 5114 985 5167 tria
1009 5109 1232 5183 corpora
1259 5109 1501 5182 Ραινίιίῗ,
1528 5120 1747 5182 scilicet,

110 5180 409 5241 Columba,
463 5185 513 5234 et
552 5182 807 5250 Brt'gida,
852 5184 1005 5252 apud
1060 5180 1327 5242 Ultom‘am
1368 5192 1425 5243 in
1478 5180 1756 5245 Dunnensi

106 5253 362 5332 civitate,
389 5252 681 5332 his‘nostrz‘s
706 5254 1152 5332 dieousjnpenta,
1168 5265 1293 5313 sunt
1317 5262 1598 5332 translala)
1630 5278 1753 5315 san-

105 5328 237 5403 ctus
263 5321 561 5407 Qolumba,
592 5328 647 5407 et
671 5328 861 5407 sancta
899 5326 1421 5407 Biigida,__et_apud
1450 5321 1748 5407 Ul_toniam,

105 5393 168 5471 i_n
195 5392 405 5471 eadem
433 5393 692 5471 civitate,_
730 5392 1025 5471 lJunnensi
1070 5392 1440 5471 scilicet,-quo
1490 5392 1755 5457 dominus

103 5464 318 5547 Comes
336 5464 584 5547 Joannes
608 5465 891 5547 pri‘m‘ohin
932 5468 1259 5547 _Hibern_iam
1284 5464 1476 5542 'venit,
1506 5474 1666 5545 quasi
1694 5474 1754 5527 in

103 5536 387 5611 spelunca
416 5536 642 5611 triplici,
671 5537 901 5592 Patritio
927 5539 986 5592 in
999 5542 1183 5594 medio
1196 5542 1438 5611 jacente,
1464 5536 1591 5598 aliis
1622 5546 1757 5599 duo-

1854 5015 2284 5083 Hibernensinm
2344 5024 2499 5076 1800.
2524 5037 2551 5068 »
2606 5018 2709 5073 Ubi
2748 5023 2939 5072 tamen
2972 5015 3031 5069 in
3062 5016 3319 5087 margine
3363 5016 3483 5070 hac

1770 5087 1826 5161 Ο
1851 5100 2001 5153 varia
2045 5096 2209 5151 lectio
2249 5092 2502 5163 apposita
2555 5094 2751 5163 est;_«
2780 5089 2963 5163 Anno“
2994 5086 3327 5163 atatis_sua
3359 5089 3479 5155 I23,

1851 5117 2001 5153 varia
2045 5111 2209 5151 lecuo
2249 5111 2327 5217 ειὲ

1832 5165 2249 5233 incarnationis

2330 5157 2588 5217 bminica
2614 5161 2738 5227 493,
2769 5157 3134 5229 pontiﬁcante
3174 5157 3210 5229 If
3215 5157 3351 5229 elice
3376 5173 3481 5229 pa-

1849 5258 1925 5314 pa
1948 5243 1993 5307 I,
2018 5240 2334 5314 imperante
2352 5306 2362 5314 -
2381 5230 2693 5314 Anastasio,
2726 5226 3484 5314 principante‘in‘Britannia

1851 5296 2077 5367 λιιι-ἐΗο
2104 5296 2425 5372 Ἀηὼποεὶο,
2453 5303 2514 5357 in
2543 5296 2808 5357 Hibernia
2834 5296 3029 5353 autem
3058 5296 3323 5422 Forkgro.
3359 5315 3386 5347 ››

3247 5382 3338 5421 ΑΝ.

3247 5382 3338 5421 ΔΝ.

1931 5478 2163 5546 Ibidem,
2184 5492 2306 5546 cap.
2334 5477 2397 5529 l6
2432 5490 2445 5527 :
2474 5470 2760 5546 Patritius,
2794 5466 3022 5546 natione
3049 5465 3373 5546 Britannus,
3402 5467 3488 5546 vir

1855 5550 1971 5605 vita
1997 5556 2053 5604 et
2076 5536 2365 5603 sanctitate
2391 5536 2755 5614 conspicuus,
2775 5545 2904 5614 etc,,
2938 5543 3052 5614 tota
3069 5536 3403 5614 jam__insula
3416 5538 3490 5592 ad

103 5605 218 5659 bus
266 5606 591 5693 hinc‘inde,
615 5609 826 5693 Jpanne
870 5625 1003 5663 vero
1050 5611 1117 5693 de
1159 5605 1323 5693 eam
1363 5605 1503 5693 tunc
1539 5615 1756 5693 ibidem
1858 5622 2027 5676 fidem
2050 5619 2258 5675 Christi
2284 5605 2569 5683 conversa,
2590 5605 2741 5693 apud
2767 5605 3146 5693 Ardmacham
3165 5608 3269 5693 sibi
3295 5608 3487 5693 sedem

101 5676 486 5749 prasidente,
544 5682 600 5731 et
639 5678 747 5732 hoc
798 5688 1133 5749 procurante
1188 5688 1303 5738 tres
1355 5686 1571 5741 nobiles
1629 5688 1757 5742 the-

102 5747 292 5817 sauri,
326 5747 518 5804 divina
541 5747 882 5807 revelatidne
909 5750 1143 5821 inventi,
1162 5760 1296 5810 sunt
1307 5756 1585 5813 translati.
1604 5757 1760 5813 Unde

102 5834 311 5878 versus
348 5836 362 5877 ἓ

454 5919 730 5993 ΡΑτιιοι..
776 5921 1011 5994 LXXII.

1861 5678 2652 5763 elegit;quametiarnﬂquasi
2673 5680 3035 5763 metropolim
3081 5678 3405 5763 constituit,
3433 5684 3493 5734 et

1902 5751 2176 5834 rdpriuin_
2205 5751 2376 5834 totius
2429 5751 2708 5834 Hibernia
2758 5751 3052 5834 primaria
3095 5751 3303 5805 locum.
3363 5751 3492 5834 Hac

1907 5825 2070 5891 irald.
2117 5831 2221 5889 Ubi
2268 5832 2327 5886 in
2369 5828 2628 5903 margine
2658 5825 2817 5884 hac:
2872 5846 2900 5876 κ
2926 5827 3090 5881 Anno
3128 5838 3241 5897 quo
3270 5825 3494 5879 sanctus

3099 5924 3177 5986 9.5

2602 5996 2640 6047 ἱ
